3327 4999
634 291 761 356 358
2691 291 2936 358 MART.
2994 292 3088 359 ⁴9

1334 467 1463 571 DE
1527 467 1609 571 S.
1684 466 2291 571 LANDOALDO

1263 714 1318 760 S.
1372 712 1523 760 ROM.
1575 712 1910 762 ECCLESIAE
1958 710 2367 761 ARCHIPRESB.

950 897 1101 999 AC
1192 898 1347 1000 DE
1439 900 1521 1000 S.
1616 899 2230 1002 ΑΜΑΝΤΙΟ
2328 897 2668 1001 DiAC.

1129 1151 1550 1208 Flex-uerunt
1590 1153 1774 1210 saec.
1823 1152 1977 1207 v11.
2010 1181 2087 1191 -
2111 1151 2269 1208 Nat.
2316 1150 2495 1206 Itali.

627 1366 663 1451 ξ
709 1369 786 1437 1.
856 1369 1269 1434 Francorum
1333 1387 1622 1455 regnum
1671 1365 1896 1434 visum
1946 1377 2047 1435 est
2093 1365 2368 1446 florere,
2420 1386 2581 1435 cum
2622 1364 2795 1454 jugo
2844 1362 3080 1434 Domi-

539 1454 736 1523 nicae
781 1452 943 1522 fidei
989 1452 1166 1523 colla
1214 1475 1494 1541 passum
1544 1464 1644 1523 est
1699 1454 2057 1534 inclinare,
2124 1467 2189 1523 et
2235 1453 2419 1542 quod
2481 1453 2678 1543 prius
2725 1452 3072 1534 adorarat,

539 1541 932 1611 incendere:
983 1542 1166 1628 quod
1216 1542 1633 1625 incenderat,
1686 1541 1901 1613 voluit
1946 1543 2627 1634 deincepsadorare.
2695 1542 3078 1611 Maximum
3156 1594 3161 1598 -

539 1642 769 1700 autem
809 1631 1611 1721 accepit·incrementum
1641 1643 1708 1701 et
1736 1631 2017 1700 firmum
2051 1632 2182 1701 sub
2212 1654 2290 1701 eo
2322 1643 2558 1700 sancta
2608 1630 2720 1699 Dei
2772 1629 3082 1699 Ecclesia

542 1730 822 1801 statum,
860 1742 1021 1789 cum
1071 1719 1430 1789 Lotbarius
1478 1742 1614 1798 rex,
1641 1720 1836 1810 juxta
1888 1720 2318 1790 successione
2370 1720 2530 1788 hinc
2578 1729 2892 1806 quartus,
2929 1740 3080 1787 mo·-

539 1808 901 1878 narchiam
942 1808 1386 1966 singulariter
1417 1809 1625 1878 trium
1679 1809 1951 1897 regebat
2005 1830 2400 1899 regnorum,
2453 1821 2517 1877 et
2564 1828 2723 1877 cum
2772 1807 3081 1894 quadra-

539 1897 883 1987 gesimum
925 1919 1049 1987 age
1101 1910 1168 1967 at
1193 1920 1478 1977 annum,
1510 1919 1712 1984 quem
1743 1896 2096 1968 Heraclius
2129 1903 2495 1987 Augustus,
2536 1908 2809 1966 sanctae
2842 1896 3082 1966 Crucis

541 1984 813 2067 relator,
874 1986 1575 2073 quartumdecimum.
1621 1987 1745 2057 Hic
1784 2000 2049 2077 sceptro
2105 2008 2230 2055 suo
2279 1985 2543 2054 nullius
2595 1983 3078 2075 circumpositi

538 2087 887 2163 sceptrum
920 2096 1167 2165 passus
1195 2087 1295 2145 est
1320 2096 1705 2145 occursare:
1738 2075 1855 2144 sed
1889 2075 2217 2163 quicquid
2254 2096 2423 2164 pene
2454 2073 2670 2145 Gallia
2701 2085 2765 2143 et
2797 2077 3080 2142 Germa-

537 2163 657 2232 nia
703 2185 774 2232 re
826 2184 942 2231 um
992 2175 1057 2233 et
1103 2165 1411 2253 gentium
1462 2164 1875 2244 continebat,
1914 2165 2059 2234 suis
2093 2162 2381 2233 habenis
2429 2162 2695 2232 studuit
2731 2164 3073 2231 coercere.

539 2252 664 2321 Hic
762 2252 961 2320 lium
1032 2274 1236 2322 suum
1309 2252 1642 2342 inclytum
1710 2254 2162 2344 Dagobertum
2211 2252 2577 2321 Austrasiis
2630 2250 3072 2341 praefecerat,

438 2378 446 2386 ·
539 2341 831 2428 ejusque
879 2340 1184 2410 dominio
1233 2342 1635 2412 Germaniae
1686 2363 1973 2431 regnum
2023 2341 2491 2430 conjunxerat.
2546 2346 2852 2423 Quorum
2907 2339 3079 2408 fide-

541 2427 810 2498 lissimo
860 2440 1160 2520 tempore
1197 2430 1541 2502 intantum
1603 2430 2001 2514 exuberabit
2049 2428 2574 2499 Christianitatis
2626 2428 2866 2498 titulus
2918 2427 3080 2497 ubi·

538 2540 695 2607 que,
748 2530 825 2589 ut
871 2541 1043 2611 pene
1092 2542 1246 2589 rara
1293 2530 1411 2589 aut
1458 2518 1650 2588 nulla
1699 2519 1869 2588 citra
1916 2519 2245 2588 finitimos
2293 2519 2685 2589 inveniatur
2733 2516 3080 2605 hodieque

538 2607 848 2688 ecclesia,
902 2630 1078 2695 quae
1127 2631 1260 2677 non
1313 2608 1610 2694 alicu‘us
1656 2609 1805 2698 ejus
1853 2608 2072 2677 sancti
2132 2608 2460 2697 temporis
2512 2607 2708 2676 nobis
2757 2619 3080 2696 praeten-

539 2696 656 2766 dat
702 2698 1105 2787 patrocinia.
1146 2697 1272 2767 Sed
1314 2708 1387 2766 ut
1435 2696 1487 2764 si
1521 2718 1764 2765 eamus
1794 2696 2066 2765 interim
2108 2695 2193 2764 de
2234 2696 2640 2776 innumeris,
2683 2695 2902 2766 sancti
2946 2694 3082 2764 viri

533 2785 799 2877 Eligius
846 2797 911 2855 et
956 2786 1322 2856 Audoenus
1372 2784 1698 2854 Palatinis
1745 2785 2185 2875 inceptabant
2225 2784 2552 2854 insudare
2581 2783 2792 2865 curis,
2830 2784 3077 2853 beatus

532 2875 935 2965 Arnulphus
980 2896 1141 2944 cum
1190 2873 1550 2943 Romarico
1589 2873 1738 2962 jam
1786 2886 1949 2943 tunc
2000 2873 2370 2942 intererant
2446 2873 2796 2963 regalibus
2844 2872 3078 2942 consi-

533 2961 698 3032 liis:
753 2975 1034 3032 sanctus
1081 2973 1308 3033 autem
1359 2966 1567 3031 Aman
1629 2984 1710 3033 us
1756 2961 2188 3049 Aquitaniam
2240 2961 2611 3031 nativitatis
2680 2983 2847 3030 suae
2912 2961 3082 3032 illu-

545 3052 803 3121 strabat
850 3051 1202 3142 auspiciis.
1250 3050 1376 3133 Qui
1419 3050 1585 3119 dum
1636 3072 1809 3141 puer
1855 3051 2084 3120 adhuc
2130 3063 2328 3131 esset,
2384 3050 2671 3138 patriam
2717 3062 3078 3150 parentes-

534 3163 668 3228 que
718 3140 1025 3227 reliquit,
1082 3140 1457 3230 ogiamque
1526 3138 1881 3221 insulam,
1936 3139 2021 3208 ad
2072 3139 2505 3209 Occidentem
2559 3161 2771 3208 mans
2821 3139 3076 3209 Oceani

533 3230 854 3319 positam,
907 3228 1247 3385 exgetivit.
1287 3227 1435 3297 Illic
1493 3250 1532 3297 a
1570 3227 1900 3297 fratribus
1940 3228 2420 3319 spiritualibus
2459 3251 2621 3297 cum
2662 3249 2916 3318 magno
2963 3249 3075 3297 re·—

534 3318 792 3408 cipitur
845 3339 978 3407 gau
1038 3317 1123 3387 io:
1174 3328 1240 3387 et
1295 3318 1456 3404 quia
1506 3339 1738 3387 sacras
1787 3317 2016 3387 literas
2063 3316 2421 3398 didicerat,
2488 3317 2558 3385 in
2614 3316 2728 3385 Dei
2769 3316 3080 3403 quotidie

535 3406 810 3476 servitio
859 3405 1102 3495 majori
1148 3405 1446 3476 fervebat
1486 3406 1848 3475 desiderio.
1891 3412 2045 3478 Post
2078 3407 2242 3475 haec
2290 3418 2506 3475 aetate
2544 3405 2824 3493 quidem
2879 3405 3080 3475 adul-

537 3494 689 3575 tior,
744 3492 861 3563 sed
911 3494 1127 3563 animi
1173 3495 1549 3565 intentione
1597 3493 1984 3577 ferventior,
2023 3495 2209 3584 apud
2266 3500 2570 3565 Turones
2630 3493 2851 3565 sancti
2902 3499 3078 3563 Mar·

534 3582 664 3652 tini
713 3583 905 3741 petiit
952 3582 1373 3674 sepulcrum.
1428 3583 1531 3653 Ibi
1563 3583 1713 3673 ejus
1757 3583 2275 3654 interventionis
2322 3583 2538 3654 oravit
2577 3581 2944 3663 auxilium,
3001 3591 3079 3652 ut

532 3670 605 3742 id
654 3672 711 3741 si
765 3672 783 3740 i
835 3673 1090 3762 gratiae
1138 3673 1397 3764 apponi
1457 3671 1754 3763 postulet
1804 3673 2211 3753 Dominum,
2280 3684 2624 3760 quatenus
2722 3671 3080 3761 eregrina-

533 3760 742 3830 tionis
775 3761 980 3831 totius
1018 3762 1194 3831 vitae
1240 3762 1375 3832 sibi
1411 3761 1741 3832 concedat
1788 3761 2177 3851 dependere
2244 3783 2558 3831 cursum.
2620 3764 2665 3828 Α
2764 3761 3079 3829 oratione

533 3849 849 3931 surrexit,
883 3850 1129 3940 capitis
1157 3872 1425 3920 comam
1468 3851 1600 3922 sibi
1634 3850 1952 3920 abscindi
1991 3849 2169 3931 fecit,
2210 3849 2585 3920 clericatus
2616 3848 2911 3937 adeptus
2960 3849 3080 3918 ho-

533 3960 796 4020 norem,
834 3960 1112 4009 omnem
1155 3941 1225 4008 in
1266 3938 1449 4010 clero
1482 3941 1776 4031 gratiam
1814 3939 2317 4041 peregrinando
2354 3951 2606 4019 tamen,
2647 3938 3079 4007 transcendit

533 4049 656 4118 per
723 4027 1058 4097 ordinem.
1130 4028 1463 4099 Bituricos
1528 4028 1855 4117 deinceps
1903 4028 2116 4110 adiit,
2170 4049 2332 4097 cum
2396 4027 2592 4098 beato
2641 4025 3081 4116 Austrigisilo

530 4116 817 4206 ejusque
848 4116 1336 4188 archidiacono
1386 4129 1621 4189 sancto
1655 4117 1772 4186 Sul
1833 4117 1949 4186 itio
1988 4116 2424 4188 sanctissime
2470 4128 2942 4196 conversatus,
3005 4115 3078 4184 in

534 4204 730 4286 cella,
782 4228 823 4275 a
872 4227 943 4275 se
991 4206 1371 4280 aedificata.
1413 4227 1533 4297 per
1578 4205 1748 4292 quin
1804 4205 1980 4275 ecim
2029 4227 2247 4277 annos
2304 4204 2734 4276 arctissimae
2783 4203 2960 4273 vitae
3006 4225 3081 4273 se

533 4293 818 4363 addixit.
871 4294 1125 4364 Deinde
1166 4301 1454 4365 Romam
1501 4315 1777 4382 quoque
1823 4315 2201 4384 regressus,
2253 4304 2320 4363 et
2366 4316 2407 4364 a
2452 4299 2524 4362 Β.
2581 4299 2771 4362 Petro
2813 4313 2936 4383 per
2982 4293 3080 4361 vi·

536 4405 694 4456 sum
735 4383 1061 4467 monituS,
1106 4393 1183 4454 ut
1229 4382 1484 4454 Gallias
1532 4383 2061 4473 praedicationis
2111 4385 2323 4452 causa
2370 4382 2750 4473 repedaret:
2797 4381 3080 4452 tandem
