3327 4999
219 313 463 378 MART.
516 312 602 376 26
1113 328 1191 375 mi
1239 328 1294 375 s.
1350 328 1636 376 Luneiino
1684 328 1879 377 Erisc.
2537 314 2668 379 495

219 416 324 484 illi
372 437 574 485 senex
621 411 932 500 quidam,
973 412 1144 482 stola
1193 413 1490 482 candida
1538 413 1849 493 indutus,
1898 415 2143 484 decora
2189 415 2440 486 canitie
2479 438 2757 485 venera-

218 504 419 575 bilis:
474 505 670 591 isque
719 503 954 572 dextra
1003 502 1103 571 illi
1154 503 1421 584 annuit,
1477 515 1552 573 ut
1599 503 1683 572 ad
1737 504 1961 594 ipsum
2015 502 2384 574 accederet.
2440 506 2594 575 Vult
2645 506 2758 575 ille

219 616 509 685 propere
553 595 648 662 ire
682 593 764 661 ad
813 603 1161 661 vocantem
1215 614 1308 674 se,
1363 592 1478 661 sed
1534 615 1688 661 mox
1736 593 1805 661 in
1860 592 2086 663 medio
2141 592 2427 664 fratrum
2461 594 2758 686 psallen-

222 683 393 753 tium
436 683 644 752 clioro
694 682 973 763 corruit,
1025 681 1259 769 ibique
1309 681 1431 751 diu
1470 683 1710 771 jacens
1757 694 1822 751 et
1868 705 2095 765 oranS,
2143 682 2414 753 tandem
2468 707 2754 754 manum

219 774 305 841 ad
356 771 599 842 fratres
628 771 950 851 extendit,
987 792 1281 857 quorum
1334 774 1540 861 opera
1573 794 1609 840 e
1643 785 1822 841 terra
1870 773 2288 854 sublevatuS,
2326 774 2655 864 pristinae
2687 796 2759 846 se

220 863 433 931 sensit
482 860 941 931 incolumitati
1003 860 1413 931 restitutum.

306 953 342 1038 ἓ
413 956 570 1022 223.
629 950 996 1019 Multorum
1047 950 1398 1019 Antrensis
1443 951 1756 1020 coenobii
1805 951 2301 1021 monachorum
2349 952 2469 1039 qui
2536 952 2760 1021 homi-

217 1062 373 1109 nem
432 1039 653 1120 illum,
692 1038 777 1108 de
824 1060 961 1125 quo
999 1036 1315 1109 dicturus
1361 1062 1541 1119 sum,
1597 1051 1956 1122 noverunt,
2014 1040 2341 1111 relatione
2392 1038 2605 1110 didici
2657 1063 2803 1121 se-,

214 1151 438 1217 quens
489 1128 940 1198 miraculum:
996 1128 1394 1198 Aldesredus
1448 1129 1771 1215 quidam,
1839 1128 1984 1216 jam
2053 1152 2270 1201 annos
2320 1143 2523 1201 natus
2570 1145 2758 1201 octo-

217 1219 431 1309 ginta,
493 1217 578 1286 ab
645 1217 796 1308 ipso
855 1216 1078 1306 primo
1140 1230 1292 1288 ortu
1352 1240 1595 1287 caecus
1643 1231 1710 1288 et
1757 1217 2051 1288 claudus
2100 1218 2250 1288 fuit.
2322 1224 2388 1290 Is
2438 1220 2752 1293 sanitatis

218 1307 633 1377 obtinendae
681 1310 890 1376 eausa
926 1312 1211 1388 Romam
1266 1308 1608 1398 profectus
1653 1322 1775 1388 est,
1833 1320 2153 1378 oraturus
2186 1309 2267 1378 ad
2302 1331 2574 1379 sacrum
2605 1332 2755 1380 cor-

219 1419 351 1488 pus
402 1395 780 1466 beatissimi
829 1396 1302 1485 Apostolorum
1371 1398 1711 1487 Principis
1765 1397 1961 1466 Petri.
2015 1398 2348 1488 Apparuit
2411 1412 2642 1469 autem
2694 1400 2758 1469 ei

216 1508 376 1555 cum
429 1485 608 1554 bona
651 1483 908 1554 fiducia
937 1484 1346 1572 aliquandiu
1394 1485 1534 1555 illic
1583 1485 1891 1556 haerenti
1910 1486 2172 1558 -beatus
2221 1493 2481 1569 Petrus,
2522 1489 2757 1577 aitque

216 1575 303 1644 ad
341 1573 579 1644 illum:
615 1573 770 1642 «Abi
805 1578 1131 1656 Turones,
1165 1589 1229 1644 et
1261 1576 1583 1665 precibus
1615 1581 1679 1645 S.
1716 1576 1980 1646 Martini
2014 1577 2267 1666 pedum
2302 1600 2382 1647 ac
2415 1591 2751 1649 manuum

218 1664 366 1733 acci
421 1664 517 1732 ies
567 1663 953 1732 sanitatem.
1015 1665 1183 1733 Inde
1231 1664 1662 1754 proficiscere
1709 1664 1792 1734 ad
1858 1665 2158 1735 insulam
2211 1672 2637 1744 Antrensem,
2689 1679 2753 1738 et

212 1776 351 1844 apu
449 1751 798 1822 tumulum
851 1757 915 1821 S.
957 1753 1392 1823 Hermelandi
1445 1753 1676 1823 lumen
1729 1755 2194 1841 consequeris,
2228 1782 2252 1818 ›>
2294 1756 2473 1827 Abiit
2518 1758 2749 1839 hom0,

212 1838 430 1912 oravit'
466 1842 551 1911 ad
604 1846 668 1911 S.
709 1842 979 1911 Martini
1028 1866 1256 1912 sacras
1298 1842 1666 1931 reliquias:
1723 1843 2082 1913 solvuntur
2130 1867 2381 1916 manus
2428 1868 2606 1933 quae
2638 1869 2755 1938 pe-

214 1933 409 2011 ctori,
465 1932 763 2017 itemque
823 1931 1026 2020 pedes
1073 1933 1195 2019 qui
1244 1932 1517 2002 natibus
1564 1932 2040 2004 adhaeserant.
2097 1939 2243 2003 Mox
2293 1937 2615 2026 properat
2661 1937 2746 2005 ad

216 2026 283 2089 S.
326 2019 887 2101 Hermelandum,
923 2022 1280 2108 orantique
1319 2044 1389 2093 se
1437 2021 1812 2091 videndum
1861 2024 2054 2093 offert
2086 2024 2184 2092 vir
2223 2037 2528 2104 sanctus,
2566 2037 2745 2095 tenet

216 2132 434 2179 manu
471 2121 772 2179 mentum
824 2109 999 2197 ejus,
1058 2133 1285 2181 sacros
1334 2111 1613 2201 pollices
1661 2111 1811 2200 ejus
1843 2111 2134 2202 imponit
2181 2112 2423 2194 oculiS,
2467 2114 2745 2184 dicens:

224 2225 249 2262 a
293 2203 368 2267 In
407 2198 684 2268 nomine
720 2210 992 2270 sanctae
1022 2211 1086 2269 et
1126 2200 1518 2269 individuae
1546 2200 1893 2273 Trinitatis
1926 2202 2211 2293 respice.
2235 2232 2255 2265 υ
2287 2203 2575 2294 Evigilat
2605 2203 2747 2288 ille,

215 2287 521 2377 respicit,
573 2299 636 2357 et
683 2298 759 2357 ut
806 2289 952 2378 ipse
1003 2290 1317 2371 asseruit,
1370 2304 1683 2359 sanctum
1738 2290 1961 2361 virum
2011 2314 2049 2360 a
2098 2303 2286 2383 tergo
2346 2292 2564 2362 instar
2610 2293 2748 2362 ful-

215 2376 412 2466 guris
462 2377 824 2447 micantem
874 2378 1079 2449 videt.
1135 2384 1310 2449 Luce
1363 2379 1670 2467 proxima
1718 2379 1938 2450 abluit
1976 2404 2289 2450 cruorem
2325 2384 2444 2469 qui
2494 2406 2575 2452 ex
2608 2383 2755 2473 pal-

213 2466 584 2557 pebrarum
635 2467 1027 2557 diruptione
1077 2469 1410 2551 fluxerat,
1463 2482 1528 2539 et
1575 2468 1763 2540 sanis
1811 2469 2031 2541 oculis
2078 2494 2238 2541 cum
2300 2494 2553 2563 magno
2603 2485 2749 2544 stu-

213 2578 378 2647 pore
424 2578 653 2626 coram
702 2558 1029 2630 omnibus
1076 2558 1564 2650 omnipotentis
1615 2558 1770 2640 Dei,
1823 2582 1996 2647 quas
2042 2572 2196 2631 ante
2256 2583 2389 2630 non
2443 2562 2744 2645 viderat,

212 2646 502 2714 miratur
549 2658 918 2717 creaturas.
975 2649 1167 2731 Quod
1219 2662 1443 2720 autem
1495 2648 1936 2719 beatissimus
1976 2650 2355 2741 Apostolus,
2399 2651 2485 2720 ad
2536 2652 2746 2740 cujus

207 2734 526 2805 umbram
577 2735 738 2805 olim
791 2737 1021 2807 adhuc
1080 2737 1147 2807 in
1210 2749 1388 2809 terra
1443 2736 1756 2829 degentis
1809 2740 2234 2810 curabantur
2278 2741 2501 2831 aegri,
2559 2742 2748 2814 hunc

208 2823 557 2894 hominem
610 2827 999 2896 curandum
1049 2828 1131 2896 ad
1201 2829 1373 2898 alios
1432 2827 1733 2909 remisit,
1799 2827 2054 2899 idcirco
2103 2829 2343 2900 fecisse
2394 2830 2748 2920 putandus

163 2963 176 2978 .
208 2926 330 2995 est,
371 2926 445 2982 ut
475 2916 802 2985 omnibus
851 2917 1322 3000 innotesceret,
1366 2939 1575 3005 quam
1608 2916 1886 2986 illorum
1923 2919 2010 2990 sit
2041 2919 2277 2989 efficax
2308 2919 2495 3009 apud
2528 2925 2746 2992 Deum

213 3003 654 3084 intercessi0‚
719 3004 776 3072 si
823 3027 983 3073 cum
1035 3006 1166 3075 side
1212 3029 1450 3078 eorum
1519 3019 1892 3097 poscantur
1939 3009 2293 3098 suffragia.
2347 3015 2527 3080 Haec
2586 3011 2742 3097 qui-

213 3098 370 3162 dem
422 3106 487 3161 et
536 3092 737 3181 plura
785 3092 920 3162 alia
966 3116 1141 3181 quae
1189 3096 1416 3166 studio
1461 3095 1811 3167 brevitatis
1862 3098 2312 3188 praetermisi,
2369 3098 2751 3169 multorum

211 3181 650 3250 Antrensium
699 3181 988 3253 fratrum
1037 3184 1157 3271 qui
1205 3185 1543 3274 hodieque
1603 3198 1980 3275 supersunt
2037 3187 2362 3257 relatione
2424 3189 2740 3289 cognovi,

208 3281 274 3337 et
319 3281 499 3337 certe
549 3270 870 3371 permulti
919 3271 1296 3343 etiamnum
1327 3273 1656 3344 memoria
1691 3276 1982 3346 retinent
2023 3277 2402 3349 beatissimi
2432 3278 2559 3346 viri
2589 3301 2750 3348 san-

208 3370 387 3426 ctam
431 3371 1039 3440 conversationem,
1075 3367 1306 3432 Amen.

1052 3571 1278 3672 VITA
1346 3573 1426 3671 S.
1481 3572 1924 3676 LUDGERl

772 3722 1007 3789 PRIMI
1059 3723 1421 3790 EPISCOPI
1473 3726 2174 3794 MONASTERIENSIS

296 3863 552 3911 SCRIPTA
602 3865 728 3912 PER
764 3866 1097 3916 nONACHos
1144 3867 1432 3940 CQENOBll
1487 3870 1961 3918 WEn'rHlNENSiS
2011 3873 2149 3920 Slvit
2199 3872 2655 3934 vnnnENssNfflS,

561 3974 599 4019 Α
641 3974 876 4024 SANCTO
917 3955 1198 4024 LUDG'ERO
1238 3977 1563 4037 EXTRUCTI,
1607 3979 1758 4026 EJUS
1798 3978 2392 4030 CONTEMPORANEOS.

824 4107 1024 4162 Anno
1063 4107 1358 4164 decessit
1396 4110 1624 4164 809-—
1645 4111 1803 4168 Nat.
1851 4109 2138 4168 Frisiua.

292 4249 329 4332 ξ
391 4252 466 4320 1.
521 4247 716 4331 Quia,
770 4261 1126 4322 attestante
1169 4253 1543 4342 Scriptura,
1578 4276 1787 4345 opera
1816 4254 1928 4323 Dei
1963 4254 2259 4325 revelare
2293 4256 2744 4347 magnificum

203 4347 625 4438 esu-operae
652 4339 948 4430 pretium
1003 4337 1201 4412 nobis
1251 4342 1539 4423 videtur,
1576 4344 1632 4413 si
1661 4343 1745 4413 de
1777 4344 2144 4415 virtutibus
2193 4347 2411 4416 sancti
2460 4369 2539 4415 ac
2588 4345 2747 4414 bea·

206 4437 457 4495 tissimi
525 4430 737 4517 patris
788 4430 1106 4523 Ludgeri‚
1160 4443 1226 4501 et
1271 4432 1355 4504 de
1402 4433 1678 4504 coelesti
1726 4434 1876 4526 ejus
1918 4434 1985 4503 in
2043 4436 2240 4506 terris
2288 4435 2421 4506 vita
2482 4434 2748 4524 aliquid
