3327 4999
170 350 382 416 MART.
438 352 518 417 ⁴2
1023 370 1102 416 ne
1151 370 1207 417 s.
1263 368 1579 417 annoanlo
1629 367 1792 415 PArA
2472 351 2598 415 ⁴87

169 445 295 536 ipse
337 448 686 529 rescribit,
741 448 1018 519 dicens:
1066 475 1090 512 ι
1131 449 1424 535 Multum
1490 470 1616 516 nos
1665 470 1776 527 ea,
1830 468 2041 533 quam
2091 445 2437 519 direxistis
2472 502 2487 528 ‚
2536 447 2688 534 jam

168 556 276 603 nos
314 538 739 607 contristatos
787 537 1048 605 invenit
1095 535 1411 627 epistola,
1451 536 1634 623 quod
1675 537 1855 605 inter
1906 557 2023 605 vos
2066 546 2133 603 et
2171 541 2511 605 Joannem
2555 535 2690 605 sra-

167 632 315 692 trem
357 638 417 694 et
462 626 948 715 coepiscopum
1002 640 1316 694 nostrum
1346 679 1360 705 ,
1415 625 1501 693 de
1547 646 1847 711 quorum
1898 623 2467 693 desiderabamus
2514 646 2690 715 gau-

165 710 300 782 dere
342 714 730 794 concordia,
785 714 1194 784 scandalum
1250 714 1588 802 prodiisse
1625 711 2104 803 cognovimus.
2161 713 2453 794 Quaevis
2496 712 2687 781 enim

165 821 341 869 causa
387 802 648 882 fuisset,
703 824 837 871 non
888 823 1109 888 usque
1156 800 1241 870 ad
1296 802 1422 870 hoc
1471 801 1711 870 debuit
1758 800 1952 869 furor
1998 821 2400 889 erumpere,
2457 814 2532 869 ut
2575 822 2684 869 ar-

167 889 306 956 mati
350 890 666 959 homines
712 892 939 972 vestri,
994 889 1174 959 sicut
1236 890 1635 958 audivimus
1667 944 1682 970 ,
1737 889 1807 957 in
1857 888 2259 978 episcopum
2313 889 2682 970 irruerent,

167 987 219 1043 et
257 977 510 1048 diversa
557 978 791 1048 hostili
841 1000 1028 1048 more
1079 979 1258 1047 mala
1308 978 1860 1058 committerent,
1916 990 2121 1062 atque
2170 998 2286 1045 vos
2339 977 2505 1045 baec
2577 998 2687 1045 res

167 1085 197 1130 a
238 1079 496 1154 paterna
544 1062 817 1136 in‘terim
870 1067 1204 1135 charitate
1262 1065 1619 1135 divideret.
1692 1065 2040 1151 Numquid
2096 1086 2231 1134 non
2283 1077 2571 1155 poterat,
2626 1063 2688 1135 si

166 1154 469 1251 quaelibet
517 1155 863 1224 contentio
911 1155 1061 1236 fuit,
1119 1155 1487 1240 tranquille
1528 1154 1832 1243 disponi,
1890 1165 1966 1221 ut
2015 1174 2141 1221 nec
2193 1154 2493 1241 partium
2546 1153 2683 1221 uti-

166 1238 292 1310 litas
332 1243 862 1322 detrimentum,
921 1265 1045 1311 nec
1096 1242 1375 1311 sentiret
1423 1243 1641 1332 gratia
1696 1241 2127 1310 laesionem?
2189 1240 2398 1331 Cujus
2446 1254 2679 1309 autem

164 1332 519 1482 gravitatiS,
573 1331 781 1418 cujus
830 1330 1251 1410 sanctitatis,
1306 1331 1509 1420 cujus
1560 1329 2121 1399 mansuetudinis
2164 1329 2517 1418 suprascr-i
2579 1342 2687 1397 tus

187 1431 334 1487 rater
390 1431 624 1489 noster
687 1418 818 1498 sit,
877 1440 1012 1487 non
1081 1419 1419 1489 habemus
1468 1418 1926 1508 incognitum.
1997 1423 2089 1486 Ex
2150 1439 2289 1503 qua
2340 1351 2690 1505 recolligi-

164 1527 313 1587 mus
362 1508 528 1594 quia
577 1506 714 1577 nisi
761 1507 862 1575 vis
909 1528 1069 1575 eum
1119 1506 1377 1575 doloris
1428 1507 1643 1574 nimia
1693 1507 2062 1595 coegisset,
2130 1505 2213 1573 ad
2282 1506 2461 1574 hanc
2513 1527 2682 1583 rem,

164 1591 231 1661 de
268 1616 395 1681 qua
445 1618 563 1665 vos
610 1596 1046 1664 contristatos
1087 1594 1417 1674 asseriti5‚
1457 1594 1607 1684 ejus
1639 1593 2030 1663 fraternitas
2068 1592 2260 1662 nullo
2295 1592 2497 1662 modo
2532 1615 2687 1683 per-

163 1683 445 1753 venisset.
509 1689 641 1753 Nos
700 1697 953 1763 tamen,
1006 1684 1128 1753 ubi
1180 1683 1303 1752 hoc
1352 1704 1431 1751 eo
1480 1683 1822 1752 scribente
1868 1682 2361 1772 comperimus,
2416 1681 2575 1749 ilico
2623 1680 2690 1749 ei

162 1771 563 1862 scripsimuS‚
617 1772 1091 1851 admonentes,
1148 1784 1220 1839 ut
1266 1783 1331 1840 et
1378 1770 1762 1840 oblationes
1812 1783 2067 1839 vestras
2095 1825 2111 1849 ,
2148 1770 2328 1839 sicut
2356 1783 2536 1850 ante,
2574 1792 2692 1838 su-

163 1858 444 1949 sciperet,
489 1873 557 1928 et
606 1860 845 1929 Missas
893 1861 962 1927 in
1014 1859 1221 1928 domo
1272 1873 1490 1928 vestra
1552 1881 1688 1927 non
1749 1859 1976 1928 solum
2024 1858 2359 1927 celebrari
2409 1857 2691 1948 permit-

158 1957 317 2029 teret,
372 1949 489 2018 sed
541 1949 601 2017 si
650 1947 892 2028 velitiS,
947 1948 1151 2017 etiam
1207 1947 1352 2036 ipse
1402 1960 1795 2037 perageret,
1848 1960 1977 2016 etc.
2034 1969 2069 2014 »
2127 1952 2374 2014 Verum
2429 1952 2690 2015 Venan-

159 2034 272 2105 tius
312 2060 471 2107 cum
520 2037 845 2126 episcopo
903 2036 974 2103 in
1041 2034 1481 2104 concordiam
1556 2035 1878 2114 rediens,
1941 2057 2099 2103 cum
2166 2057 2288 2124 per
2361 2034 2689 2102 undecim

158 2144 349 2195 annos
385 2148 426 2194 a
462 2127 786 2215 Gregorio
828 2123 1335 2213 multiplicibus
1394 2123 1637 2191 litteris
1677 2123 2097 2203 exhortatus,
2155 2122 2378 2191 redire
2411 2122 2493 2190 ad
2537 2143 2684 2190 mo·

158 2214 500 2283 nachicum
552 2212 987 2304 propositum
1034 2212 1462 2290 detrectaret,
1508 2212 1579 2279 in
1641 2210 2126 2300 gravissimam
2178 2211 2685 2300 aegritudinem

157 2302 400 2371 cecidit.
452 2302 646 2385 Quod
698 2325 738 2370 a
783 2307 1050 2370 Joanne
1100 2306 1536 2388 Syracusano
1583 2300 1909 2388 episcopo
1958 2298 2329 2387 Gregorius
2358 2299 2678 2378 audienS,

158 2391 508 2480 rescripsit,
561 2390 844 2461 dicens:
915 2416 939 2451 (t
1012 2388 1480 2458 Fraternitatis
1540 2402 1799 2456 vestrae
1848 2385 2106 2475 scripta
2155 2387 2455 2476 suscepi,
2508 2406 2689 2472 quae

157 2477 309 2547 mihi
353 2480 437 2548 de
480 2478 877 2549 dulcissimi
926 2477 1052 2547 filii
1104 2478 1237 2546 mei
1287 2476 1553 2546 domini
1603 2475 1917 2545 venantii
1967 2474 2402 2566 aegritudine
2453 2474 2689 2561 loque-

156 2563 403 2649 bantur,
453 2580 521 2638 et
578 2580 825 2636 cuncta
874 2588 1039 2656 erga
1084 2589 1246 2635 eum
1294 2565 1592 2653 qualiter
1639 2577 1787 2634 acta
1838 2577 2024 2644 sunt,
2067 2563 2508 2632 enarrabant.
2558 2562 2686 2632 Sed

154 2674 275 2723 uno
333 2671 631 2746 tempore
677 2654 935 2724 auditis
965 2709 984 2735 ,
1040 2668 1106 2724 et
1153 2654 1354 2744 illum
1404 2654 1763 2742 desperate
1811 2675 1890 2721 ac
1939 2652 2236 2740 graviter
2284 2665 2641 2742 aegrotare
2673 2705 2688 2731 ,

154 2753 210 2811 et
249 2743 313 2812 in
361 2745 568 2814 rebus
614 2744 1112 2835 orphanorum,
1168 2743 1475 2812 filiorum
1526 2741 1787 2810 scilicet
1850 2741 2001 2831 ejus
2050 2740 2367 2809 homines
2410 2739 2694 2826 iniquos

155 2828 465 2914 insistere,
520 2833 629 2902 vix
676 2855 748 2902 se
797 2833 867 2902 in
916 2831 1121 2901 corde
1171 2853 1322 2900 meo
1370 2829 1567 2899 dolor
1614 2851 1860 2920 capere
1913 2841 2193 2918 poterat.
2251 2829 2379 2898 Sed
2435 2829 2505 2896 in
2565 2827 2691 2895 hoc

159 2919 449 2990 solatium
484 2920 638 3002 suit,
674 2920 859 3007 quod
913 2919 1257 3006 lacrymae
1309 2919 1480 2987 mihi
1532 2940 1651 3009 per
1700 2917 2000 3008 gemitus
2039 2917 2522 3007 erumpebant.
2561 2920 2688 2984 Ve-

159 3017 276 3077 stra
321 3010 527 3100 igitur
574 3010 903 3080 sanctitas
954 3009 1276 3098 primam,
1331 3029 1542 3093 quam
1593 3006 1808 3086 decet,
1851 3028 2090 3074 curam
2146 3006 2495 3096 negligere
2547 3025 2686 3072 non

159 3094 332 3167 debet
361 3153 377 3178 ,
428 3112 506 3167 ut
552 3098 638 3166 de
685 3098 919 3166 anima
967 3097 1119 3186 ejus
1166 3096 1468 3186 cogitare
1516 3095 1761 3164 debeat
1806 3094 2273 3175 exhortando,
2344 3092 2682 3184 rogand0,

158 3185 257 3253 Dei
301 3186 596 3255 terribile
634 3184 1008 3276 judicium·
1040 3184 1486 3274 proponendo
1518 3238 1533 3265 ‚
1610 3182 2031 3252 ineffabilem
2092 3184 2243 3270 ejus
2294 3183 2683 3251 misericor-

159 3269 323 3341 diam
363 3273 823 3364 promittendo
854 3328 869 3354 ,
924 3284 999 3342 ut
1045 3272 1131 3342 ad
1187 3273 1499 3341 habitum
1548 3294 1758 3340 suum
1821 3269 2042 3340 redire
2091 3271 2191 3339 vel
2243 3271 2311 3339 in
2363 3268 2688 3339 extremis

161 3357 395 3442 debeat,
445 3385 530 3431 ne
577 3362 642 3432 ei
682 3376 912 3432 reatus
953 3373 1177 3431 tantae
1226 3360 1475 3451 culpae
1523 3360 1593 3428 in
1644 3373 1922 3428 aeterno
1959 3358 2230 3447 judicio
2277 3358 2589 3428 obsistat.

234 3450 447 3537 §at
504 3453 575 3521 Si
622 3471 799 3538 quos
850 3464 1070 3520 tamen
1113 3448 1440 3540 judicum
1489 3471 1528 3518 a
1577 3450 1725 3517 suis
1776 3447 2227 3538 pravitatibus
2278 3444 2692 3516 inconverti-

160 3533 311 3606 biles
354 3540 721 3630 Gregorius
769 3538 1183 3618 advertebat,
1227 3560 1343 3607 eos
1391 3537 1671 3627 scriptis
1723 3536 2021 3627 propriis
2074 3556 2282 3624 penes
2335 3534 2691 3625 principes

164 3623 519 3721 denotabat.
578 3628 768 3698 Unde
818 3627 1248 3696 Constantiae
1297 3632 1639 3716 Augustae
1687 3635 2033 3711 queritur,
2088 3624 2379 3692 dicens:
2421 3645 2458 3689 «
2510 3629 2694 3691 Dum

166 3731 223 3779 ln
282 3716 596 3786 Sardinia
645 3715 875 3785 insula
925 3715 1179 3784 multos
1236 3736 1387 3785 esse
1481 3713 1803 3783 entilium
1852 3712 2330 3812 cognovissem
2367 3766 2382 3792 ,
2436 3729 2698 3796 eosque

168 3799 363 3899 adhuc
413 3826 661 3894 pravae
705 3803 1109 3894 gentilitatis
1159 3802 1409 3872 morei
1464 3802 1736 3871 olorum
1796 3799 2159 3872 sacrificiis
2220 3798 2588 3880 deservire,
2634 3807 2702 3866 et

171 3892 443 3975 ejusdem
494 3892 765 3962 insulae
814 3893 1199 3963 sacerdotes
1262 3891 1350 3960 ad
1402 3889 1949 3981 praedicandum
2000 3888 2528 3978 Redemptorem
2582 3908 2706 3955 no-

174 3989 358 4049 strum
407 3993 753 4073 torpentes
799 3981 1185 4061 existerent,
1239 4002 1465 4049 unum
1519 3978 1687 4047 illuc
1736 4000 1818 4046 ex
1855 3976 2092 4046 Italiae
2124 3976 2471 4067 episcopis
2507 3975 2691 4056 misi,

178 4066 271 4147 qui
327 4070 576 4140 multos
646 4069 1010 4161 gentilium
1063 4069 1145 4138 ad
1202 4069 1435 4149 fidem,
1492 4067 1783 4135 Domino
1830 4077 2286 4154 cooperante,
2342 4063 2692 4156 perduxit.

183 4153 281 4248 §ed
323 4159 601 4243 quidam
654 4179 799 4227 rem
852 4157 1023 4225 mihi
1073 4157 1479 4256 sacrilegam
1530 4153 1911 4232 nunciavit,
1958 4153 2125 4239 quia
2172 4153 2268 4234 hi,
2322 4153 2447 4240 qui
2500 4152 2571 4221 in
2624 4172 2708 4220 ea

180 4237 347 4334 ldolis
385 4246 766 4327 immolant,
813 4245 1041 4336 judici
1091 4265 1478 4346 praemlum
1542 4242 1968 4333 persolvunt,
2024 4255 2103 4311 ut
2152 4241 2279 4310 hoc
2324 4241 2426 4310 eis
2477 4239 2705 4340 facere

180 4320 366 4422 ltceat.
416 4340 722 4417 Quorum
770 4334 938 4403 dum
988 4334 1274 4420 quidam
1326 4332 1647 4421 baptizati
1696 4341 1966 4409 essent,
2020 4342 2087 4398 et
2133 4328 2497 4398 immolare
2538 4346 2699 4415 Jam

178 4413 351 4490 ldolis
414 4424 822 4505 desiissent,
889 4421 1122 4492 adhuc
1185 4422 1272 4491 ab
1327 4421 1569 4492 eodem
1635 4417 1906 4489 insulae
1962 4417 2203 4507 judice
2266 4416 2477 4486 etiam
2546 4423 2703 4505 post
