3327 4999
657 314 787 380 2⁴18
1478 329 1558 376 nr.
1605 329 1662 376 s,
1718 327 2031 377 Gnaeomo
2078 327 2243 377 ΡΑΡΑ
2743 307 2982 374 MART.
3030 307 3108 372 ⁴2

563 416 874 506 aliquam
934 435 1052 484 vos
1110 411 1215 481 vel
1276 434 1758 500 quoscumque
1804 411 2019 492 alios,
2072 412 2197 499 qui
2252 432 2378 502 pro
2439 411 2572 481 hac
2620 410 2709 480 ad
2757 431 2865 479 me
2908 413 3109 479 causa

562 503 798 574 venire
847 501 1232 582 voluerint,
1285 500 1727 570 afflictionem
1779 501 1883 570 vel
1934 500 2322 571 molestiam
2388 499 2730 571 sustinere
2780 499 3106 587 permitto.

566 592 696 663 Sed
736 613 861 660 seu
894 591 979 660 ad
1015 589 1591 660 consentiendum
1636 589 1981 658 mihi'cor
2027 600 2333 658 vestrum
2383 587 2860 657 misericordia
2889 586 3115 655 divina

566 678 1073 770 compunxerit,
1112 679 1277 758 sive,
1319 677 1504 765 quod
1536 677 1738 758 absit,
1774 677 1846 746 in
1895 698 1977 747 ea
2022 698 2143 748 vos
2190 675 2444 745 durare
2490 676 2919 747 dissensione
2957 695 3116 744 con·

567 767 845 860 tigerit,
919 766 1006 836 ad
1058 767 1339 857 propria
1385 788 1505 837 vos
1554 787 1861 835 remeare
1894 820 1909 845 ,
1962 764 2243 852 quando
2289 763 2686 845 volueritiS‚
2730 764 2925 855 juxta
2970 784 3120 853 pro-

573 855 977 925 missionem
1020 877 1271 936 meam,
1308 854 1458 923 sine
1505 852 1808 923 laesione
1858 852 1960 923 vel
2011 853 2323 923 molestia
2354 853 2659 922 relaxare
2691 851 3110 921 curabimus.

649 946 687 1031 §
737 947 903 1014 29.
959 946 1283 1012 Severum
1332 940 1838 1034 Aquilejensem
1886 941 2320 1032 episcopum,
2374 952 2585 1030 caput
2632 940 2843 1012 totius
2901 939 3116 1009 schis-

563 1031 772 1102 matis
802 1031 837 1066 *
865 1030 1292 1111 existentem,
1334 1036 1624 1100 Romam
1656 1030 1890 1100 venire
1921 1029 2297 1120 compellit,
2339 1028 2620 1099 dicens:
2661 1050 2697 1096 «
2744 1028 2932 1099 Sicut
2969 1049 3121 1118 gra-

571 1120 877 1190 dientem
926 1140 1050 1219 per
1094 1119 1316 1200 devia,
1370 1131 1766 1209 carpentem
1815 1119 2045 1188 denuo
2092 1131 2359 1188 rectum
2410 1117 2782 1197 tramitem,
2829 1128 2963 1186 tota
3004 1121 3127 1185 Do-

565 1208 804 1279 minus
851 1207 1175 1277 aviditate
1221 1207 1747 1298 complectitur:
1801 1207 1895 1277 ita
1942 1206 2227 1276 demum
2276 1207 2362 1274 de
2390 1204 2750 1276 deserente
2780 1204 3125 1295 cognitam

565 1295 874 1365 veritatis
920 1295 1129 1376 viam,
1184 1295 1431 1386 majori
1482 1317 1790 1366 moerore
1836 1317 2047 1381 quam
2084 1294 2364 1385 gaudi0‚
2406 1315 2544 1381 quo
2582 1294 2668 1363 de
2700 1303 3129 1364 convertente

563 1384 859 1455 laetatus
906 1382 1150 1464 fuerat,
1203 1384 1675 1454 contristatur.
1729 1385 1906 1466 Quia
1953 1383 2245 1451 minoris
2291 1404 2613 1452 excessus
2644 1394 2748 1452 est
2781 1382 3127 1451 veritatem

564 1494 730 1542 non·
754 1493 1212 1562 cognoscere,
1265 1492 1476 1558 quam
1527 1472 1597 1541 in
1646 1471 1888 1541 eadem
1939 1474 1975 1540 a
2032 1471 2176 1540 nita
2223 1491 2357 1539 non
2410 1491 2731 1539 manere:
2802 1469 3129 1556 aliudque

563 1573 689 1641 est,
741 1560 925 1647 quod
979 1561 1068 1630 ab
1115 1572 1387 1628 errante
1427 1560 1906 1635 committitur,
1943 1581 1979 1626 a
2013 1558 2160 1640 iud,
2194 1559 2382 1645 quod
2417 1581 2541 1649 per
2579 1558 2948 1629 scientiam
2984 1578 3132 1646 per-
3178 1617 3182 1620 .

561 1661 898 1806 petratur.
979 1653 1058 1717 Et
1106 1668 1231 1717 nos
1279 1647 1626 1735 siquidem
1676 1660 1936 1734 quanto
1999 1646 2520 1736 incorporatum
2588 1659 2651 1716 te
2702 1644 3128 1738 jampridem

595 1737 778 1806 uisse
809 1737 876 1803 in
910 1737 1173 1806 unitate
1204 1735 1544 1805 Ecclesiae
1571 1736 1791 1826 gavisi
1815 1735 2192 1814 fueramus,
2225 1746 2411 1805 tanto
2432 1734 2922 1805 abundantius
2945 1754 3133 1803 nunc

564 1824 1013 1896 dissociatum
1046 1846 1085 1893 a
1130 1823 1472 1893 catholica
1522 1824 1844 1893 societate
1891 1822 2413 1892 confundimur.
2466 1828 2596 1893 Pro
2641 1844 2787 1909 qua
2837 1844 2994 1892 re...
3048 1819 3132 1890 ad

562 1912 744 1984 beati
770 1913 947 1982 Petri
979 1910 1277 2002 Apostoli
1305 1911 1551 1980 limina
1582 1932 1744 1982 cum
1782 1911 1920 1981 tuis
1959 1911 2376 1998 sequacibus
2414 1911 2648 1980 venire
2682 1924 2751 1980 te
2783 1910 3133 1988 volumuS,

560 2012 639 2071 ut
684 2013 963 2070 auctore
1013 2006 1144 2069 Deo
1191 2002 1563 2090 aggregata
1613 2000 1912 2090 Synodo,
1966 1999 2052 2068 de
2080 2022 2184 2079 ea,
2221 2020 2399 2085 quae
2440 1999 2618 2069 inter
2657 2021 2781 2070 vos
2817 1999 3130 2075 vertitur,

561 2089 911 2158 dubietate
927 2087 1355 2177 judicetur.»
1389 2093 1466 2157 At
1496 2093 1783 2160 Severus
1816 2087 2199 2178 apostolica
2233 2087 2442 2157 simul
2470 2087 2968 2177 imperialique
2990 2086 3139 2178 jus-

564 2177 757 2248 sione
803 2187 1106 2257 coactuS,
1163 2176 1570 2246 imminente
1619 2175 2013 2267 Senaragdo
2062 2175 2391 2255 Exarcho‚
2446 2175 2806 2262 simulque
2847 2174 3139 2245 Antonio

561 2265 905 2334 Ecclesiae
952 2270 1302 2334 Romanae
1331 2263 1712 2345 defensore,
1753 2271 2153 2334 Ravennam
2210 2264 2638 2353 perducitur.
2696 2265 2836 2335 Ubi
2883 2263 3143 2333 veritus

561 2374 724 2423 cum
775 2353 1099 2453 Gregorio
1148 2352 1552 2442 synodalem
1604 2352 1841 2421 subire
1872 2352 2302 2431 conflictum,
2349 2350 2438 2420 ad
2479 2352 2821 2422 unitatem
2861 2361 3143 2421 sanctae

567 2439 976 2512 universalis
1025 2440 1402 2523 Ecclesiae,
1459 2440 1804 2510 mediante
1849 2446 2116 2510 Joanne
2164 2440 2546 2511 Ravennati
2644 2439 2983 2521 ontifice,
3037 2459 3144 2508 re-

563 2531 838 2599 meavit.
893 2529 1021 2598 Sed
1069 2552 1229 2600 cum
1282 2541 1436 2619 post
1481 2529 1649 2598 anni
1699 2529 2001 2619 spatium
2052 2527 2141 2597 ad
2181 2531 2463 2619 propria
2497 2551 2571 2598 re
2629 2531 2827 2610 isset,
2865 2532 2957 2600 ab
2988 2528 3145 2598 aliis

562 2618 1027 2689 schismaticis
1076 2639 1475 2708 persuasuS‚
1533 2638 1672 2686 non
1722 2616 1948 2687 solum
1999 2617 2084 2685 ad
2119 2617 2492 2707 pristinum
2530 2617 2879 2687 vomitum
2916 2616 3141 2694 rediit,

561 2728 801 2776 verum
850 2706 1057 2776 etiam
1100 2705 1422 2784 Mauritii,
1468 2709 1600 2774 Deo
1630 2726 1905 2794 semper
1936 2705 2229 2785 adversi,
2256 2705 2573 2795 jussione
2602 2711 2970 2797 surrepta,
3010 2724 3147 2792 qua

553 2794 975 2884 jubebatur,
1029 2804 1105 2862 ut
1152 2792 1581 2862 schismatici
1632 2792 1855 2862 redire
1902 2793 1991 2862 ad
2040 2795 2377 2864 unitatem
2435 2792 2790 2864 Ecclesiae
2851 2795 3145 2863 minime

561 2904 643 2951 co
692 2895 996 2960 crentur,
1053 2879 1338 2968 reliquis
1384 2880 1732 2971 episcopis
1780 2881 2122 2952 Ecclesiae
2163 2903 2233 2951 se
2256 2882 2752 2972 jungentibus,
2799 2882 3151 2952 maximas

561 2991 634 3039 se
689 2969 933 3039 itiones
980 2969 1349 3038 conflabat.
1405 2974 1838 3059 Quapropter
1884 2969 2258 3060 Gregorius
2307 2970 2658 3039 neminem
2704 2971 2865 3058 jam
2922 2990 3150 3040 rever-

563 3057 853 3127 tentium
904 3056 1054 3126 sine
1100 3056 1419 3126 cautione
1457 3057 1800 3157 juratoria
1840 3058 2116 3148 penitus
2156 3058 2510 3147 suscipere
2542 3058 2948 3149 satagebat.
3004 3062 3153 3140 Qua

560 3145 932 3302 praestit&
987 3144 1391 3235 hujusmodi
1440 3144 1656 3215 literis
1704 3146 1928 3216 eidem
1981 3146 2269 3236 patricio
2320 3146 2627 3215 Exarcho
2675 3146 3152 3216 commenda-

612 3246 712 3302 at:
767 3256 804 3300 «
855 3232 1205 3304 Firminus
1252 3231 1460 3302 frater
1503 3247 1569 3303 et
1615 3234 2071 3325 coepiscopus
2119 3245 2372 3315 noster,
2426 3234 2887 3323 Tregestinae
2916 3235 2990 3271 *⁴*
3027 3255 3151 3303 an·-

562 3323 755 3392 tistes
801 3320 1154 3402 ecclesiae,
1208 3334 1366 3390 ante
1413 3322 1788 3392 adventum
1836 3334 2098 3392 vestrae
2144 3321 2588 3392 excellentiae
2636 3322 2931 3394 salubri
2982 3343 3152 3393 con-

562 3409 719 3481 silio
765 3432 806 3478 a
854 3409 1247 3490 schismate,
1300 3410 1416 3479 cui
1462 3411 1877 3493 inhaeserat,
1930 3410 2371 3500 resipiscam,
2425 3422 2632 3497 atque
2663 3410 2761 3479 ad
2801 3412 3153 3482 unitatem

561 3497 806 3566 matris
854 3496 1195 3567 Ecclesiae
1243 3498 1539 3580 rediens,
1594 3499 1849 3568 nostris
1895 3510 1997 3567 est
2041 3498 2355 3590 epistolis
2401 3497 2922 3583 confirmatus,
2980 3520 3159 3587 qua-

561 3597 764 3655 tenus
811 3584 881 3652 in
938 3607 1153 3666 verae,
1195 3606 1405 3672 quam
1439 3600 1833 3677 agnoverat,
1875 3587 2039 3657 sinu
2073 3587 2314 3657 matris
2345 3586 2691 3656 Ecclesiae
2729 3587 3158 3659 fortitudine

559 3672 781 3743 animi
830 3673 1009 3744 fixus
1056 3695 1137 3742 ac
1186 3673 1451 3744 stabilis
1500 3687 1955 3765 permaneret.
1992 3681 2139 3757 Quo
2187 3674 2449 3756 audito,
2488 3679 2794 3746 Severus
2848 3677 3164 3748 Graden-

560 3761 658 3831 sis
705 3761 1113 3853 Episcopus,
1166 3761 1478 3853 ejusdem
1528 3785 1609 3831 ca
1663 3775 1740 3832 ut
1786 3762 2209 3843 schismatiS‚
2260 3784 2422 3832 eum
2471 3762 2781 3835 diversis
2838 3767 3162 3856 primum

557 3849 803 3940 coepit,
860 3850 918 3919 si
969 3864 1237 3940 posset,
1292 3851 1599 3920 suasioni
1653 3873 1738 3921 us
1785 3873 1826 3919 a
1872 3852 2054 3920 bono
2103 3872 2422 3921 revocare
2520 3854 2877 3941 roposito.
2963 3848 3166 3938 Quod

556 3937 726 4007 dum
780 3937 1105 4027 perficere
1152 3949 1429 4008 auctore
1484 3943 1612 4008 Deo
1665 3938 1953 4008 minime
1985 3938 2338 4020 valuisset,
2377 3961 2451 4008 se
2505 3939 2807 4012 itionem
2844 3942 2961 4012 illi
2996 3962 3164 4012 suo-
3247 3987 3266 4004 .

556 4046 716 4095 rum
764 4026 1024 4096 civium
1070 4027 1367 4097 excitare
1415 4048 1550 4097 non
1603 4027 1859 4097 timuit.
1938 4031 2210 4109 Quanta
2259 4048 2414 4097 vero
2463 4027 2896 4119 praedictus
2947 4029 3167 4102 frater

557 4125 625 4184 et
670 4114 1122 4205 coepiscopus
1172 4126 1400 4185 noster
1447 4114 1797 4184 Firminus
1844 4136 1926 4185 ex
1969 4114 2209 4185 eadem
2261 4113 2702 4186 immissione
2751 4118 3163 4209 pertulerit,

557 4200 835 4293 plenius
884 4202 1026 4275 illic
1073 4225 1154 4273 ac
1222 4204 1537 4273 veracius
1600 4225 1638 4272 e
1702 4202 1929 4272 vicino
2001 4202 2312 4293 poteritis
2379 4224 2806 4294 agnoscere.
2868 4204 3167 4279 Direetis

612 4360 641 4386 ¹⁸
670 4359 825 4399 Trium
844 4361 1147 4410 &spiculorum
1169 4359 1227 4400 de
1250 4360 1426 4409 quibus
1452 4369 1611 4408 supra.

612 4412 669 4440 ⁸*
683 4413 833 4467 ⁴Italis
854 4414 1018 4453 Mete
1037 4414 1087 4453 in
1107 4414 1348 4453 susti-iaco
1368 4413 1594 4452 Adriatici
1613 4411 1759 4454 marie
1780 4413 1935 4454 litore.
