3327 4999
174 343 422 410 MART.
474 344 562 409 25
859 363 914 410 s.
967 361 1199 411 Josssrn
1246 359 1552 412 vincinam
1600 363 2028 414 PERMANfflSSE
2500 350 2633 415 467

176 446 539 517 ostendere
584 457 931 537 satagens.
986 447 1179 529 Quod
1231 447 1290 518 si
1338 448 1508 520 forte
1555 470 1704 531 nec,
1758 471 1934 538 quae
2003 449 2100 519 ibi
2159 449 2348 533 dicit,
2405 452 2526 522 tibi
2575 452 2727 543 pla-

176 536 448 606 cuerint
476 590 491 617 ,
532 556 781 637 nempe
820 535 1187 626 Cleopham
1222 548 1375 627 post
1408 547 1696 608 mortem
1731 538 2043 610 Joachim
2080 539 2429 630 accepisse
2461 546 2726 610 Annam

174 625 415 696 beatae
464 623 765 714 Virginis
813 637 1101 695 matrem
1155 626 1225 693 in
1274 648 1581 709 uxorem,
1634 649 1716 696 ex
1761 649 1899 714 qua
1949 628 2231 697 Mariam
2281 628 2459 699 hanc
2487 630 2723 700 Jacobi

172 725 238 783 et
276 724 709 784 caeterorum
741 713 1029 783 fratrum
1068 727 1355 783 matrem
1391 715 1737 805 genuerit:
1774 716 2363 802 quemadmodum
2399 740 2522 787 nec
2556 719 2726 786 mihi

174 802 454 893 placere
571 813 792 886 otest,
849 815 1108 871 tantam
1178 803 1367 872 illam
1428 816 1815 873 matronam
1865 818 2018 895 post
2067 804 2444 877 sterilitatis
2482 806 2728 884 ,divina

172 891 398 982 gratia
447 912 522 960 so
554 902 751 960 utum
803 890 1409 981 impedimentum,
1461 905 1526 962 et
1575 903 1726 983 post
1787 890 2241 984 dignissimae
2287 893 2479 965 illius
2526 894 2727 985 plan-

174 979 366 1050 tulae
413 979 778 1062 foeturam,
832 1000 1081 1069 nempe
1129 980 1431 1070 Reginae
1477 982 1894 1072 Angelorum
1942 994 2007 1051 et
2067 982 2394 1051 Dominae
2452 995 2724 1052 nostrae

173 1079 433 1149 ortum,
488 1079 760 1138 mortuo
806 1068 1147 1149 Joachim,
1185 1091 1405 1139 unum
1455 1081 1657 1157 atque
1704 1070 2025 1152 alterum,
2081 1082 2159 1141 ut
2208 1071 2412 1162 vulgo
2460 1071 2722 1152 dicunt,

178 1156 317 1227 sibi
365 1156 648 1226 maritos
697 1156 1265 1247 superinduxisse
1302 1180 1317 1222 t
1383 1169 1448 1227 et
1495 1180 1739 1227 rursus
1785 1170 1990 1247 atque
2035 1181 2282 1231 rursus
2329 1160 2729 1251 conjugales

176 1244 539 1335 amplexus
575 1245 978 1316 adamasse:
1017 1246 1225 1316 dicito
1275 1246 1666 1337 Cleopham,
1711 1247 1833 1334 qui
1903 1247 2083 1316 hanc
2139 1248 2421 1317 Mariam
2487 1249 2727 1318 Jacobi

176 1345 471 1404 matrem
504 1334 766 1425 genuit,
805 1334 1082 1404 fratrem
1134 1356 1544 1425 germanum
1597 1336 1815 1406 sancti
1847 1336 2104 1426 Joseph
2137 1336 2374 1419 fuisse,
2409 1347 2487 1407 ut
2516 1337 2729 1407 Theo-

174 1423 545 1515 phylactus
586 1423 854 1506 asserit,
892 1423 1013 1510 qui
1061 1446 1141 1494 ex
1179 1424 1475 1514 conjuge
1508 1446 1657 1505 sua,
1700 1446 2180 1512 quaecumque
2218 1447 2296 1494 ea
2327 1425 2555 1507 fuerit,
2593 1430 2727 1495 Ma-

175 1512 353 1581 riam
405 1512 585 1582 hanc
632 1512 983 1602 genuerit,
1036 1533 1215 1599 quae
1264 1526 1499 1603 postea
1546 1512 1847 1603 Alphaeo
1897 1525 2156 1603 nupta,
2212 1525 2430 1583 mater
2477 1513 2729 1583 horum

177 1600 482 1671 filiorum
551 1602 789 1672 effecta
864 1601 974 1669 sit.
1038 1606 1204 1671 Cum
1267 1622 1429 1702 ergo
1476 1602 1916 1672 sanctissima
1964 1602 2174 1671 Maria
2222 1622 2477 1692 sponsa
2523 1601 2730 1672 fuerit

177 1690 359 1760 beati
396 1690 678 1780 Joseph,
734 1690 1069 1779 Cleophae
1106 1692 1254 1779 qlos
1284 1690 1437 1770 fuit,
1490 1689 1744 1777 illeque
1790 1690 1852 1759 ei
1904 1693 2096 1771 levir,
2151 1703 2356 1778 atque
2396 1690 2541 1760 filia
2579 1692 2729 1781 ejus

174 1779 387 1848 Maria
428 1779 663 1849 beatae
712 1778 1010 1870 Virginis
1043 1778 1290 1867 neptiS,
1329 1801 1507 1866 quae
1533 1779 1683 1869 ejus
1715 1800 1929 1859 soror,
1970 1801 2158 1848 more
2193 1780 2723 1869 scripturarum,

177 1867 363 1937 dicta
409 1866 638 1948 fuerit,
675 1867 856 1938 sicut
903 1871 1020 1936 Lot
1066 1866 1275 1936 frater
1299 1866 1628 1937 Abrahae.
1667 1867 1979 1955 Hincque
2007 1867 2289 1948 factum,
2325 1881 2403 1938 ut
2426 1868 2727 1939 Jacobus

178 1956 433 2038 minor,
464 1967 529 2026 et
576 1954 825 2043 reliqui
858 1956 1012 2043 ejus
1044 1954 1312 2036 fratreS,
1365 1956 1607 2026 fratres
1650 1956 1856 2025 etiam
1899 1956 2167 2026 Domini
2227 1956 2392 2026 dicti
2444 1956 2721 2026 fuerint.

178 2048 259 2113 Et
301 2044 431 2115 hoc
470 2045 675 2116 modo
724 2045 783 2114 si
830 2042 1107 2124 dixeris,
1144 2044 1214 2113 in
1249 2044 1514 2113 nullam
1564 2044 1829 2113 incides
1877 2043 2379 2115 difficultatem.
2418 2044 2612 2128 Quod
2662 2045 2724 2114 si

176 2153 305 2203 nec
354 2133 483 2202 hoc
531 2132 657 2203 tibi
705 2133 950 2223 placet,
1007 2132 1215 2202 aliam
1265 2146 1338 2203 tu
1386 2133 1695 2233 excogita
1741 2132 2077 2203 rationem
2148 2134 2497 2202 meliorem
2538 2189 2553 2215 ,
2607 2134 2727 2202 cui

173 2243 304 2310 ego
351 2220 582 2290 libens
628 2222 1090 2309 acquiescam,
1127 2220 1331 2291 modo
1380 2244 1464 2292 ne
1503 2221 1782 2302 dixeriS,
1837 2234 2151 2292 sanctum
2204 2234 2268 2291 et
2303 2222 2578 2323 justum
2627 2222 2726 2290 vi-

179 2331 341 2379 rum
387 2310 666 2400 Joseph,
722 2333 763 2380 a
810 2315 942 2380 Deo
982 2309 1066 2379 ad
1116 2309 1504 2381 custodiam
1543 2309 1916 2380 castissimi
1966 2309 2204 2401 templi
2257 2332 2408 2401 ejus
2454 2321 2520 2380 et
2570 2311 2724 2400 Spi-

175 2398 356 2467 ritus
404 2399 633 2469 Sancti
666 2398 1119 2480 tabernaculi,
1166 2398 1293 2468 hoc
1341 2412 1464 2482 est,
1519 2398 1955 2469 beatissimae
1994 2399 2346 2489 Deiparae,
2399 2398 2720 2482 electum,

173 2497 242 2557 et
294 2497 479 2557 tanta
513 2487 847 2579 dignitate
879 2487 1301 2571 decoratum,
1346 2499 1423 2560 ut
1471 2501 1662 2580 pater
1702 2486 1829 2558 filii
1869 2488 1977 2558 sui
2030 2488 2099 2558 in
2150 2486 2349 2558 terris
2398 2487 2536 2558 dici
2585 2510 2725 2558 me-

174 2589 460 2658 reretur,
506 2576 791 2647 alterius
839 2599 910 2646 se
956 2577 1191 2648 uxoris
1239 2579 1500 2648 osculis
1558 2589 1621 2647 et
1671 2577 2105 2668 amplexibus
2170 2577 2584 2657 miscuisse,
2637 2599 2721 2646 ac

174 2665 668 2737 suavissimum
716 2666 1004 2735 decorae
1049 2666 1424 2756 pudicitiae
1470 2667 1711 2736 florem
1757 2666 2098 2735 amisisse.
2179 2671 2322 2738 Non
2372 2666 2554 2753 quod
2595 2721 2610 2749 ,
2666 2666 2725 2734 si

169 2753 301 2824 hoc
347 2754 641 2835 fecisset,
695 2753 957 2841 aliquid
998 2755 1309 2844 justitiae
1356 2756 1529 2847 qius,
1583 2767 1702 2824 aut
1749 2754 2187 2824 beatissimae
2235 2756 2347 2823 Vir
2399 2755 2558 2838 inis,
2611 2753 2714 2823 vel

169 2843 604 2912 admirabilis
652 2843 781 2912 filii
826 2844 977 2932 ejus
1019 2844 1364 2914 sanctitati
1412 2844 1819 2923 detraheret,
1873 2865 2036 2912 cum
2085 2843 2349 2913 honora
2402 2843 2528 2914 iles
2559 2843 2717 2913 ubi-

168 2953 306 3020 que
351 2931 836 3024 praedicentur
882 2931 1186 3020 nuptiae,
1224 2944 1288 3002 et
1325 2943 1515 3003 torus
1564 2931 2077 3002 immaculatus:
2133 2931 2253 3003 sed
2302 2932 2469 3019 quia
2516 2930 2718 3001 inde-

167 3041 335 3091 cens
370 3020 883 3109 quodammodo
926 3020 1040 3089 Dei
1086 3019 1229 3090 filio
1290 3021 1656 3100 videretur,
1711 3020 1812 3101 si,
1877 3020 2048 3091 dum
2098 3019 2515 3111 virginitatis
2570 3020 2720 3110 glo-
2763 3029 2768 3034 “

172 3109 374 3192 riam,
407 3110 730 3179 meritum
760 3132 840 3179 ac
873 3108 1114 3199 privile
1165 3109 1310 3178 ium
1343 3110 1415 3179 in
1448 3115 1613 3181 suae
1644 3109 2125 3181 sanctissimae
2151 3110 2392 3183 matris
2425 3112 2723 3201 persona

173 3199 481 3289 primurn
529 3198 914 3278 dedicabat,
966 3220 1117 3268 eam
1172 3219 1282 3267 em
1334 3197 1620 3268 minime
1669 3198 1740 3268 in
1791 3209 1984 3289 patre
2017 3219 2293 3286 quoque
2343 3220 2470 3269 suo
2522 3210 2726 3290 puta-

173 3288 332 3369 tivo,
388 3298 742 3375 tamquam
800 3308 934 3356 non
986 3286 1284 3357 suaviter
1321 3287 1556 3356 omnia
1593 3286 2020 3379 disponeret,
2083 3299 2494 3388 cooptasset.
2550 3291 2722 3357 Cum

170 3376 289 3446 ille
338 3376 633 3446 maxime
678 3375 766 3445 ad
817 3376 970 3445 novi
1029 3377 1415 3446 testamenti
1466 3376 1797 3466 gratiam,
1850 3376 1922 3445 in
1973 3398 2111 3464 qua
2162 3376 2428 3446 bibitur
2475 3375 2717 3446 vinum

169 3465 575 3556 germinans
622 3464 948 3555 virgineS‚
1004 3464 1423 3554 pertinuisse
1470 3463 1806 3534 videatur.

256 3556 295 3640 ξ
342 3557 486 3625 15.
541 3553 735 3636 Quod
785 3551 845 3622 si
885 3552 1187 3624 dixeris:
1243 3558 1321 3622 Et
1366 3552 1534 3640 quid
1584 3552 1671 3621 ad
1728 3553 1912 3622 dicta
1961 3564 2363 3624 sanctorum
2413 3564 2713 3643 patrum,

165 3641 589 3711 contrariam
627 3641 1041 3711 sententiam
1091 3641 1496 3720 tenentium,
1542 3640 2026 3730 respondebis?
2059 3641 2262 3724 Quid,
2315 3641 2577 3730 inquiS,
2617 3661 2721 3710 re-

170 3753 204 3802 s
257 3729 561 3800 ondebo‘?
609 3735 699 3800 De
745 3729 1023 3801 duobus
1063 3730 1382 3800 alterum:
1429 3729 1531 3798 vel
1583 3729 1796 3814 (quod
1847 3740 2126 3818 tangere
2173 3729 2365 3800 visus
2391 3741 2494 3802 est
2525 3729 2736 3819 Beda)

167 3754 257 3889 ab
296 3818 664 3891 haereticis
711 3819 881 3888 haec
928 3819 999 3888 in
1034 3840 1275 3888 eorum
1308 3816 1783 3888 voluminibus
1822 3816 2038 3887 fuisse
2084 3818 2463 3907 interjecta,
2493 3819 2734 3909 cujus·

173 3906 369 3977 modi
418 3906 722 3997 plurima
788 3908 995 3977 etiam
1044 3906 1203 3978 aliis
1252 3907 1321 3975 in
1373 3906 1583 3976 rebus
1640 3904 1947 3975 immista
2012 3906 2434 3993 quandoque
2481 3928 2733 3997 cogno-

170 4018 365 4068 scere
412 4017 835 4086 possumusz
888 3995 992 4065 vel
1041 4017 1221 4083 quae
1268 3995 1356 4065 ab
1413 3993 1513 4065 eis
1562 3992 1750 4064 dicta
1796 4006 1997 4076 sunt,
2050 3994 2735 4083 imprudentiuscule

168 4108 250 4155 ac
320 4083 557 4175 minus
623 4096 943 4155 accurate
995 4084 1234 4175 (prout
1279 4083 1590 4152 humana
1636 4080 1974 4172 fragilitas
2024 4081 2174 4165 fert,
2227 4084 2412 4172 quod
2465 4085 2730 4186 gravis-

172 4173 335 4243 simi
383 4174 591 4244 etiam
639 4184 705 4243 et
750 4172 1207 4243 eruditissimi
1264 4171 1393 4241 viri
1458 4170 1877 4259 quandoque
1940 4170 2356 4262 dormitent)
2402 4171 2615 4244 fuisse
2661 4194 2731 4241 e-

170 4262 525 4333 nunciata.
580 4267 748 4333 Nam
798 4262 859 4332 si
884 4261 1154 4353 ‘majori
1192 4284 1353 4331 cum
1385 4260 1747 4351 diligentia
1786 4260 2234 4351 Evangelicos
2263 4261 2537 4332 codices
2572 4282 2726 4352 per-

174 4351 601 4442 pendissent,
637 4372 1079 4439 nequaquam
1111 4352 1446 4421 Jacobum
1481 4349 1820 4419 minorem
1855 4349 2134 4420 fratrem
2168 4350 2466 4431 Domini,
2504 4349 2731 4419 filium

170 4439 458 4531 Joseph,
511 4439 632 4511 sed
679 4439 963 4530 Alphaei
1013 4438 1472 4531 proculdubio
1502 4438 2001 4510 asseruissent:
2056 4439 2238 4511 sicut
2282 4450 2347 4510 et
2391 4437 2729 4513 ,iacobum
