3327 4999
191 346 434 412 MART.
497 346 578 410 ⁴2
1082 363 1161 408 nr:
1208 363 1265 409 s,
1322 361 1631 409 cancomo
1681 361 1842 408 rara
2196 352 2208 364 “
2529 346 2653 411 ⁴37

181 467 343 516 suae
375 440 804 512 contrarium
854 443 1156 524 rebatur,
1204 442 1676 532 praeveniens,
1730 441 1893 528 quia
1944 439 2173 530 palam
2222 442 2457 531 egredi
2506 454 2739 532 portas

176 533 476 603 civitatis
513 554 644 601 non
680 542 963 619 poterat,
1005 554 1042 599 a
1073 532 1613 621 negotiatoribus
1639 530 2125 621 exponendum
2170 553 2242 600 se
2273 532 2734 614 dissimulato,

179 637 256 691 ut
299 621 538 701 fertur,
611 619 855 689 habitu
920 618 1216 691 callidus
1285 620 1696 720 impetravit,
1759 619 2113 701 sylvarum
2163 620 2382 690 saltus
2430 622 2729 711 expetiit,

184 731 634 780 cavernarum
709 708 997 778 latibula
1079 709 1460 795 requisivit.
1537 714 1614 777 In
1682 708 1942 794 quibus
2008 709 2175 777 dum
2241 711 2330 778 ab
2406 710 2735 782 omnibus

190 821 460 870 summa
508 797 949 867 solicitudine
987 811 1455 884 quaereretur,
1483 797 1741 866 indicio
1770 797 2136 867 columnae
2169 797 2497 888 fulgidae,
2528 822 2738 890 super

192 910 262 957 se
309 887 568 978 jugiter
607 909 647 954 a
694 886 883 955 coelo
935 887 1411 977 dependentiS,
1479 886 1903 977 agnoscitur,
1956 887 2252 977 capitur,
2310 888 2630 970 tra-bitur,
2675 900 2741 957 et

188 977 361 1066 apud
411 976 597 1045 beati
663 976 838 1044 Petri
894 975 1363 1066 apostolorum
1414 976 1754 1066 principis
1803 975 2140 1067 templum
2190 998 2516 1046 summus
2569 982 2742 1046 Pon-

190 1065 337 1136 tifex
370 1076 842 1136 consecratur.

268 1157 305 1242 ξ
356 1159 524 1225 ²².
577 1159 825 1223 Verum
876 1152 1042 1239 quia
1089 1164 1252 1222 sunt
1291 1153 1610 1222 nonnulli
1650 1153 2260 1242 Longobardorum
2300 1153 2570 1244 perfidi,
2617 1156 2743 1242 qui

181 1244 586 1332 Gregorium
634 1243 980 1332 appetisse
1028 1242 1253 1332 magis
1301 1242 1739 1331 pontificium
1788 1253 2151 1311 autument
2200 1265 2408 1329 quam
2447 1243 2730 1334 fugisse,

177 1354 420 1423 operae
473 1331 774 1423 pretium
823 1353 976 1399 reor
1025 1354 1246 1421 pauca
1294 1331 1378 1400 de
1427 1331 1667 1402 multis
1716 1331 2042 1410 inserere,
2097 1332 2357 1418 quibus
2406 1354 2591 1413 eum,
2628 1334 2739 1402 in-

170 1435 514 1509 quantum
571 1420 719 1489 sine
766 1420 1181 1509 pertinaciae
1208 1420 1367 1489 vitio
1397 1421 1652 1510 potuit,
1678 1419 1981 1490 noluisse
2018 1421 2479 1510 pontificium,
2521 1422 2734 1491 immo

171 1511 369 1598 quasi
421 1509 702 1600 pondus
749 1509 1187 1598 importabile
1244 1509 1520 1599 penitus
1571 1531 1812 1578 cavere
1865 1509 2205 1590 voluisse,
2271 1509 2424 1579 luce
2484 1511 2741 1580 clarius

168 1599 631 1668 manifestem.
687 1598 785 1666 Ait
825 1598 1035 1676 enim,
1080 1619 1256 1755 pene
1288 1599 1360 1667 in
1396 1598 1547 1689 ipso
1580 1599 2118 1669 consecrationis
2149 1620 2315 1669 suae
2356 1599 2726 1690 principiO,

166 1688 234 1757 in
285 1711 323 1757 e
381 1687 588 1757 istola
636 1686 849 1755 Paulo
899 1687 1072 1757 Scho
1104 1688 1356 1756 astico:
1413 1711 1449 1753 «
1501 1686 1843 1774 Quicquid
1897 1687 2070 1756 mihi
2110 1709 2188 1756 ex
2224 1688 2483 1756 honore
2514 1711 2741 1758 sacer-

165 1777 318 1847 dota
354 1778 418 1845 is
470 1774 684 1844 officii
731 1776 1034 1844 extranei
1083 1776 1413 1857 arrident,
1470 1799 1608 1845 non
1640 1775 1840 1846 valde
1877 1798 2114 1866 penso.
2159 1780 2254 1846 De·
2288 1777 2475 1846 vobis
2509 1791 2741 1847 autem

173 1867 341 1936 mibi
392 1867 526 1934 hac
574 1886 656 1932 ex
704 1886 776 1932 re
822 1865 1287 1934 arridentibus
1323 1887 1454 1933 non
1492 1864 1864 1934 minimum
1896 1865 2115 1946 doleo,
2151 1866 2273 1951 qui
2303 1865 2735 1936 desiderium

173 1977 402 2025 meum
459 1953 864 2053 plenissime
913 1954 1142 2033 scitiS,
1195 1966 1260 2022 et
1309 1966 1537 2022 tamen
1587 1954 1966 2044 profecisse
2020 1977 2131 2023 me
2180 1954 2483 2024 creditis
2542 1962 2742 2025 Sum-

175 2065 329 2112 mus
359 2065 552 2112 emm
592 2041 765 2110 mihi
799 2042 1141 2131 profectus
1170 2042 1415 2124 fuerat,
1453 2042 1513 2110 si
1556 2042 1934 2133 potuissem
1978 2043 2270 2132 implere
2301 2045 2486 2130 quod
2526 2045 2733 2127 volui,

175 2132 240 2200 si
283 2131 703 2201 voluntatem
755 2152 1018 2212 meam,
1075 2153 1285 2217 quam
1334 2130 1602 2200 dudum
1652 2132 1999 2220 cognitam
2051 2132 2339 2214 babetiS,
2396 2134 2726 2221 perficere

181 2234 441 2320 optatae
482 2220 742 2308 quietis
781 2221 1212 2310 perceptione
1243 2220 1638 2289 valuissem.
1678 2224 1752 2288 At
1783 2241 1969 2288 nunc
2000 2221 2164 2305 quia
2196 2221 2477 2290 honoris
2511 2223 2728 2309 hujus

179 2310 465 2381 vinculis
511 2312 586 2378 in
635 2309 903 2378 civitate
944 2323 1174 2379 teneor
1214 2315 1518 2378 Romana
1562 2307 1913 2408 religatuS,
1954 2308 2171 2377 babeo
2204 2309 2493 2397 aliquid,
2533 2310 2721 2397 quod

174 2401 374 2468 etiam
424 2410 689 2468 vestrae
785 2398 993 2468 loriae
1039 2398 1363 2468 exultem.
1427 2397 1599 2481 Quia
1648 2419 1792 2468 viro
1842 2398 2392 2468 eminentissimo
2441 2399 2725 2470 domino

175 2491 384 2557 Leone
432 2510 739 2558 exconsu
769 2511 804 2555 e
850 2488 1186 2569 veniente,
1243 2511 1361 2557 vos
1411 2487 1480 2556 in
1534 2485 1769 2557 Sicilia
1814 2510 2170 2557 remanere
2205 2510 2340 2557 non
2376 2489 2719 2579 suspicor,

169 2590 233 2645 et
275 2599 438 2647 cum
492 2578 640 2677 ipse
684 2599 959 2664 quoque
1008 2590 1125 2647 tuo
1174 2578 1431 2646 honore
1480 2576 1852 2667 religatuS,
1909 2582 2162 2646 Romae
2229 2578 2510 2647 retineri
2574 2600 2727 2648 coe-

169 2667 370 2755 peris,
417 2665 588 2753 quid
645 2666 992 2745 moeroris,
1031 2666 1197 2752 quid
1233 2666 1721 2736 amaritudinis
1752 2687 1879 2755 ego
1910 2667 2154 2755 patiar,
2200 2688 2556 2756 agnosces.
2602 2672 2732 2735 Ve-

172 2756 396 2824 niente
445 2767 677 2824 autem
730 2754 871 2824 viro
919 2754 1291 2844 magnifico
1339 2754 1620 2823 domino
1683 2755 2060 2824 Maurentio
2125 2754 2547 2825 chartulario
2578 2810 2594 2833 ,
2664 2757 2727 2825 ei

162 2865 421 2931 quaeso
470 2843 539 2911 in
591 2849 937 2912 Romanae
984 2843 1180 2914 urbis
1234 2844 1631 2913 necessitate
1679 2845 2089 2925 concurrite,
2142 2844 2309 2930 quia
2349 2844 2723 2915 hostilibus

161 2933 416 3031 gladiis
464 2932 633 3002 foris
680 2932 830 3001 sine
876 2933 1254 3002 cessatione
1285 2932 1751 3012 confodimur,
1794 2932 1913 3001 sed
1952 2946 2018 3002 et
2056 2933 2395 3003 seditione
2426 2933 2731 3002 militum

161 3036 441 3092 interno
490 3020 799 3110 periculo
848 3022 1128 3112 gravius
1176 3043 1533 3110 urgemur.
1593 3044 1629 3087 »

244 3114 282 3197 ξ
337 3114 500 3182 ²8.
556 3133 592 3176 «
638 3110 1005 3199 Gregorius
1051 3112 1302 3179 Joanni
1352 3109 1786 3178 Patriarcbae
1819 3110 2623 3200 Constantinopolitano:
2664 3111 2733 3180 Si

155 3199 525 3269 charitatis
591 3199 809 3269 virtus
858 3199 929 3267 in
988 3199 1284 3289 proximi
1314 3198 1682 3267 dilectione
1736 3199 2090 3280 consistit,
2154 3200 2212 3268 si
2271 3199 2371 3269 sic
2442 3200 2732 3289 diligere

155 3290 515 3379 proximos
564 3288 742 3359 sicut
789 3310 916 3356 nos
953 3288 1308 3377 jubemur,
1363 3287 1529 3373 quid
1578 3299 1702 3366 est,
1750 3287 1932 3373 quod
1971 3310 2079 3357 me
2111 3288 2464 3358 beatitudo
2506 3300 2730 3357 vestra

159 3398 292 3447 non
347 3378 448 3446 ita
492 3388 570 3446 ut
617 3399 690 3445 se
736 3376 1014 3467 diligit?
1062 3381 1210 3459 Quo
1255 3377 1443 3446 enim
1492 3376 1759 3457 ardore,
1812 3398 1949 3462 quo
1998 3376 2227 3447 studio
2274 3378 2726 3467 episcopatus

156 3467 470 3555 pondera
504 3465 741 3555 fugere
776 3465 1132 3546 voluerim,
1173 3466 1384 3536 scitis,
1441 3470 1517 3534 Et
1550 3478 1778 3535 tamen
1811 3465 1979 3534 haec
2009 3466 2248 3535 eadem
2278 3467 2723 3557 episcopatus

156 3555 469 3644 pondera
516 3576 600 3623 ne
652 3554 823 3624 mibi
869 3555 1197 3624 deberent
1241 3554 1532 3654 imponi,
1590 3576 1726 3623 non
1778 3554 2146 3625 restitistis.
2202 3559 2484 3624 Constat
2529 3576 2718 3645 erg0‚

148 3646 319 3731 quia
367 3665 511 3711 non
564 3664 674 3712 me
721 3644 901 3713 sicut
948 3665 1066 3713 vos
1111 3642 1438 3733 diligitis:
1489 3643 1656 3730 quia
1704 3641 1825 3713 illa
1864 3666 1971 3711 me
2006 3643 2319 3713 Voluistis
2353 3665 2574 3712 onera
2606 3667 2727 3713 su-

147 3735 448 3824 scipere,
498 3754 681 3818 quae
727 3732 919 3802 vobis
967 3732 1231 3819 imponi
1283 3731 1626 3802 noluistis.
1697 3732 1826 3801 Sed
1876 3732 2042 3819 quia
2114 3743 2445 3802 vetustam
2498 3733 2730 3802 navim

147 3824 729 3907 vehementerque
786 3820 1209 3890 confractam
1269 3820 1606 3911 indignus
1661 3842 1789 3911 ego
1855 3821 2090 3890 infirm
2119 3842 2343 3907 usque
2400 3821 2725 3912 suscepi:

146 3910 503 3997 (Undique
549 3910 738 3979 enim
795 3911 1049 3979 fluctus
1098 3910 1401 3991 intrant,
1454 3921 1519 3978 et
1566 3909 1971 3996 quotidiana
2046 3931 2125 3978 ac
2185 3909 2412 3978 valida
2470 3923 2733 4001 tempe-

154 4011 320 4068 state
369 4010 762 4085 quassatae,
819 3998 1138 4089 putridae
1186 3997 1431 4068 naufra
1483 3998 1630 4067 ium
1682 3998 1959 4068 tabulae
2020 3998 2303 4087 sonant)
2355 4020 2474 4088 per
2502 3999 2732 4068 omni-

153 4100 499 4175 potentem
552 4087 921 4157 Dominum
973 4109 1159 4177 rogo,
1214 4099 1289 4158 ut
1338 4087 1407 4155 in
1434 4021 1589 4157 6lioc
1637 4086 1812 4156 mihi
1862 4086 2180 4177 periculo
2215 4088 2547 4158 orationis
2576 4100 2732 4157 tuae

157 4194 442 4246 manum
491 4177 848 4278 porrigas:
900 4176 1068 4263 quia
1115 4189 1300 4246 tanto
1348 4176 1620 4246 enixius
1672 4176 1957 4265 potestis
2011 4198 2316 4259 exorare,
2362 4191 2620 4264 quanto
2660 4189 2728 4245 et

162 4283 204 4329 a
241 4264 647 4337 confusmne
697 4263 1246 4347 tribulationum,
1301 4287 1476 4352 quas
1524 4264 1596 4333 iu
1648 4264 1777 4334 hac
1827 4276 2008 4335 terra
2057 4266 2391 4357 patimur,
2450 4264 2729 4355 longius

173 4355 386 4423 statis.
444 4378 480 4421 )›
911 4360 917 4367 '
1771 4386 1778 4395 ·

245 4444 282 4528 ξ
332 4448 484 4516 ⁶24.
538 4467 576 4510 «
627 4444 1001 4535 Gregorius
1049 4443 1470 4513 Theoctistae
1518 4442 1736 4514 sorori
1784 4443 2271 4535 Imperatoris:
2329 4449 2519 4513 Mens
2569 4463 2724 4511 mea
