3327 4999
626 317 756 382 478
1550 335 1628 382 m:
1676 334 1732 383 S.
1787 331 2070 381 innomi
2700 314 2946 381 MART.
2999 315 3092 380 25

535 419 908 488 exaltatum
942 438 1119 519 pura
1167 427 1391 489 mente
1428 417 1771 509 cognovit,
1824 430 1890 488 et
1937 417 2162 509 ipsius
2212 414 2757 487 misericordiam
2810 416 2880 485 in
2929 439 3092 487 cru-

535 527 613 577 ce
660 506 1013 599 flagitavit,
1066 504 1345 576 dicens:
1400 511 1654 577 Memor
1686 518 1830 578 esto
1880 505 2017 577 mei
2064 506 2351 575 Domine
2400 505 2469 575 in
2507 526 2719 597 regno
2752 516 2896 576 tuo.

628 603 666 677 ἓ
730 600 811 669 S.
866 601 997 668 Nec
1043 595 1434 665 transitorie
1464 595 1673 665 istum
1722 608 2235 688 praetereamus
2282 594 2644 680 latronem,
2683 615 2906 682 neque
2928 615 3090 666 eru-

536 684 904 756 bescamus
950 683 1095 754 acci
1149 706 1262 754 ere
1291 685 1727 775 magistrum,
1766 707 1973 772 quem
2007 705 2144 754 non
2171 683 2451 755 erubuit
2488 695 2717 755 noster
2749 684 3086 755 Dominus

539 771 846 863 primum
895 774 1035 844 intr
1130 794 1330 843 ucere
1378 774 1448 842 in
1500 773 1951 864 paradisum:
2005 795 2129 844 nec
2183 772 2438 862 pudeat
2483 773 2634 863 ejus
2690 772 2889 860 sequi
2939 794 3087 841 ma-

535 861 899 1017 gisterium
945 862 1065 948 qui
1113 862 1472 932 coelestem
1520 862 2108 933 conversationem
2144 861 2397 931 meruit
2443 873 2600 931 ante
2643 881 2909 943 omneS,
2964 860 3082 930 sed

587 948 905 1039 iligenter
959 950 1238 1039 singula
1293 951 1772 1037 requiramus,
1825 963 1902 1021 ut
1947 950 2178 1021 crucis
2223 950 2664 1020 inveniamus
2725 950 3074 1043 virtutem.

538 1042 681 1108 Non
730 1037 901 1108 dixit
933 1037 1019 1108 ad
1069 1059 1252 1120 eum,
1307 1039 1486 1109 sicut
1519 1038 1604 1108 ad
1652 1044 1971 1109 Petrum:
2012 1039 2201 1119 Veni,
2247 1058 2530 1126 sequere
2556 1059 2690 1117 me,
2727 1048 2792 1107 et
2829 1036 3079 1107 faciam

540 1139 602 1196 te
650 1124 1058 1227 piscatorem
1109 1127 1524 1207 hominum:
1578 1149 1717 1197 non
1755 1126 1929 1198 dixit
1974 1127 2061 1197 ad
2108 1149 2293 1208 eum,
2348 1126 2527 1197 sicut
2554 1126 2639 1195 ad
2681 1125 3076 1197 duodecim:

538 1220 712 1297 Quia
754 1214 1080 1286 sedebitis
1128 1237 1340 1307 super
1385 1216 1751 1287 duodecim
1784 1215 2004 1297 sedeS,
2031 1215 2428 1307 judicantes
2459 1213 2827 1285 duodecim
2859 1213 3082 1286 tribus

539 1303 792 1373 Israel:
845 1306 1059 1374 immo
1110 1326 1234 1374 nec
1282 1304 1488 1374 verbo
1535 1326 1695 1374 eum
1743 1303 2038 1395 dignum
2086 1304 2494 1386 aestimavit,
2551 1302 2724 1373 nihil
2779 1303 3083 1373 admira-

538 1392 744 1463 tionis
790 1393 1113 1463 ostendit.
1150 1397 1294 1464 Non
1347 1405 1655 1464 mortuos
1703 1392 2156 1475 resuscitavit,
2204 1392 2575 1464 daemones
2621 1413 2758 1462 non
2790 1390 3074 1483 fugavit,

538 1501 677 1551 non
727 1503 916 1551 mare
948 1482 1338 1574 prostravit,
1371 1481 1645 1552 nullum
1678 1482 1739 1552 ei
1768 1481 1927 1552 fecit
1951 1482 2036 1551 de
2067 1482 2414 1554 coelorum
2449 1501 2660 1573 regno
2693 1500 3081 1551 sermonem

537 1569 713 1639 nibil
752 1570 838 1640 de
885 1570 1199 1661 gehenna
1248 1570 1519 1641 locutus
1549 1580 1675 1651 est,
1710 1582 1775 1640 et
1815 1582 1971 1640 ante
2010 1592 2251 1640 omnes
2296 1570 2446 1660 ejus
2496 1569 2591 1639 im
2644 1570 2870 1640 erium
2919 1590 3118 1639 con-·

536 1658 789 1730 fitetur.
834 1664 912 1728 Et
960 1660 1126 1730 haec
1163 1659 1436 1731 dicebat
1482 1659 1616 1729 alio
1668 1658 1932 1730 latrone
1978 1659 2310 1730 adversus
2338 1682 2497 1729 eum
2549 1681 2593 1749 p
2625 1681 2751 1729 ura
2782 1658 3073 1739 dicente,

535 1758 602 1817 et
648 1748 927 1837 saepius
975 1748 1373 1819 insultante.
1412 1753 1580 1817 Nam
1621 1758 1689 1818 et
1733 1748 1946 1818 altera
1976 1768 2056 1817 ex
2105 1761 2296 1838 parte
2343 1748 2514 1818 latro
2552 1769 2715 1817 cum
2753 1768 2833 1817 eo
2864 1745 3082 1831 fuerat

536 1835 934 1916 crucifixus,
959 1848 1037 1906 ut
1065 1835 1239 1906 illud
1266 1836 1660 1925 impleatur:
1688 1842 1770 1906 Et
1797 1859 1948 1906 cum
1976 1838 2229 1928 iniquis
2259 1847 2614 1928 reputatus
2639 1847 2734 1906 est
2756 1836 2879 1925 (Is.
2905 1835 3070 1924 uu).

537 1928 710 1996 Nam
740 1924 987 1997 Judaei
1033 1925 1185 2014 ejus
1230 1923 1486 1995 famam
1550 1924 1983 2015 gloriamque
2029 1924 2365 1995 infamare
2424 1924 2835 2015 cupiebant,
2886 1938 2956 1994 et
2999 1945 3080 1993 ex

538 2012 733 2083 omni
770 2024 972 2104 -parte
1018 2013 1409 2104 captabant,
1463 2025 1530 2083 et
1579 2014 1949 2086 tendebant
1995 2014 2320 2085 universa
2353 2024 2758 2104 pervertere:
2797 2012 2916 2085 sed
2945 2034 3080 2082 un·-

540 2101 751 2259 dique
797 2102 1047 2173 veritas
1094 2100 1603 2193 praefulgebat,
1660 2115 1726 2173 et
1788 2102 1900 2173 his
1947 2102 2476 2177 adversantibus
2521 2102 2928 2193 augebatur.
2974 2106 3083 2171 In-

540 2212 625 2262 su
658 2190 843 2261 tabat
878 2191 940 2260 ei
993 2190 1205 2281 igitur
1250 2190 1421 2261 alter
1468 2190 1663 2262 latr0.

622 2280 660 2365 §
726 2283 822 2350 9.
876 2278 1117 2350 Vidisti
1169 2279 1503 2351 latronem
1552 2291 1618 2351 et
1657 2280 2044 2352 latronem?
2089 2293 2376 2368 uterque
2432 2279 2682 2371 pendet
2728 2280 2799 2349 in
2847 2299 3075 2358 cruce,

532 2377 821 2456 uterque
878 2366 1137 2439 furacis
1199 2369 1423 2451 vitae,
1494 2368 1747 2440 similis
1805 2370 2170 2458 utriusque
2216 2368 2644 2440 conversatio
2673 2422 2690 2450 ,
2752 2368 2871 2438 sed
2941 2387 3076 2436 non

531 2456 604 2526 in
669 2469 962 2546 utroque
1010 2478 1205 2529 mens
1250 2480 1446 2542 una,
1511 2479 1637 2529 nec
1687 2459 1756 2529 in
1824 2479 1903 2530 eo
1967 2480 2175 2530 sensu
2242 2479 2440 2531 mens
2500 2479 2642 2529 una
2692 2457 3065 2549 perdurat,

532 2567 660 2615 nec
706 2546 780 2616 in
829 2547 929 2617 eis
978 2547 1229 2617 similis
1292 2548 1694 2618 dominatur
1754 2559 2073 2619 eventus:
2145 2547 2265 2618 sed
2324 2569 2512 2618 unus
2570 2546 3069 2618 beatitudinem

532 2635 703 2705 coeli
753 2635 1206 2708 haereditario
1244 2636 1403 2724 jure
1450 2637 1879 2726 promeruit,
1949 2637 2120 2708 alter
2177 2636 2264 2707 ad
2313 2636 2702 2727 gehennam
2751 2635 3072 2706 mitteba-

531 2735 648 2794 tur
691 2735 756 2794 et
803 2745 1121 2815 poenam.
1178 2724 1366 2794 Sicut
1411 2723 1732 2795 hesterno
1776 2725 1889 2794 die
1934 2725 2287 2815 discipuli,
2331 2736 2399 2795 et
2439 2724 2805 2815 discipulis
2851 2722 3071 2794 ,ludas

531 2824 597 2883 et
642 2812 993 2883 undecim.
1061 2812 1190 2882 Sed
1252 2812 1353 2880 illi
1419 2813 1702 2899 quidem
1759 2812 2137 2884 dicebant:
2213 2814 2338 2884 Ubi
2396 2814 2497 2886 vis
2563 2835 2890 2904 paremus
2942 2809 3069 2882 tibi

532 2901 957 2971 manducare
1009 2900 1313 2972 Pascha?
1382 2906 1517 2971 lste
1568 2914 1799 2973 autem
1855 2902 2264 2993 proditionis
2311 2902 2710 2974 stimulatur
2768 2900 3065 2980 ardore,

531 3001 598 3059 et
628 2989 934 3059 dicebat:
987 2988 1165 3072 Quid
1214 2988 1422 3060 vultis
1470 2990 1643 3060 mihi
1690 2990 1877 3073 dare,
1914 3002 1981 3063 et
2017 3013 2143 3082 ego
2176 2990 2367 3061 vobis
2417 2991 2683 3061 tradam
2712 2992 2928 3060 eum?
2959 2987 3072 3058 Illi

531 3076 618 3147 ad
658 3077 1051 3148 divinorum
1101 3078 1589 3168 mysteriorum
1639 3101 1789 3151 sese
1833 3078 2057 3151 officia
2107 3078 2632 3171 praeparabant,
2685 3079 2814 3149 iste
2861 3076 3072 3148 tradi-

532 3165 741 3238 tionis
780 3165 1240 3237 meditabatur
1285 3165 1618 3237 officium.
1668 3167 1777 3238 Sic
1809 3179 1875 3238 et
1919 3169 2034 3240 hic
2084 3168 2255 3240 latro
2302 3189 2489 3239 unus
2536 3167 2850 3249 insultat,
2903 3166 3076 3236 alter

530 3254 771 3325 adorat
799 3266 1004 3343 atque
1029 3267 1432 3326 veneratur:
1469 3278 1657 3329 unus
1686 3257 2145 3348 blasphemat,
2185 3257 2357 3327 alter
2384 3255 2751 3337 benedicit,
2791 3268 2859 3328 et
2887 3255 3074 3327 blas·

531 3343 971 3434 phemantem
1073 3344 1360 3427 rohibet‚
1413 3344 1702 3415 dicens:
1756 3351 1887 3416 Nec
1927 3351 2142 3418 Deum
2191 3357 2265 3416 tu
2313 3345 2560 3417 times‘?

617 3433 655 3518 ἓ
715 3437 874 3505 11).
928 3432 1003 3502 vi
1058 3432 1169 3503 isti
1219 3432 1598 3504 libertatem
1634 3433 1707 3504 in
1738 3456 1968 3516 cruce,
2011 3434 2238 3507 vidisti
2289 3432 2800 3525 philosophiam
2833 3433 2906 3502 in
2940 3443 3077 3502 tor-

527 3520 803 3603 mentis,
856 3522 926 3591 in
977 3542 1197 3612 poena
1280 3522 1717 3593 rudentiam?
1763 3524 1955 3607 Quod
2005 3524 2193 3593 enim
2242 3523 2353 3594 sui
2404 3543 2668 3593 memor
2713 3521 2846 3592 fuit
2891 3519 3076 3609 quod

530 3620 757 3679 mente
805 3631 974 3682 sana
1019 3544 1369 3702 vigilassau
1431 3611 1784 3683 clavorum
1830 3612 2215 3683 confixione
2278 3611 2713 3692 constrictus»,
2768 3609 2929 3698 quis
2975 3619 3079 3679 est

526 3697 650 3784 qui
684 3699 929 3789 poterit
960 3720 1097 3768 non
1149 3699 1430 3770 mirari?
1478 3700 1606 3770 Sed
1655 3702 1784 3771 iste
1842 3722 1978 3770 non
2031 3700 2254 3771 solum
2296 3700 2478 3770 intra
2528 3721 2601 3772 se
2645 3698 2800 3780 fuit,
2841 3697 2962 3769 sed
3010 3709 3078 3767 et

528 3808 695 3857 suas
729 3787 1165 3860 necessitates
1210 3789 1782 3880 praetermittens,
1835 3789 2133 3860 aliorum
2181 3787 2549 3860 utilitatem
2604 3809 2686 3858 co
2736 3787 2975 3869 itabat,
3013 3797 3081 3856 et

528 3875 857 3966 magister
884 3877 1227 3967 pendebat
1273 3877 1344 3946 in
1394 3899 1622 3959 cruce,
1677 3890 1744 3949 et
1789 3878 1978 3948 sanis
2032 3876 2603 3969 persuasionibus
2641 3898 2680 3945 a
2713 3897 2861 3945 lum
2902 3874 3081 3944 invi-

528 3964 716 4035 tabat
775 3964 862 4035 ad
933 3965 1165 4044 vitam,
1231 3965 1502 4038 dicens:
1555 3972 1690 4039 Nec
1737 3977 1812 4036 tu
1860 3966 2061 4037 times
2109 3970 2373 4037 Deum?
2430 3970 2575 4036 Non
2626 3964 2843 4056 igitur
2940 3961 3079 4034 uod

527 4051 854 4125 deorsum
902 4065 1005 4123 est
1050 4053 1486 4144 adjudicatus
1535 4054 1891 4146 inspicias,
1935 4055 2057 4125 sed
2104 4076 2387 4126 sursum
2435 4053 2566 4123 alia
2619 4065 2785 4124 sunt
2803 4053 2892 4143 ju
2947 4052 3084 4122 icia

523 4143 917 4212 constituta.
973 4147 1052 4211 In
1104 4155 1370 4213 terreno
1419 4164 1720 4232 namque
1758 4142 2026 4234 judicio
2049 4154 2115 4212 et
2130 4142 2307 4234 justi
2342 4163 2878 4229 nonnumquam
2906 4162 3073 4212 con-

524 4230 949 4301 demnantur
992 4230 1251 4313 illicite,
1304 4242 1370 4302 et
1416 4231 1659 4323 injusti
1690 4230 2042 4302 declinant
2074 4252 2353 4322 poenaS,
2406 4241 2472 4301 et
2519 4229 2620 4301 rei
2668 4230 3076 4310 liberantur,

525 4330 589 4390 et
637 4319 905 4391 innoxii
954 4330 1518 4412 praegravantur.
1585 4325 1716 4392 Aut
1782 4320 1970 4390 enim
2042 4332 2331 4412 sponte,
2395 4330 2517 4390 aut
2571 4317 2767 4388 inviti
2807 4317 3087 4418 judices

527 4428 763 4481 errare
836 4420 1391 4493 consueverunt,
1470 4422 1590 4481 aut
1658 4409 2089 4500 ignoratione
2135 4408 2447 4500 justitiae
2482 4463 2498 4488 ‚
2573 4418 2693 4478 aut
2748 4428 3090 4499 pecuniae
