3327 4999
666 308 795 374 362
1299 327 1379 375 ΒΕ
1427 326 1518 374 ss.
1572 324 1938 374 thvnoxino
1987 324 2063 371 Er
2109 321 2387 371 auximo
2733 304 2980 370 MART.
3035 305 3126 370 49

574 411 966 503 impunitus
993 411 1323 482 abscedit.
1352 410 1636 480 Familia
1668 410 1828 501 plus
1860 415 1941 480 ⁴2
1967 409 2296 489 virorum,
2322 429 2400 477 ac
2431 404 2804 477 multorum
2841 405 3130 498 Witgeri

575 512 641 572 et
690 501 1033 570 Lamberti
1068 500 1357 570 fratrum
1406 514 1857 580 sacramento,
1911 520 1997 567 ue
2042 495 2469 587 aufugerent,
2523 495 2593 564 in
2641 518 2722 565 eo
2767 496 3133 589 phylacte-

574 590 680 660 rio
713 601 816 661 est
862 589 1213 659 obstricta.
1268 588 1459 671 Quod
1511 589 1782 658 irritum
1832 588 2117 667 ducenS,
2171 585 2456 673 insuper
2492 598 2558 654 et
2595 584 2997 656 thesaurum
3050 586 3133 655 in

575 679 815 749 eadem
897 677 1186 749 ecclesia
1249 677 1685 747 dominorum
1739 698 2021 755 suorum
2089 674 2514 744 reconditum
2564 674 2885 745 violando
2930 674 3135 744 aufe-

580 790 778 848 rens,
833 767 1128 856 aufugit.
1200 766 1326 836 Sed
1395 788 1597 835 mane
1654 765 2105 836 circumcirca
2150 787 2193 832 a
2253 764 2822 853 persequentibus
2866 763 3138 835 frustra

577 855 911 943 requisita
957 866 1024 925 et
1059 879 1099 924 a
1150 855 1615 925 reverentibus
1646 855 1778 925 sub
1825 855 2066 924 arbore
2105 873 2316 943 prope
2345 850 2702 923 ecclesiam
2737 853 3125 935 dormiam,

578 945 767 1015 salvo
819 944 1140 1015 thesauro
1174 956 1276 1013 est
1324 943 1697 1015 reinventa.
1749 943 1938 1013 Alius
1985 942 2263 1029 quidam
2306 941 2603 1029 quodam
2655 941 2915 1032 flagitio
2964 963 3132 1012 vere

575 1032 961 1124 impetitus,
1009 1034 1079 1102 in
1116 1032 1353 1103 eodem
1407 1032 1800 1121 perjuravit.
1838 1031 2085 1101 Eadem
2130 1041 2324 1100 nocte
2369 1052 2527 1099 cum
2563 1029 2768 1100 domo
2806 1043 2873 1101 et
2917 1031 3135 1102 unico

580 1123 729 1193 filio
782 1122 994 1194 miser
1041 1121 1462 1213 deflagravit.
1516 1127 1593 1192 Et
1652 1121 1788 1191 alia
1834 1140 2109 1208 quoque
2175 1118 2509 1188 miracula
2571 1119 2714 1189 illic
2765 1119 2913 1189 fieri
2959 1141 3136 1190 con-

585 1211 739 1302 tigit
786 1233 962 1297 quae
1011 1233 1198 1280 nunc
1250 1211 1476 1281 dicere
1523 1209 1956 1301 supersedeo.
2018 1214 2442 1299 Quapropter
2489 1207 2668 1278 idem
2720 1213 2969 1278 Lantso
3016 1231 3138 1278 ve-

585 1300 964 1369 nerabilem
1017 1300 1241 1371 virum
1292 1312 1788 1370 antecessorem
1829 1309 2167 1377 nostrum,
2208 1296 2569 1366 dominum
2602 1296 2865 1366 scilicet
2911 1303 3136 1368 Eura-

585 1389 781 1471 dum,
835 1389 1128 1480 supplex
1175 1387 1344 1459 adiit
1392 1411 1665 1480 roganS,
1719 1400 1793 1456 ut
1831 1400 1951 1457 aut
1997 1407 2117 1477 per
2163 1407 2258 1467 se,
2310 1397 2431 1455 aut
2477 1408 2598 1475 per
2645 1385 2934 1456 vicarios
2963 1408 3135 1458 suos

586 1489 983 1548 sanctorum
1055 1499 1341 1567 corpora
1414 1479 1967 1557 transferrentur,
2019 1487 2085 1545 et
2142 1473 2329 1543 unde
2367 1487 2521 1544 ante
2569 1475 3134 1545 Nortmannicam

590 1566 881 1657 depositi
932 1579 1123 1635 erant
1184 1566 1685 1635 infestationem
1723 1620 1738 1643 ,
1796 1565 2278 1635 relevarentur.
2333 1563 2618 1654 Saepius
2665 1562 3126 1652 postulando,

591 1656 792 1734 haec,
838 1655 1138 1735 iteranS,
1210 1654 1482 1724 tandem
1535 1653 1956 1744 impetravit:
2010 1663 2075 1724 et
2137 1657 2318 1721 Bono
2381 1651 2921 1722 Archidiaconus
2970 1673 3137 1722 cum

588 1745 863 1814 duobus
911 1743 1579 1833 ArchipresbyteriS,
1634 1742 1955 1811 fidelibus
2024 1741 2262 1827 utique
2334 1740 2497 1811 viris
2531 1795 2546 1820 ,
2612 1740 3015 1812 Thietboldo
3065 1754 3136 1811 et

587 1832 935 1913 Vhodone,
990 1832 1107 1901 sed
1156 1844 1221 1902 et
1266 1854 1426 1901 cum
1469 1831 1625 1901 aliis
1672 1854 1753 1901 ex
1803 1830 2256 1911 monasteriis,
2304 1828 2523 1899 sancti
2555 1829 2814 1899 scilicet
2861 1829 3136 1899 Trudo-

587 1922 719 2002 niS,
774 1920 1056 1990 Belisiae
1104 1933 1169 1990 et
1216 1921 1534 2011 TungriS,
1574 1919 1741 1989 illuc
1788 1919 2231 2000 advenerunt,
2266 1931 2517 1987 etcum
2551 1916 2789 1987 litania
2835 1917 3138 1988 solemni

598 2034 678 2080 ex
712 2010 1021 2091 tumulis,
1060 2009 1316 2097 quibus
1347 2008 1525 2100 negli
1580 2021 1770 2078 enter
1816 2007 2025 2077 nimis
2079 2006 2504 2094 squalebant,
2546 2007 2960 2081 extulerunt.
3013 2012 3136 2076 In-

591 2111 930 2169 venerunt
977 2112 1204 2168 autem
1256 2098 1561 2190 plurest
1612 2121 1808 2168 ecas:
1863 2097 1980 2168 sed
2028 2119 2169 2166 una
2214 2108 2379 2175 erat,
2433 2095 2501 2163 in
2550 2116 2686 2181 qua
2742 2100 2806 2165 S.
2863 2096 3136 2165 Lando-

596 2188 797 2257 aldus
846 2187 1395 2277 archipresbyter
1440 2200 1505 2256 et
1541 2187 1876 2257 diaconus
1910 2208 2078 2256 suus
2127 2186 2482 2255 Amantius
2514 2184 2765 2274 pariter
2812 2186 3138 2276 tegeban-

599 2290 732 2347 tur.
786 2277 1027 2345 Aderat
1074 2288 1138 2346 et
1199 2275 1374 2367 lapis
1421 2276 1506 2345 ad
1568 2276 1795 2366 capita
1852 2297 2138 2354 eorum,
2205 2274 2606 2343 nominibus
2662 2274 2974 2362 ipsorum
3023 2273 3137 2341 in—

596 2366 935 2454 sculptus.
970 2365 1151 2435 Aliae
1181 2365 1621 2434 continebant
1651 2376 1920 2435 sanctas
1948 2362 2378 2432 Adeltrudem
2413 2375 2478 2432 et
2513 2363 2908 2432 vincianam
2946 2361 3135 2449 quod

592 2454 944 2524 indicabat
993 2453 1345 2524 crucicula
1393 2454 1731 2541 quaedam
1780 2463 2122 2543 argentea,
2178 2451 2429 2542 pectori
2479 2456 2543 2522 S.
2599 2452 2966 2521 Vincianae
3013 2473 3138 2521 su-

592 2544 1008 2635 perinventa.
1054 2546 1175 2613 His
1224 2543 1490 2613 retectis
1538 2542 1793 2633 pariter
1815 2557 1880 2611 et
1927 2540 2179 2623 relatiS‚
2212 2540 2378 2610 dum
2414 2552 2805 2610 sanctorum
2838 2562 3135 2631 corpora

586 2633 745 2702 vino
780 2632 985 2701 simul
1034 2644 1099 2702 et
1149 2637 1326 2719 aqua
1376 2630 1826 2712 diluerentur,
1889 2630 2158 2699 avicula
2203 2629 2539 2716 quaedam
2592 2651 2711 2720 per
2760 2629 3135 2699 fenestram

591 2723 834 2791 feretro
884 2735 1279 2790 sanctorum
1331 2719 1600 2809 illapsa,
1656 2717 1864 2788 simul
1912 2730 1976 2788 et
2023 2719 2412 2808 importune
2460 2717 2821 2804 aliquoties
2867 2718 2969 2788 eis
3007 2717 3134 2805 qui

588 2811 757 2881 huic
804 2809 1031 2879 officio
1094 2810 1500 2885 intererant,
1556 2809 1921 2887 immersa,
1976 2806 2336 2893 aliquoties
2405 2808 2473 2874 in
2524 2807 2872 2876 defossum
2923 2807 3136 2876 devo-

586 2900 740 2969 lans
788 2921 924 2985 quo
984 2920 1272 2986 corpora
1317 2909 1714 2966 sanctorum
1763 2908 1957 2964 erant
2001 2895 2176 2965 elata
2206 2951 2220 2977 ,
2273 2895 2597 2965 omnibus
2631 2895 3021 2965 astantibus
3067 2906 3133 2964 et

591 2989 758 3057 haec
810 2986 1199 3055 videntibus
1249 2985 1661 3055 miraculum
1715 2984 2003 3053 incussit
2052 2985 2304 3074 pariter
2349 2996 2414 3054 et
2439 2985 2814 3054 horrorem.
2847 2989 3016 3053 Nam
3064 2997 3131 3054 et

589 3076 813 3146 colore
863 3074 1399 3165 pulchritudinis
1427 3086 1572 3144 erat
1618 3073 1948 3152 diversae,
1990 3073 2105 3143 sed
2141 3073 2427 3143 antehac
2467 3073 2686 3143 inviso
2720 3085 2784 3141 et
2830 3072 3131 3143 stridore

585 3165 776 3233 vocis
824 3164 1102 3250 quidem
1154 3163 1548 3244 dulcifluae,
1603 3162 1721 3232 sed
1772 3161 2104 3231 inaudito,
2159 3167 2344 3245 Quae
2391 3162 2547 3231 licet
2608 3162 2694 3230 ab
2743 3161 3135 3232 astantibus

593 3265 820 3344 posset
884 3252 1422 3341 comprehendi,
1478 3274 1518 3321 a
1566 3251 1839 3321 nemine
1906 3263 2348 3340 praesumpta
2403 3261 2505 3320 est
2552 3250 2892 3320 temerari.
2949 3255 3139 3332 Quae

594 3340 789 3429 quasi
842 3341 1261 3427 quibusdam
1324 3340 1684 3430 plausibus
1730 3339 2021 3409 laetitiae
2074 3352 2138 3409 et
2188 3339 2572 3409 sibilatione
2619 3338 2748 3408 hac
2795 3338 2957 3408 illac
3005 3340 3139 3407 cir-

595 3430 1000 3499 cumvolans
1045 3442 1111 3498 et
1157 3430 1403 3499 iterum
1453 3428 1697 3498 feretro
1728 3441 2120 3499 sanctorum
2171 3428 2502 3508 insidens,
2554 3448 2688 3496 non
2738 3427 3002 3498 destitit
3049 3428 3140 3498 ab

597 3519 890 3609 inceptO,
929 3519 1145 3587 donec
1192 3518 1426 3587 omnia
1471 3517 1883 3608 competenti
1929 3527 2576 3586 consummarentur
2612 3515 2864 3585 officio.

680 3609 716 3694 ἓ
775 3611 855 3678 S.
910 3607 1160 3675 Eadem
1195 3607 1307 3676 die
1353 3615 1553 3677 caeca
1599 3606 1938 3692 quaedam
1987 3605 2072 3674 de
2119 3605 2280 3674 villa
2328 3605 2633 3675 Hasbina
2662 3626 2839 3691 quae
2882 3602 3142 3673 eratin

592 3695 867 3774 vicinia,
924 3695 1245 3796 vulgante
1302 3695 1485 3764 sama
1508 3695 1687 3782 quod
1747 3706 2138 3764 sanctorum
2190 3696 2593 3764 efferrentur
2638 3715 2967 3784 corpora,
3023 3715 3146 3763 ac-

595 3785 812 3855 currit
875 3785 1183 3854 celeriter
1228 3808 1388 3855 cum
1447 3783 1757 3853 candela.
1827 3783 2119 3852 Biduum
2170 3782 2420 3852 deinde
2466 3781 2815 3852 sustinens
2862 3794 2929 3851 et
2976 3803 3146 3850 san-

594 3886 861 3943 ctorum
897 3873 1275 3965 patrocinia
1317 3872 1785 3945 indesinenter
1812 3894 2206 3962 exposcens,
2240 3872 2436 3942 tertia
2483 3871 2595 3939 die
2628 3871 2908 3942 recessit
2954 3870 3144 3940 clare

588 3963 852 4032 videns.
909 3963 1226 4051 Sequenti
1276 3962 1488 4053 igitur
1533 3983 1740 4043 anno,
1795 3983 1966 4030 uxor
2006 3961 2152 4048 jam
2199 3960 2363 4031 dicti
2412 3960 2793 4041 LantsoniS,
2852 3960 3143 4029 nomine

593 4052 1013 4143 Sigeburgis‚
1070 4053 1309 4122 morbo
1358 4051 1457 4122 sic
1517 4050 1877 4120 intercutis
1924 4049 2317 4131 laborabat,
2387 4051 2728 4136 cruraque
2773 4047 2925 4138 ejus
2975 4068 3142 4117 cum

598 4140 892 4230 pedibus
940 4142 1033 4211 ita
1068 4142 1559 4220 intumuerant,
1618 4150 1698 4208 ut
1751 4160 1923 4240 pene
1971 4159 2091 4228 per
2147 4150 2358 4208 totum
2409 4159 2671 4206 annum
2722 4159 2846 4206 nec
2895 4135 3142 4206 saltem

597 4228 954 4298 ecclesiam
993 4285 1007 4311 ,
1066 4230 1200 4299 nisi
1242 4229 1411 4301 sella
1458 4238 1823 4318 gestatoria
1870 4227 2305 4310 eveheretur,
2365 4226 2759 4306 intraverit,
2813 4247 2944 4295 nec
2993 4239 3142 4295 toro

594 4317 749 4398 viri,
804 4340 929 4386 nec
977 4317 1287 4387 convivio
1334 4318 1742 4408 participata
1790 4316 1900 4390 sit.
1952 4314 2263 4385 edulium
2326 4336 2529 4385 omne
2577 4313 2963 4395 fastidierit,
3019 4333 3142 4405 po-

595 4419 769 4489 tum,
821 4421 1097 4498 excepta
1162 4411 1387 4494 aqua,
1441 4406 1846 4481 universum
1906 4416 2215 4473 execrata
2263 4404 2373 4475 sit.
2444 4408 2624 4474 Haec
2687 4402 3144 4494 intempestae
