3327 4999
638 282 768 349 586
1371 298 1451 346 nt
1496 297 1556 346 s.
1608 296 1920 347 nummo
1964 296 2264 346 nnscoro
2672 277 2777 345 Ex
2817 278 2992 346 JUL.
3046 280 3103 346 ί»

546 395 925 476 conspectu
953 381 1226 453 Domini
1275 382 1608 452 rationem
1650 382 2041 453 reddituros
2074 404 2243 453 esse.
2278 408 2303 445 n
2359 381 2741 472 Episcopus
2784 395 3016 452 autem
3050 404 3103 451 a

546 475 816 546 civitate
877 472 1063 562 regia
1118 484 1460 565 revertens
1503 471 1698 561 (nam
1748 484 1916 541 tunc
1966 471 2290 560 temporis
2347 471 2445 543 ibi
2494 470 2941 560 morabatur),
2998 472 3108 541 ita

549 564 634 634 de
663 573 905 652 crypta
951 560 1323 650 contigisse
1363 560 1635 651 reperit,
1688 560 1894 628 sicuti
1944 582 2066 649 per
2112 561 2440 629 visionem
2475 559 2839 630 Ramberto
2864 572 3111 629 osten-

454 666 457 673 ’
544 675 700 725 sum
750 650 902 719 fuit.
946 654 1136 719 'l'unc
1185 648 1302 718 ille
1349 648 1719 739 impatiens
1769 671 2024 730 morae,
2064 671 2200 719 non
2242 661 2444 718 antea
2480 671 2522 717 a
2576 648 2809 719 labore
2854 669 3103 718 cessa-

543 743 659 823 vit,
716 760 929 827 quam
992 737 1229 808 omnia
1287 738 1359 807 in
1424 736 1776 807 meliorem
1840 750 2095 807 statum
2163 748 2566 828 reparasset.
2623 742 2892 806 Iterum.
2951 736 3108 806 alia

544 830 690 900 vice
737 849 896 899 cum
947 825 1805 916 praedictus‘Rambertus
1842 827 2041 916 juxta
2089 848 2346 896 morem
2380 828 2449 896 in
2476 826 2733 916 oppido
2777 826 3115 925 waringa

542 940 702 989 cum
755 928 992 986 sancto
1041 915 1187 984 viro
1256 913 1718 984 Psalmodiam
1770 914 2204 996 decantaret,
2273 916 2497 1004 coepit
2554 927 2810 985 terrore
2871 916 3105 985 nimio

545 1006 844 1085 concuti,
897 1027 978 1074 ac
1028 1004 1298 1074 reflexis
1344 1003 1565 1072 oculis
1603 1008 1734 1073 Deo
1780 1003 2072 1094 dignum
2123 1005 2497 1073 antistitem
2550 1004 2828 1072 intueri.
2861 1008 2908 1071 A
2957 1025 3109 1090 quo

544 1095 923 1182 requisitus
969 1093 1307 1179 quidnam
1338 1091 1471 1162 sibi
1517 1103 1717 1171 esset,
1771 1092 2126 1181 respondit
2173 1094 2509 1163 seniorem
2546 1114 2753 1163 suum
2802 1091 3107 1161 Adalbe-

543 1205 784 1254 ronem
831 1181 1096 1263 eodem,
1157 1203 1295 1268 quo
1350 1193 1415 1251 et
1462 1192 1642 1262 ante,
1696 1193 1948 1251 ornatu
1997 1195 2310 1271 paratum
2373 1204 2445 1251 se
2513 1181 2761 1261 videre,
2815 1181 3105 1267 sibique

600 1272 965 1363 raecipere,
1006 1282 1083 1340 ut
1129 1270 1231 1339 illi
1265 1270 1443 1339 sacri
1491 1269 1730 1339 altaris
1779 1269 2189 1359 mysterium
2236 1271 2612 1341 celebranti
2642 1270 2942 1349 assistat,
2983 1292 3104 1341 so-

545 1296 842 1448 fitaeque
891 1359 1240 1430 servitutis
1288 1358 1594 1428 officium
1645 1359 2027 1448 impendat.

636 1453 672 1538 ξ
736 1454 816 1521 S.
872 1454 1001 1519 Nec
1051 1447 1634 1539 praetereundum
1670 1460 1860 1536 puto,
1914 1447 2212 1533 qualiter
2256 1448 2568 1519 coelestis
2619 1447 2802 1537 signi
2829 1448 3105 1518 visione

546 1540 568 1609 i
626 1561 781 1611 sum
830 1539 1035 1607 etiam
1075 1535 1366 1606 voluerit
1414 1535 1749 1605 Dominus
1801 1536 2193 1606 mirificare.
2246 1542 2412 1607 Nam
2473 1538 2544 1605 in
2593 1537 2747 1626 ipsa
2795 1536 3102 1605 solemni

602 1629 660 1697 ie
710 1627 1031 1704 Paschae,
1089 1624 1305 1694 multa
1338 1624 1625 1694 fratrum
1675 1627 1943 1693 caterva
1991 1637 2276 1707 astante,
2330 1625 2498 1695 dum
2541 1638 2824 1694 sanctus
2863 1647 3097 1693 sacer-

547 1717 672 1788 dos
720 1715 955 1784 divina
1013 1713 1386 1784 celebraret
1441 1713 1767 1801 mysteria
1796 1768 1811 1794 ,
1884 1713 2157 1784 dextera
2203 1714 2546 1801 quaedam
2595 1714 2921 1803 apparuit
2967 1735 3094 1781 su-

549 1827 765 1897 perna
811 1824 989 1891 quae
1034 1823 1195 1871 cum
1257 1802 1475 1891 ipsius
1513 1800 1786 1871 dextera
1843 1801 2076 1871 divina
2129 1803 2585 1872 sanctificavit
2631 1814 3087 1872 sacramenta.

550 1892 849 1995 Expletis
895 1913 1052 1961 vero
1103 1890 1464 1960 Missarum
1528 1890 1906 1969 solemniis,
1974 1891 2258 1977 quidam
2323 1892 2661 1961 Henricus
2712 1891 3092 1981 presbyter,

548 2006 669 2070 qu1
703 2004 782 2051 eo
829 1981 941 2049 die
986 1979 1289 2049 cantoris
1333 1977 1641 2047 officium
1692 2000 1925 2067 agens,
1967 1991 2153 2049 tanto
2201 1981 2511 2051 interfuit
2574 1979 2935 2058 miraculo,
2992 2001 3099 2048 se-

452 2076 453 2079 ’
551 2093 771 2161 quens
819 2069 1233 2160 Episcopum
1272 2089 1490 2153 usque
1537 2066 1605 2135 in
1637 2068 2070 2149 cubiculum,
2106 2068 2193 2138 ad
2223 2070 2374 2158 ejus
2469 2068 2630 2138 edes
2678 2067 2953 2150 cecidit,
2994 2079 3101 2136 at-

551 2183 688 2249 que
736 2160 808 2228 in
860 2157 1244 2249 praesentia
1292 2155 1734 2247 popularium
1770 2178 2215 2247 personarum
2247 2179 2396 2227 eam
2453 2180 2558 2226 em
2598 2158 2931 2228 visionem
2972 2156 3106 2225 mi·

552 2271 690 2319 nus
734 2262 932 2318 caute
978 2245 1389 2337 explanavit.
1455 2245 1575 2313 Cui
1624 2245 1728 2314 vir
1786 2246 1936 2314 Dei:
1990 2268 2025 2312 «
2076 2247 2355 2330 Melius,
2415 2246 2664 2332 inquit,
2738 2245 2862 2314 tibi
2919 2257 3102 2316 esset

555 2349 799 2417 tacere,
852 2358 1059 2423 quam
1115 2334 1271 2404 talia
1338 2334 1406 2403 in
1472 2356 1677 2403 aures
1741 2334 1932 2424 vulgi
2006 2335 2327 2423 proferre.
2379 2358 2414 2401 »
2484 2340 2631 2404 Mox
2679 2333 2797 2404 ille
2848 2334 3103 2403 rubore

552 2427 877 2518 perfusus
914 2425 1097 2499 exiit,
1150 2437 1215 2493 et
1261 2423 1332 2491 in
1382 2421 1717 2492 vestibulo
1764 2423 2072 2493 cubiculi
2124 2423 2452 2504 residenS,
2485 2436 2709 2493 tantas
2751 2423 3103 2513 lacrymas

552 2517 802 2597 emisit,
839 2526 913 2583 ut
960 2537 1038 2583 ex
1072 2513 1351 2583 illarum
1390 2512 1770 2581 suffusione
1819 2525 2179 2603 cogeretur
2235 2513 2411 2583 lucis
2460 2514 2674 2600 hujus
2725 2512 3100 2601 dispendia

552 2605 913 2675 sustinere.
952 2604 1064 2672 Vir
1094 2613 1324 2671 autem
1379 2601 1488 2668 Dei
1533 2622 1798 2670 memor
1832 2624 1996 2672 suae
2028 2601 2442 2693 fragilitatis,
2481 2603 2758 2671 cavebat
2791 2601 3102 2670 favorem

551 2695 900 2764 humanae
946 2690 1197 2772 laudis,
1235 2711 1317 2759 ne
1341 2687 1613 2758 caderet
1650 2689 1716 2757 in
1754 2691 2241 2780 praecipitium
2268 2691 2609 2771 elationiS‚
2644 2712 2919 2781 semper
2945 2713 3107 2780 gra-

551 2784 683 2854 tias
730 2802 940 2871 agens
982 2786 1111 2848 Deo
1144 2800 1356 2868 super
1403 2778 1849 2848 inenarrabili
1883 2779 2032 2867 ejus
2081 2778 2304 2849 dono:
2355 2792 2421 2848 et
2468 2780 2648 2849 sicut
2696 2778 2781 2848 de
2836 2779 3101 2848 sanctis

555 2871 890 2959 scriptum
941 2880 1065 2947 est,
1105 2868 1309 2936 Ibunt
1357 2866 1442 2935 de
1493 2867 1735 2935 virtute
1770 2867 1838 2935 in
1889 2868 2235 2949 virtutem,
2276 2868 2464 2938 velut
2487 2869 2778 2939 coeleste
2801 2866 3093 2948 animal,

551 2972 708 3030 ante
753 2958 997 3027 faciem
1047 2977 1243 3024 suam
1302 2954 1766 3045 gradiebatur,
1827 2968 1901 3025 ut
1965 2978 2045 3025 eo
2096 2969 2321 3026 mente
2386 2956 2897 3037 conscenderet,
2951 2978 3095 3042 quo

553 3069 715 3118 eum
765 3047 1064 3135 impetus
1102 3043 1391 3133 spiritus
1429 3043 1733 3112 duceret.
1773 3044 1893 3114 His
1944 3045 2274 3114 virtutum
2303 3046 2640 3136 gradibus
2668 3046 2751 3115 ad
2786 3046 2922 3115 alta
3001 3066 3109 3113 ro-

555 3137 818 3214 ficiens,
854 3132 1155 3220 quadam
1194 3143 1387 3201 nocte
1415 3154 1591 3219 quae
1621 3133 2068 3202 antecedebat
2092 3134 2275 3204 diem
2308 3147 2650 3215 sanctum,
2677 3156 2883 3222 quem
2918 3068 3106 3203 Ji'em

558 3222 1031 3314 indulgentiae
1079 3220 1177 3289 vel
1231 3225 1520 3291 Coenam
1572 3222 1845 3290 Domini
1910 3222 2295 3292 Christiana
2361 3223 2483 3291 reli
2541 3223 2603 3292 io
2653 3245 2892 3293 vocare
2942 3244 3109 3291 con-

560 3313 801 3390 suevit,
859 3333 982 3380 vox
1020 3309 1360 3398 quaedam
1401 3309 1597 3378 beato
1646 3310 1745 3380 sic
1782 3310 1878 3379 ait
1927 3310 1994 3379 in
2052 3311 2244 3379 visu:
2299 3333 2334 3377 «
2365 3312 2504 3381 Uda
2541 3313 2676 3383 rice
2739 3312 3099 3402 Episcope,

564 3402 744 3475 scias
793 3413 855 3470 te
904 3387 1206 3489 hospites
1253 3409 1741 3488 suscepturum
1790 3420 1963 3468 esse.
2020 3422 2058 3466 »
2107 3401 2658 3492 Expergel'actus,
2729 3401 2953 3491 coepit
3001 3422 3109 3470 se-

562 3512 720 3561 cum
770 3487 1181 3558 admirando
1221 3499 1531 3565 tractare,
1570 3487 1858 3573 quinam
1909 3487 2010 3557 illi
2053 3487 2356 3579 hospites
2404 3489 2621 3559 futuri
2666 3503 2921 3559 essent.
2961 3494 3106 3558 Non

560 3579 749 3649 enim
797 3590 941 3648 erat
979 3577 1207 3646 inanis
1255 3599 1461 3666 sopor
1507 3576 1624 3645 ille
1662 3576 1785 3663 qui
1819 3577 1990 3646 solet
2020 3577 2387 3664 aliquoties
2437 3578 2802 3648 hominum
2846 3591 3110 3647 mentes

559 3666 894 3738 illudere:
949 3666 1063 3737 sed
1100 3665 1255 3737 talis
1302 3665 1553 3756 potius,
1590 3665 1781 3751 quali
1814 3687 2067 3755 sponsa
2116 3688 2186 3735 se
2219 3666 2387 3736 dicit
2418 3667 2487 3736 in
2526 3666 2785 3736 amoris
2834 3666 3110 3736 Cantico

563 3755 993 3828 obdormire:
1046 3759 1207 3856 1390,
1247 3754 1493 3841 inquit,
1539 3754 1795 3822 dormio
1824 3765 1887 3822 et
1923 3777 2033 3823 cor
2077 3777 2300 3824 meum
2347 3757 2619 3846 viqilat.
2658 3755 2840 3825 Talis
2897 3755 3111 3846 igitur

563 3844 793 3917 somni
840 3843 1008 3913 dum
1060 3864 1163 3912 vir
1208 3843 1322 3912 Dei
1371 3842 1713 3912 frueretur
1750 3842 2000 3929 quiete,
2041 3841 2290 3913 iterum
2342 3866 2574 3914 vocem
2608 3845 2679 3914 in
2708 3845 2875 3914 haec
2906 3843 3114 3912 verba

566 3932 823 4003 meruit
875 3932 1153 4002 audire:
1206 3954 1242 3998 «
1289 3912 1641 4002 oraliones
1692 3943 1848 4000 tuae
1892 3942 1959 4001 et
2017 3929 2517 4022 eleemosynae,
2586 3934 2924 4012 Uldarice‚
2984 3938 3114 4002 Deo

564 4034 729 4092 sunt
775 4036 1090 4111 acceptae
1147 4020 1270 4108 qui
1332 4020 1517 4091 binis
1575 4019 2131 4090 antecessoribus
2189 4021 2349 4102 tuiS,
2416 4027 2785 4091 Fortunato
2845 4021 3114 4093 scilicet

562 4123 768 4197 atque
814 4109 1245 4182 Adalberoni.
1302 4121 1364 4180 te
1408 4107 1940 4188 commendavit,
1997 4120 2072 4178 ut
2122 4109 2243 4179 tibi
2277 4109 2483 4180 hodie
2530 4122 2595 4179 et
2625 4111 2954 4201 deinceps
3001 4133 3115 4180 sa-

562 4221 681 4270 cra
716 4198 1038 4287 mysteria
1086 4197 1459 4268 celebranti
1509 4198 1858 4278 assistant,
1896 4208 1962 4266 et
1998 4218 2077 4266 ea
2114 4211 2340 4267 tecum
2391 4198 2824 4269 benedicant.
2852 4222 2888 4266 »
2918 4205 3115 4269 Mane

568 4300 799 4359 autem
848 4286 1045 4370 facto,
1084 4285 1276 4367 horfi,
1312 4308 1451 4373 qua
1497 4285 1804 4373 inclytus
1851 4285 2378 4375 mysteriarches
2411 4287 2645 4358 divina
2680 4299 3116 4360 sacramenta

573 4376 991 4459 celebravit,
1067 4374 1489 4466 quibusdam
1564 4374 1770 4445 etiam
1845 4374 1966 4462 qui
2041 4373 2129 4444 ad
2205 4374 2580 4455 videndum
2627 4376 2825 4469 digni
2869 4389 3110 4462 erant,
