3327 4999
706 331 837 396 206
892 390 895 391 γ
1140 362 1143 365 >
1512 344 1589 390 nr.
1637 344 1693 390 s.
1747 341 2056 390 euneomo
2105 341 2266 389 PAPA
2774 324 3005 389 MART.
3056 324 3126 387 12

621 449 759 498 non
822 424 1256 497 mediocriter
1321 445 1476 493 sum
1538 423 1859 494 afflictus.
1941 421 2070 505 Qui
2123 435 2189 492 et
2240 420 2474 490 omnia
2539 442 2721 506 quae
2784 434 3127 510 potuerunt

622 517 799 595 fieri,
843 516 1037 586 nullo
1084 513 1289 583 modo
1336 512 1554 590 facere
1603 511 2072 602 neglexerunt,
2124 521 2190 580 et
2235 509 2502 579 labores
2531 509 2916 599 vigiliarum
2941 523 3002 578 et
3023 532 3130 579 cu-

619 605 882 675 stodiac
907 603 1199 673 civitatis
1244 602 1314 670 in
1366 600 1725 670 obsidione
1752 600 1986 670 eadem
2023 597 2658 669 vehementissimos
2693 596 3122 688 pertulerunt.

620 699 701 764 Et
747 706 902 784 post
947 692 1114 761 haec
1160 690 1392 760 omnia
1420 690 1608 779 gravi
1642 689 2082 759 dominorum
2118 688 2590 779 indignatione
2620 687 2922 777 percussi
2953 698 3122 757 sunt.

618 787 715 851 De
758 781 1016 869 quibus
1083 790 1387 870 patenter
1445 778 1753 868 intelligo
1784 832 1799 857 ,
1871 778 2036 865 quia
2080 799 2197 847 eos
2237 798 2381 849 ,non
2432 798 2555 844 sua
2608 788 2781 857 acta,
2834 774 2945 846 sed
2995 796 3132 844 mea

618 891 913 961 persona
961 880 1219 960 gravat.
1272 872 1439 937 Cum
1489 887 1625 953 quo
1674 867 1839 953 quia
1899 866 2152 956 pariter
2199 864 2268 933 in
2321 864 2763 934 tribulatione
2810 863 3132 933 laborave-

617 970 799 1040 rant,
839 970 992 1049 post
1039 956 1339 1026 laborem
1391 956 1644 1045 pariter
1693 955 2133 1025 tribulantur.
2171 953 2363 1037 Quod
2422 965 2647 1022 autem
2711 953 3132 1023 dominorum

617 1047 840 1138 pietas
898 1045 1072 1115 illud
1122 1044 1295 1114 mihi
1345 1043 1733 1135 pavendum
1791 1057 1856 1114 et
1913 1042 2213 1115 terribile
2259 1041 2749 1132 omnipotentis
2796 1042 2908 1110 Dei
2951 1039 3130 1130 judi-

617 1136 808 1205 cium
858 1135 1169 1214 intentat,
1208 1155 1372 1224 rogo
1404 1155 1524 1224 per
1552 1133 1871 1202 eumdem
1907 1133 2441 1222 omnipotentem
2473 1129 2864 1211 Dominum,
2912 1151 2994 1198 ne
3017 1129 3131 1198 hoc

612 1224 909 1295 ulterius
942 1223 1168 1293 faciat.
1205 1227 1369 1291 Nam
1421 1222 1650 1292 adhuc
1699 1221 2072 1303 nescimus,
2124 1219 2281 1307 quis
2326 1219 2421 1288 ibi
2452 1219 2678 1306 qualis
2712 1220 2833 1289 sit:
2884 1229 2948 1288 et
2974 1223 3131 1286 Pau-

617 1312 731 1383 lus
767 1313 1088 1404 egregius
1118 1311 1545 1402 praedicator
1587 1311 1797 1381 dicit:
1849 1313 2067 1379 Nolite
2087 1311 2403 1400 judicare
2432 1319 2587 1377 ante
2635 1319 2914 1399 tempus,
2951 1307 3133 1375 donec

614 1403 843 1472 veniat
876 1403 1193 1470 Dominus
1220 1402 1342 1491 qui
1385 1411 1447 1469 el
1479 1400 1893 1469 illuminabit
1922 1399 2307 1468 abscondita
2338 1398 2784 1478 tenebrarum,
2823 1406 2885 1466 el
2929 1395 3131 1464 mani-

616 1492 888 1580 festabit
922 1491 1203 1559 consilia
1232 1490 1529 1558 cordium
1558 1488 1619 1578 (l
1671 1492 1815 1558 Cor.
1850 1487 1965 1576 lv).
2002 1492 2142 1556 Hoc
2174 1500 2396 1556 tamen
2446 1485 2742 1555 breviter
2771 1485 2946 1565 dico,
2981 1504 3135 1570 quo·

618 1579 807 1648 niam
863 1590 1178 1669 peccator
1211 1589 1278 1649 et
1324 1577 1655 1677 indignus
1706 1576 1864 1667 plus
1918 1576 2003 1644 de
2049 1574 2382 1644 venientis
2435 1580 2602 1644 Jesu
2652 1570 3129 1650 misericordia,

618 1688 827 1825 guam
879 1666 965 1736 de
1011 1680 1233 1737 vestra
1281 1666 1549 1756 pietatis
1603 1665 1874 1756 justitia
1931 1684 2321 1755 praesumo
2375 1668 2452 1732 Et
2498 1678 2661 1733 sunt
2711 1662 2928 1732 multa
2967 1679 3135 1748 quae

669 1778 705 1824 e
748 1754 1015 1843 judicio
1071 1755 1262 1824 illius
1308 1755 1622 1823 homines
1672 1754 2021 1844 ignorant:
2073 1753 2234 1838 quia
2282 1751 2565 1821 fortasse
2619 1774 2799 1837 quae
2847 1773 2961 1820 vos
3008 1750 3136 1818 lau-

620 1844 824 1927 datiS‚
879 1843 994 1913 ille
1040 1843 1527 1934 reprehendet:
1579 1853 1643 1911 et
1689 1864 1865 1930 quae
1893 1864 2012 1912 vos
2058 1841 2581 1932 reprehenditis
2634 1840 2753 1910 ille
2814 1837 3127 1909 laudabit.

617 1932 1002 2003 Intermitto
1049 1954 1212 2023 ergo
1259 1932 1559 2002 incerta:
1595 1931 1682 2000 ad
1710 1930 1890 2002 solas
1916 1930 2257 2019 lacrymas
2296 1928 2537 2009 redeo:
2576 1940 2838 2019 petens,
2865 1943 2942 1999 ut
2970 1927 3138 1996 idem

615 2022 1052 2112 omnipotens
1086 2026 1264 2090 Deus
1313 2020 1704 2110 piissimum
1755 2019 2116 2090 dominum
2169 2029 2476 2088 nostrum
2526 2030 2592 2087 et
2639 2040 2770 2088 sua
2801 2017 2913 2086 hic
2942 2034 3140 2084 manu

617 2121 830 2200 regat,
882 2122 948 2180 et
995 2110 1065 2178 in
1117 2109 1234 2179 illo
1283 2108 1568 2179 terribili
1603 2109 1869 2196 judicio
1909 2108 2200 2178 liberum
2252 2108 2338 2177 ab
2387 2107 2715 2176 omnibus
2749 2105 3015 2176 delictis
3047 2104 3141 2172 in-

613 2199 881 2268 veniat:
934 2209 1000 2268 et
1066 2219 1174 2267 me
1232 2198 1322 2267 ita
1381 2198 1671 2289 placere,
1740 2199 1798 2267 si
1847 2218 2123 2267 necesse
2168 2209 2291 2278 est,
2345 2194 2752 2266 hominibus
2800 2194 3022 2273 faciat,
3072 2201 3139 2258 ut

619 2300 967 2357 aeternam
1015 2287 1166 2376 ejus
1213 2288 1503 2378 gratiam
1537 2309 1671 2357 non
1721 2286 2086 2356 offendam.
2117 2308 2153 2351 »

706 2378 743 2463 ξ
804 2381 954 2448 1².
1007 2376 1310 2462 Denique
1358 2375 1717 2445 Mauritius
1752 2380 2127 2464 Imperator
2157 2373 2534 2443 libertatem
2567 2373 2757 2442 vocis
2790 2371 2958 2441 tanti
2984 2373 3142 2437 Pon-

621 2463 831 2535 tificis
877 2464 1564 2555 reprehensionisque
1608 2463 2063 2534 constantiam
2112 2462 2515 2541 admiratus,
2560 2462 2728 2548 quia
2787 2460 2873 2531 de
2926 2459 3143 2529 futuro

614 2553 1026 2642 Deijudicio
1078 2575 1149 2623 se
1197 2566 1552 2635 terruerat,
1604 2552 1690 2621 ad
1727 2552 2172 2622 exet-'cendam
2207 2552 2278 2620 in
2302 2574 2459 2620 eum
2507 2550 2949 2639 tyrannidem
3002 2566 3144 2637 pro-

613 2642 764 2712 dire
799 2643 1184 2713 nitebatur:
1235 2664 1392 2712 cum
1422 2640 1743 2732 protinus
1770 2641 2006 2711 eodem
2042 2662 2223 2709 anno
2248 2640 2352 2708 vir
2374 2639 2686 2727 quidam,
2725 2633 3141 2709 monachicis

612 2732 1033 2802 vestimentis
1081 2730 1390 2811 indutus,
1447 2730 1682 2798 divina
1728 2730 2028 2816 quadam
2089 2730 2336 2798 virtute
2401 2742 2841 2809 commotus,
2918 2723 3142 2795 dextra

611 2842 645 2889 s
697 2821 925 2890 atham
968 2819 1172 2909 cepit.
1226 2824 1443 2902 Quam
1478 2818 1792 2887 videlicet
1836 2841 1877 2888 a
1924 2817 2066 2888 foro
2114 2838 2332 2904 usque
2378 2816 2463 2886 ad
2514 2837 2804 2887 aeneam
2856 2828 3142 2885 statuam

609 2932 655 2998 g
684 2907 1011 2978 adiatoris
1061 2905 1318 2976 nudam
1366 2906 1882 2986 circumferens,
1913 2913 2399 2997 Imperatorem
2428 2904 2660 2997 gladio
2701 2904 2981 2976 cunctis
3010 2922 3146 2971 mo-

616 2997 911 3066 riturum
1004 2996 1310 3066 raedixit.
1366 2995 1560 3078 Quod
1609 2996 1969 3066 Mauritius
2013 3006 2092 3065 ut
2139 2994 2424 3076 audivit,
2479 3017 2518 3063 a
2569 2993 2945 3082 tyrannide
2991 2995 3144 3061 Gre-

609 3086 802 3175 gorio
850 3085 919 3154 in
954 3084 1206 3155 erenda
1258 3098 1472 3155 semet
1533 3084 1914 3166 continuit,
1982 3097 2047 3154 et
2084 3083 2431 3171 judicium
2485 3082 2811 3154 divinum
2851 3079 3037 3169 quod
3089 3073 3148 3145 ei

610 3173 916 3243 minatus
947 3172 1188 3255 fuerat,
1226 3174 1361 3244 cito
1391 3196 1463 3244 se
1502 3174 1897 3244 subiturum
1927 3185 2113 3242 tanto
2146 3173 2367 3262 magis
2399 3170 2651 3253 timuit,
2689 3183 2960 3259 quanto
2994 3172 3145 3238 Gre-

607 3262 877 3353 gorium
941 3262 1231 3332 credidit
1284 3284 1418 3333 non
1488 3285 1688 3354 posse
1754 3262 2051 3332 mentiri.
2108 3267 2253 3330 Mox
2321 3260 2549 3346 itaque
2596 3261 2866 3352 scripto
2920 3274 3143 3349 preces

570 3350 1043 3441 compositas,
1080 3365 1219 3421 tam
1257 3351 1504 3434 eidem,
1545 3373 1756 3439 quam
1783 3350 2052 3422 cunctis
2086 3349 2495 3438 patriarchis
2533 3349 2890 3440 episcopis
2919 3360 2984 3417 et
3009 3365 3144 3413 mo-

606 3440 847 3511 nachis
890 3440 1244 3510 civitatum
1292 3441 1431 3510 sive
1465 3440 1945 3520 solitudinum,
1974 3439 2303 3530 pecunias
2328 3437 2604 3517 multas,
2638 3459 2882 3508 cereos
2913 3449 2982 3506 et
3004 3433 3147 3523 thy-

602 3528 931 3597 miamata
961 3528 1364 3601 destinavit:
1419 3529 1545 3598 hoc
1596 3528 2032 3619 potissimum
2066 3527 2465 3618 deprecanS,
2510 3539 2588 3596 ut
2637 3527 2937 3598 Domino
2985 3543 3144 3611 sup-

601 3617 958 3709 plicarent,
1004 3629 1346 3705 quatenus
1390 3617 1458 3685 in
1504 3618 1632 3687 hoc
1660 3616 1890 3687 seculo
1923 3617 2164 3685 merita
2192 3637 2478 3685 suorum
2511 3614 2867 3686 malorum
2897 3612 3148 3701 recipe-

602 3719 723 3788 ret,
771 3720 1038 3777 tantum
1087 3718 1162 3776 ut
1207 3729 1247 3775 a
1293 3706 1544 3776 futuris
1573 3706 1995 3776 cruciatibus
2044 3704 2291 3775 redimi
2327 3704 2720 3774 meruisset.

688 3798 725 3882 ἓ
782 3800 931 3868 13.
986 3799 1289 3882 Cumque
1344 3795 1472 3865 hoc
1526 3807 1591 3866 et
1656 3796 1805 3885 ipse
1872 3794 2340 3864 vehementius
2404 3814 2521 3883 per
2570 3793 2797 3863 multa
2847 3804 3150 3880 tempora

600 3905 764 3953 cum
812 3884 1138 3973 lacrymis
1186 3885 1615 3974 postulasset,
1678 3883 1979 3971 quadam
2046 3895 2238 3953 nocte
2296 3881 2672 3961 dormiens,
2736 3881 2911 3950 vidit
2963 3873 3144 3966 apud

602 3994 884 4042 aeneam
922 3972 1156 4063 palatii
1189 3984 1452 4064 portam
1503 3996 1575 4045 se
1602 3975 1850 4044 'coram
1892 3971 2105 4042 multo
2141 3971 2396 4062 populo
2424 3991 2675 4040 aeneae
2704 3981 2978 4039 statuae
3010 3961 3149 4063 Sal3

601 4062 855 4134 vatoris
903 4063 1243 4132 assistere.
1296 4068 1485 4131 Tunc
1536 4083 1658 4131 vox
1710 4060 2036 4131 terribilis
2088 4059 2264 4129 facta
2318 4072 2418 4128 est
2462 4081 2543 4128 ex
2591 4058 2750 4148 ipso
2803 4063 3150 4128 Incarnati

602 4151 805 4221 Verbi
848 4149 1264 4233 charactere,
1317 4151 1590 4220 dicens:
1645 4156 1870 4220 «Date
1918 4149 2337 4219 Mauritium.
2367 4171 2402 4214 »
2453 4153 2530 4217 Et
2584 4148 2949 4236 capientes
2996 4162 3148 4239 eum

596 4238 1023 4329 judiciorum
1076 4240 1396 4320 ministri,
1439 4251 1819 4331 posuerunt
1855 4235 2052 4329 juxta
2089 4258 2515 4328 purpureum
2565 4236 2999 4307 umbilicum
3035 4251 3150 4328 qui

609 4329 753 4399 illic
810 4341 975 4399 erat.
1014 4329 1134 4398 Cui
1181 4328 1420 4398 eadem
1482 4351 1605 4398 vox
1650 4326 2067 4397 characteris
2114 4328 2247 4396 ait:
2303 4325 2489 4395 «Ubi
2539 4326 2636 4394 vis
2688 4325 2983 4394 reddam
3037 4319 3151 4388 tib1

604 4417 789 4489 mala
833 4439 1011 4506 quae
1059 4418 1129 4486 in
1176 4417 1305 4487 hoc
1354 4416 1582 4487 seculo
1630 4416 2135 4507 perpetrasti?»
2184 4415 2306 4485 Ille
2352 4413 2747 4506 respondit:
2808 4437 2847 4481 «
2883 4417 3150 4482 Amator
