3327 4999
159 334 379 399 MART.
432 336 477 399 6
1057 358 1133 404 nn
1182 358 1238 405 s.
1293 359 1527 407 com-:TA
1576 360 1748 407 vnio.
2519 344 2604 408 49

160 432 554 501 sentiebatur
601 457 762 505 vero
799 435 1059 526 jugiter
1095 449 1160 507 et
1205 460 1285 507 ex
1333 462 1640 531 corpore,
1694 451 1874 510 etex
1925 439 2095 519 loc0‚
2151 438 2272 508 ubi
2305 449 2471 520 erat,
2522 440 2694 510 odor

157 521 597 610 gratissimus,
650 524 1044 595 confortans
1108 548 1224 597 eos
1271 550 1512 599 omnes
1559 529 1681 616 qui
1730 551 1801 597 se
1852 529 1954 598 illi
2001 527 2501 619 adjunxissent.
2571 535 2693 597 La-

160 609 239 678 vit
279 609 657 697 aliquando
708 636 958 682 manus
1005 636 1190 696 suaS,
1229 617 1662 688 ministrante
1710 617 1818 687 illi
1861 639 2091 689 sorore
2143 622 2518 708 Margareta
2567 623 2692 687 Bo-

157 698 482 768 lbonensi.
538 706 705 770 Eam
755 725 1029 788 aquam,
1091 727 1230 791 qua
1291 728 1363 775 se
1412 706 1686 787 laverat,
1747 707 2038 777 servavit
2083 706 2206 775 illa
2252 729 2445 776 soror
2491 708 2694 777 annis

158 802 395 875 septem
451 790 520 857 in
576 791 856 861 vasculo
903 792 1238 879 quodam,
1313 796 1704 883 mansitque
1779 796 2187 886 purissima:
2239 810 2441 882 atque
2488 796 2695 865 etiam

157 877 375 944 crebro
427 878 621 947 illam
695 881 935 950 bibens
1002 883 1240 951 eadem
1301 905 1515 966 soror,
1592 884 1809 955 multa
1877 885 2034 953 inde
2086 884 2386 953 remedia
2433 884 2696 975 accepit

155 963 471 1036 adversus
533 970 844 1057 corporis
890 983 955 1039 et
1002 972 1273 1041 animae
1332 974 1790 1043 infirmitates,
1844 973 2192 1056 Quaedam
2246 973 2500 1041 novitia
2547 993 2695 1041 mo-

154 1053 367 1133 nialis,
453 1057 705 1125 misere
753 1081 789 1127 e
835 1061 1187 1130 stomacho
1237 1062 1578 1141 laborans,
1627 1085 1790 1134 cum
1842 1064 2106 1132 timeret
2151 1062 2232 1129 ea
2278 1068 2489 1131 causa
2536 1084 2606 1130 se
2653 1085 2695 1131 a

154 1144 569 1232 professione
617 1159 847 1237 optata
887 1149 1296 1238 impeditum
1350 1152 1457 1233 iri,
1512 1152 1685 1221 bibit
1732 1151 1909 1221 clam
1960 1174 2038 1220 ex
2088 1173 2290 1236 aqua,
2343 1174 2482 1237 qua
2531 1173 2693 1220 suas

152 1252 411 1312 manus,
471 1234 625 1322 ipsa
668 1237 1121 1319 ministrante,
1160 1239 1374 1308 Coleta
1406 1240 1737 1319 abluerat,
1799 1239 2222 1330 perfecteque
2271 1253 2510 1308 curata
2558 1252 2684 1309 est.

148 1319 433 1390 Alterum
488 1323 774 1393 demum
822 1340 944 1406 est,
999 1327 1206 1413 quod,
1250 1341 1321 1396 ut
1353 1328 1586 1405 fertur,
1627 1328 1780 1397 licet
1813 1352 1851 1397 a
1885 1328 2246 1419 permultis
2273 1329 2686 1409 visitaretur,

150 1408 336 1479 bonis
381 1423 449 1478 et
501 1413 730 1493 malis,
782 1429 1092 1501 essetque
1143 1416 1435 1487 formosa
1470 1417 1687 1497 valde,
1742 1417 1919 1487 sicut
1967 1419 2116 1509 ipsa
2171 1416 2446 1487 nullum
2495 1417 2694 1485 inho-

149 1511 326 1569 neste
369 1502 799 1591 concupivit,
853 1506 943 1572 ita
990 1526 1113 1573 nec
1161 1505 1321 1575 sciri
1376 1506 1591 1595 potuit
1637 1528 2054 1593 quemqnam
2095 1506 2280 1575 illam
2337 1506 2694 1576 inhoneste

151 1590 660 1679 concupivisse:
714 1592 928 1660 immo
970 1616 1124 1662 vero
1171 1594 1228 1661 si
1276 1595 1398 1682 qui
1438 1595 1723 1664 libidine
1772 1595 2183 1664 inflammati
2232 1595 2317 1664 ad
2368 1617 2519 1663 eam
2569 1617 2687 1664 ac-

152 1678 529 1759 cessissent,
585 1701 726 1757 eOS,
783 1681 897 1748 illa
933 1686 1318 1771 conspecta,
1372 1698 1595 1755 castos
1645 1684 1920 1753 abiisse.

234 1768 267 1851 ἓ
333 1773 489 1839 28.
551 1769 897 1839 Sentiebat
928 1782 1152 1840 autem
1202 1771 1342 1852 illa,
1383 1773 1869 1863 virginitatem,
1917 1784 1981 1841 et
2028 1794 2107 1841 ea
2160 1782 2488 1857 tempora,
2537 1772 2694 1858 qui-

156 1852 281 1951 bus
322 1855 436 1925 illa
484 1857 678 1926 culta
725 1872 921 1940 esset,
976 1860 1255 1950 speciali
1301 1863 1674 1932 reverentia
1725 1860 2235 1952 prosequenda:
2288 1883 2539 1947 eosque
2570 1859 2690 1946 qui

168 1942 605 2030 virginitatem
660 1950 973 2017 voverent
1031 1963 1095 2017 et
1148 1963 1650 2031 conservarent,
1709 1973 1840 2019 non
1895 1950 2162 2040 vulgari
2211 1973 2443 2019 amore
2503 1971 2693 2018 com-

176 2026 582 2116 plectendos,
653 2036 1043 2123 honoreque
1106 2038 1528 2109 afficiendos.
1599 2046 1834 2125 Itaque
1901 2050 2208 2139 tempora
2268 2039 2423 2108 novi
2491 2051 2694 2107 testa-

180 2121 366 2215 menti
415 2123 534 2192 boc
582 2124 866 2193 nomine
902 2126 1220 2214 praetulit
1270 2127 1407 2196 illis
1453 2150 1628 2214 quae
1685 2131 1815 2199 sub
1865 2140 2070 2196 veteri
2129 2128 2340 2209 fuere,
2384 2127 2566 2214 quod
2621 2126 2691 2194 in

180 2225 254 2273 ns
299 2209 609 2299 viguisset
658 2214 988 2283 castitatis
1037 2215 1381 2296 studium,
1453 2238 1744 2302 eamque
1806 2216 2113 2285 Christus
2178 2217 2351 2306 ipse,
2423 2229 2486 2284 et
2542 2216 2692 2303 ejus

170 2298 582 2369 sanctissima
635 2308 860 2383 Mater,
916 2304 1375 2404 permultique
1411 2305 1766 2395 praecipui
1796 2304 2000 2373 amici
2030 2305 2180 2394 ejus
2218 2304 2692 2403 complenies-

167 2400 300 2480 sent
325 2401 385 2457 et
410 2390 861 2460 extulissent:
915 2415 982 2460 1n
1020 2393 1275 2479 quibus
1311 2393 1783 2464 beatissimum
1820 2400 2154 2463 Joannem
2189 2392 2692 2483 Evangelistam

168 2480 533 2570 impensius
579 2480 855 2550 amabat
890 2505 1048 2567 prae
1089 2483 1347 2564 multis,
1383 2506 1682 2571 eumque
1720 2483 1855 2554 sibi
1899 2481 2325 2586 singularem
2376 2481 2696 2582 adhibuit

169 2576 667 2637 mtercessorem
718 2571 901 2660 apud
960 2577 1189 2652 Deum,
1231 2586 1305 2642 ut
1341 2586 1565 2663 posset
1616 2574 1821 2647 totius
1869 2585 2246 2663 pretiosum
2278 2572 2693 2662 virginitatis

174 2670 547 2747 conservare
595 2658 1020 2729 thesaurum.
1076 2662 1282 2750 Cujus
1329 2663 1533 2731 etiam
1585 2662 1903 2733 servandi
1951 2666 2186 2742 causa,
2252 2683 2412 2729 cum
2462 2659 2694 2758 adh-uc

159 2747 512 2826 Juvencula
545 2759 743 2827 esset,
796 2751 1033 2818 statuit
1080 2750 1286 2819 vitam
1336 2751 1581 2842 degere
1629 2751 1816 2842 apud
1867 2751 1969 2819 vir
2023 2753 2166 2820 ines
2217 2772 2427 2840 puras
2473 2758 2697 2848 erm-

166 2848 484 2914 nocentes,
542 2848 621 2904 ut
666 2837 906 2906 solatia
953 2839 1209 2920 omnia,
1253 2840 1508 2910 nedum
1546 2842 1776 2930 turpia
1803 2852 1868 2909 et
1899 2775 2282 2918 inffionesta,
2322 2837 2438 2907 sed
2473 2850 2694 2938 ‘etiam

161 2940 314 3004 quae
368 2946 409 2992 a
476 2925 917 2996 matrimonio
970 2927 1388 3009 offeruntur,
1457 2929 1756 2998 evitaret.
1829 2929 2137 2998 obtinuit
2184 2951 2339 2997 vero
2401 2940 2604 2996 etiam
2656 2948 2698 2995 a

162 3011 467 3082 Pontificc
498 3012 807 3102 diploma
851 3038 987 3101 quo
1038 3018 1459 3106 prohibitum
1495 3018 1643 3096 fuit,
1680 3041 1763 3086 ne
1795 3040 1932 3104 qua
1964 3018 2260 3087 foemina
2299 3039 2475 3103 quae
2502 3015 2695 3105 virgo

162 3117 280 3167 non
324 3113 531 3181 esset,
583 3102 1055 3173 admitteretur
1102 3105 1171 3174 in
1222 3107 1572 3188 coenobia,
1612 3107 1698 3176 ab
1757 3106 1909 3197 ipsa
1957 3107 2180 3176 Coleta
2229 3104 2689 3175 reformanda.

162 3189 228 3254 Et
258 3188 321 3256 id
371 3212 542 3260 sane
589 3191 794 3259 etiam
841 3195 1222 3263 executioni
1262 3195 1663 3265 mandatnm
1714 3209 1838 3276 est,
1897 3196 2161 3285 rejectis
2209 3194 2536 3263 omnibus
2585 3192 2688 3292 vi·-

161 3273 321 3357 duis,
373 3291 503 3348 aut
550 3280 827 3350 sinistra
868 3281 1048 3350 sama
1104 3283 1597 3353 laborantibus.
1639 3284 1777 3354 Etsi
1826 3306 1982 3353 vero
2030 3284 2511 3373 dispensatum
2564 3280 2697 3350 suit

161 3384 299 3434 cum
330 3369 757 3453 quibusdam
808 3371 1157 3442 nobilibus
1188 3386 1252 3441 et
1286 3373 1613 3441 virtutum
1662 3372 1990 3442 studiosis
2022 3372 2271 3453 viduis,
2307 3385 2384 3440 ut
2414 3380 2694 3469 possent

168 3452 411 3525 admitti
500 3480 855 3544 nunquam
890 3473 1116 3529 tamen
1153 3460 1304 3531 illas
1338 3461 1557 3530 Coleta
1586 3473 1723 3530 tam
1759 3461 2133 3531 familiares
2170 3461 2418 3529 babere
2450 3457 2687 3558 voluit,

170 3553 345 3628 atque
393 3546 742 3636 virgines:
799 3570 923 3618 nec
981 3561 1117 3618 tam
1172 3572 1510 3640 propenso
1542 3572 1656 3618 eas
1696 3551 1781 3619 ad
1834 3550 2283 3620 monasticam
2329 3547 2696 3646 professio-

166 3649 302 3700 nem
354 3635 730 3724 recipiebat
763 3637 1019 3716 anime,
1065 3650 1140 3707 ut
1188 3639 1511 3728 virgines.
1568 3644 1644 3707 Et
1677 3652 1753 3707 ut
1804 3644 1976 3708 Deus
2026 3638 2440 3728 purissimae
2488 3657 2699 3725 virgi-

165 3718 338 3790 nitati
387 3725 544 3813 ejus
593 3724 943 3815 singulare
974 3727 1358 3816 perhiberet
1400 3727 1895 3809 testimonium,
1938 3728 2124 3797 misit
2157 3727 2433 3795 beatum
2487 3731 2698 3825 Joan-3

167 3826 308 3878 nem
356 3813 858 3904 Evangelistam
903 3817 1022 3901 qui
1053 3817 1113 3885 ei
1145 3816 1484 3886 annulum
1537 3839 1826 3886 aureum
1859 3817 2086 3887 attulit
2136 3815 2413 3884 nomine
2441 3836 2700 3883 summi

170 3897 376 3994 Regis,
432 3924 574 3988 quo
621 3902 835 3992 digito
885 3904 1072 3973 illius
1104 3905 1338 3985 infixe,
1392 3928 1541 3975 eam
1579 3905 1715 3974 sibi
1761 3904 2127 3996 despondit
2173 3926 2498 3995 sponsam
2534 3903 2701 4002 cba-

168 3988 521 4059 rissimam.
578 3996 790 4073 Quem
859 3993 1200 4063 annulum
1251 4018 1411 4063 cum
1466 3995 1681 4063 multo
1732 3995 1972 4064 timore
2029 4004 2093 4064 et
2142 3993 2529 4063 humilitate
2579 3990 2700 4061 illa
2772 4065 2785 4076 ,

172 4077 431 4165 accepit,
484 4093 938 4168 accurateque
984 4083 1446 4153 custodivfitet
1495 4095 1810 4152 venerata
1847 4096 1971 4154 est.
2030 4083 2221 4152 Multi
2254 4104 2419 4152 sane
2471 4092 2698 4171 patres

175 4172 229 4227 et
269 4161 498 4238 fratres
559 4169 983 4251 confessarii,
1048 4170 1305 4259 aliique
1353 4172 1638 4262 plurimi
1691 4173 1875 4242 hunc
1938 4172 2280 4242 annulum
2341 4170 2687 4327 viderupt,

177 4253 607 4346 manibusque
674 4260 820 4331 suis
883 4273 1494 4340 contrectaverunt,
1563 4283 1697 4330 non
1765 4261 2090 4333 mediocri
2156 4260 2313 4330 inde
2374 4282 2583 4330 conso
2615 4281 2688 4328 a-

183 4344 334 4409 tione
368 4346 611 4415 affecti.
650 4352 817 4417 Cum
848 4362 1074 4418 autem
1109 4349 1348 4421 fratres
1398 4350 1551 4419 illos
1598 4349 1684 4436 ad
1733 4350 2156 4441 expedienda
2208 4349 2519 4419 celeriter
2567 4370 2708 4417 ne-·

188 4429 336 4509 gotia
356 4436 590 4522 procul
623 4436 941 4528 ablegare
973 4439 1205 4523 voluit,
1236 4453 1313 4510 ut
1344 4439 1670 4510 itinerum
1698 4439 1985 4511 vitarent
2011 4439 2336 4531 pericula,
2369 4437 2679 4517 fidenter,

320 4546 551 4606 surius
594 4577 619 4592 -
658 4546 820 4607 Vitae
856 4548 963 4610 SS.
1018 4583 1042 4595 -
1081 4549 1207 4611 Vol.
1251 4549 1355 4611 111.
2417 4552 2454 4605 4
