<?xml version="1.0" encoding="UTF-8"?>
<!DOCTYPE html PUBLIC "-//W3C//DTD XHTML 1.0 Transitional//EN"
    "http://www.w3.org/TR/xhtml1/DTD/xhtml1-transitional.dtd">
<html xmlns="http://www.w3.org/1999/xhtml" xml:lang="en" lang="en">
 <head>
  <title>
</title>
<meta http-equiv="Content-Type" content="text/html;charset=utf-8" />
  <meta name='ocr-system' content='tesseract 3.04.00' />
  <meta name='ocr-capabilities' content='ocr_page ocr_carea ocr_par ocr_line ocrx_word'/>
</head>
<body>
  <div class='ocr_page' id='page_1' title='image "./historiaeseuvit04lippgoog_0161.png"; bbox 0 0 3327 4999; ppageno 0'>
   <div class='ocr_carea' id='block_1_1' title="bbox 263 284 2649 355">
    <p class='ocr_par' dir='ltr' id='par_1_1' title="bbox 263 284 2649 355">
     <span class='ocr_line' id='line_1_1' title="bbox 263 284 2649 355; baseline -0.003 -1"><span class='ocrx_word' id='word_1_1' title='bbox 263 290 469 355; x_wconf 67' lang='lat' dir='ltr'>MART.</span> <span class='ocrx_word' id='word_1_2' title='bbox 523 289 600 353; x_wconf 67' lang='lat' dir='ltr'>te</span> <span class='ocrx_word' id='word_1_3' title='bbox 1102 307 1181 352; x_wconf 69' lang='lat' dir='ltr'>nn</span> <span class='ocrx_word' id='word_1_4' title='bbox 1229 307 1284 352; x_wconf 87' lang='lat' dir='ltr'>S.</span> <span class='ocrx_word' id='word_1_5' title='bbox 1339 303 1650 352; x_wconf 71' lang='lat' dir='ltr'>enacomo</span> <span class='ocrx_word' id='word_1_6' title='bbox 1701 303 1861 349; x_wconf 76' lang='lat' dir='ltr'>PAPA</span> <span class='ocrx_word' id='word_1_7' title='bbox 2539 284 2649 348; x_wconf 66' lang='lat' dir='ltr'>0t5t</span> 
     </span>
    </p>
   </div>
   <div class='ocr_carea' id='block_1_2' title="bbox 223 380 2758 4382">
    <p class='ocr_par' dir='ltr' id='par_1_2' title="bbox 231 380 2758 2249">
     <span class='ocr_line' id='line_1_2' title="bbox 259 380 2744 475; baseline -0.003 -19"><span class='ocrx_word' id='word_1_8' title='bbox 259 385 643 469; x_wconf 86' lang='lat' dir='ltr'>Quotidianis</span> <span class='ocrx_word' id='word_1_9' title='bbox 703 385 1096 472; x_wconf 80' lang='lat' dir='ltr'>quibusque</span> <span class='ocrx_word' id='word_1_10' title='bbox 1155 384 1402 454; x_wconf 90' lang='lat' dir='ltr'>diebus</span> <span class='ocrx_word' id='word_1_11' title='bbox 1449 406 1571 475; x_wconf 89' lang='lat' dir='ltr'>per</span> <span class='ocrx_word' id='word_1_12' title='bbox 1616 381 1933 451; x_wconf 90' lang='lat' dir='ltr'>omnium</span> <span class='ocrx_word' id='word_1_13' title='bbox 1998 380 2357 470; x_wconf 90' lang='lat' dir='ltr'>regionum</span> <span class='ocrx_word' id='word_1_14' title='bbox 2408 381 2594 450; x_wconf 90' lang='lat' dir='ltr'>vicos</span> <span class='ocrx_word' id='word_1_15' title='bbox 2645 381 2744 450; x_wconf 91' lang='lat' dir='ltr'>vel</span> 
     </span>
     <span class='ocr_line' id='line_1_3' title="bbox 259 468 2752 565; baseline -0.002 -21"><span class='ocrx_word' id='word_1_16' title='bbox 259 476 534 565; x_wconf 84' lang='lat' dir='ltr'>compita,</span> <span class='ocrx_word' id='word_1_17' title='bbox 605 473 901 542; x_wconf 81' lang='lat' dir='ltr'>infirmis</span> <span class='ocrx_word' id='word_1_18' title='bbox 964 496 1084 544; x_wconf 90' lang='lat' dir='ltr'>seu</span> <span class='ocrx_word' id='word_1_19' title='bbox 1152 473 1458 560; x_wconf 89' lang='lat' dir='ltr'>qualibet</span> <span class='ocrx_word' id='word_1_20' title='bbox 1520 471 1827 562; x_wconf 89' lang='lat' dir='ltr'>corporis</span> <span class='ocrx_word' id='word_1_21' title='bbox 1896 483 2085 559; x_wconf 88' lang='lat' dir='ltr'>parte</span> <span class='ocrx_word' id='word_1_22' title='bbox 2133 468 2505 548; x_wconf 82' lang='lat' dir='ltr'>debilibus,</span> <span class='ocrx_word' id='word_1_23' title='bbox 2560 482 2752 538; x_wconf 88' lang='lat' dir='ltr'>cocta</span> 
     </span>
     <span class='ocr_line' id='line_1_4' title="bbox 259 557 2754 653; baseline -0.001 -21"><span class='ocrx_word' id='word_1_24' title='bbox 259 563 558 653; x_wconf 77' lang='lat' dir='ltr'>stipendia</span> <span class='ocrx_word' id='word_1_25' title='bbox 607 585 726 653; x_wconf 87' lang='lat' dir='ltr'>per</span> <span class='ocrx_word' id='word_1_26' title='bbox 788 563 1194 632; x_wconf 87' lang='lat' dir='ltr'>constitutos</span> <span class='ocrx_word' id='word_1_27' title='bbox 1251 562 1637 631; x_wconf 83' lang='lat' dir='ltr'>veredarios</span> <span class='ocrx_word' id='word_1_28' title='bbox 1703 558 2072 628; x_wconf 86' lang='lat' dir='ltr'>emittebat.</span> <span class='ocrx_word' id='word_1_29' title='bbox 2128 557 2754 629; x_wconf 70' lang='lat' dir='ltr'>verecundioribus</span> 
     </span>
     <span class='ocr_line' id='line_1_5' title="bbox 261 646 2751 740; baseline -0.002 -22"><span class='ocrx_word' id='word_1_30' title='bbox 261 675 401 731; x_wconf 80' lang='lat' dir='ltr'>vero,</span> <span class='ocrx_word' id='word_1_31' title='bbox 453 665 822 737; x_wconf 75' lang='lat' dir='ltr'>antequam</span> <span class='ocrx_word' id='word_1_32' title='bbox 865 650 1011 738; x_wconf 90' lang='lat' dir='ltr'>ipse</span> <span class='ocrx_word' id='word_1_33' title='bbox 1057 651 1292 719; x_wconf 90' lang='lat' dir='ltr'>cibum</span> <span class='ocrx_word' id='word_1_34' title='bbox 1341 661 1634 740; x_wconf 90' lang='lat' dir='ltr'>caperet,</span> <span class='ocrx_word' id='word_1_35' title='bbox 1689 671 1729 717; x_wconf 91' lang='lat' dir='ltr'>a</span> <span class='ocrx_word' id='word_1_36' title='bbox 1777 669 2013 716; x_wconf 88' lang='lat' dir='ltr'>mensa</span> <span class='ocrx_word' id='word_1_37' title='bbox 2062 667 2188 714; x_wconf 89' lang='lat' dir='ltr'>sua</span> <span class='ocrx_word' id='word_1_38' title='bbox 2248 646 2751 715; x_wconf 82' lang='lat' dir='ltr'>benedictionis</span> 
     </span>
     <span class='ocr_line' id='line_1_6' title="bbox 260 734 2753 831; baseline -0.003 -22"><span class='ocrx_word' id='word_1_39' title='bbox 260 740 632 831; x_wconf 77' lang='lat' dir='ltr'>Apostolicae</span> <span class='ocrx_word' id='word_1_40' title='bbox 679 740 976 809; x_wconf 79' lang='lat' dir='ltr'>ostiatim</span> <span class='ocrx_word' id='word_1_41' title='bbox 1025 740 1321 830; x_wconf 87' lang='lat' dir='ltr'>dirigere</span> <span class='ocrx_word' id='word_1_42' title='bbox 1370 740 1657 809; x_wconf 89' lang='lat' dir='ltr'>curabat</span> <span class='ocrx_word' id='word_1_43' title='bbox 1705 734 2106 806; x_wconf 82' lang='lat' dir='ltr'>scutellam:</span> <span class='ocrx_word' id='word_1_44' title='bbox 2143 735 2238 803; x_wconf 91' lang='lat' dir='ltr'>ita</span> <span class='ocrx_word' id='word_1_45' title='bbox 2286 747 2359 804; x_wconf 90' lang='lat' dir='ltr'>ut</span> <span class='ocrx_word' id='word_1_46' title='bbox 2392 735 2753 803; x_wconf 87' lang='lat' dir='ltr'>neminem</span> 
     </span>
     <span class='ocr_line' id='line_1_7' title="bbox 261 823 2752 918; baseline -0.002 -22"><span class='ocrx_word' id='word_1_47' title='bbox 261 851 498 918; x_wconf 85' lang='lat' dir='ltr'>prorsus</span> <span class='ocrx_word' id='word_1_48' title='bbox 529 829 869 918; x_wconf 81' lang='lat' dir='ltr'>exciperet</span> <span class='ocrx_word' id='word_1_49' title='bbox 917 827 1548 898; x_wconf 80' lang='lat' dir='ltr'>misericordissimi</span> <span class='ocrx_word' id='word_1_50' title='bbox 1595 823 2068 894; x_wconf 86' lang='lat' dir='ltr'>benevolentia</span> <span class='ocrx_word' id='word_1_51' title='bbox 2117 823 2509 912; x_wconf 84' lang='lat' dir='ltr'>provisoris,</span> <span class='ocrx_word' id='word_1_52' title='bbox 2547 845 2752 911; x_wconf 90' lang='lat' dir='ltr'>quem</span> 
     </span>
     <span class='ocr_line' id='line_1_8' title="bbox 255 912 2752 1008; baseline -0.002 -22"><span class='ocrx_word' id='word_1_53' title='bbox 255 917 318 986; x_wconf 84' lang='lat' dir='ltr'>ad</span> <span class='ocrx_word' id='word_1_54' title='bbox 357 917 554 987; x_wconf 85' lang='lat' dir='ltr'>fidem</span> <span class='ocrx_word' id='word_1_55' title='bbox 605 929 897 986; x_wconf 81' lang='lat' dir='ltr'>traxerat</span> <span class='ocrx_word' id='word_1_56' title='bbox 957 916 1446 1008; x_wconf 87' lang='lat' dir='ltr'>omnipotentis</span> <span class='ocrx_word' id='word_1_57' title='bbox 1494 914 1793 1005; x_wconf 83' lang='lat' dir='ltr'>cognitio</span> <span class='ocrx_word' id='word_1_58' title='bbox 1853 912 2207 981; x_wconf 88' lang='lat' dir='ltr'>Creatoris.</span> <span class='ocrx_word' id='word_1_59' title='bbox 2267 917 2529 982; x_wconf 89' lang='lat' dir='ltr'>Horum</span> <span class='ocrx_word' id='word_1_60' title='bbox 2580 912 2752 981; x_wconf 93' lang='lat' dir='ltr'>dum</span> 
     </span>
     <span class='ocr_line' id='line_1_9' title="bbox 245 1001 2752 1096; baseline -0.002 -23"><span class='ocrx_word' id='word_1_61' title='bbox 245 1007 581 1092; x_wconf 83' lang='lat' dir='ltr'>quemdam</span> <span class='ocrx_word' id='word_1_62' title='bbox 635 1028 1006 1096; x_wconf 85' lang='lat' dir='ltr'>pauperem</span> <span class='ocrx_word' id='word_1_63' title='bbox 1065 1007 1134 1074; x_wconf 92' lang='lat' dir='ltr'>in</span> <span class='ocrx_word' id='word_1_64' title='bbox 1200 1006 1513 1095; x_wconf 85' lang='lat' dir='ltr'>angustis</span> <span class='ocrx_word' id='word_1_65' title='bbox 1579 1003 2050 1071; x_wconf 83' lang='lat' dir='ltr'>andronarum</span> <span class='ocrx_word' id='word_1_66' title='bbox 2118 1001 2503 1070; x_wconf 85' lang='lat' dir='ltr'>recessibus</span> <span class='ocrx_word' id='word_1_67' title='bbox 2554 1024 2593 1070; x_wconf 88' lang='lat' dir='ltr'>a</span> <span class='ocrx_word' id='word_1_68' title='bbox 2642 1023 2752 1069; x_wconf 92' lang='lat' dir='ltr'>ve-</span> 
     </span>
     <span class='ocr_line' id='line_1_10' title="bbox 243 1089 2750 1184; baseline -0.001 -23"><span class='ocrx_word' id='word_1_69' title='bbox 243 1095 628 1184; x_wconf 87' lang='lat' dir='ltr'>spillonibus</span> <span class='ocrx_word' id='word_1_70' title='bbox 677 1094 966 1163; x_wconf 89' lang='lat' dir='ltr'>inveniri</span> <span class='ocrx_word' id='word_1_71' title='bbox 1017 1108 1364 1164; x_wconf 90' lang='lat' dir='ltr'>mortuum</span> <span class='ocrx_word' id='word_1_72' title='bbox 1425 1093 1848 1183; x_wconf 84' lang='lat' dir='ltr'>contigisset,</span> <span class='ocrx_word' id='word_1_73' title='bbox 1916 1089 2287 1159; x_wconf 85' lang='lat' dir='ltr'>aestimans</span> <span class='ocrx_word' id='word_1_74' title='bbox 2336 1112 2497 1158; x_wconf 89' lang='lat' dir='ltr'>eum</span> <span class='ocrx_word' id='word_1_75' title='bbox 2549 1089 2750 1179; x_wconf 89' lang='lat' dir='ltr'>stipis</span> 
     </span>
     <span class='ocr_line' id='line_1_11' title="bbox 241 1177 2752 1283; baseline -0.002 -33"><span class='ocrx_word' id='word_1_76' title='bbox 241 1183 445 1273; x_wconf 72' lang='lat' dir='ltr'>inopia</span> <span class='ocrx_word' id='word_1_77' title='bbox 482 1184 788 1273; x_wconf 89' lang='lat' dir='ltr'>periisse,</span> <span class='ocrx_word' id='word_1_78' title='bbox 847 1183 933 1252; x_wconf 88' lang='lat' dir='ltr'>ita</span> <span class='ocrx_word' id='word_1_79' title='bbox 985 1205 1103 1283; x_wconf 91' lang='lat' dir='ltr'>per</span> <span class='ocrx_word' id='word_1_80' title='bbox 1135 1182 1394 1266; x_wconf 84' lang='lat' dir='ltr'>aliquot</span> <span class='ocrx_word' id='word_1_81' title='bbox 1441 1182 1610 1261; x_wconf 77' lang='lat' dir='ltr'>dies,</span> <span class='ocrx_word' id='word_1_82' title='bbox 1654 1193 1730 1250; x_wconf 87' lang='lat' dir='ltr'>ut</span> <span class='ocrx_word' id='word_1_83' title='bbox 1779 1178 2052 1259; x_wconf 88' lang='lat' dir='ltr'>dicitur,</span> <span class='ocrx_word' id='word_1_84' title='bbox 2090 1201 2130 1247; x_wconf 90' lang='lat' dir='ltr'>a</span> <span class='ocrx_word' id='word_1_85' title='bbox 2160 1177 2523 1247; x_wconf 85' lang='lat' dir='ltr'>Missarum</span> <span class='ocrx_word' id='word_1_86' title='bbox 2577 1178 2752 1248; x_wconf 88' lang='lat' dir='ltr'>cele-</span> 
     </span>
     <span class='ocr_line' id='line_1_12' title="bbox 239 1266 2750 1357; baseline -0.002 -18"><span class='ocrx_word' id='word_1_87' title='bbox 239 1271 519 1341; x_wconf 86' lang='lat' dir='ltr'>bratione</span> <span class='ocrx_word' id='word_1_88' title='bbox 573 1272 876 1341; x_wconf 85' lang='lat' dir='ltr'>vacando</span> <span class='ocrx_word' id='word_1_89' title='bbox 923 1284 1230 1342; x_wconf 79' lang='lat' dir='ltr'>tristatus</span> <span class='ocrx_word' id='word_1_90' title='bbox 1279 1284 1400 1352; x_wconf 89' lang='lat' dir='ltr'>est,</span> <span class='ocrx_word' id='word_1_91' title='bbox 1461 1283 1785 1356; x_wconf 85' lang='lat' dir='ltr'>tanquam</span> <span class='ocrx_word' id='word_1_92' title='bbox 1839 1268 1897 1337; x_wconf 89' lang='lat' dir='ltr'>si</span> <span class='ocrx_word' id='word_1_93' title='bbox 1957 1289 2118 1336; x_wconf 94' lang='lat' dir='ltr'>eum</span> <span class='ocrx_word' id='word_1_94' title='bbox 2170 1289 2292 1357; x_wconf 89' lang='lat' dir='ltr'>pro</span> <span class='ocrx_word' id='word_1_95' title='bbox 2351 1266 2469 1334; x_wconf 87' lang='lat' dir='ltr'>riis</span> <span class='ocrx_word' id='word_1_96' title='bbox 2523 1267 2750 1335; x_wconf 88' lang='lat' dir='ltr'>mani-</span> 
     </span>
     <span class='ocr_line' id='line_1_13' title="bbox 239 1354 2755 1460; baseline -0.002 -31"><span class='ocrx_word' id='word_1_97' title='bbox 239 1360 372 1439; x_wconf 72' lang='lat' dir='ltr'>bus.</span> <span class='ocrx_word' id='word_1_98' title='bbox 423 1361 607 1448; x_wconf 89' lang='lat' dir='ltr'>quod</span> <span class='ocrx_word' id='word_1_99' title='bbox 659 1362 848 1430; x_wconf 89' lang='lat' dir='ltr'>dictu</span> <span class='ocrx_word' id='word_1_100' title='bbox 899 1361 1083 1431; x_wconf 87' lang='lat' dir='ltr'>nefas</span> <span class='ocrx_word' id='word_1_101' title='bbox 1130 1373 1252 1440; x_wconf 91' lang='lat' dir='ltr'>est,</span> <span class='ocrx_word' id='word_1_102' title='bbox 1305 1360 1727 1460; x_wconf 86' lang='lat' dir='ltr'>peremisset.</span> <span class='ocrx_word' id='word_1_103' title='bbox 1783 1363 1973 1426; x_wconf 80' lang='lat' dir='ltr'>Extat</span> <span class='ocrx_word' id='word_1_104' title='bbox 2019 1377 2240 1441; x_wconf 85' lang='lat' dir='ltr'>usque</span> <span class='ocrx_word' id='word_1_105' title='bbox 2347 1354 2501 1423; x_wconf 90' lang='lat' dir='ltr'>odie</span> <span class='ocrx_word' id='word_1_106' title='bbox 2532 1356 2599 1423; x_wconf 90' lang='lat' dir='ltr'>in</span> <span class='ocrx_word' id='word_1_107' title='bbox 2645 1378 2755 1425; x_wconf 87' lang='lat' dir='ltr'>sa-</span> 
     </span>
     <span class='ocr_line' id='line_1_14' title="bbox 235 1443 2755 1533; baseline -0.002 -16"><span class='ocrx_word' id='word_1_108' title='bbox 235 1450 604 1520; x_wconf 84' lang='lat' dir='ltr'>cratissimo</span> <span class='ocrx_word' id='word_1_109' title='bbox 633 1451 1100 1520; x_wconf 89' lang='lat' dir='ltr'>Lateranensis</span> <span class='ocrx_word' id='word_1_110' title='bbox 1122 1449 1360 1518; x_wconf 78' lang='lat' dir='ltr'>Palatii</span> <span class='ocrx_word' id='word_1_111' title='bbox 1379 1448 1659 1524; x_wconf 88' lang='lat' dir='ltr'>scrinio,</span> <span class='ocrx_word' id='word_1_112' title='bbox 1685 1446 1895 1533; x_wconf 82' lang='lat' dir='ltr'>hujus</span> <span class='ocrx_word' id='word_1_113' title='bbox 1917 1443 2303 1514; x_wconf 89' lang='lat' dir='ltr'>confectum</span> <span class='ocrx_word' id='word_1_114' title='bbox 2328 1444 2755 1533; x_wconf 87' lang='lat' dir='ltr'>temporibus</span> 
     </span>
     <span class='ocr_line' id='line_1_15' title="bbox 235 1533 2758 1629; baseline -0.002 -24"><span class='ocrx_word' id='word_1_115' title='bbox 235 1538 657 1608; x_wconf 73' lang='lat' dir='ltr'>chartaceum</span> <span class='ocrx_word' id='word_1_116' title='bbox 720 1538 1142 1629; x_wconf 83' lang='lat' dir='ltr'>praegrande</span> <span class='ocrx_word' id='word_1_117' title='bbox 1191 1537 1535 1617; x_wconf 90' lang='lat' dir='ltr'>volumen,</span> <span class='ocrx_word' id='word_1_118' title='bbox 1591 1536 1660 1605; x_wconf 88' lang='lat' dir='ltr'>in</span> <span class='ocrx_word' id='word_1_119' title='bbox 1712 1557 1852 1622; x_wconf 92' lang='lat' dir='ltr'>quo</span> <span class='ocrx_word' id='word_1_120' title='bbox 1897 1533 2289 1602; x_wconf 85' lang='lat' dir='ltr'>communis</span> <span class='ocrx_word' id='word_1_121' title='bbox 2339 1555 2541 1602; x_wconf 82' lang='lat' dir='ltr'>sexus</span> <span class='ocrx_word' id='word_1_122' title='bbox 2586 1555 2758 1602; x_wconf 89' lang='lat' dir='ltr'>cun-</span> 
     </span>
     <span class='ocr_line' id='line_1_16' title="bbox 234 1625 2752 1718; baseline -0.002 -24"><span class='ocrx_word' id='word_1_123' title='bbox 234 1638 472 1695; x_wconf 85' lang='lat' dir='ltr'>ctarum</span> <span class='ocrx_word' id='word_1_124' title='bbox 526 1640 828 1696; x_wconf 88' lang='lat' dir='ltr'>aetatum</span> <span class='ocrx_word' id='word_1_125' title='bbox 861 1651 938 1698; x_wconf 90' lang='lat' dir='ltr'>ac</span> <span class='ocrx_word' id='word_1_126' title='bbox 989 1626 1492 1718; x_wconf 87' lang='lat' dir='ltr'>professionum</span> <span class='ocrx_word' id='word_1_127' title='bbox 1544 1625 1850 1704; x_wconf 85' lang='lat' dir='ltr'>nomina,</span> <span class='ocrx_word' id='word_1_128' title='bbox 1890 1635 2029 1692; x_wconf 90' lang='lat' dir='ltr'>tam</span> <span class='ocrx_word' id='word_1_129' title='bbox 2082 1627 2335 1690; x_wconf 84' lang='lat' dir='ltr'>Romae</span> <span class='ocrx_word' id='word_1_130' title='bbox 2367 1643 2575 1707; x_wconf 90' lang='lat' dir='ltr'>quam</span> <span class='ocrx_word' id='word_1_131' title='bbox 2677 1643 2752 1690; x_wconf 90' lang='lat' dir='ltr'>er</span> 
     </span>
     <span class='ocr_line' id='line_1_17' title="bbox 232 1709 2756 1802; baseline -0.002 -20"><span class='ocrx_word' id='word_1_132' title='bbox 232 1716 622 1785; x_wconf 85' lang='lat' dir='ltr'>suburbana</span> <span class='ocrx_word' id='word_1_133' title='bbox 652 1717 1036 1785; x_wconf 86' lang='lat' dir='ltr'>civitatesve</span> <span class='ocrx_word' id='word_1_134' title='bbox 1061 1716 1343 1795; x_wconf 79' lang='lat' dir='ltr'>vicinaS‚</span> <span class='ocrx_word' id='word_1_135' title='bbox 1381 1736 1648 1797; x_wconf 87' lang='lat' dir='ltr'>necnon</span> <span class='ocrx_word' id='word_1_136' title='bbox 1686 1713 2099 1802; x_wconf 88' lang='lat' dir='ltr'>longinquas</span> <span class='ocrx_word' id='word_1_137' title='bbox 2128 1709 2515 1780; x_wconf 87' lang='lat' dir='ltr'>maritimae</span> <span class='ocrx_word' id='word_1_138' title='bbox 2546 1732 2630 1780; x_wconf 90' lang='lat' dir='ltr'>ur</span> <span class='ocrx_word' id='word_1_139' title='bbox 2683 1731 2756 1778; x_wconf 91' lang='lat' dir='ltr'>es</span> 
     </span>
     <span class='ocr_line' id='line_1_18' title="bbox 231 1798 2754 1894; baseline -0.002 -23"><span class='ocrx_word' id='word_1_140' title='bbox 231 1803 644 1893; x_wconf 85' lang='lat' dir='ltr'>degentium,</span> <span class='ocrx_word' id='word_1_141' title='bbox 679 1827 840 1873; x_wconf 92' lang='lat' dir='ltr'>cum</span> <span class='ocrx_word' id='word_1_142' title='bbox 875 1806 1018 1876; x_wconf 91' lang='lat' dir='ltr'>suis</span> <span class='ocrx_word' id='word_1_143' title='bbox 1052 1804 1606 1894; x_wconf 77' lang='lat' dir='ltr'>cognominibuS,</span> <span class='ocrx_word' id='word_1_144' title='bbox 1654 1801 2079 1891; x_wconf 87' lang='lat' dir='ltr'>temporibus</span> <span class='ocrx_word' id='word_1_145' title='bbox 2136 1811 2200 1866; x_wconf 90' lang='lat' dir='ltr'>et</span> <span class='ocrx_word' id='word_1_146' title='bbox 2257 1798 2754 1867; x_wconf 84' lang='lat' dir='ltr'>remuneratio-</span> 
     </span>
     <span class='ocr_line' id='line_1_19' title="bbox 238 1886 2754 1984; baseline -0.002 -25"><span class='ocrx_word' id='word_1_147' title='bbox 238 1892 424 1962; x_wconf 86' lang='lat' dir='ltr'>nibus</span> <span class='ocrx_word' id='word_1_148' title='bbox 454 1893 853 1984; x_wconf 77' lang='lat' dir='ltr'>expressius</span> <span class='ocrx_word' id='word_1_149' title='bbox 900 1894 1360 1962; x_wconf 88' lang='lat' dir='ltr'>continentur.</span> <span class='ocrx_word' id='word_1_150' title='bbox 1398 1897 1701 1974; x_wconf 88' lang='lat' dir='ltr'>Quorum</span> <span class='ocrx_word' id='word_1_151' title='bbox 1754 1911 2127 1967; x_wconf 88' lang='lat' dir='ltr'>summam,</span> <span class='ocrx_word' id='word_1_152' title='bbox 2171 1909 2253 1955; x_wconf 92' lang='lat' dir='ltr'>ne</span> <span class='ocrx_word' id='word_1_153' title='bbox 2301 1886 2612 1955; x_wconf 87' lang='lat' dir='ltr'>videlicet</span> <span class='ocrx_word' id='word_1_154' title='bbox 2654 1886 2754 1955; x_wconf 88' lang='lat' dir='ltr'>fa·</span> 
     </span>
     <span class='ocr_line' id='line_1_20' title="bbox 237 1975 2754 2070; baseline -0.002 -22"><span class='ocrx_word' id='word_1_155' title='bbox 237 1981 555 2063; x_wconf 86' lang='lat' dir='ltr'>stidiatur,</span> <span class='ocrx_word' id='word_1_156' title='bbox 615 2004 738 2070; x_wconf 83' lang='lat' dir='ltr'>ego</span> <span class='ocrx_word' id='word_1_157' title='bbox 790 1982 1151 2051; x_wconf 88' lang='lat' dir='ltr'>transferre</span> <span class='ocrx_word' id='word_1_158' title='bbox 1200 1981 1512 2061; x_wconf 64' lang='lat' dir='ltr'>dissueto,</span> <span class='ocrx_word' id='word_1_159' title='bbox 1557 1980 1826 2065; x_wconf 88' lang='lat' dir='ltr'>meique</span> <span class='ocrx_word' id='word_1_160' title='bbox 1877 1976 2146 2046; x_wconf 90' lang='lat' dir='ltr'>lectoris</span> <span class='ocrx_word' id='word_1_161' title='bbox 2185 1975 2493 2055; x_wconf 87' lang='lat' dir='ltr'>oculum,</span> <span class='ocrx_word' id='word_1_162' title='bbox 2533 1975 2619 2044; x_wconf 90' lang='lat' dir='ltr'>ad</span> <span class='ocrx_word' id='word_1_163' title='bbox 2668 1975 2754 2043; x_wconf 92' lang='lat' dir='ltr'>il-</span> 
     </span>
     <span class='ocr_line' id='line_1_21' title="bbox 234 2034 2754 2161; baseline 0 -27"><span class='ocrx_word' id='word_1_164' title='bbox 234 2067 353 2140; x_wconf 84' lang='lat' dir='ltr'>·lius</span> <span class='ocrx_word' id='word_1_165' title='bbox 384 2070 759 2140; x_wconf 86' lang='lat' dir='ltr'>venerandi</span> <span class='ocrx_word' id='word_1_166' title='bbox 809 2071 1043 2139; x_wconf 88' lang='lat' dir='ltr'>scrinii</span> <span class='ocrx_word' id='word_1_167' title='bbox 1110 2034 1635 2161; x_wconf 62' lang='lat' dir='ltr'>plenitudinem,</span> <span class='ocrx_word' id='word_1_168' title='bbox 1682 2068 1883 2154; x_wconf 88' lang='lat' dir='ltr'>cujus</span> <span class='ocrx_word' id='word_1_169' title='bbox 1937 2067 2085 2154; x_wconf 88' lang='lat' dir='ltr'>ipse</span> <span class='ocrx_word' id='word_1_170' title='bbox 2147 2086 2317 2154; x_wconf 91' lang='lat' dir='ltr'>pene</span> <span class='ocrx_word' id='word_1_171' title='bbox 2367 2062 2437 2132; x_wconf 91' lang='lat' dir='ltr'>in</span> <span class='ocrx_word' id='word_1_172' title='bbox 2485 2064 2754 2134; x_wconf 89' lang='lat' dir='ltr'>cunctis</span> 
     </span>
     <span class='ocr_line' id='line_1_22' title="bbox 249 2154 2324 2249; baseline -0.002 -24"><span class='ocrx_word' id='word_1_173' title='bbox 249 2161 715 2238; x_wconf 84' lang='lat' dir='ltr'>auctoritatem,</span> <span class='ocrx_word' id='word_1_174' title='bbox 758 2163 935 2248; x_wconf 76' lang='lat' dir='ltr'>Papa</span> <span class='ocrx_word' id='word_1_175' title='bbox 984 2160 1335 2249; x_wconf 86' lang='lat' dir='ltr'>largiente,</span> <span class='ocrx_word' id='word_1_176' title='bbox 1376 2168 1655 2227; x_wconf 88' lang='lat' dir='ltr'>secutus</span> <span class='ocrx_word' id='word_1_177' title='bbox 1691 2177 1871 2234; x_wconf 90' lang='lat' dir='ltr'>sum,</span> <span class='ocrx_word' id='word_1_178' title='bbox 1916 2154 2324 2223; x_wconf 90' lang='lat' dir='ltr'>transmitto.</span> 
     </span>
    </p>

    <p class='ocr_par' dir='ltr' id='par_1_3' title="bbox 223 2240 2756 4382">
     <span class='ocr_line' id='line_1_23' title="bbox 318 2240 2751 2341; baseline -0.005 -19"><span class='ocrx_word' id='word_1_179' title='bbox 318 2249 345 2332; x_wconf 72' lang='grc' dir='ltr'><strong>ἓ</strong></span> <span class='ocrx_word' id='word_1_180' title='bbox 395 2256 540 2322; x_wconf 74' lang='lat'>15.</span> <span class='ocrx_word' id='word_1_181' title='bbox 603 2254 947 2316; x_wconf 88' lang='lat' dir='ltr'>Praeterea</span> <span class='ocrx_word' id='word_1_182' title='bbox 1011 2270 1170 2316; x_wconf 89' lang='lat' dir='ltr'>cum</span> <span class='ocrx_word' id='word_1_183' title='bbox 1243 2247 1684 2316; x_wconf 82' lang='lat' dir='ltr'>Arrianorum</span> <span class='ocrx_word' id='word_1_184' title='bbox 1750 2242 2043 2311; x_wconf 86' lang='lat' dir='ltr'>Basilica</span> <span class='ocrx_word' id='word_1_185' title='bbox 2107 2241 2176 2308; x_wconf 92' lang='lat' dir='ltr'>in</span> <span class='ocrx_word' id='word_1_186' title='bbox 2228 2241 2505 2341; x_wconf 85' lang='lat' dir='ltr'>regione</span> <span class='ocrx_word' id='word_1_187' title='bbox 2550 2240 2751 2310; x_wconf 89' lang='lat' dir='ltr'>urbis</span> 
     </span>
     <span class='ocr_line' id='line_1_24' title="bbox 243 2329 2756 2425; baseline -0.002 -24"><span class='ocrx_word' id='word_1_188' title='bbox 243 2331 417 2421; x_wconf 85' lang='lat' dir='ltr'>hujus</span> <span class='ocrx_word' id='word_1_189' title='bbox 448 2358 636 2425; x_wconf 85' lang='lat' dir='ltr'>quae</span> <span class='ocrx_word' id='word_1_190' title='bbox 686 2337 992 2405; x_wconf 89' lang='lat' dir='ltr'>Suburra</span> <span class='ocrx_word' id='word_1_191' title='bbox 1039 2336 1316 2414; x_wconf 88' lang='lat' dir='ltr'>dicitur,</span> <span class='ocrx_word' id='word_1_192' title='bbox 1369 2334 1608 2402; x_wconf 87' lang='lat' dir='ltr'>clausa</span> <span class='ocrx_word' id='word_1_193' title='bbox 1655 2354 1875 2418; x_wconf 91' lang='lat' dir='ltr'>usque</span> <span class='ocrx_word' id='word_1_194' title='bbox 1924 2331 2009 2399; x_wconf 92' lang='lat' dir='ltr'>ad</span> <span class='ocrx_word' id='word_1_195' title='bbox 2061 2330 2361 2420; x_wconf 78' lang='lat' dir='ltr'>Gregorii</span> <span class='ocrx_word' id='word_1_196' title='bbox 2400 2329 2756 2398; x_wconf 79' lang='lat' dir='ltr'>Pontifica-</span> 
     </span>
     <span class='ocr_line' id='line_1_25' title="bbox 243 2418 2754 2516; baseline -0.002 -26"><span class='ocrx_word' id='word_1_197' title='bbox 243 2433 331 2492; x_wconf 86' lang='lat' dir='ltr'>tus</span> <span class='ocrx_word' id='word_1_198' title='bbox 364 2437 676 2516; x_wconf 85' lang='lat' dir='ltr'>tempora</span> <span class='ocrx_word' id='word_1_199' title='bbox 724 2425 1185 2505; x_wconf 86' lang='lat' dir='ltr'>remansisset,</span> <span class='ocrx_word' id='word_1_200' title='bbox 1254 2423 1514 2515; x_wconf 89' lang='lat' dir='ltr'>placuit</span> <span class='ocrx_word' id='word_1_201' title='bbox 1561 2421 1647 2502; x_wconf 90' lang='lat' dir='ltr'>ei,</span> <span class='ocrx_word' id='word_1_202' title='bbox 1688 2434 1762 2490; x_wconf 90' lang='lat' dir='ltr'>ut</span> <span class='ocrx_word' id='word_1_203' title='bbox 1808 2421 1879 2489; x_wconf 90' lang='lat' dir='ltr'>in</span> <span class='ocrx_word' id='word_1_204' title='bbox 1931 2419 2065 2489; x_wconf 84' lang='lat' dir='ltr'>fide</span> <span class='ocrx_word' id='word_1_205' title='bbox 2116 2418 2481 2498; x_wconf 86' lang='lat' dir='ltr'>Catholica,</span> <span class='ocrx_word' id='word_1_206' title='bbox 2542 2419 2754 2487; x_wconf 89' lang='lat' dir='ltr'>intro-</span> 
     </span>
     <span class='ocr_line' id='line_1_26' title="bbox 237 2506 2752 2601; baseline -0.002 -22"><span class='ocrx_word' id='word_1_207' title='bbox 237 2509 433 2584; x_wconf 84' lang='lat' dir='ltr'>ductis</span> <span class='ocrx_word' id='word_1_208' title='bbox 489 2515 665 2583; x_wconf 89' lang='lat' dir='ltr'>illuc</span> <span class='ocrx_word' id='word_1_209' title='bbox 714 2515 892 2582; x_wconf 91' lang='lat' dir='ltr'>beati</span> <span class='ocrx_word' id='word_1_210' title='bbox 951 2513 1331 2583; x_wconf 90' lang='lat' dir='ltr'>Sebastiani</span> <span class='ocrx_word' id='word_1_211' title='bbox 1382 2526 1444 2581; x_wconf 92' lang='lat' dir='ltr'>et</span> <span class='ocrx_word' id='word_1_212' title='bbox 1501 2525 1777 2581; x_wconf 88' lang='lat' dir='ltr'>sanctae</span> <span class='ocrx_word' id='word_1_213' title='bbox 1826 2509 2122 2601; x_wconf 81' lang='lat' dir='ltr'>Agathae</span> <span class='ocrx_word' id='word_1_214' title='bbox 2174 2520 2556 2597; x_wconf 74' lang='lat' dir='ltr'>martyrum</span> <span class='ocrx_word' id='word_1_215' title='bbox 2593 2506 2752 2576; x_wconf 91' lang='lat' dir='ltr'>reli-</span> 
     </span>
     <span class='ocr_line' id='line_1_27' title="bbox 235 2600 2756 2689; baseline -0.002 -20"><span class='ocrx_word' id='word_1_216' title='bbox 235 2604 416 2687; x_wconf 86' lang='lat' dir='ltr'>quiis.</span> <span class='ocrx_word' id='word_1_217' title='bbox 472 2602 781 2673; x_wconf 88' lang='lat' dir='ltr'>dedicari</span> <span class='ocrx_word' id='word_1_218' title='bbox 835 2602 1218 2673; x_wconf 90' lang='lat' dir='ltr'>debuisset:</span> <span class='ocrx_word' id='word_1_219' title='bbox 1286 2602 1468 2689; x_wconf 90' lang='lat' dir='ltr'>quod</span> <span class='ocrx_word' id='word_1_220' title='bbox 1533 2600 1788 2671; x_wconf 88' lang='lat' dir='ltr'>sactum</span> <span class='ocrx_word' id='word_1_221' title='bbox 1861 2610 1984 2668; x_wconf 84' lang='lat' dir='ltr'>est.</span> <span class='ocrx_word' id='word_1_222' title='bbox 2056 2602 2222 2666; x_wconf 85' lang='lat' dir='ltr'>Nam</span> <span class='ocrx_word' id='word_1_223' title='bbox 2280 2619 2438 2665; x_wconf 90' lang='lat' dir='ltr'>cum</span> <span class='ocrx_word' id='word_1_224' title='bbox 2502 2616 2756 2684; x_wconf 89' lang='lat' dir='ltr'>magna</span> 
     </span>
     <span class='ocr_line' id='line_1_28' title="bbox 236 2683 2755 2782; baseline -0.004 -20"><span class='ocrx_word' id='word_1_225' title='bbox 236 2693 449 2782; x_wconf 87' lang='lat' dir='ltr'>populi</span> <span class='ocrx_word' id='word_1_226' title='bbox 492 2691 940 2761; x_wconf 90' lang='lat' dir='ltr'>multitudine</span> <span class='ocrx_word' id='word_1_227' title='bbox 989 2691 1356 2781; x_wconf 86' lang='lat' dir='ltr'>Gregorius</span> <span class='ocrx_word' id='word_1_228' title='bbox 1398 2690 1637 2759; x_wconf 86' lang='lat' dir='ltr'>laudes</span> <span class='ocrx_word' id='word_1_229' title='bbox 1685 2688 1995 2758; x_wconf 91' lang='lat' dir='ltr'>canendo</span> <span class='ocrx_word' id='word_1_230' title='bbox 2092 2684 2470 2764; x_wconf 51' lang='lat' dir='ltr'>ervenien&amp;</span> <span class='ocrx_word' id='word_1_231' title='bbox 2518 2683 2755 2752; x_wconf 89' lang='lat' dir='ltr'>Basili-</span> 
     </span>
     <span class='ocr_line' id='line_1_29' title="bbox 231 2771 2752 2872; baseline -0.002 -27"><span class='ocrx_word' id='word_1_232' title='bbox 231 2799 361 2848; x_wconf 88' lang='lat' dir='ltr'>cam</span> <span class='ocrx_word' id='word_1_233' title='bbox 422 2779 803 2872; x_wconf 87' lang='lat' dir='ltr'>praefatam</span> <span class='ocrx_word' id='word_1_234' title='bbox 855 2780 1212 2869; x_wconf 88' lang='lat' dir='ltr'>ingressus</span> <span class='ocrx_word' id='word_1_235' title='bbox 1259 2792 1382 2849; x_wconf 89' lang='lat' dir='ltr'>est.</span> <span class='ocrx_word' id='word_1_236' title='bbox 1444 2784 1749 2865; x_wconf 82' lang='lat' dir='ltr'>Cumque</span> <span class='ocrx_word' id='word_1_237' title='bbox 1799 2798 2038 2845; x_wconf 87' lang='lat' dir='ltr'>venera</span> <span class='ocrx_word' id='word_1_238' title='bbox 2095 2774 2207 2844; x_wconf 90' lang='lat' dir='ltr'>ilis</span> <span class='ocrx_word' id='word_1_239' title='bbox 2262 2771 2567 2842; x_wconf 83' lang='lat' dir='ltr'>Pontifex</span> <span class='ocrx_word' id='word_1_240' title='bbox 2604 2772 2752 2861; x_wconf 90' lang='lat' dir='ltr'>jam</span> 
     </span>
     <span class='ocr_line' id='line_1_30' title="bbox 231 2862 2751 2957; baseline -0.001 -24"><span class='ocrx_word' id='word_1_241' title='bbox 231 2869 581 2938; x_wconf 73' lang='lat' dir='ltr'>Missurum</span> <span class='ocrx_word' id='word_1_242' title='bbox 616 2868 950 2939; x_wconf 90' lang='lat' dir='ltr'>solemnia</span> <span class='ocrx_word' id='word_1_243' title='bbox 997 2868 1390 2949; x_wconf 83' lang='lat' dir='ltr'>celebraret,</span> <span class='ocrx_word' id='word_1_244' title='bbox 1445 2891 1523 2936; x_wconf 87' lang='lat' dir='ltr'>ac</span> <span class='ocrx_word' id='word_1_245' title='bbox 1559 2880 1835 2957; x_wconf 90' lang='lat' dir='ltr'>propter</span> <span class='ocrx_word' id='word_1_246' title='bbox 1880 2864 2189 2950; x_wconf 85' lang='lat' dir='ltr'>ejusdem</span> <span class='ocrx_word' id='word_1_247' title='bbox 2222 2862 2352 2931; x_wconf 92' lang='lat' dir='ltr'>loci</span> <span class='ocrx_word' id='word_1_248' title='bbox 2392 2862 2751 2951; x_wconf 85' lang='lat' dir='ltr'>angustias</span> 
     </span>
     <span class='ocr_line' id='line_1_31' title="bbox 231 2949 2752 3047; baseline -0.004 -21"><span class='ocrx_word' id='word_1_249' title='bbox 231 2959 447 3046; x_wconf 87' lang='lat' dir='ltr'>populi</span> <span class='ocrx_word' id='word_1_250' title='bbox 499 2980 577 3027; x_wconf 87' lang='lat' dir='ltr'>se</span> <span class='ocrx_word' id='word_1_251' title='bbox 627 2958 826 3026; x_wconf 89' lang='lat' dir='ltr'>turba</span> <span class='ocrx_word' id='word_1_252' title='bbox 872 2958 1377 3047; x_wconf 77' lang='lat' dir='ltr'>comprimeret,</span> <span class='ocrx_word' id='word_1_253' title='bbox 1430 2956 1715 3043; x_wconf 88' lang='lat' dir='ltr'>quidam</span> <span class='ocrx_word' id='word_1_254' title='bbox 1755 2978 1835 3023; x_wconf 80' lang='lat' dir='ltr'>ex</span> <span class='ocrx_word' id='word_1_255' title='bbox 1861 2954 1969 3022; x_wconf 92' lang='lat' dir='ltr'>his</span> <span class='ocrx_word' id='word_1_256' title='bbox 1998 2952 2116 3039; x_wconf 88' lang='lat' dir='ltr'>qui</span> <span class='ocrx_word' id='word_1_257' title='bbox 2153 2964 2336 3020; x_wconf 84' lang='lat' dir='ltr'>extra</span> <span class='ocrx_word' id='word_1_258' title='bbox 2369 2949 2752 3019; x_wconf 89' lang='lat' dir='ltr'>sacrarium</span> 
     </span>
     <span class='ocr_line' id='line_1_32' title="bbox 225 3039 2755 3135; baseline -0.002 -24"><span class='ocrx_word' id='word_1_259' title='bbox 225 3047 505 3126; x_wconf 86' lang='lat' dir='ltr'>stabant,</span> <span class='ocrx_word' id='word_1_260' title='bbox 565 3068 852 3135; x_wconf 88' lang='lat' dir='ltr'>porcum</span> <span class='ocrx_word' id='word_1_261' title='bbox 903 3047 1130 3116; x_wconf 88' lang='lat' dir='ltr'>subito</span> <span class='ocrx_word' id='word_1_262' title='bbox 1179 3047 1356 3115; x_wconf 90' lang='lat' dir='ltr'>inter</span> <span class='ocrx_word' id='word_1_263' title='bbox 1403 3067 1567 3114; x_wconf 91' lang='lat' dir='ltr'>suos</span> <span class='ocrx_word' id='word_1_264' title='bbox 1603 3044 1810 3133; x_wconf 90' lang='lat' dir='ltr'>pedes</span> <span class='ocrx_word' id='word_1_265' title='bbox 1858 3044 1994 3112; x_wconf 90' lang='lat' dir='ltr'>huc</span> <span class='ocrx_word' id='word_1_266' title='bbox 2027 3040 2334 3127; x_wconf 91' lang='lat' dir='ltr'>illucque</span> <span class='ocrx_word' id='word_1_267' title='bbox 2367 3039 2755 3108; x_wconf 87' lang='lat' dir='ltr'>discurrere</span> 
     </span>
     <span class='ocr_line' id='line_1_33' title="bbox 228 3127 2756 3221; baseline -0.003 -20"><span class='ocrx_word' id='word_1_268' title='bbox 228 3149 603 3204; x_wconf 86' lang='lat' dir='ltr'>senserunt.</span> <span class='ocrx_word' id='word_1_269' title='bbox 646 3140 860 3217; x_wconf 86' lang='lat' dir='ltr'>Quem</span> <span class='ocrx_word' id='word_1_270' title='bbox 909 3136 1074 3205; x_wconf 90' lang='lat' dir='ltr'>dum</span> <span class='ocrx_word' id='word_1_271' title='bbox 1127 3135 1608 3221; x_wconf 88' lang='lat' dir='ltr'>unusquisque</span> <span class='ocrx_word' id='word_1_272' title='bbox 1656 3132 1958 3211; x_wconf 88' lang='lat' dir='ltr'>sentiret,</span> <span class='ocrx_word' id='word_1_273' title='bbox 1996 3131 2278 3220; x_wconf 84' lang='lat' dir='ltr'>etjuxta</span> <span class='ocrx_word' id='word_1_274' title='bbox 2308 3152 2380 3197; x_wconf 92' lang='lat' dir='ltr'>se</span> <span class='ocrx_word' id='word_1_275' title='bbox 2410 3127 2756 3196; x_wconf 88' lang='lat' dir='ltr'>stantibus</span> 
     </span>
     <span class='ocr_line' id='line_1_34' title="bbox 224 3219 2752 3324; baseline -0.001 -37"><span class='ocrx_word' id='word_1_276' title='bbox 224 3220 575 3301; x_wconf 87' lang='lat' dir='ltr'>indicaret,</span> <span class='ocrx_word' id='word_1_277' title='bbox 616 3223 796 3292; x_wconf 89' lang='lat' dir='ltr'>idem</span> <span class='ocrx_word' id='word_1_278' title='bbox 837 3246 1088 3324; x_wconf 89' lang='lat' dir='ltr'>porcus</span> <span class='ocrx_word' id='word_1_279' title='bbox 1133 3223 1459 3293; x_wconf 88' lang='lat' dir='ltr'>ecclesiae</span> <span class='ocrx_word' id='word_1_280' title='bbox 1481 3223 1738 3311; x_wconf 88' lang='lat' dir='ltr'>januas</span> <span class='ocrx_word' id='word_1_281' title='bbox 1779 3219 1991 3310; x_wconf 89' lang='lat' dir='ltr'>petiit,</span> <span class='ocrx_word' id='word_1_282' title='bbox 2030 3231 2094 3287; x_wconf 90' lang='lat' dir='ltr'>et</span> <span class='ocrx_word' id='word_1_283' title='bbox 2125 3239 2386 3296; x_wconf 82' lang='lat' dir='ltr'>omneS,</span> <span class='ocrx_word' id='word_1_284' title='bbox 2426 3237 2546 3305; x_wconf 89' lang='lat' dir='ltr'>per</span> <span class='ocrx_word' id='word_1_285' title='bbox 2576 3237 2752 3302; x_wconf 88' lang='lat' dir='ltr'>quos</span> 
     </span>
     <span class='ocr_line' id='line_1_35' title="bbox 227 3305 2753 3396; baseline -0.003 -18"><span class='ocrx_word' id='word_1_286' title='bbox 227 3314 507 3389; x_wconf 89' lang='lat' dir='ltr'>transiit,</span> <span class='ocrx_word' id='word_1_287' title='bbox 548 3313 615 3380; x_wconf 94' lang='lat' dir='ltr'>in</span> <span class='ocrx_word' id='word_1_288' title='bbox 668 3312 1189 3381; x_wconf 79' lang='lat' dir='ltr'>admirationem</span> <span class='ocrx_word' id='word_1_289' title='bbox 1222 3311 1574 3381; x_wconf 90' lang='lat' dir='ltr'>convertit.</span> <span class='ocrx_word' id='word_1_290' title='bbox 1612 3309 1735 3380; x_wconf 87' lang='lat' dir='ltr'>Sed</span> <span class='ocrx_word' id='word_1_291' title='bbox 1775 3309 1987 3377; x_wconf 90' lang='lat' dir='ltr'>videri</span> <span class='ocrx_word' id='word_1_292' title='bbox 2019 3306 2191 3375; x_wconf 88' lang='lat' dir='ltr'>nihil</span> <span class='ocrx_word' id='word_1_293' title='bbox 2228 3305 2466 3396; x_wconf 89' lang='lat' dir='ltr'>potuit,</span> <span class='ocrx_word' id='word_1_294' title='bbox 2502 3325 2753 3389; x_wconf 90' lang='lat' dir='ltr'>quam-</span> 
     </span>
     <span class='ocr_line' id='line_1_36' title="bbox 226 3394 2754 3497; baseline -0.003 -31"><span class='ocrx_word' id='word_1_295' title='bbox 226 3400 318 3469; x_wconf 88' lang='lat' dir='ltr'>vis</span> <span class='ocrx_word' id='word_1_296' title='bbox 364 3402 605 3471; x_wconf 89' lang='lat' dir='ltr'>sentiri</span> <span class='ocrx_word' id='word_1_297' title='bbox 653 3402 1005 3491; x_wconf 88' lang='lat' dir='ltr'>potuisset.</span> <span class='ocrx_word' id='word_1_298' title='bbox 1047 3401 1236 3483; x_wconf 90' lang='lat' dir='ltr'>Quod</span> <span class='ocrx_word' id='word_1_299' title='bbox 1267 3400 1524 3470; x_wconf 91' lang='lat' dir='ltr'>idcirco</span> <span class='ocrx_word' id='word_1_300' title='bbox 1570 3398 1805 3467; x_wconf 89' lang='lat' dir='ltr'>divina</span> <span class='ocrx_word' id='word_1_301' title='bbox 1853 3398 2070 3497; x_wconf 87' lang='lat' dir='ltr'>pietas</span> <span class='ocrx_word' id='word_1_302' title='bbox 2116 3394 2435 3474; x_wconf 90' lang='lat' dir='ltr'>ostendit,</span> <span class='ocrx_word' id='word_1_303' title='bbox 2471 3403 2547 3462; x_wconf 87' lang='lat' dir='ltr'>ut</span> <span class='ocrx_word' id='word_1_304' title='bbox 2581 3413 2754 3492; x_wconf 75' lang='lat' dir='ltr'>cun-</span> 
     </span>
     <span class='ocr_line' id='line_1_37' title="bbox 224 3486 2749 3580; baseline -0.004 -24"><span class='ocrx_word' id='word_1_305' title='bbox 224 3489 344 3560; x_wconf 88' lang='lat' dir='ltr'>ctis</span> <span class='ocrx_word' id='word_1_306' title='bbox 392 3504 786 3580; x_wconf 86' lang='lat' dir='ltr'>patesceret,</span> <span class='ocrx_word' id='word_1_307' title='bbox 838 3491 1003 3577; x_wconf 91' lang='lat' dir='ltr'>quia</span> <span class='ocrx_word' id='word_1_308' title='bbox 1052 3490 1361 3559; x_wconf 90' lang='lat' dir='ltr'>veniente</span> <span class='ocrx_word' id='word_1_309' title='bbox 1408 3511 1566 3557; x_wconf 89' lang='lat' dir='ltr'>cum</span> <span class='ocrx_word' id='word_1_310' title='bbox 1621 3486 1932 3574; x_wconf 82' lang='lat' dir='ltr'>reliqulis</span> <span class='ocrx_word' id='word_1_311' title='bbox 1972 3497 2368 3555; x_wconf 91' lang='lat' dir='ltr'>sanctorum</span> <span class='ocrx_word' id='word_1_312' title='bbox 2399 3486 2749 3571; x_wconf 80' lang='lat' dir='ltr'>Gregorio,</span> 
     </span>
     <span class='ocr_line' id='line_1_38' title="bbox 225 3569 2745 3650; baseline -0.003 -5"><span class='ocrx_word' id='word_1_313' title='bbox 225 3575 302 3647; x_wconf 91' lang='lat' dir='ltr'>de</span> <span class='ocrx_word' id='word_1_314' title='bbox 344 3578 493 3650; x_wconf 90' lang='lat' dir='ltr'>loco</span> <span class='ocrx_word' id='word_1_315' title='bbox 540 3579 780 3648; x_wconf 91' lang='lat' dir='ltr'>eodem</span> <span class='ocrx_word' id='word_1_316' title='bbox 829 3579 1235 3648; x_wconf 89' lang='lat' dir='ltr'>immundus</span> <span class='ocrx_word' id='word_1_317' title='bbox 1283 3578 1622 3648; x_wconf 87' lang='lat' dir='ltr'>habitator</span> <span class='ocrx_word' id='word_1_318' title='bbox 1650 3576 1860 3645; x_wconf 76' lang='lat' dir='ltr'>exiret</span> <span class='ocrx_word' id='word_1_319' title='bbox 1904 3575 1961 3642; x_wconf 51' lang='grc' dir='ltr'>*ἢ</span> <span class='ocrx_word' id='word_1_320' title='bbox 2015 3571 2343 3641; x_wconf 89' lang='lat' dir='ltr'>Peractai</span> <span class='ocrx_word' id='word_1_321' title='bbox 2401 3571 2536 3640; x_wconf 89' lang='lat' dir='ltr'>itur</span> <span class='ocrx_word' id='word_1_322' title='bbox 2586 3569 2745 3637; x_wconf 86' lang='lat' dir='ltr'>Mis·</span> 
     </span>
     <span class='ocr_line' id='line_1_39' title="bbox 225 3660 2753 3757; baseline -0.003 -23"><span class='ocrx_word' id='word_1_323' title='bbox 225 3686 449 3737; x_wconf 84' lang='lat' dir='ltr'>sarum</span> <span class='ocrx_word' id='word_1_324' title='bbox 500 3667 976 3749; x_wconf 89' lang='lat' dir='ltr'>celebratione,</span> <span class='ocrx_word' id='word_1_325' title='bbox 1033 3673 1210 3757; x_wconf 88' lang='lat' dir='ltr'>Papa</span> <span class='ocrx_word' id='word_1_326' title='bbox 1259 3689 1416 3737; x_wconf 92' lang='lat' dir='ltr'>cum</span> <span class='ocrx_word' id='word_1_327' title='bbox 1517 3665 1665 3735; x_wconf 91' lang='lat' dir='ltr'>lebe</span> <span class='ocrx_word' id='word_1_328' title='bbox 1712 3663 2011 3734; x_wconf 88' lang='lat' dir='ltr'>recessit.</span> <span class='ocrx_word' id='word_1_329' title='bbox 2084 3661 2207 3731; x_wconf 91' lang='lat' dir='ltr'>Sed</span> <span class='ocrx_word' id='word_1_330' title='bbox 2277 3660 2358 3729; x_wconf 92' lang='lat' dir='ltr'>ad</span> <span class='ocrx_word' id='word_1_331' title='bbox 2412 3682 2505 3728; x_wconf 84' lang='lat' dir='ltr'>uc</span> <span class='ocrx_word' id='word_1_332' title='bbox 2555 3668 2753 3727; x_wconf 88' lang='lat' dir='ltr'>nocte</span> 
     </span>
     <span class='ocr_line' id='line_1_40' title="bbox 228 3747 2747 3847; baseline -0.003 -25"><span class='ocrx_word' id='word_1_333' title='bbox 228 3756 454 3825; x_wconf 75' lang='lat' dir='ltr'>eadem</span> <span class='ocrx_word' id='word_1_334' title='bbox 506 3778 805 3847; x_wconf 86' lang='lat' dir='ltr'>magnus</span> <span class='ocrx_word' id='word_1_335' title='bbox 872 3756 939 3824; x_wconf 93' lang='lat' dir='ltr'>in</span> <span class='ocrx_word' id='word_1_336' title='bbox 990 3755 1299 3845; x_wconf 82' lang='lat' dir='ltr'>ejusdem</span> <span class='ocrx_word' id='word_1_337' title='bbox 1348 3778 1464 3825; x_wconf 87' lang='lat' dir='ltr'>ecc</span> <span class='ocrx_word' id='word_1_338' title='bbox 1494 3755 1675 3825; x_wconf 90' lang='lat' dir='ltr'>esiae</span> <span class='ocrx_word' id='word_1_339' title='bbox 1733 3752 1924 3822; x_wconf 88' lang='lat' dir='ltr'>tectis</span> <span class='ocrx_word' id='word_1_340' title='bbox 1971 3750 2296 3841; x_wconf 89' lang='lat' dir='ltr'>strepitus</span> <span class='ocrx_word' id='word_1_341' title='bbox 2346 3747 2565 3817; x_wconf 89' lang='lat' dir='ltr'>factus</span> <span class='ocrx_word' id='word_1_342' title='bbox 2622 3759 2747 3827; x_wconf 87' lang='lat' dir='ltr'>est,</span> 
     </span>
     <span class='ocr_line' id='line_1_41' title="bbox 223 3839 2754 3932; baseline -0.002 -23"><span class='ocrx_word' id='word_1_343' title='bbox 223 3845 358 3913; x_wconf 84' lang='lat' dir='ltr'>acsi</span> <span class='ocrx_word' id='word_1_344' title='bbox 406 3846 475 3913; x_wconf 90' lang='lat' dir='ltr'>in</span> <span class='ocrx_word' id='word_1_345' title='bbox 529 3868 608 3915; x_wconf 91' lang='lat' dir='ltr'>ea</span> <span class='ocrx_word' id='word_1_346' title='bbox 655 3844 907 3932; x_wconf 91' lang='lat' dir='ltr'>aliquis</span> <span class='ocrx_word' id='word_1_347' title='bbox 938 3845 1232 3915; x_wconf 89' lang='lat' dir='ltr'>errando</span> <span class='ocrx_word' id='word_1_348' title='bbox 1262 3845 1699 3914; x_wconf 88' lang='lat' dir='ltr'>discurreret.</span> <span class='ocrx_word' id='word_1_349' title='bbox 1738 3839 2058 3928; x_wconf 89' lang='lat' dir='ltr'>Sequenti</span> <span class='ocrx_word' id='word_1_350' title='bbox 2099 3851 2325 3907; x_wconf 92' lang='lat' dir='ltr'>autem</span> <span class='ocrx_word' id='word_1_351' title='bbox 2368 3849 2562 3905; x_wconf 89' lang='lat' dir='ltr'>nocte</span> <span class='ocrx_word' id='word_1_352' title='bbox 2595 3857 2754 3926; x_wconf 88' lang='lat' dir='ltr'>gra-</span> 
     </span>
     <span class='ocr_line' id='line_1_42' title="bbox 229 3925 2753 4005; baseline -0.003 -6"><span class='ocrx_word' id='word_1_353' title='bbox 229 3932 361 4000; x_wconf 84' lang='lat' dir='ltr'>vior</span> <span class='ocrx_word' id='word_1_354' title='bbox 406 3934 675 4004; x_wconf 88' lang='lat' dir='ltr'>sonitus</span> <span class='ocrx_word' id='word_1_355' title='bbox 721 3935 1033 4005; x_wconf 86' lang='lat' dir='ltr'>excrevit.</span> <span class='ocrx_word' id='word_1_356' title='bbox 1068 3957 1226 4005; x_wconf 88' lang='lat' dir='ltr'>cum</span> <span class='ocrx_word' id='word_1_357' title='bbox 1280 3933 1506 4005; x_wconf 89' lang='lat' dir='ltr'>subito</span> <span class='ocrx_word' id='word_1_358' title='bbox 1539 3944 1768 4001; x_wconf 88' lang='lat' dir='ltr'>tantus</span> <span class='ocrx_word' id='word_1_359' title='bbox 1816 3942 2032 3999; x_wconf 87' lang='lat' dir='ltr'>terror</span> <span class='ocrx_word' id='word_1_360' title='bbox 2067 3925 2397 4001; x_wconf 88' lang='lat' dir='ltr'>insonuit,</span> <span class='ocrx_word' id='word_1_361' title='bbox 2428 3925 2572 3994; x_wconf 87' lang='lat' dir='ltr'>acsi</span> <span class='ocrx_word' id='word_1_362' title='bbox 2602 3946 2753 3992; x_wconf 92' lang='lat' dir='ltr'>om-</span> 
     </span>
     <span class='ocr_line' id='line_1_43' title="bbox 232 4013 2756 4114; baseline -0.003 -27"><span class='ocrx_word' id='word_1_363' title='bbox 232 4018 328 4088; x_wconf 88' lang='lat' dir='ltr'>nis</span> <span class='ocrx_word' id='word_1_364' title='bbox 375 4022 497 4092; x_wconf 90' lang='lat' dir='ltr'>illa</span> <span class='ocrx_word' id='word_1_365' title='bbox 565 4022 852 4094; x_wconf 90' lang='lat' dir='ltr'>ecclesia</span> <span class='ocrx_word' id='word_1_366' title='bbox 897 4046 939 4094; x_wconf 91' lang='lat' dir='ltr'>a</span> <span class='ocrx_word' id='word_1_367' title='bbox 981 4022 1451 4092; x_wconf 89' lang='lat' dir='ltr'>fundamentis</span> <span class='ocrx_word' id='word_1_368' title='bbox 1515 4020 1755 4090; x_wconf 87' lang='lat' dir='ltr'>fuisset</span> <span class='ocrx_word' id='word_1_369' title='bbox 1817 4039 2074 4087; x_wconf 87' lang='lat' dir='ltr'>eversa.</span> <span class='ocrx_word' id='word_1_370' title='bbox 2142 4021 2217 4083; x_wconf 88' lang='lat' dir='ltr'>Et</span> <span class='ocrx_word' id='word_1_371' title='bbox 2279 4013 2596 4114; x_wconf 78' lang='lat' dir='ltr'>protinus</span> <span class='ocrx_word' id='word_1_372' title='bbox 2646 4033 2756 4112; x_wconf 71' lang='lat' dir='ltr'>re-</span> 
     </span>
     <span class='ocr_line' id='line_1_44' title="bbox 231 4104 2746 4199; baseline -0.004 -23"><span class='ocrx_word' id='word_1_373' title='bbox 231 4111 440 4189; x_wconf 85' lang='lat' dir='ltr'>cessit,</span> <span class='ocrx_word' id='word_1_374' title='bbox 477 4135 558 4181; x_wconf 86' lang='lat' dir='ltr'>ac</span> <span class='ocrx_word' id='word_1_375' title='bbox 607 4112 801 4181; x_wconf 90' lang='lat' dir='ltr'>nulla</span> <span class='ocrx_word' id='word_1_376' title='bbox 849 4111 988 4182; x_wconf 92' lang='lat' dir='ltr'>illic</span> <span class='ocrx_word' id='word_1_377' title='bbox 1039 4112 1331 4182; x_wconf 90' lang='lat' dir='ltr'>ulterius</span> <span class='ocrx_word' id='word_1_378' title='bbox 1376 4108 1783 4198; x_wconf 90' lang='lat' dir='ltr'>inquietudo</span> <span class='ocrx_word' id='word_1_379' title='bbox 1824 4104 2091 4192; x_wconf 89' lang='lat' dir='ltr'>antiqui</span> <span class='ocrx_word' id='word_1_380' title='bbox 2133 4104 2349 4174; x_wconf 78' lang='lat' dir='ltr'>hostis</span> <span class='ocrx_word' id='word_1_381' title='bbox 2397 4110 2746 4199; x_wconf 65' lang='lat' dir='ltr'>apparuit.</span> 
     </span>
     <span class='ocr_line' id='line_1_45' title="bbox 235 4188 2753 4290; baseline -0.004 -23"><span class='ocrx_word' id='word_1_382' title='bbox 235 4198 346 4266; x_wconf 86' lang='lat' dir='ltr'>Sed</span> <span class='ocrx_word' id='word_1_383' title='bbox 378 4222 501 4290; x_wconf 90' lang='lat' dir='ltr'>per</span> <span class='ocrx_word' id='word_1_384' title='bbox 552 4201 827 4270; x_wconf 87' lang='lat' dir='ltr'>terroris</span> <span class='ocrx_word' id='word_1_385' title='bbox 874 4202 1197 4282; x_wconf 89' lang='lat' dir='ltr'>sonitum,</span> <span class='ocrx_word' id='word_1_386' title='bbox 1250 4220 1456 4287; x_wconf 89' lang='lat' dir='ltr'>quem</span> <span class='ocrx_word' id='word_1_387' title='bbox 1506 4197 1685 4277; x_wconf 87' lang='lat' dir='ltr'>fecit,</span> <span class='ocrx_word' id='word_1_388' title='bbox 1725 4195 2113 4274; x_wconf 87' lang='lat' dir='ltr'>innotuit‚a</span> <span class='ocrx_word' id='word_1_389' title='bbox 2151 4192 2325 4273; x_wconf 84' lang='lat' dir='ltr'>loco,</span> <span class='ocrx_word' id='word_1_390' title='bbox 2363 4211 2569 4278; x_wconf 90' lang='lat' dir='ltr'>quem</span> <span class='ocrx_word' id='word_1_391' title='bbox 2629 4188 2753 4256; x_wconf 81' lang='lat' dir='ltr'>diu</span> 
     </span>
     <span class='ocr_line' id='line_1_46' title="bbox 239 4280 2751 4382; baseline -0.003 -29"><span class='ocrx_word' id='word_1_392' title='bbox 239 4293 550 4372; x_wconf 83' lang='lat' dir='ltr'>tenuerat,</span> <span class='ocrx_word' id='word_1_393' title='bbox 620 4289 780 4378; x_wconf 90' lang='lat' dir='ltr'>quia</span> <span class='ocrx_word' id='word_1_394' title='bbox 851 4312 972 4382; x_wconf 90' lang='lat' dir='ltr'>per</span> <span class='ocrx_word' id='word_1_395' title='bbox 1034 4290 1533 4359; x_wconf 89' lang='lat' dir='ltr'>invocationem</span> <span class='ocrx_word' id='word_1_396' title='bbox 1599 4284 1905 4376; x_wconf 87' lang='lat' dir='ltr'>Gregorii</span> <span class='ocrx_word' id='word_1_397' title='bbox 1953 4293 2230 4353; x_wconf 86' lang='lat' dir='ltr'>coactus</span> <span class='ocrx_word' id='word_1_398' title='bbox 2289 4280 2538 4349; x_wconf 85' lang='lat' dir='ltr'>exibat.</span> <span class='ocrx_word' id='word_1_399' title='bbox 2596 4283 2751 4346; x_wconf 85' lang='lat' dir='ltr'>Post</span> 
     </span>
    </p>
   </div>
   <div class='ocr_carea' id='block_1_3' title="bbox 281 4406 1580 4464">
    <p class='ocr_par' dir='ltr' id='par_1_4' title="bbox 281 4406 1580 4464">
     <span class='ocr_line' id='line_1_47' title="bbox 281 4406 1580 4464; baseline 0.001 -14"><span class='ocrx_word' id='word_1_400' title='bbox 281 4406 304 4433; x_wconf 67' lang='lat'>⁸</span> <span class='ocrx_word' id='word_1_401' title='bbox 329 4411 550 4455; x_wconf 70' lang='lat' dir='ltr'>Portenta.</span> <span class='ocrx_word' id='word_1_402' title='bbox 567 4414 688 4455; x_wconf 80' lang='lat' dir='ltr'>nunt</span> <span class='ocrx_word' id='word_1_403' title='bbox 705 4415 756 4456; x_wconf 79' lang='lat' dir='ltr'>tn</span> <span class='ocrx_word' id='word_1_404' title='bbox 772 4413 977 4455; x_wconf 64' lang='lat' dir='ltr'>Basilica</span> <span class='ocrx_word' id='word_1_405' title='bbox 996 4423 1024 4454; x_wconf 73' lang='grc' dir='ltr'>ι</span> <span class='ocrx_word' id='word_1_406' title='bbox 1047 4412 1273 4464; x_wconf 74' lang='lat' dir='ltr'>Gregorio</span> <span class='ocrx_word' id='word_1_407' title='bbox 1291 4409 1580 4455; x_wconf 58' lang='lat' dir='ltr'>consecrata·</span> 
     </span>
    </p>
   </div>
  </div>
 </body>
</html>
