3327 4999
681 315 811 386 274
1460 339 1541 386 nn
1587 339 1644 387 s.
1698 340 2059 394 aurnmsu
2108 340 2277 388 vnto.
2760 323 3007 390 MART.
3063 324 3145 390 ⁴3

594 423 957 494 «Christus
1002 422 1235 514 igitur,
1288 422 1405 494 cui
1451 423 1865 514 desponsata
1900 447 1997 508 es,
2032 425 2182 517 ipse
2219 437 2284 496 te
2327 434 2548 497 servet
2591 437 2659 495 et
2711 424 2998 517 dignam
3039 426 3141 496 fa-

591 515 729 584 ciat
775 513 1079 582 thalamo
1127 533 1277 581 suo.
1304 535 1340 579 »
1388 517 1467 582 Et
1512 513 1680 582 haec
1709 536 1871 584 cum
1919 515 2224 597 dixisset,
2264 514 2586 584 valedixit
2632 513 3031 585 Abbatissae
3077 528 3145 586 et

591 602 946 673 sororibus
992 600 1352 686 filiamque
1406 601 1844 685 deosculans,
1909 626 2186 694 egressa
2237 615 2375 684 est,
2442 614 2509 672 et
2557 624 2679 693 per
2726 605 3147 675 monasteria

586 691 1055 783 proficiscens,
1110 690 1499 779 praestabat
1530 690 2006 781 eleemosynas
2044 692 2494 849 pauperibus.
2527 698 2680 762 Jam
2709 692 2969 780 ubique
2993 693 3148 794 ejus

583 782 845 872 optima
884 778 1310 848 conversatio
1342 777 1530 869 apud
1580 800 1824 852 omnes
1872 781 2040 851 divu
2071 782 2387 871 gabatur,
2425 793 2492 850 et
2519 802 2733 867 quam
2772 780 3151 853 liberaliter

579 892 691 940 res
740 890 903 938 suas
949 866 1289 937 conferret
1335 868 1772 938 monasteriis
1837 882 1902 939 et
1966 869 2181 939 sacris
2231 869 2423 940 locis.
2480 869 2727 939 Paucis
2782 870 2947 939 inde
3008 871 3147 941 ela-

580 959 728 1050 psis
782 957 1054 1035 diebus,
1106 954 1467 1027 Abbatissa
1513 956 1708 1026 illam
1759 957 1848 1027 ad
1900 979 1972 1029 se
2017 958 2342 1039 evocavit,
2392 957 2699 1044 dixitque
2746 958 2809 1027 ei
2857 972 3144 1029 secreto:

581 1047 930 1117 «Domina
986 1066 1137 1114 mea
1186 1049 1284 1112 Eu
1339 1044 1595 1127 hrasia,
1649 1046 1869 1116 habeo
1921 1047 2106 1133 quod
2156 1046 2456 1116 indicem
2510 1047 2657 1128 tibi,
2719 1046 2836 1116 sed
2885 1070 3145 1135 quaeso

581 1159 671 1207 ne
704 1134 1151 1227 perturberis
1198 1133 1272 1201 Vi
1327 1133 1372 1214 i,
1406 1134 1622 1215 enim,
1658 1134 1732 1204 in
1780 1135 2047 1207 somnis
2094 1136 2511 1226 Antigonum
2556 1134 2881 1205 maritum
2934 1149 3138 1207 tuum

582 1225 656 1296 in
721 1245 976 1314 magna
1041 1221 1298 1312 gloria,
1362 1235 1719 1312 rogantem
1788 1224 2176 1306 Christum,
2244 1235 2321 1293 ut
2367 1224 2455 1293 ab
2504 1222 2633 1292 hac
2683 1224 2955 1294 mortali
3005 1225 3150 1296 vita

584 1311 1027 1384 transferaris
1082 1309 1168 1379 ad
1218 1309 1411 1380 illam
1467 1311 1983 1412 sempiternam,
2039 1312 2376 1400 liceatque
2433 1311 2558 1381 tibi
2604 1311 2931 1404 deinceps
2993 1335 3150 1385 esse

583 1425 744 1473 cum
796 1401 943 1481 illo,
997 1409 1064 1468 et
1111 1397 1249 1468 frui
1313 1402 1393 1468 ea
1458 1400 1718 1489 gloria,
1780 1423 1920 1488 qua
1987 1401 2137 1492 ipse
2197 1401 2452 1470 fruitur
2514 1402 2605 1471 ob
2671 1402 2914 1471 merita
2967 1402 3149 1473 vitae

587 1492 848 1582 optime
890 1499 1362 1559 transactae.»
1412 1492 1592 1558 Haec
1623 1489 1746 1558 ubi
1794 1490 2038 1559 didicit
2084 1489 2491 1581 Euphrasia,
2537 1489 2836 1559 multum
2885 1490 3148 1561 exhila-

583 1592 734 1651 rata
774 1590 898 1658 est,
936 1577 1197 1667 quippe
1245 1597 1423 1663 quae
1471 1589 1738 1667 optaret
1781 1600 1818 1647 e
1868 1579 2073 1649 rebus
2111 1578 2439 1648 humanis
2486 1577 2833 1661 exc-edere,
2886 1593 2953 1649 et
2995 1601 3168 1650 essev

585 1690 749 1739 cum
785 1666 1076 1736 Christo.
1114 1671 1261 1734 Mox
1294 1663 1507 1755 igitur
1554 1667 1923 1737 accersitae
1971 1667 2057 1735 ad
2109 1689 2180 1738 se
2225 1666 2410 1736 filiae
2456 1689 2622 1736 suae
2666 1666 2878 1738 dixit:
2934 1692 2969 1734 «
2999 1672 3136 1759 Ego

577 1757 728 1849 jam
777 1776 982 1825 vocor
1027 1777 1068 1822 a
1118 1753 1408 1834 ChristO,
1471 1754 1651 1823 sicut
1698 1756 1873 1825 mihi
1936 1755 2263 1825 indicavit
2318 1756 2602 1825 domina
2637 1756 3019 1837 Abbatissa‚
3072 1767 3139 1827 et

587 1867 805 1937 prope
852 1850 1046 1914 adest
1094 1841 1258 1912 finis
1291 1843 1469 1911 vitae
1502 1864 1717 1913 meae.
1756 1848 1991 1932 Itaque
2039 1846 2185 1926 tibi,
2245 1843 2387 1914 lilia
2435 1865 2610 1925 mea,
2648 1865 2890 1915 omnes
2930 1846 3146 1935 patris

586 1934 689 2004 tui
723 1946 789 2003 et
836 1954 1026 2002 meas
1073 1930 1436 2000 facultates
1484 1932 1677 2002 trado
1725 1931 1797 2001 in
1848 1955 2124 2015 manus,
2162 1955 2335 2021 quas
2376 1943 2453 2002 tu
2476 1934 2557 2002 ea
2590 1932 2838 2023 pietate
2864 1934 3146 2025 dispen-

586 2045 720 2103 seS,
758 2035 836 2091 ut
870 2019 1096 2113 possis
1129 2041 1279 2090 esse
1324 2041 1608 2090 consors
1657 2022 2096 2092 haereditatis
2136 2021 2616 2113 sempiternae.
2643 2045 2678 2089 »

671 2113 709 2199 ξ
777 2115 858 2183 S.
912 2109 1004 2180 Ad
1035 2109 1204 2178 haec
1234 2110 1640 2199 Euphrasia,
1690 2111 2024 2202 ingemuit
2048 2123 2114 2181 et
2143 2112 2348 2191 flevit,
2387 2109 2665 2181 dicens:
2721 2113 2902 2181 «Hei
2931 2111 3131 2195 mihi,

585 2201 751 2287 quia
801 2198 1166 2290 peregrina
1214 2220 1370 2268 sum
1420 2211 1486 2268 et
1532 2200 1917 2290 orphana.»
1968 2200 2139 2270 Dicit
2166 2200 2229 2269 ei
2259 2211 2474 2268 mater
2502 2200 2690 2289 eJus:
2746 2222 2780 2265 «
2808 2204 2974 2268 Cum
3015 2200 3143 2270 ha-

584 2290 752 2359 beas
802 2287 1172 2368 Christum,
1246 2308 1371 2356 nec
1434 2289 1801 2378 peregrina
1858 2311 1969 2370 eS,
2035 2310 2163 2358 nec
2222 2310 2299 2357 or
2354 2289 2556 2357 hana.
2621 2287 2850 2358 Matris
2907 2301 3143 2359 autem

587 2377 819 2447 officia
868 2376 1104 2447 omnia
1151 2395 1317 2533 erga
1364 2386 1426 2443 te
1463 2387 1529 2445 et
1583 2376 1815 2446 studia
1861 2387 2233 2464 exequetur
2328 2376 2559 2446 omina
2606 2376 2984 2447 Abbatissa.
3041 2383 3147 2448 Tu

579 2467 725 2560 jam
779 2465 1029 2538 festina
1077 2465 1221 2553 imp
1254 2484 1366 2533 ere
1413 2463 1594 2552 quod
1674 2464 1979 2556 pollicita
2041 2488 2138 2536 es.
2204 2471 2417 2535 Deum
2468 2464 2656 2547 time,
2707 2478 2772 2536 et
2820 2465 3146 2539 dominas

587 2578 856 2627 sorores
902 2575 1250 2636 venerare,
1289 2555 1594 2623 serviens
1641 2554 1743 2624 eis
1792 2576 1953 2623 cum
1993 2555 2184 2624 omni
2212 2554 2622 2624 humilitate.
2659 2559 2849 2636 Cave,
2895 2577 2983 2624 ne
3011 2579 3149 2626 un-

586 2667 797 2732 quam
847 2643 1104 2733 cogites
1153 2642 1223 2710 in
1260 2642 1495 2713 animo
1545 2655 1704 2712 tuo:
1759 2643 1969 2744 Regio
2016 2665 2171 2713 sum
2223 2656 2558 2734 prognata
2606 2643 2967 2734 sanguine,
3013 2667 3147 2715 nec

586 2755 699 2803 me
745 2733 896 2803 istis
945 2731 1200 2801 servire
1247 2752 1374 2831 par
1418 2743 1544 2801 est.
1604 2732 1710 2802 Sis
1758 2732 2035 2801 interim
2085 2754 2350 2823 pauper
2396 2732 2468 2800 in
2518 2732 2738 2812 terris,
2794 2744 2870 2801 ut
2915 2754 3147 2819 quan-

584 2823 809 2909 doque
854 2821 1044 2891 dives
1090 2818 1411 2889 efficiaris
1456 2820 1528 2889 in
1579 2821 1814 2890 coeliS.
1851 2821 2121 2907 Absque
2160 2821 2677 2890 intermissione
2725 2842 2890 2911 roga
2923 2827 3143 2892 Deum

638 2933 711 2980 ro
744 2931 852 2980 me
898 2920 963 2977 et
1010 2930 1134 2998 pro
1185 2920 1377 2998 patre
1426 2921 1565 2989 tu0,
1620 2920 1701 2979 ut
1746 2910 2183 2979 inveniamus
2232 2908 2779 2978 misericordiam
2814 2910 3002 3000 apud
3051 2910 3146 2979 il-

584 2933 758 3080 Pum,
824 3009 890 3067 et
936 2996 1022 3066 ab
1070 2996 1424 3086 gehennae
1487 2998 1855 3089 suppliciis
1904 3020 2273 3081 servemur.
2320 3020 2357 3064 »
2418 3002 2599 3066 Haec
2645 3020 2805 3067 cum
2860 3020 3143 3088 praece-

584 3087 798 3178 pisset
854 3085 1038 3155 filiae
1085 3107 1271 3167 suae,
1326 3087 1522 3156 tertio
1572 3098 1724 3178 post
1770 3086 1882 3155 die
1930 3086 2254 3156 defuncta
2289 3098 2412 3168 est,
2451 3097 2516 3155 et
2564 3086 2634 3156 in
2692 3086 2932 3155 eodem
2981 3110 3142 3156 mo-

584 3174 884 3246 nasterio
945 3174 1236 3265 sepulta.
1296 3181 1668 3263 Postquam
1727 3188 1958 3245 autem
2009 3175 2280 3245 rescivit
2327 3179 2709 3265 Imperator
2755 3174 2946 3244 illam
2998 3177 3140 3245 mi-

634 3286 820 3336 rasse
866 3264 953 3333 ad
1004 3264 1396 3345 Dominum,
1440 3267 1656 3334 accito
1689 3264 1776 3333 ad
1826 3286 1897 3334 se
1929 3264 2260 3346 Senatori,
2294 3264 2408 3333 cui
2436 3264 2587 3353 ejus
2617 3263 2963 3355 desponsa
2986 3279 3144 3337 erat

583 3287 753 3434 filia,
807 3353 902 3422 ait
948 3375 1100 3422 eam
1148 3353 1395 3444 degere
1442 3354 1512 3422 in
1564 3352 2006 3423 monasterio.
2064 3352 2188 3422 Ille
2234 3374 2391 3422 vero
2444 3353 2708 3442 rogavit
2756 3358 3146 3444 Imperato-

584 3463 755 3523 rem,
811 3452 891 3511 ut
941 3442 1168 3511 missis
1223 3442 1310 3511 ad
1367 3463 1520 3511 eam
1571 3441 1811 3519 literis,
1855 3441 2128 3529 juberet
2173 3463 2324 3510 eam
2374 3441 2606 3510 venire
2654 3442 3146 3513 Constantino-

587 3530 799 3621 polim
848 3541 914 3600 et
960 3530 1305 3600 celebrare
1335 3532 1636 3632 nuptias.
1679 3531 1804 3600 Ubi
1852 3542 2080 3599 autem
2131 3530 2576 3620 Imperatoris
2605 3529 2839 3600 literas
2869 3534 3149 3622 accepit

587 3619 991 3710 Euphrasia,
1028 3619 1192 3710 legit
1239 3642 1355 3701 eas
1404 3619 1659 3701 ridenS,
1699 3641 1994 3705 moxque
2041 3641 2169 3689 sua
2219 3640 2432 3689 manu
2481 3619 2670 3688 hunc
2720 3619 2790 3687 in
2842 3619 3142 3691 modum

584 3707 689 3777 illi
738 3708 1126 3798 rescripsit:
1181 3709 1519 3778 «Domine
1571 3713 1973 3798 Imperator,
2018 3708 2114 3776 ita
2172 3729 2257 3776 ne
2309 3707 2559 3778 suades
2606 3707 2901 3778 ancillae
2947 3721 3140 3793 tuae,

582 3807 662 3866 ut
706 3797 1065 3888 repudiato
1115 3798 1419 3879 Christ0,
1491 3796 1762 3866 homini
1817 3796 2255 3886 corruptibili
2320 3808 2385 3867 et
2446 3818 2650 3884 quern
2721 3796 2929 3887 paulo
2980 3812 3146 3889 post

582 3906 847 3956 vermes
893 3886 1118 3967 edent,
1154 3886 1575 3977 conjungar:
1627 3885 1751 3972 qui
1785 3885 1987 3955 hodie
2034 3897 2159 3966 est,
2215 3907 2370 3955 cras
2418 3907 2575 3956 vero
2613 3908 2964 3973 nusquam
3012 3908 3149 3978 ap·-

584 3978 826 4064 paret‘?
872 3975 1057 4045 Absit
1108 3975 1275 4050 haec
1342 3987 1528 4045 tanta
1586 3974 1997 4064 perversitas
2063 3976 2152 4046 ab
2216 3969 2671 4044 ancilla’tua.
2727 3978 2856 4045 Oro
2921 3975 3151 4065 igitur

583 4062 864 4133 domine
912 4069 1315 4166 Imperator,
1370 4086 1457 4133 ne
1496 4062 1621 4134 tibi
1667 4062 1995 4154 deinceps
2043 4064 2148 4132 vir
2193 4063 2309 4133 ille
2359 4063 2489 4148 hac
2537 4063 2624 4132 de
2680 4085 2752 4132 re
2800 4063 3149 4139 molestus

584 4152 695 4221 sit.
749 4156 888 4243 Ego
935 4176 1122 4223 enim
1173 4176 1282 4223 me
1329 4153 1593 4223 Christo
1641 4152 1904 4233 devovi,
1956 4163 2022 4221 et
2069 4152 2219 4222 fieri
2285 4174 2421 4223 non
2483 4163 2744 4243 potest,
2805 4164 2883 4221 ut
2930 4152 3146 4223 illum

583 4241 945 4331 abnegem.
990 4247 1237 4311 Precor
1282 4254 1509 4312 autem
1546 4241 1927 4332 Imperium
1978 4254 2203 4319 tuum,
2242 4252 2319 4310 ut
2345 4242 2440 4313 sis
2467 4262 2732 4311 memor
2765 4253 3148 4331 parentum

582 4350 923 4413 meorum,
964 4343 1370 4417 nostrasque
1417 4351 1582 4421 opes
1628 4343 1698 4400 et
1740 4328 2099 4401 facultates
2146 4330 2508 4420 dispenses
2553 4330 2627 4399 in
2683 4352 3023 4421 pauperes
3068 4341 3151 4402 et

585 4418 837 4490 Christi
886 4419 1248 4491 Ecclesias.
1314 4423 1554 4497 Servos
1600 4440 1758 4490 vero
1804 4441 2044 4490 omnes
2091 4419 2565 4502 manumittaS,
2619 4430 2684 4489 et
2730 4419 2948 4509 patris
2997 4421 3146 4490 mei
