3327 4999
677 333 804 398 224
1474 348 1554 394 οε
1602 347 1658 394 s.
1713 342 2029 393 eueomo
2078 344 2239 392 rArA
2771 324 3015 395 MART.
3069 324 3143 390 12

588 430 904 506 emerint,
944 440 1148 515 atque
1195 449 1276 496 ea
1322 425 1824 496 circumcidere
1870 446 2050 495 ausu
2107 422 2469 494 temerario
2532 422 3141 512 praesumpserint.

592 518 855 589 Idcirco
908 538 1184 586 necesse
1221 528 1347 595 est,
1404 526 1481 584 ut
1514 512 1916 584 omnimodo
1963 512 2182 582 zelum
2231 512 2305 580 in
2347 512 2474 581 hac
2521 532 2732 581 causa
2765 510 3147 580 sacerdota-

588 605 725 675 lem
774 627 1112 682 exerceas,
1151 615 1218 673 et
1249 625 1411 673 cum
1461 602 1653 671 omni
1697 602 1825 671 hoc
1875 600 2232 670 vivacitate
2279 623 2358 670 ac
2392 598 2832 671 solicitudine
2879 598 3151 670 studeas

638 693 1037 765 erscrutari.
1078 697 1155 760 Et
1203 691 1262 760 si
1321 690 1416 760 ita
1459 690 1837 780 repereris,
1895 689 2246 779 mancipia
2301 689 2456 778 ipsa
2503 688 2654 756 sine
2703 708 2896 757 mora
2945 687 3016 755 in
3066 686 3148 755 li-

587 716 919 852 bertatem
956 779 1180 848 modis
1226 779 1557 848 omnibus
1594 777 1905 858 vendica,
1941 789 2007 847 et
2054 776 2606 847 Ecclesiasticam
2637 774 2740 845 eis
2786 775 3147 845 tuitionem

589 869 942 959 impende.
983 873 1113 937 Nec
1143 867 1518 955 quicquam
1558 865 1881 936 dominos
1926 886 2170 935 eorum
2217 865 2302 934 de
2356 864 2571 955 pretio
2605 863 2916 949 quolibet
2946 862 3145 931 modo

591 958 899 1048 recipere
947 956 1271 1046 patiaris:
1325 955 1447 1043 qui
1476 977 1612 1024 non
1645 954 1871 1023 solum
1910 954 2037 1022 hoc
2069 954 2327 1023 damno
2359 952 2769 1031 mulctandi,
2803 951 2925 1021 sed
2952 951 3156 1020 etiam

595 1046 729 1116 alia
778 1057 983 1115 erunt
1026 1048 1247 1133 poena
1293 1043 1381 1112 de
1430 1042 1703 1133 legibus
1751 1041 2067 1111 feriendi.
2105 1065 2140 1109 »

683 1136 719 1220 ξ
785 1136 952 1205 40.
1009 1137 1184 1201 Sane
1241 1132 1409 1218 quia
1470 1130 1899 1200 judaeorum
1970 1128 2259 1220 perfidia
2320 1128 2545 1198 zelum
2603 1126 3157 1200 Christianorum

597 1222 777 1291 datis
822 1233 1062 1291 contra
1109 1242 1182 1288 se
1232 1219 1665 1299 muneribus,
1722 1218 2081 1287 ludificare
2129 1218 2414 1295 solebat,
2457 1237 2594 1286 non
2645 1216 2878 1286 solum
2927 1215 3024 1284 nil
3073 1213 3160 1282 ab

595 1311 696 1379 eis
745 1309 1022 1399 penitus
1071 1307 1408 1397 capiebat,
1447 1307 1842 1393 quinimmo
1874 1328 2110 1374 eorum
2167 1326 2460 1374 munera
2485 1305 2863 1395 Gregorius
2891 1324 3165 1373 execra-

600 1398 769 1468 bilia
808 1396 1193 1498 judicabat.
1252 1395 1442 1465 Unde
1482 1394 1879 1464 Recharedo
1927 1394 2073 1484 regi
2109 1394 2272 1465 Wisi
2325 1393 2644 1462 othorum
2699 1405 2943 1482 postea
3000 1390 3165 1460 scri-

597 1487 720 1566 bit,
760 1485 1034 1555 dtcens:
1090 1507 1126 1550 «
1154 1489 1506 1552 Praeterea
1538 1482 1794 1560 indico,
1834 1482 1996 1568 quia
2030 1482 2241 1551 crevit
2321 1504 2359 1551 e
2400 1491 2621 1551 vestro
2669 1502 2883 1571 opere
2916 1481 2989 1549 in
3016 1479 3165 1548 lau-

598 1574 807 1645 dibus
857 1573 971 1642 Dei
1021 1573 1151 1641 hoc
1214 1570 1399 1671 quod
1463 1570 1913 1640 dilectissimo
1975 1569 2120 1639 filio
2178 1591 2331 1639 meo
2397 1569 2706 1653 Probino
2767 1569 3173 1659 presbytero

599 1674 922 1731 narrante
968 1682 1304 1751 cognovi:
1375 1659 1542 1745 quia
1606 1681 1768 1728 cum
1836 1670 2060 1728 vestra
2118 1657 2522 1727 excellentia
2586 1657 3167 1727 constitutionem

598 1748 954 1835 quandam
1003 1761 1243 1818 contra
1272 1747 1696 1816 ludaeorum
1736 1746 2096 1836 perfidiam
2146 1745 2470 1825 dedisset,
2507 1745 2578 1814 hi
2608 1746 2693 1814 de
2720 1746 2989 1832 quibus
3016 1765 3171 1834 pro-

604 1836 743 1907 lata
791 1836 1035 1917 fuerat,
1089 1835 1571 1905 rectitudinem
1628 1846 1892 1904 vestrae
1951 1834 2202 1905 mentis
2260 1834 2645 1910 inflectere.
2709 1834 3171 1923 pecuniarum

606 1948 956 1995 summam
1004 1922 1352 1993 offerendo
1401 1921 1622 1991 moliti
1672 1935 1857 1991 sunt.
1893 1926 2111 2004 Quam
2145 1922 2549 1992 excellentia
2594 1936 2830 1992 vestra
2867 1934 3174 1992 contem-

606 2013 768 2104 psit,
811 2027 877 2082 et
923 2011 1415 2101 omnipotentis
1481 2010 1599 2079 Dei
1671 2010 1937 2100 placere
1992 2009 2264 2101 judicio
2325 2030 2690 2111 quaerens,
2749 2032 2930 2080 auro
2981 2010 3176 2079 inno-

605 2101 905 2171 centiam
960 2099 1305 2190 praetulit.
1345 2103 1495 2181 Qua
1525 2098 1596 2167 in
1630 2120 1704 2168 re
1743 2099 1919 2167 mihi
1961 2098 2172 2167 David
2222 2120 2403 2199 regis
2452 2098 2716 2168 sactum
2769 2099 2861 2167 ad
2916 2116 3179 2167 memo·

605 2190 781 2260 riam
847 2189 1051 2257 venit.
1085 2187 1205 2258 Cui
1254 2188 1422 2256 dum
1473 2187 1844 2277 concupita
1891 2208 2074 2272 aqua
2119 2186 2205 2255 de
2253 2200 2553 2257 cisterna
2604 2184 3179 2256 Bethlehemitica

653 2299 782 2347 uae
818 2277 995 2345 inter
1024 2275 1308 2345 hostiles
1336 2297 1595 2345 cuneos
1642 2275 2051 2356 habebatur,
2097 2276 2186 2344 ab
2232 2274 2787 2362 obsequentibus
2838 2273 3180 2344 militibus

604 2299 850 2435 (fuisset
897 2365 1151 2445 oblata,
1193 2362 1508 2454 protinus
1554 2362 1758 2431 dixit:
1809 2364 1995 2432 Absit
2050 2387 2096 2432 a
2140 2386 2268 2443 me,
2303 2374 2381 2432 ut
2429 2364 2846 2462 sanquinem
2900 2366 3180 2432 istorum

609 2455 954 2524 hominum
1003 2454 1245 2522 bibam.
1283 2458 1501 2535 Quam
1550 2451 1717 2538 quia
1761 2449 1964 2532 fudit,
1999 2464 2064 2521 et
2096 2450 2333 2522 bibere
2381 2450 2624 2533 noluit,
2673 2452 3032 2543 scriptum
3057 2459 3176 2519 est:

606 2544 865 2612 Libavit
898 2565 1049 2612 eam
1080 2543 1355 2610 Domino
1383 2541 1457 2629 (2
1496 2545 1660 2629 Rey.
1705 2540 1912 2628 xxm).
1955 2540 2022 2608 Si
2070 2540 2286 2629 igitur
2331 2541 2422 2610 ab
2469 2553 2743 2610 armato
2776 2562 2945 2631 rege
2976 2541 3047 2608 in
3077 2560 3182 2606 sa-

606 2631 950 2700 crificium
1001 2629 1119 2697 Dei
1169 2650 1364 2698 versa
1408 2639 1509 2697 est
1557 2649 1739 2714 aqua
1792 2637 2210 2718 contempta,
2276 2649 2649 2718 pensemus
2701 2630 2922 2716 quale
2972 2625 3181 2698 sacri—

610 2719 850 2788 ficium
901 2716 1358 2807 omnipotenti
1422 2720 1553 2785 Deo
1618 2737 1736 2784 rex
1791 2715 2227 2802 obtulit'qui
2294 2737 2417 2806 pro
2474 2738 2716 2786 amore
2791 2717 2991 2788 illius
3053 2735 3183 2784 non

608 2828 889 2892 aquam,
930 2804 1047 2875 sed
1082 2826 1333 2874 aurum
1367 2803 1682 2903 accipere
1711 2804 2150 2895 contempsit.
2189 2810 2428 2890 Itaque
2461 2803 2562 2874 fili
2592 2804 3184 2876 excellentissime

607 2893 901 2964 fidenter
947 2892 1201 2972 dicam,
1256 2891 1423 2978 quia
1486 2891 1719 2962 libasti
1780 2914 2031 2961 aurum
2099 2893 2393 2960 Domino
2457 2892 2643 2978 quod
2709 2907 2971 2964 contra
3032 2911 3185 2961 eum

608 2982 865 3051 habere
913 2980 1109 3049 nullo
1157 2980 1362 3049 modo
1421 2979 1785 3052 voluisti...
1824 2980 1997 3050 Hinc
2057 2992 2181 3059 est,
2228 2979 2440 3067 quod,
2477 2981 2661 3050 sicut
2713 3004 2757 3052 a
2811 2980 3183 3073 Majoribus

611 3068 929 3150 traditur,
972 3080 1037 3137 et
1087 3088 1212 3136 nos
1258 3089 1479 3154 usque
1527 3067 1612 3137 ad
1662 3081 1900 3139 nostra
1947 3081 2279 3158 tempora,
2328 3068 2499 3138 dum
2548 3067 2796 3141 adhuc
2850 3073 3186 3162 pubesce-

611 3178 870 3236 remus,
923 3155 1147 3225 oculis
1198 3157 1451 3225 nostris
1488 3178 1657 3225 cons
1710 3157 2001 3237 eximus,
2050 3156 2480 3226 consuetudo
2512 3169 2714 3229 vetus
2746 3159 3086 3236 obtinuit,
3116 3164 3188 3222 ut

615 3266 860 3315 omnes
892 3243 1402 3333 superstitionis
1433 3243 1625 3316 illius
1706 3245 1997 3325 omines,
2022 3258 2678 3332 quantumcumque
2763 3242 3190 3319 ulcherrimfi

610 3332 1068 3403 mercimonia
1115 3332 1546 3412 detulissent,
1601 3353 1986 3419 numquam
2039 3333 2557 3423 pontificalibus
2616 3334 2686 3403 al
2723 3337 2969 3424 oquiis
3017 3334 3193 3404 frue-

612 3432 873 3501 rentur,
916 3441 1299 3506 numquam
1332 3420 1692 3490 obtutibus
1729 3420 2133 3510 Apostolicis
2183 3422 2611 3521 potirentur:
2670 3425 2803 3495 sed
2854 3437 3051 3496 extra
3085 3441 3191 3490 ve·
3299 3489 3300 3502 ,

615 3509 760 3579 lum
813 3508 1261 3598 longissimae
1311 3509 1641 3598 porticuS,
1685 3531 1821 3578 non
1857 3508 2140 3598 quidem
2187 3532 2260 3578 1n
2310 3510 2643 3592 scamnis,
2703 3513 2833 3582 sed
2885 3515 2961 3583 in
3018 3531 3192 3581 mar·
3299 3569 3300 3590 ,

615 3619 848 3666 moreo
898 3598 1294 3687 pavimento
1341 3598 1680 3678 sedenteS,
1745 3609 2066 3688 suscepta
2115 3597 2334 3687 pretia
2389 3601 2902 3684 numerabant,
2967 3621 3057 3671 ne
3103 3595 3195 3666 vi-

614 3685 861 3754 delicet
930 3685 1326 3755 viderentur
1390 3685 1655 3773 aliquid
1726 3686 1811 3755 de
1877 3708 2095 3756 manu
2153 3686 2501 3776 pontificis
2566 3691 2970 3781 accepisse.
3032 3694 3196 3759 Nam

613 3773 1026 3873 reverendae
1076 3774 1451 3844 memoriae
1497 3774 1820 3844 Nicolaus
1851 3774 2154 3863 pontifex
2191 3775 2553 3846 Arsenium
2583 3779 2995 3862 quondam,
3033 3781 3196 3847 Hor-

615 3872 815 3930 tanae
861 3862 1158 3932 civttatis
1205 3862 1637 3953 episcopum,
1674 3861 2004 3936 Judaicas
2053 3873 2218 3933 tunc
2265 3863 2573 3954 primum
2619 3866 2958 3955 pellicias
2988 3868 3198 3937 intro-

613 3949 868 4019 ducere
895 3949 1315 4050 molientem,
1338 3951 1508 4021 adeo
1534 3963 1888 4021 aversatus
1911 3963 2039 4033 est,
2066 3964 2143 4021 ut
2162 3952 2226 4021 ei
2252 3951 2634 4043 palatinam
2672 3955 3198 4043 processionem
3297 3951 3298 4028 l

615 4037 818 4107 vellet
864 4037 1193 4118 adimere,
1252 4039 1386 4109 nisi
1434 4039 1954 4129 superstitiosae
2049 4040 2229 4111 entis
2275 4052 2494 4110 vestes
2540 4041 2986 4130 abjurandO,
3042 4059 3199 4113 cum
3297 4039 3298 4102 ἒ

618 4126 1164 4197 sacerdotalibus
1213 4127 1454 4199 infulis
1490 4063 2155 4199 consuetudinaliter
2203 4128 2570 4218 procedere
2606 4132 3100 4203 studuisset.»
3297 4181 3298 4214 ἦ

705 4216 743 4301 ἓ
806 4216 949 4288 au.
1022 4215 1421 4284 Antichristi
1483 4238 2013 4307 praecursores,
2075 4217 2426 4287 observari
2491 4215 2760 4289 debere
2833 4221 3205 4292 sabbatum
3296 4221 3298 4294 l

620 4301 1120 4392 praedicanteS,
1176 4304 1544 4394 Gregorius
1591 4304 2086 4375 comminando
2134 4305 2357 4374 taliter
2406 4303 2781 4378 refutavit:
2832 4305 3206 4380 «Pervenit
3293 4335 3296 4438 ἲ

622 4389 708 4458 ad
747 4411 877 4474 me,
914 4391 1254 4479 quosdam
1306 4393 1609 4482 perversi
1657 4392 1947 4483 spiritus
1977 4392 2318 4475 homineS,
2360 4414 2568 4483 prava
2598 4393 2796 4468 inter
2823 4420 2949 4473 vos
2979 4397 3208 4486 aliqua
3295 4447 3296 4468 2
