3327 4999
699 296 786 361 22
1479 313 1560 361 nii
1607 312 1665 360 s.
1718 309 1963 360 cssAnnA
2009 309 2309 360 iiriscoro
2775 352 2782 358 .
2830 292 3089 359 MART.
3146 295 3190 359 2

606 398 957 467 intantum
1002 408 1149 468 erat
1196 395 1425 467 timori
1476 395 1752 467 Domini
1815 395 2162 476 subdituS,
2224 394 2573 465 intantum
2623 394 3184 466 novissimorum

610 507 897 559 suorum
926 485 1009 555 in
1057 485 1387 555 omnibus
1434 485 1765 576 operibus
1810 484 1957 554 suis
2007 505 2296 564 memor,
2348 494 2427 553 ut
2475 482 2655 553 sicut
2688 483 3188 570 mihiquidam

608 573 819 644 frater
863 573 949 644 de
994 573 1105 644 his
1136 573 1257 662 qui
1289 595 1400 643 me
1428 573 1500 642 in
1542 572 1909 663 scripturis
1954 570 2388 652 erudiebant,
2425 584 2492 642 et
2532 572 2780 643 eratin
2833 584 3193 644 monaste·

609 661 714 732 rio
763 683 843 731 ac
890 661 1288 753 magisterio
1348 661 1540 731 illius
1586 658 1948 741 edueatuS,
2000 660 2337 731 vocabulo
2384 660 2863 739 Trumbrecht,
2920 659 3192 731 referre

610 749 894 831 solebat,
932 750 991 820 si
1038 750 1209 821 forte
1243 749 1508 841 legente
1538 771 1641 831 eo,
1695 748 1800 819 vel
1842 749 2036 819 aliud
2083 748 2254 836 quid
2300 771 2341 816 a
2392 759 2568 829 ente,
2633 760 2911 839 repente
2962 749 3186 820 flatus

609 839 794 913 venti
844 839 1066 931 major
1110 860 1312 909 assur
1359 850 1522 919 eret,
1575 837 1908 908 continuo
1979 837 2335 907 misericor
2389 836 2525 905 iam
2576 837 2850 906 Domini
2898 837 3194 908 invoca-

610 938 735 1007 ret,
770 938 836 996 et
864 948 1016 997 eam
1056 926 1294 1019 generi
1382 947 1638 997 umauo
1688 925 2048 1017 propitiari
2095 936 2389 1017 rogaret.
2431 925 2500 995 Si
2533 936 2764 995 autem
2817 925 3192 996 violentior

609 1036 783 1085 aura
828 1014 1196 1096 insisteret,
1243 1015 1393 1116 jam
1448 1015 1690 1087 clauso
1754 1014 1992 1085 codice
2052 1014 2436 1105 procideret
2502 1012 2573 1082 in
2640 1013 2911 1096 faciem,
2966 1026 3188 1102 atque

609 1103 934 1174 obnixius
985 1102 1283 1175 orationi
1338 1104 1794 1174 incumberet.
1850 1107 1927 1173 At
1974 1102 2033 1171 si
2085 1101 2386 1193 procella
2432 1101 2675 1172 fortior
2720 1113 2840 1172 aut
2887 1101 3188 1174 nimbus

609 1194 1035 1283 perurgeret,
1073 1191 1177 1262 vel
1216 1201 1397 1264 esset
1441 1189 1853 1277 coruscati0,
1906 1213 1988 1261 ac
2029 1190 2329 1260 tonitrua
2377 1201 2592 1261 terras
2642 1200 2708 1259 et
2755 1191 2916 1260 aera
2965 1203 3190 1262 terre-

610 1291 787 1360 rent,
823 1292 988 1350 tunc
1035 1280 1318 1351 veniens
1364 1279 1450 1350 ad
1481 1280 1848 1352 ecclesiam
1888 1278 2201 1349 solicitus
2229 1278 2660 1349 orationibus
2725 1300 2805 1349 ac
2853 1279 3180 1369 psalmis,

609 1367 829 1440 donec
860 1368 1193 1439 serenitas
1241 1368 1420 1438 aeris
1458 1367 1735 1449 rediret,
1787 1367 1925 1437 fixa
1972 1378 2200 1437 mente
2229 1378 2524 1437 vacaret.

696 1459 734 1545 ξ
798 1460 895 1526 9.
949 1461 1257 1544 Cumque
1301 1456 1843 1548 interrogaretur
1905 1478 1948 1525 a
1997 1456 2186 1536 suis,
2266 1478 2482 1542 quare
2536 1455 2667 1524 hoc
2731 1452 3012 1537 faceret,
3074 1478 3190 1526 re·-

611 1545 1034 1649 spondebat:
1090 1551 1276 1615 «Non
1311 1544 1597 1636 legistis,
1633 1546 1801 1637 quia
1838 1546 2130 1614 intonuit
2168 1544 2249 1613 de
2278 1542 2456 1614 coilo
2488 1545 2830 1624 Dominus,
2868 1554 2933 1611 et
2980 1547 3189 1638 altis-

605 1656 821 1704 simus
872 1634 1055 1703 dedit
1111 1656 1337 1704 vocem
1389 1652 1629 1704 suam:
1679 1634 1860 1715 Misit
1920 1635 2211 1734 sagittas
2266 1654 2451 1711 suas,
2509 1642 2573 1701 et
2628 1632 2990 1722 dissipavit
3042 1657 3180 1714 eoS,

606 1724 896 1812 fulqura
940 1723 1450 1812 multiplicavit,
1508 1732 1572 1792 et
1627 1721 2048 1801 conturbavit
2080 1720 2243 1790 eos?
2282 1719 2496 1877 5Psal.
2539 1719 2674 1807 ⁴7).
2717 1724 2933 1790 Movet
2980 1722 3183 1790 enim

608 1812 771 1879 aera
819 1809 1177 1889 Dominus,
1218 1822 1455 1881 ventos
1501 1809 1771 1889 excitat,
1815 1808 2174 1899 jaculatur
2218 1806 2294 1879 fu
2324 1830 2522 1899 gura,
2560 1807 2647 1876 de
2675 1807 2865 1877 coelo
2904 1808 3188 1880 intonat

607 1909 686 1968 ut
725 1901 1105 1989 terrigenas
1152 1896 1241 1967 ad
1290 1897 1679 1967 timendum
1738 1919 1812 1967 se
1858 1896 2164 1977 suscitet,
2208 1907 2287 1966 ut
2336 1896 2546 1966 eorda
2593 1917 2834 1965 eorum
2883 1895 2960 1964 in
3037 1918 3184 1967 me-

608 1986 903 2056 moriam
949 1984 1167 2056 futuri
1205 1985 1460 2076 judicii
1516 1987 1806 2067 revocet,
1858 1995 1937 2055 ut
1983 1982 2385 2075 superbiam
2431 2005 2675 2053 eorum
2729 1983 3051 2075 dissipet,
3120 1997 3186 2056 et

606 2072 968 2145 conturbet
1015 2073 1404 2155 audaciam,
1457 2073 1743 2145 reducto
1789 2073 1876 2143 ad
1927 2086 2229 2144 mentem
2277 2071 2632 2143 tremendo
2681 2070 2800 2142 illo
2831 2085 3176 2163 tempore,

607 2161 889 2250 quando
928 2162 1100 2252 ipse,
1136 2163 1348 2235 coelis
1391 2184 1473 2233 ac
1511 2162 1712 2234 terris
1771 2160 2199 2242 ardentibus,
2242 2171 2577 2231 venturus
2609 2160 2816 2230 estin
2859 2162 3182 2231 nubibus

606 2271 768 2320 cum
800 2262 1129 2342 potestate
1164 2273 1420 2342 magna
1447 2273 1529 2321 ac
1554 2250 1909 2341 majestate
1941 2248 2026 2318 ad
2049 2248 2472 2339 judicandos
2498 2248 2685 2319 vivos
2715 2270 2796 2317 ac
2828 2263 3176 2321 mortuos,

606 2341 888 2430 Propter
933 2338 1144 2426 quod,
1196 2339 1446 2427 inquit,
1498 2349 1765 2429 oportet
1796 2359 1922 2407 nos
1969 2336 2427 2407 admonitioni
2453 2336 2605 2438 ejus
2635 2336 2911 2408 coelesti
2938 2338 3181 2409 debito

606 2448 772 2496 cum
810 2428 1053 2498 timore
1098 2440 1165 2497 et
1210 2448 1446 2497 amore
1493 2425 1952 2518 respondere:
2005 2436 2083 2495 ut
2128 2425 2396 2514 quoties
2425 2427 2581 2495 aere
2611 2437 2982 2509 commoto,
3023 2449 3181 2497 ma-

608 2537 777 2585 num
829 2517 1033 2606 quasi
1079 2516 1162 2586 ad
1215 2514 1602 2585 feriendum
1641 2515 1973 2586 minitans
2019 2514 2253 2595 erexit,
2317 2536 2445 2584 nec
2477 2513 2709 2584 adhuc
2744 2528 2977 2600 tamen
3011 2538 3179 2607 per-

606 2604 800 2685 cutit,
847 2627 1005 2676 mox
1051 2604 1203 2697 ejus
1251 2602 1709 2695 imploremus
1750 2602 2323 2684 misericordiam,
2366 2613 2432 2673 et
2464 2601 2803 2672 discussis
2852 2617 3182 2693 penetra-

606 2692 795 2764 libus
826 2692 1058 2765 cordis
1106 2691 1347 2773 nostri,
1400 2702 1606 2781 atque
1652 2691 2051 2782 expurgatis
2099 2692 2426 2762 vitiorum
2456 2690 2855 2773 ruderibus,
2890 2692 3177 2776 soliciti,

605 2802 694 2852 ne
741 2802 1056 2869 unquam
1098 2781 1365 2870 percuti
1416 2801 1831 2861 mereamur,
1865 2801 2233 2881 agamus»

695 2869 732 2955 ἓ
791 2871 951 2941 11).
1006 2867 1608 2939 Convenit‘autem
1667 2867 2067 2938 revelationi
2114 2880 2182 2938 et
2234 2867 2553 2938 relationi
2601 2866 2889 2969 praefati
2939 2868 3184 2940 fratris

605 2954 692 3024 de
720 2955 914 3025 obitu
962 2955 1173 3046 hujus
1222 2956 1572 3040 antistitiS,
1623 2955 1834 3027 etiam
1883 2977 2109 3027 sermo
2157 2955 2719 3028 reverendissimi
2777 2956 2996 3047 patris
3047 2962 3185 3049 Eg-

603 3042 804 3125 berti,
843 3043 928 3113 de
956 3065 1095 3130 quo
1142 3066 1357 3136 supra
1401 3044 1708 3116 diximus
1738 3045 1862 3134 qui
1907 3044 2179 3115 dudum
2213 3067 2375 3115 cum
2423 3043 2663 3114 eodem
2714 3044 2984 3115 Ceadda
3012 3046 3186 3116 ado-

606 3130 927 3213 lescente,
978 3144 1044 3202 et
1089 3131 1239 3223 ipse
1271 3133 1673 3203 adolescens
1703 3133 1776 3202 in
1826 3133 2180 3223 Hybernia
2228 3126 2705 3203 monachicam
2741 3132 2812 3201 in
2844 3134 3181 3204 orationi-

601 3218 739 3289 bus
785 3232 850 3291 et
896 3219 1319 3291 continentia
1366 3245 1446 3291 ac
1481 3219 1924 3292 meditatione
1971 3220 2366 3290 divinarum
2414 3220 2921 3312 seripturarum
2964 3222 3177 3292 vitam

606 3307 894 3379 sedulus
940 3309 1209 3399 agebat.
1248 3309 1373 3380 Sed
1427 3308 1548 3379 illo
1599 3306 2041 3399 postmodum
2090 3309 2161 3377 in
2210 3308 2507 3399 patriam
2539 3330 2833 3388 reverso,
2866 3308 3017 3397 ipse
3051 3331 3176 3400 pe·-

604 3396 928 3486 regrinus
1027 3419 1101 3468 ro
1148 3398 1441 3468 Domino
1487 3419 1711 3485 usque
1740 3397 1827 3466 ad
1862 3396 2074 3467 finem
2124 3397 2302 3467 vitae
2351 3395 2753 3487 permansit.
2791 3400 2959 3466 Cum
3007 3417 3178 3490 ergo

605 3484 867 3555 veniret
913 3418 1021 3560 ad)
1048 3507 1209 3554 eum
1246 3485 1451 3578 longo
1499 3497 1655 3578 post
1700 3496 2007 3576 tempore
2051 3485 2271 3586 gratia
2323 3484 2735 3555 visitationis
2767 3485 2853 3554 de
2901 3485 3176 3555 Britan-

605 3571 725 3642 nia
773 3573 879 3643 vir
943 3572 1427 3645 sanctissimus
1474 3586 1540 3644 et
1587 3570 2234 3644 continentissimus
2291 3573 2625 3643 vocabulo
2673 3572 2996 3663 Higbald,
3051 3570 3178 3674 qui

602 3670 747 3730 erat
794 3660 1018 3732 Abbas
1065 3661 1137 3730 in
1174 3662 1532 3752 provincia
1578 3660 1898 3750 Lindissi,
1950 3673 2038 3742 et,
2075 3672 2155 3732 ut
2213 3674 2489 3731 sanctos
2547 3660 2852 3741 decebat,
2893 3660 2981 3730 de
3034 3674 3174 3730 vita

602 3762 885 3839 patrum
934 3749 1250 3840 priorum
1298 3771 1688 3820 sermonem
1742 3749 2069 3830 facerent,
2122 3760 2329 3837 atque
2373 3750 2556 3820 hanc
2609 3748 2948 3819 aemulari
2996 3772 3178 3852 gau·

603 3833 867 3919 derent,
919 3837 1285 3908 intervenit
1334 3839 1589 3909 mentio
1635 3836 2196 3909 reverendissimi
2243 3837 2571 3908 antistitis
2618 3836 2910 3920 Ceadda,
2961 3835 3175 3909 dixit-

602 3945 741 4012 que
788 3924 1079 4016 Egbert:
1133 3926 1333 3997 «Scin
1386 3925 1741 3998 hominem
1792 3926 1865 3996 in
1904 3926 2035 3996 hac
2082 3925 2315 3996 insula
2362 3925 2595 3996 adhuc
2643 3925 2711 3996 in
2762 3947 2972 3996 carne
3019 3948 3174 3997 ma-

603 4024 907 4096 nentem,
1009 4013 1110 4096 ui,
1164 4035 1327 4086 cum
1378 4014 1482 4085 vir
1540 4014 1659 4085 ille
1720 4014 1808 4086 de
1873 4013 2137 4084 mundo
2198 4013 2560 4097 transiret,
2617 4013 2787 4085 vidit
2855 4013 3170 4085 animam

602 4100 854 4172 Ceaddi
879 4155 895 4185 ,
998 4102 1200 4176 ratris
1246 4102 1496 4194 ipsius,
1568 4125 1731 4175 cum
1782 4102 2061 4195 agmine
2126 4102 2535 4196 angelorum
2600 4101 3020 4174 descendere
3084 4099 3174 4180 de

602 4189 817 4291 coelo,
869 4202 939 4262 et
982 4194 1347 4283 assumpta
1412 4213 1651 4263 secum
1718 4190 1957 4261 anima
1989 4190 2196 4291 eim,
2263 4190 2352 4261 ad
2417 4190 2741 4261 coelestia
2801 4212 3015 4283 regna
3062 4210 3172 4261 re-

602 4277 786 4381 dire..
829 4279 1024 4364 Quod
1072 4292 1312 4353 utrum
1357 4278 1446 4352 de
1498 4301 1597 4363 se,
1640 4301 1731 4351 an
1780 4277 1867 4351 de
1913 4278 2049 4350 alio
2096 4279 2332 4367 aliquo
2364 4276 2643 4360 diceret,
2691 4278 2893 4350 nobis
2940 4300 3170 4351 rema-

604 4379 721 4439 net
766 4381 1189 4441 incertum.»
