3327 4999
745 329 873 395 690
1182 345 1261 393 ns
1307 345 1365 392 n.
1416 343 1648 393 JACOBo
1694 343 2028 393 nummio
2075 344 2220 392 om).
2273 341 2642 393 rmmcxr.
2717 324 2822 391 EX
2855 325 3050 392 .0CT.
3109 327 3190 393 tt

656 427 1031 518 aegerrime
1093 425 1409 508 tulisset,
1484 447 1692 515 seque
1757 427 1892 497 ‘am
1944 439 2037 497 tot
2084 448 2304 496 annos
2354 424 2594 517 procul
2643 448 2684 495 a
2731 425 2954 516 patria
3001 437 3194 496 tanto

658 529 995 588 terrarum
1044 516 1264 607 spatio
1301 515 1601 587 divisum
1637 516 1723 586 ab
1760 517 1982 587 uisse:
2037 516 2368 586 rationem
2412 516 2548 586 sibi
2606 515 2868 606 patriae
2915 515 3195 606 pietatis

657 606 1074 678 habendam.
1128 611 1293 675 Cum
1336 606 1777 696 igiturabire
1806 605 2238 686 decrevisset,
2275 605 2643 675 consilium
2692 619 2983 695 patrono
3031 627 3196 695 ape-

659 697 821 766 ruit.
880 695 1002 765 Ille
1059 706 1288 765 autem
1337 696 1457 782 qui
1509 718 1670 765 eum
1710 709 1971 765 amaret
2014 706 2091 765 ut
2136 695 2386 776 filium,
2439 707 2505 765 et
2549 693 2757 782 cujus
2802 693 2930 764 diu
2978 693 3192 764 fidem

656 785 979 855 eximiam
1028 797 1347 875 expertus
1394 798 1571 855 esset
1616 807 1696 854 ac
1737 785 2218 876 integritatem,
2280 806 2419 854 non
2468 784 2607 854 dici
2655 796 2904 874 posset,
2972 806 3200 871 quan-

658 887 806 945 tum
856 896 936 942 ea
984 896 1057 943 re
1106 874 1423 945 turbatus
1453 873 1694 944 fuerit:
1749 897 1873 945 nec
1907 874 2049 944 ullo
2081 887 2278 964 pacto
2309 873 2546 944 volens
2598 872 3193 955 eum·dimittere,

654 985 734 1033 ea
781 962 1003 1053 coepit
1040 962 1272 1032 omnia
1320 963 1545 1034 dicere
1576 986 1655 1034 ac
1707 964 2037 1053 polliceri,
2074 986 2250 1049 quae
2288 976 2566 1054 possent
2612 962 2802 1032 abire
2850 961 3192 1032 volentem

662 1052 974 1133 retinere,
1012 1052 1146 1121 nisi
1194 1066 1378 1122 certa
1425 1052 1526 1121 illi
1564 1052 1806 1123 fuisset
1852 1052 2155 1123 abeundi
2214 1053 2571 1122 sententia.
2624 1052 2911 1121 Juvenis
2958 1065 3193 1122 autem

659 1153 898 1210 contra
945 1163 1139 1211 orare
1181 1141 1663 1229 obtestarique,
1701 1153 1777 1212 ut
1832 1142 1964 1213 sibi
2003 1141 2413 1231 justissimis
2460 1141 2545 1210 de
2584 1140 2838 1219 causis,
2878 1162 3059 1227 quas
3087 1140 3191 1209 as-

662 1229 942 1309 serebat,
997 1230 1186 1300 abire
1234 1231 1420 1301 salva
1466 1232 1619 1319 ejus
1647 1232 1868 1321 gratia
1908 1231 2161 1301 liceret.
2199 1229 2324 1300 Sed
2376 1230 2548 1300 nihil
2600 1229 3025 1320 proficiebat,
3078 1229 3192 1298 ille

661 1319 848 1389 enim
899 1320 1335 1411 pertinaciter
1367 1320 1436 1389 in
1489 1320 2246 1411 proposito'perstabat‚
2298 1334 2362 1389 et
2407 1319 2693 1410 rogabat
2742 1339 2827 1388 ne
2881 1341 2955 1388 se
3001 1318 3190 1388 dese-

661 1420 860 1478 reret.
916 1409 1320 1479 Fluctuabat
1365 1410 1641 1480 animus
1681 1410 1981 1500 juvenis,
2033 1421 2097 1479 et
2144 1421 2408 1500 praeter
2455 1408 2740 1480 modum
2806 1408 3192 1500 angebatur

659 1498 842 1586 quod
894 1498 1314 1590 intelligebat
1345 1512 1653 1590 oportere
1686 1522 1757 1569 se
1803 1499 2077 1569 tandem
2125 1498 2305 1568 clam
2332 1498 2705 1580 discedere,
2756 1498 3183 1586 nequeenim

661 1589 751 1656 im
811 1600 1030 1657 etrare
1070 1600 1352 1679 poterat,
1406 1600 1481 1659 ut
1528 1588 1741 1659 libere
1772 1588 2172 1660 discederet.
3036 1610 3042 1615 ·

749 1610 805 1765 ξ
848 1683 935 1751 ὅ.
989 1683 1154 1747 Cum
1206 1678 1413 1769 igitur
1459 1678 1587 1748 hoc
1635 1679 1933 1769 saepiuS,
1986 1678 2103 1747 sed
2154 1677 2641 1764 nequicquam,
2688 1687 3027 1756 tentasset,
3067 1675 3193 1746 de-

659 1788 853 1836 mum
900 1765 1002 1836 vel
1051 1767 1263 1836 invito
1325 1779 1633 1858 patrono,
1699 1767 1818 1837 sed
1867 1766 2127 1849 furtim,
2180 1767 2368 1837 abire
2416 1766 2735 1836 decrevit.
2789 1765 3189 1835 observavit

657 1856 871 1947 igitur
917 1868 1384 1946 opportunum
1435 1856 1518 1925 ad
1580 1857 1647 1925 id
1698 1869 2012 1947 tempuS,
2083 1869 2148 1926 et
2212 1855 2467 1926 relictis
2530 1854 2931 1925 melioribus
2980 1853 3192 1924 indu-

657 1945 909 2017 mentis
946 1966 1124 2032 quae
1187 1968 1228 2015 a
1294 1956 1576 2034 patrono
1615 1959 1968 2036 acceperat
2013 1967 2172 2015 cum
2235 1945 2570 2036 pecuniis,
2637 1965 2810 2034 quas
2856 1943 3043 2013 idem
3087 1943 3192 2012 illi

658 2034 1097 2136 persolverat,
1150 2046 1215 2104 et
1268 2035 1639 2125 resumptis
1690 2035 1989 2106 vestibus
2042 2047 2246 2122 atque
2341 2035 2654 2115 ecuniis,
2721 2054 2894 2120 quas
2944 2053 3187 2103 secum

655 2146 805 2213 lpse
851 2123 1191 2206 attulerat,
1230 2123 1465 2193 habita
1514 2124 1708 2214 prius
1755 2139 1908 2194 ante
1956 2124 2204 2198 Christi
2233 2147 2269 2193 e
2322 2125 2554 2216 igiem,
2607 2145 2816 2211 quam
2865 2122 2937 2190 in
2988 2122 3191 2192 cubi-

655 2212 815 2282 culo
865 2213 1179 2295 habebat,
1242 2212 1556 2304 diligenti
1603 2214 1929 2295 oratione,
1991 2226 2065 2284 ut
2107 2214 2399 2304 propitio
2448 2214 2736 2283 numine
2773 2210 3181 2292 discederet,

656 2302 847 2371 abiit.
887 2303 1186 2372 Tandem
1235 2302 1612 2372 Bononiam
1663 2303 1987 2394 pervenit,
2040 2316 2105 2373 et
2151 2304 2506 2394 ingressus
2555 2302 2694 2371 divi
2741 2301 3042 2370 Petronii
3072 2322 3182 2371 ce·

657 2391 1101 2462 leberrimum
1153 2392 1488 2482 templum
1535 2393 1717 2479 quod
1769 2393 1840 2461 in
1890 2393 2041 2484 ipso
2105 2393 2398 2463 civitatis
2469 2391 2613 2462 foro
2670 2402 2771 2462 est
2833 2390 3186 2480 amplissi-

656 2504 874 2564 mum,
928 2480 1163 2563 oravit,
1195 2505 1272 2552 ac
1322 2487 1454 2552 Deo
1483 2482 1738 2574 gratias
1785 2482 1923 2574 egit
1967 2482 2152 2570 quod
2181 2504 2416 2573 sospes
2443 2504 2524 2552 eo
2551 2479 2995 2573 pervenisset.
3033 2485 3182 2549 Erat

652 2570 759 2640 illi
798 2573 867 2641 in
898 2572 1156 2654 ani1n0,
1195 2572 1263 2640 in
1316 2573 1750 2642 Germaniam
1801 2574 2041 2643 reverti
2073 2573 2157 2642 ad
2193 2574 2593 2664 genitorem,
2648 2570 2764 2641 sed
2814 2591 2962 2640 rem
3002 2576 3173 2640 Deus

653 2661 851 2731 aliter
889 2660 1297 2731 instituerat.
1351 2667 1653 2749 Namque
1700 2662 1772 2731 in
1821 2683 1901 2732 ea
1946 2662 2116 2731 urbe
2170 2662 2453 2749 quidam
2502 2684 2581 2730 ex
2640 2659 3011 2730 comitibus
3055 2658 3178 2745 qui

650 2772 810 2820 cum
849 2772 929 2821 eo
963 2762 1305 2832 venerant,
1341 2751 1589 2821 hortati
1624 2763 1807 2832 sunt,
1846 2764 1919 2821 ut
1951 2751 2036 2821 sti
2088 2751 2293 2821 endia
2327 2751 2421 2821 ibi
2449 2750 2720 2831 faceret,
2750 2759 2818 2818 et
2849 2750 2975 2818 sub
3001 2769 3176 2834 quu-

652 2839 812 2909 dam
852 2841 1109 2910 Thoma
1155 2840 1455 2910 Tartario
1504 2839 1847 2910 militaret.
1888 2844 2018 2909 Con
2077 2840 2355 2909 itionem
2405 2839 2618 2930 igitur
2649 2837 2937 2929 accepit,
2971 2849 3178 2924 atque

652 2930 722 2998 in
771 2951 849 2998 ea
872 2930 1041 2998 urbe
1069 2928 1416 2999 remansit.
1452 2928 1850 2998 Incredibili
1879 2942 2103 2998 autem
2144 2930 2489 3019 voluptate
2527 2927 2977 3008 afficiebatur,
3015 2949 3178 2997 cum

654 3029 747 3087 tot
794 3017 889 3088 ibi
921 3017 1210 3088 fratrum
1240 3017 1527 3107 collegia
1566 3030 1891 3088 cerneret:
1945 3040 2241 3105 quorum
2268 3019 2418 3090 loca
2449 3017 2756 3106 quotidie
2789 3015 3182 3103 frequenta·

651 3105 788 3188 bat,
822 3106 1325 3197 praecipueque
1350 3105 1488 3175 divi
1538 3107 1875 3176 Dominici
1924 3108 2284 3197 templum,
2339 3108 2461 3178 ubi
2518 3107 2814 3176 maxime
2859 3106 3184 3176 versaba-

651 3206 786 3278 tur,
814 3207 1139 3282 tanquam
1172 3194 1353 3282 quod
1403 3207 1544 3264 erat
1576 3195 1910 3279 futurum,
1956 3220 2196 3299 praesa
2249 3197 2397 3268 iret.
2445 3201 2545 3265 Ita
2598 3194 2931 3287 paulatim
2962 3206 3032 3265 et
3115 3216 3186 3263 a·

651 3284 774 3354 tris
820 3296 886 3355 et
916 3284 1189 3385 ‘patriae
1237 3285 1493 3356 oblitus
1554 3298 1696 3368 est,
1770 3308 1891 3356 nec
1955 3309 2102 3377 Jam
2170 3310 2209 3357 a
2242 3286 2359 3357 iud
2427 3285 2810 3373 quidquam
2859 3285 3067 3375 cupie
3121 3296 3187 3354 at

653 3395 862 3460 quam
913 3396 982 3443 m
1020 3396 1099 3444 eo
1127 3374 1539 3445 monasterio
1565 3375 1773 3445 vitam
1807 3398 2030 3466 agere.

739 3466 776 3552 ξ
833 3469 925 3537 θ.
979 3463 1122 3534 Tali
1170 3463 1382 3556 igitur
1428 3464 1752 3535 incensus
1809 3464 2147 3536 desiderio
2195 3465 2306 3534 die
2361 3464 2686 3552 quadam,
2750 3461 2872 3534 ubi
2925 3461 3180 3543 illuxit,

650 3552 737 3622 ad
768 3552 1005 3623 aedem
1045 3552 1186 3623 divi
1218 3554 1554 3625 Dominici
1586 3555 1791 3638 venit,
1828 3578 2033 3625 suum
2084 3554 2454 3625 consilium
2516 3576 2678 3623 cum
2728 3574 2806 3623 eo
2857 3574 3180 3622 commu·

652 3643 1007 3715 nicaturus
1054 3644 1175 3730 qui
1230 3644 1496 3734 primus
1545 3644 1766 3715 factus
1819 3657 1995 3715 esset
2045 3643 2310 3725 obvius,
2371 3655 2436 3712 et
2484 3642 2792 3714 facturus
2839 3640 3181 3728 quicquid

652 3731 768 3802 ille
833 3733 1317 3805 consuluisset.
1373 3739 1563 3803 Forte
1608 3732 1884 3804 fortuna
1940 3756 1979 3805 o
2033 3745 2321 3824 portune
2386 3732 2763 3802 admodum
2813 3730 3068 3800 incidit
3119 3730 3186 3799 in

651 3821 882 3912 ipsum
920 3822 1316 3893 monasterii
1368 3823 1785 3913 praefectum
1819 3823 1979 3893 Nico
2010 3845 2171 3893 aum
2208 3821 2686 3892 Carbonellum
2750 3819 3184 3900 Catalanum,

649 3912 1203 3982 concionatorem
1252 3911 1607 3982 eximium.
1653 3912 1750 3981 Ad
1798 3913 2001 4003 cujus
2047 3934 2273 4003 genua
2323 3911 2749 4001 provolutus,
2804 3907 3071 4000 rogavit
3119 3921 3196 3978 ut

650 4000 808 4083 sibi,
861 4024 950 4071 cu
1004 4000 1167 4070 ienti
1208 4001 1503 4072 maxime
1552 4006 1685 4071 Deo
1718 4000 2062 4084 famulari,
2109 3999 2477 4071 consilium
2527 4014 2593 4070 et
2638 4020 2838 4090 opem
2889 3998 3189 4068 afferret.

648 4090 883 4159 Attulit
908 4090 954 4159 il
988 4112 1023 4158 e
1051 4090 1376 4161 continuo
1424 4090 1723 4161 salutare
1770 4091 2166 4171 consilium,
2206 4101 2270 4160 et
2318 4090 2619 4159 facunda
2665 4087 2974 4158 oratione
3011 4108 3194 4174 quae

649 4201 727 4250 ex
776 4179 967 4250 illius
1013 4200 1129 4249 ore
1176 4179 1509 4252 divinitus
1570 4180 1945 4262 manabat,
2013 4201 2384 4249 accensum
2425 4179 2573 4269 jam
2623 4198 2746 4268 per
2793 4199 2866 4247 se
2903 4176 3195 4278 juvenis

648 4268 961 4340 animum
1013 4268 1111 4339 sic
1161 4268 1636 4351 inflammavit,
1683 4283 1759 4339 ut
1809 4269 2082 4341 sublata
2128 4269 2319 4339 omni
2348 4272 2565 4349 mora,
2660 4266 2882 4337 etierit
2915 4287 2987 4334 m
3023 4287 3193 4335 con—

646 4358 933 4428 sortium
997 4356 1548 4433 Praedicatorum
1620 4358 1931 4428 admitti:
2006 4359 2192 4447 quod
2259 4370 2531 4448 postero
2641 4356 2702 4425 ie
2769 4367 3195 4427 consecutus

647 4460 772 4518 est.
824 4454 981 4521 Erat
1024 4447 1267 4520 beatus
1315 4450 1615 4520 Jacobus
1654 4447 1872 4520 literis
1921 4447 2353 4520 mediocriter
2415 4445 2754 4528 erudituS,
2808 4457 2874 4516 et
2920 4466 3196 4516 annum
