3327 4999
623 292 706 355 46
1403 310 1481 355 DE
1531 310 1586 356 s,
1641 309 1936 357 srviAnno
1983 309 2224 357 Annam
2749 290 2996 361 MART.
3054 293 3087 360 1

528 387 921 480 propinavit
969 388 1335 457 Ecclesiae.
1390 394 1467 458 Et
1514 388 1796 476 quidem
1848 390 2073 480 ipsius
2122 398 2363 459 sancta
2409 393 2600 491 origo
2649 411 2787 460 non
2836 392 2922 462 de
2970 416 3090 494 ge-

526 500 686 546 nere
718 478 1002 558 rustico,
1045 477 1163 546 sed
1201 478 1426 567 magis
1473 478 1557 547 de
1606 479 1826 548 nobili
1877 480 2202 569 prosapia
2250 492 2606 569 processu.
2649 484 2858 551 Natus
2893 504 3084 569 enim

527 568 732 635 estin
782 588 958 656 pago
1008 567 1512 635 cenomannico
1559 566 1617 649 ⁴³,
1674 568 2080 637 Christianis
2128 590 2207 636 ac
2257 574 2473 657 Deum
2524 568 2930 641 timentibus
2967 593 3090 661 pa-

526 654 864 734 rentibus,
903 678 943 724 a
977 656 1284 745 genitore
1332 656 1594 726 scilicet
1646 657 1760 725 Dei
1809 655 2071 725 famulo
2122 656 2511 747 sigiranno,
2553 679 2824 728 necnon
2874 664 3092 729 Deum

526 744 809 813 timente
857 744 1207 822 foemina,
1261 766 1436 831 quae
1484 746 1861 815 vocabatur
1908 745 2121 814 Adda.
2175 747 2272 816 Ab
2323 745 2429 815 his
2478 767 2781 832 namque
2832 748 3087 817 nobili-

528 832 666 902 bus
715 845 920 918 atque
968 832 1288 903 felicibus
1337 834 1769 923 genitoribus
1800 844 2224 925 procreatuS‚
2265 834 2598 924 processit
2632 834 2702 903 in
2742 837 3088 907 mundum

528 921 643 991 hic
693 922 1001 1011 optimus
1051 922 1301 991 Christi
1352 923 1551 992 miles
1601 923 1978 993 SiviarduS.
2058 923 2268 1014 Cujus
2321 946 2445 993 nos
2493 926 3086 1000 conversationem

528 1022 841 1079 sanctam
891 1023 1094 1097 atque
1143 1012 1706 1083 honestissimam
1755 1013 1841 1082 ab
1892 1012 2358 1082 adolescentia
2406 1034 2533 1082 sua
2581 1014 2839 1103 optime
2889 1015 3092 1084 novi-

528 1121 711 1169 mus,
768 1104 843 1169 Et
891 1097 1176 1187 quidem
1226 1100 1297 1168 in
1348 1101 1499 1201 ipsa
1562 1123 1690 1171 sua
1737 1101 2203 1171 adolescentia
2249 1101 2429 1171 inter
2476 1101 2781 1188 reliquos
2819 1117 3097 1173 coaeta-

536 1209 703 1258 neos
752 1210 916 1260 suos
963 1187 1162 1257 valde
1227 1189 1590 1261 dissimilis
1638 1202 1784 1260 erat
1831 1191 1902 1258 in
1952 1190 2492 1260 conversatione:
2546 1203 2764 1261 aetate
2831 1193 3100 1262 scilicet

523 1276 823 1369 juvenis,
879 1278 994 1348 sed
1028 1278 1360 1347 ¹moribus
1408 1279 1844 1369 grandaevus
1892 1293 2059 1348 erat.
2115 1284 2258 1348 Non
2297 1278 2482 1347 enim
2521 1280 2878 1370 pueriliter
2927 1281 3096 1352 levis

530 1366 685 1447 fuit,
739 1366 857 1436 sed
902 1367 1124 1455 magis
1170 1367 1499 1456 gravitate
1530 1368 1888 1438 fundatus
1934 1373 2011 1436 Et
2071 1367 2271 1446 illud,
2312 1367 2495 1453 quod
2547 1368 2716 1438 solet
2755 1369 3096 1458 juvenilis

529 1468 714 1526 aetas
781 1454 1200 1525 litteraturae
1265 1456 1710 1548 disciplinam
1777 1456 2013 1547 sugere
2078 1478 2156 1525 ac
2222 1455 2579 1536 laborem,
2639 1456 2751 1526 hic
2812 1479 3093 1527 summo

527 1543 805 1635 expetiit
836 1544 1218 1613 devotionis
1251 1544 1470 1614 cultu.
1508 1551 1600 1614 Ex
1638 1567 1777 1631 quo
1808 1568 2003 1615 sacro
2037 1567 2194 1624 usu,
2232 1544 2599 1613 comitante
2634 1546 2883 1614 Christi
2929 1569 3094 1636 gra-

531 1633 646 1702 tia.
684 1633 777 1702 ita
811 1633 995 1703 velut
1041 1633 1353 1702 esuriens
1404 1634 1599 1703 fauce
1646 1633 1845 1703 avida
1893 1635 2131 1703 cibum
2175 1633 2450 1701 divinae
2499 1634 2876 1724 sapientiae
2912 1634 3093 1703 hau-

527 1722 772 1804 riebat,
838 1733 917 1791 ut
962 1722 1168 1791 etiam
1219 1722 1529 1804 satiatuS‚
1585 1744 1857 1812 semper
1907 1724 2054 1813 ipse
2104 1721 2262 1822 plus
2310 1721 2623 1804 esuriret,
2690 1734 2767 1791 ut
2814 1735 2878 1791 et
2927 1723 3092 1813 ipsa

529 1808 615 1879 de
663 1833 734 1880 se
784 1811 1090 1897 loquitur
1137 1812 1254 1880 Dei
1304 1811 1665 1901 sapientia.
1720 1810 1850 1893 Qui
1901 1833 2053 1891 me,
2107 1810 2376 1898 inquit,
2429 1810 2593 1893 edit,
2647 1810 2877 1880 adhuc
2927 1833 3095 1881 esu-

532 1899 683 1968 riet:
735 1912 800 1968 et
848 1900 968 1986 qui
1018 1899 1213 1980 bibit,
1267 1900 1497 1969 adhuc
1545 1900 1752 1969 sitiet.
1804 1905 1896 1969 Ex
1946 1921 2084 1986 quo
2132 1921 2329 1995 sacro
2377 1899 2572 1980 cibo,
2627 1899 2740 1969 hic
2784 1922 3093 1990 magnus

529 2010 705 2079 puer
754 1989 867 2056 Dei
915 1988 1340 2058 sufficienter
1393 1988 1462 2057 in
1516 1989 1703 2059 brevi
1754 2002 2057 2079 tempore
2105 1987 2432 2057 cellulam
2490 2010 2655 2058 suae
2705 1990 3084 2059 memoriae

530 2075 614 2146 de
665 2078 988 2147 thesauro
1040 2077 1155 2147 Dei
1204 2077 1481 2168 copiose
1527 2077 1836 2168 replevit.

616 2167 652 2253 ξ
700 2172 791 2237 8.
870 2172 949 2237 Et
998 2165 1154 2235 licet
1192 2167 1340 2256 jam
1404 2167 1473 2236 in
1522 2167 1674 2257 ejus
1724 2177 1951 2235 mente
1999 2166 2288 2256 spiritus
2336 2166 2719 2256 sapientiae
2769 2176 2836 2235 et
2883 2165 3087 2236 intel-

530 2255 747 2326 lectus
794 2277 867 2323 ex
920 2255 1034 2324 Dei
1087 2277 1371 2324 munere
1419 2255 1835 2344 refulgeret,
1891 2267 2121 2324 tamen
2187 2267 2262 2322 ut
2309 2255 2544 2322 omnia
2595 2276 2717 2343 per
2766 2254 3084 2322 ordinem

529 2355 780 2435 ageret,
834 2343 920 2414 ad
973 2344 1335 2434 magistros
1370 2399 1385 2424 ,
1442 2345 1620 2413 viros
1669 2344 2144 2423 doctissimOS‚
2194 2344 2474 2443 saepius
2523 2342 2973 2423 recurrebat,
3023 2356 3087 2411 et

529 2432 808 2504 assidue
858 2433 1233 2523 prudenter
1279 2432 1766 2522 interrogabat.
1806 2432 2117 2502 Prudens
2155 2444 2405 2501 etenim
2450 2431 2661 2501 lector
2698 2430 2923 2521 magis
2957 2430 3118 2499 do-.

524 2536 651 2602 cet,
691 2522 750 2590 si
786 2523 1160 2612 prudenter
1198 2523 1741 2614 interrogaverit:
1776 2522 1871 2591 ita
1917 2534 1982 2592 et
2031 2521 2143 2590 hic
2191 2521 2499 2589 famulus
2550 2520 2667 2590 Dei
2715 2533 2781 2589 et
2829 2533 3080 2591 semet-

525 2612 756 2702 ipsum
792 2633 872 2680 cx
906 2613 1033 2681 hoc
1064 2612 1335 2701 plenius
1370 2611 1437 2680 id
1471 2610 1885 2681 conferendo
1917 2610 2237 2692 erudivit,
2277 2624 2341 2679 et
2371 2608 2544 2678 alios
2577 2620 2813 2699 postea
2847 2608 3083 2698 plures

526 2700 610 2770 ad
662 2701 954 2769 salutem
1004 2701 1350 2780 instruxit,
1390 2712 1465 2769 ut
1498 2724 1699 2771 verus
1741 2702 2068 2789 magister
2115 2699 2372 2768 docuit.
2413 2703 2554 2767 Non
2586 2699 2771 2766 enim
2818 2696 3092 2768 solum-

527 2789 731 2859 modo
764 2789 1013 2864 verbis,
1068 2788 1183 2861 sed
1235 2789 1463 2878 potius
1513 2790 1889 2859 mirificum
1942 2789 2354 2858 humilitatis
2400 2787 2802 2856 ostendebat
2855 2808 3094 2856 exem-

526 2878 750 2969 plum.
835 2878 1202 2946 Festinavit
1265 2899 1563 2965 namque
1627 2878 1716 2948 ad
1785 2878 2280 2969 perficiendam
2331 2888 2536 2962 atque
2583 2875 3090 2976 complendam

578 2965 1019 3036 erfectionem
1068 2967 1558 3057 evangelicam,
1600 2980 1677 3037 ut
1724 2967 2029 3057 optimus
2079 2965 2459 3058 negotiator
2505 2965 2803 3034 venditis
2852 2963 3083 3033 omni-

524 2990 659 3126 bus
687 3069 1118 3145 compararet
1139 3055 1708 3146 pretiosissimam
1742 3055 2104 3125 coelestem
2137 3054 2610 3145 margaritam.
2639 3052 3089 3123 Desiderabat

526 3144 712 3212 enim
760 3144 1125 3214 clericatus
1185 3143 1579 3236 religiosum
1646 3144 1954 3214 officium
1988 3200 2003 3227 ,
2058 3156 2136 3212 ut
2194 3166 2397 3214 verus
2445 3154 2512 3212 et
2557 3142 2887 3212 obediens
2938 3164 3083 3210 mo-

526 3233 794 3302 nachus
846 3233 1070 3315 fieret,
1123 3246 1187 3304 et
1236 3246 1310 3303 ut
1358 3234 1606 3304 Christi
1652 3234 1962 3325 vestigia,
2021 3231 2278 3302 relictis
2320 3232 2671 3312 omnibuS,
2728 3252 2849 3321 per
2901 3230 3089 3298 viam

527 3321 943 3391 humilitatis
1001 3336 1064 3392 et
1117 3322 1546 3393 obedientiae
1608 3335 2034 3410 sequeretur.
2109 3322 2301 3404 Quod
2379 3333 2444 3391 et
2490 3319 2916 3416 consolante·
2965 3324 3099 3387 Do—

528 3409 759 3490 mino,
815 3425 992 3481 recte
1044 3411 1363 3502 perfecit,
1421 3412 1594 3481 dum
1663 3411 1896 3502 palam
1963 3411 2149 3480 mitis
2215 3422 2280 3480 et
2328 3409 2618 3479 humilis
2682 3418 2960 3477 cunctis
3013 3407 3094 3475 in

526 3502 1047 3571 conversatione
1097 3500 1448 3591 apparuit.

617 3591 653 3675 ξ
703 3593 787 3662 4.
871 3595 1025 3658 Erat
1090 3612 1258 3661 sane
1307 3589 1411 3657 vir
1461 3589 1575 3659 Dei
1626 3601 1915 3680 aspectu
1963 3600 2225 3680 gratu5‚
2279 3587 2476 3657 vultu
2526 3585 2874 3678 placiduS,
2944 3605 3094 3653 mo-

526 3677 722 3748 ribus
770 3690 1237 3768 temperatUS,
1312 3679 1549 3748 animo
1599 3678 2115 3749 devotissimus:
2171 3677 2454 3746 verbum
2510 3698 2784 3767 semper
2849 3674 3092 3743 divino

528 3767 671 3836 sale
718 3767 1077 3837 conditum
1123 3768 1388 3849 habuit,
1442 3781 1508 3837 et
1555 3768 1641 3836 ad
1692 3767 2245 3837 aedificationem
2294 3765 2667 3836 fraternam
2720 3776 2974 3855 paratu
2994 3782 3091 3839 m;

529 3855 753 3925 factus
801 3878 958 3925 vero
1003 3868 1104 3928 est
1144 3879 1281 3927 non
1333 3856 1562 3926 solum
1612 3856 2022 3938 monachus,
2064 3856 2181 3926 sed
2223 3868 2287 3925 et
2323 3877 2444 3945 per
2489 3854 2894 3924 electionem
2943 3850 3086 3917 fra-

526 3956 737 4025 trum,
777 3946 1095 4015 sacerdos
1143 3960 1208 4015 et
1256 3956 1452 4037 pater
1492 3967 1791 4036 magnus
1838 3968 1917 4015 ac
1965 3945 2412 4015 doctissimus
2462 3944 2529 4012 in
2581 3940 2852 4011 cunctis
2889 3937 3085 4038 salu·-

528 4034 797 4104 taribus
832 4034 1247 4125 disciplinis.
1291 4041 1364 4105 Et
1413 4033 1612 4104 valde
1667 4057 1748 4104 ex
1796 4035 2016 4126 gratia
2064 4055 2368 4124 superna
2408 4030 2830 4123 proficiebat,
2867 4048 3093 4128 magis

528 4123 1036 4206 convalescens,
1073 4136 1148 4193 ut
1189 4124 1423 4193 lumen
1462 4124 1652 4194 fieret
1700 4124 2137 4214 praeclarum
2179 4122 2344 4192 huic
2395 4119 2682 4200 mundO,
2722 4131 2787 4187 et
2823 4129 3089 4218 positus

529 4233 739 4301 super
788 4212 1125 4282 Ecclesiae
1175 4226 1451 4283 sanctae
1499 4212 2022 4293 candelabrum,
2067 4213 2363 4303 fulgeret
2411 4231 2644 4280 coram
2682 4206 3090 4276 hominibus

528 4321 608 4369 ex
635 4301 835 4370 bonis
864 4325 942 4371 ac
969 4303 1227 4375 sanctis
1258 4303 1609 4394 operibuS,
1647 4303 1832 4372 velut
1859 4303 2143 4372 lucerna
2170 4301 2457 4393 optima.
2492 4304 2568 4369 Et
2599 4295 3091 4389 resplendebat

582 4424 609 4450 *
638 4423 757 4465 Gau.
785 4425 900 4475 Pays
924 4425 983 4465 du
1004 4427 1165 4466 hlaine.
