3327 4999
201 334 309 401 Ex
355 333 574 402 SEPT.
628 332 669 400 3
814 322 821 351 '
1035 352 1116 399 ns
1160 350 1218 399 s.
1271 348 1556 399 umero
1600 348 1899 400 muscoro
2517 335 2648 403 629

200 434 520 525 guttatim
567 432 840 525 dilapsa
910 431 1207 504 evanuit.
1261 431 1511 502 Videns
1541 443 1771 502 autem
1807 431 1911 502 vir
1949 442 2230 504 sanctus
2272 432 2498 503 locum
2534 433 2734 505 illum

200 537 349 593 tum
398 522 686 613 piscosis
731 522 954 611 aquis,
997 535 1141 591 tum
1193 521 1470 610 pascuis
1516 521 1890 593 uberrimis
1935 522 2370 593 commodam
2455 525 2732 595 raebere

200 612 716 695 habitationem,
771 611 1031 702 prolixe
1078 632 1286 702 super
1317 610 1569 681 fontem
1622 623 1959 701 precatus,
2004 633 2161 681 eum
2212 613 2384 683 bene
2435 614 2578 694 ixit,
2632 612 2735 683 la-

199 701 347 792 pidi
395 701 670 792 signum
710 701 946 771 Crucis
993 700 1384 792 insculpsit,
1438 700 1802 791 plumbum
1838 701 1907 770 in
1957 699 2295 771 foramina
2329 701 2725 774 infundens.

200 796 277 860 Et
320 812 477 861 ecce
506 791 734 861 subito
765 803 1144 881 erumpunt
1189 811 1406 876 aquae
1455 789 1886 880 largissimae
1931 812 2108 892 quae
2153 812 2375 878 usque
2422 791 2491 860 in
2535 814 2734 883 prae-

197 902 357 952 sens
384 880 587 952 dictis
635 881 889 952 nostris
936 880 1142 950 fidem
1193 878 1454 949 faciunt
1498 901 1614 948 eas
1660 879 2124 951 cernentibus.
2164 885 2241 949 Et
2283 882 2449 968 quia
2496 880 2729 952 locum

194 970 394 1040 illum
444 993 486 1040 a
519 969 860 1041 malorum
922 969 1296 1060 spirituum
1342 967 1778 1038 infestatione
1848 969 2332 1052 mundaverat,
2390 970 2727 1041 Malmun-

193 1059 468 1128 darium
515 1059 571 1141 *‚
624 1059 823 1147 quasi
870 1081 909 1129 a
958 1058 1139 1128 malo
1188 1057 1622 1135 mundatum,
1679 1056 1938 1149 placuit
1982 1081 2141 1128 eum
2191 1059 2562 1151 appellare.
2605 1064 2729 1130 Ex-

195 1148 406 1219 truxit
450 1160 678 1219 autem
716 1148 856 1218 illic
903 1148 1301 1230 oratorium,
1357 1148 1655 1234 itemque
1705 1147 2095 1218 habitacula
2150 1147 2219 1217 in
2270 1171 2442 1219 usus
2499 1170 2727 1219 servo·
2825 1185 2830 1189 ·

195 1260 350 1308 rum
388 1238 526 1320 Dei,
581 1238 905 1326 auxitque
935 1260 1015 1307 ea
1060 1258 1237 1325 quae
1283 1237 1368 1307 ad
1420 1235 1533 1307 Dei
1562 1235 1827 1306 cultum
1876 1249 2280 1329 spectarent.

281 1334 320 1409 ἓ
371 1331 521 1401 18.
576 1327 704 1398 Sed
752 1350 911 1397 cum
962 1326 1022 1396 is
1051 1326 1245 1397 locus
1290 1327 1362 1396 in
1402 1326 1886 1417 Agrippinensi
1936 1327 2262 1418 parochia
2292 1327 2467 1397 situs
2511 1339 2711 1410 esset,

192 1417 600 1487 coenobium
648 1416 950 1509 suscepit
996 1415 1562 1497 construendum,
1592 1414 1775 1502 quod
1811 1436 1977 1485 suae
2006 1415 2338 1486 dioecesis
2386 1415 2724 1487 limitibus

192 1506 676 1577 contineretur.
710 1505 1088 1578 Procedens
1135 1505 1347 1597 igitur
1376 1503 1539 1574 inde
1583 1505 1784 1592 quasi
1812 1504 1897 1573 ad
1948 1504 2087 1575 duo
2120 1505 2439 1575 milliaria
2487 1528 2726 1576 versus

193 1594 649 1677 Occidentem,
703 1595 958 1666 Gallam
1000 1594 1301 1665 rivulum
1333 1594 1452 1682 qui
1502 1593 1847 1684 parochiis
1879 1595 2350 1664 conterminus
2375 1607 2498 1676 est,
2535 1607 2724 1666 tran-

192 1684 330 1765 siit,
386 1696 450 1754 et
497 1683 584 1754 ad
634 1684 1026 1756 Amblavam
1062 1684 1351 1754 fluvium
1394 1683 1462 1752 in
1503 1683 1867 1774 cujusdam
1922 1683 2173 1755 montis
2214 1684 2515 1755 confinio
2562 1686 2725 1756 sub—

192 1774 400 1867 stitit:
455 1786 658 1862 atque
714 1774 810 1844 ibi
884 1773 1293 1861 aliquandiu
1364 1776 1853 1855 commoratuS‚
1906 1773 2124 1843 multa
2186 1772 2270 1844 de
2317 1795 2390 1843 se
2448 1787 2725 1844 sanctae
2805 1776 2810 1779 ’

190 1862 723 1934 conversationis
768 1862 1074 1965 exempla
1134 1861 1357 1944 dedit,
1434 1861 2021 1949 quemadmodum
2091 1874 2380 1954 possunt
2424 1863 2545 1950 qui
2607 1884 2723 1933 vo·
2778 1872 2789 1887 ‘

190 1952 365 2033 lunt,
423 1973 623 2023 nosse
651 1952 738 2022 ab
772 1952 1018 2023 incolis
1062 1952 1132 2022 id
1184 1950 1656 2021 referentibus».
1713 1951 1850 2021 Etsi
1876 1963 2107 2022 autern
2157 1952 2349 2023 locus
2396 1952 2513 2022 ille
2546 1952 2722 2023 mul-

189 2055 292 2112 tos
339 2041 619 2113 haberet
663 2041 903 2124 sonteS,
959 2054 1184 2113 tamen
1234 2039 1419 2128 quod
1467 2052 1805 2132 angustus
1850 2052 2048 2124 esset,
2098 2063 2223 2113 nec
2270 2040 2567 2113 officinis
2601 2063 2720 2111 ne-

189 2131 509 2201 cessariis
556 2130 927 2213 sufficeret,
980 2131 1065 2201 ad
1116 2130 1455 2201 Orientem
1508 2130 1794 2200 reflectit
1852 2152 2155 2221 gressus,
2210 2152 2722 2223 parumperque

191 2220 590 2311 procedens,
630 2221 809 2291 videt
856 2220 1083 2290 locum
1120 2219 1625 2322 spatiosiorem,
1680 2218 2047 2307 futuroque
2092 2221 2283 2311 operi
2329 2243 2719 2291 accommo-

187 2310 543 2381 datiorem.
599 2312 702 2381 Ibi
747 2331 908 2402 ergo
949 2310 1166 2380 labori
1212 2308 1437 2399 coepit
1482 2309 1737 2378 instare
1782 2309 2131 2392 attentius,
2185 2309 2709 2398 aderatqueilli,

188 2410 266 2469 ut
313 2400 378 2469 in
417 2399 668 2470 talibus
715 2399 914 2481 solet,
968 2399 1200 2468 divina
1249 2397 1466 2469 virtus
1512 2419 1648 2485 qua
1695 2397 1950 2467 sactum
2007 2411 2132 2482 est,
2175 2410 2251 2470 ut
2298 2399 2715 2470 voluntatem

184 2489 464 2561 effectus
511 2503 929 2578 sequeretur.
982 2494 1189 2560 Porro
1234 2486 1418 2576 quod
1466 2486 1645 2558 ferae
1684 2510 1763 2558 eo
1812 2487 2120 2576 undique
2166 2512 2295 2560 ceu
2340 2488 2426 2560 ad
2477 2490 2716 2561 stabu-

188 2579 332 2649 lum
381 2579 481 2649 vel
533 2591 756 2672 potus,
801 2578 901 2648 vel
935 2591 1171 2671 pastus
1216 2580 1428 2648 causa
1465 2578 1911 2660 confluerent,
1947 2579 2327 2666 antiquitus
2375 2578 2491 2649 ille
2522 2579 2716 2649 locus

186 2669 553 2739 Stabulaus
597 2669 667 2704 ⁴⁸*
703 2668 928 2741 dictus
959 2668 1111 2738 suit.
1165 2666 1358 2752 Quod
1397 2689 1645 2737 nomen
1686 2668 1790 2738 vir
1820 2677 2099 2739 sanctus
2133 2668 2418 2738 minime
2447 2669 2718 2739 censuit

180 2759 719 2841 immutandum,
773 2759 890 2829 sed
931 2770 996 2829 et
1043 2757 1182 2828 dici
1231 2769 1297 2827 et
1340 2777 1489 2827 esse
1536 2756 1751 2827 voluit
1797 2756 2146 2828 stabulum
2198 2757 2509 2828 fidelium
2564 2757 2717 2828 ani-

184 2870 488 2931 marum,
540 2872 619 2920 eo
688 2861 1011 2936 tanquam
1061 2847 1146 2918 ad
1196 2858 1509 2917 aeternae
1557 2847 1733 2917 vitae
1801 2869 2056 2937 pascua
2104 2846 2430 2938 deinceps
2478 2869 2721 2938 prope-

183 2952 599 3009 raturarum.
656 2943 860 3009 Porro
921 2937 1247 3007 fratribus
1310 2958 1483 3024 quos
1531 2935 1674 3006 illic
1722 2936 1825 3004 vir
1873 2936 1987 3005 Dei
2034 2935 2117 3006 ad
2188 2958 2510 3026 praesens
2555 2957 2720 3007 con-

179 3041 599 3120 gregaverat,
640 3049 773 3098 non
825 3049 1110 3117 parvum
1148 3047 1350 3116 saepe
1385 3039 1707 3096 terrorem
1745 3025 1973 3095 attulit
2020 3039 2154 3097 stre
2209 3026 2346 3098 itus
2379 3026 2706 3108 ferarum,

181 3139 262 3187 eo
308 3116 703 3187 catervatim
726 3115 1262 3186 accurrentium:
1291 3114 1383 3184 ita
1411 3127 1488 3185 ut
1507 3137 1665 3184 cum
1701 3116 1981 3185 horrore
2000 3136 2137 3202 quo
2188 3139 2301 3185 am
2329 3115 2415 3185 ad
2442 3116 2720 3186 beatum

184 3204 580 3275 ltemaclum
631 3205 733 3274 illi
765 3205 955 3294 operi
1005 3204 1429 3275 insistentem
1477 3204 1968 3305 confugerent,
2029 3205 2334 3293 quidque
2386 3205 2535 3295 {sibi
2595 3204 2716 3274 ad-

180 3315 456 3363 versum
506 3315 621 3365 eas
667 3293 925 3363 diaboli
973 3293 1333 3363 machinas
1394 3293 1719 3382 praesidii
1766 3293 2182 3384 capiendum
2229 3306 2429 3377 esset,
2482 3294 2717 3382 inqui-

182 3393 430 3451 rerent.
454 3385 637 3466 Quos
669 3382 784 3453 ille
816 3383 1114 3474 benigne
1142 3380 1507 3452 consolans
1532 3395 1597 3452 et
1620 3382 2065 3453 confirmans:
2101 3383 2429 3463 «Credite,
2463 3383 2712 3471 inquit,

183 3472 255 3541 in
307 3471 592 3541 Domino
641 3470 838 3542 filioli
885 3471 1211 3542 fideliter:
1263 3472 1414 3561 eJus
1441 3471 1767 3541 mandata
1812 3471 2173 3541 sectamini
2204 3472 2712 3542 inviolabiliter:

182 3573 479 3631 mentem
521 3583 560 3630 a
606 3561 1135 3653 cogitationibus
1184 3582 1360 3648 quae
1399 3571 1561 3630 sunt
1606 3560 1757 3631 sine
1803 3560 2178 3642 intellectu,
2245 3574 2504 3632 servate
2550 3561 2717 3632 libe-

180 3672 367 3721 ram:
421 3650 689 3720 animas
737 3662 993 3721 vestras
1039 3649 1521 3731 castificantes,
1562 3649 1848 3720 Domino
1883 3671 2127 3741 puram
2160 3649 2540 3741 impendite
2569 3673 2715 3720 ser-

178 3739 505 3810 vitutem:
560 3739 708 3810 sine
781 3739 1287 3810 intermissione
1355 3750 1593 3808 orate:
1643 3760 1973 3829 vespere,
2048 3760 2250 3809 mane
2293 3752 2361 3810 et
2430 3740 2718 3810 meridie

179 3827 492 3920 psallite:
555 3829 824 3900 lectioni
877 3828 1278 3931 saepissime
1324 3839 1589 3897 vacatez
1641 3827 1898 3899 frontes
1945 3839 2203 3898 vestras
2251 3829 2487 3901 Crucis
2533 3852 2719 3900 com-

179 3922 443 3988 munite
488 3918 547 3988 si
604 3941 712 4000 n0,
752 3918 904 4007 ejus
943 3929 1258 3988 virtutem
1311 3917 1551 3987 vestris
1610 3917 1985 4008 imprimite
2048 3916 2327 3988 animis:
2378 3930 2444 3990 et
2489 3918 2716 3990 confe-

177 4007 340 4077 stim
387 3941 682 4078 insidgiae
713 4019 779 4077 et
827 4007 1382 4078 machinamenta
1412 4006 1564 4078 tetri
1606 4007 1821 4079 hostis
1853 4008 1921 4076 in
1959 4006 2255 4078 nihilum
2289 4008 2709 4101 redigentur,

172 4107 238 4165 et
283 4096 626 4178 ferarum,
702 4118 823 4188 per
868 4119 1040 4185 quas
1135 4109 1283 4167 utat
1341 4119 1413 4167 se
1487 4096 1572 4166 ad
1635 4118 1754 4166 vos
1819 4096 2324 4199 oppugnandos
2372 4098 2717 4169 invenisse

172 4184 466 4267 aditum,
517 4185 759 4258 horror
807 4186 1033 4257 omnis
1107 4198 1387 4258 acesset.
1441 4186 1562 4257 His
1607 4187 1796 4257 enim
1845 4186 2070 4256 modis
2129 4188 2334 4258 etiam
2397 4202 2555 4259 ante
2591 4211 2717 4258 nos

168 4272 532 4347 infestabat
569 4276 874 4368 Aegypti,
920 4276 1282 4348 Thebaidis
1306 4288 1372 4347 et
1402 4275 1652 4348 Nitriae
1684 4277 1950 4348 eremos
1982 4276 2378 4362 incolenteS,
2416 4300 2709 4369 quorum

225 4489 249 4515 2
278 4490 616 4540 appellabatur
644 4492 877 4546 Matmddy.
1519 4495 1570 4522 ν
1603 4495 1755 4546 vusgo
1783 4495 1965 4536 scama.
