3327 4999
223 362 328 428 EX
375 361 548 430 OCT.
604 363 686 429 to
1010 382 1090 429 nn
1136 384 1192 431 s,
1243 383 1484 433 JOANNE
1529 382 1758 431 emon.
1817 382 1957 430 nso.
2530 365 2644 430 66²1

224 468 321 532 Ita
358 461 691 531 nimirum
785 460 955 531 ratia
1003 463 1230 533 Sancti
1274 464 1586 554 ,Spiritus
1650 476 1866 532 mutat
1925 475 2184 533 mentes
2241 463 2739 554 improborum,

227 550 569 638 efficitque
615 563 692 620 ut
785 573 953 621 onos
1001 564 1273 633 ament,
1330 576 1502 641 quos
1557 564 1712 622 ante
1763 552 2159 623 stimulante
2206 551 2466 622 invidia
2515 574 2744 643 perse-

222 641 633 728 quebantur.
676 662 709 705 »

312 732 348 817 ξ
398 735 536 801 15.
613 728 819 799 Multa
884 751 1040 798 vero
1102 730 1308 800 etiam
1372 731 1706 802 miracula
1753 730 2164 823 perpetravit
2222 731 2326 799 vir
2382 731 2646 811 beatuS,
2706 753 2743 799 e

222 819 477 906 quibus
523 817 858 889 nonnulla
907 818 1016 887 his
1064 817 1469 889 inseremus.
1532 821 1846 908 Quinque
1914 821 2036 889 viri
2087 820 2297 889 maris
2347 831 2744 910 tempestate

210 908 470 999 jactati,
513 908 582 976 in
624 929 895 979 summo
942 907 1341 979 discrimine
1387 909 1855 988 versabantur,
1891 909 1986 979 ita
2032 922 2108 978 ut
2146 932 2225 979 se
2272 931 2593 978 evasuros
2625 908 2737 976 de·
2779 908 2786 916 ’

218 1009 593 1087 sperarent.
646 996 942 1066 Tandem
996 1020 1117 1067 sua
1168 998 1476 1088 lugentes
1529 1010 1804 1088 peccata
1851 1009 2054 1085 atque
2103 998 2187 1066 ad
2248 999 2562 1067 animum
2635 1019 2740 1066 re-

217 1097 535 1157 vocantes
600 1084 944 1175 praeclare
1005 1100 1193 1177 gesta
1239 1110 1278 1156 a
1328 1087 1517 1157 beato
1581 1094 1847 1157 ‚Ioanne
1909 1088 2286 1156 etiamnum
2336 1087 2404 1155 in
2457 1109 2742 1177 corpore

218 1175 302 1244 de
349 1197 632 1266 corpore
688 1175 958 1265 egregie
1023 1175 1523 1267 triumphante,
1562 1176 1762 1246 illum
1790 1230 1808 1257 ,
1844 1175 2270 1244 continenter
2308 1177 2736 1245 invocarunt.

217 1265 498 1334 Interim
564 1264 794 1333 vident
851 1264 1216 1351 quemdam
1287 1264 1430 1335 viro
1479 1266 1912 1336 sanctissimo
1951 1265 2254 1355 corporis
2303 1264 2736 1334 lineamentis

222 1353 685 1432 simillimum,
739 1352 807 1421 in
862 1353 1100 1423 habitu
1148 1354 1448 1445 regulari
1498 1355 1668 1446 ipsis
1715 1367 2184 1446 apparentem,
2236 1366 2300 1421 et
2349 1353 2541 1423 navis
2592 1375 2737 1422 ma—

222 1442 364 1512 lum
416 1465 542 1512 sua
591 1465 803 1512 manu
850 1442 1237 1512 firmantem
1275 1499 1290 1526 ,
1343 1445 1701 1535 ipsamque
1779 1443 2004 1512 navim
2063 1443 2148 1511 ad
2206 1455 2512 1533 optatum
2575 1442 2737 1512 litus

220 1531 701 1623 appellentem.
756 1530 878 1601 Illo
930 1544 1111 1601 tanto
1158 1532 1488 1603 beneficio
1536 1534 1755 1603 affecti
1809 1532 2200 1604 laetabundi
2254 1544 2619 1622 properant
2651 1531 2734 1600 ad

223 1620 741 1699 monasterium,
771 1622 1045 1691 beatum
1081 1621 1302 1692 virum
1342 1622 1631 1693 invisere
1671 1622 2048 1712 cupientes.
2089 1621 2210 1691 Ubi
2247 1621 2329 1690 ad
2372 1620 2730 1690 ecclesiam

222 1723 498 1780 ventum
549 1721 686 1789 est,
740 1709 854 1778 ille
901 1710 999 1781 eis
1045 1711 1226 1781 venit
1272 1712 1539 1781 obviam
1579 1737 1593 1780 ε
1647 1724 1710 1780 et
1756 1733 1914 1780 cum
1967 1732 2344 1797 numquam
2396 1723 2594 1779 antea
2641 1709 2739 1778 vi-

222 1823 340 1870 sus
386 1801 485 1869 eis
532 1798 794 1879 fuisset,
848 1821 926 1869 ex
975 1800 1295 1890 imagine,
1347 1822 1554 1888 quani
1605 1796 1698 1868 in'
1730 1801 1898 1868 mari
1944 1800 2271 1879 viderant,
2325 1822 2483 1868 eum
2534 1820 2741 1900 agno-

224 1901 447 1960 scunt:
500 1887 958 1958 advolvuntur
988 1889 1069 1963 ad
1122 1890 1270 1979 ejus
1300 1890 1605 1979 vestigia,
1648 1889 1902 1989 gratias
1935 1900 2146 1978 agunt
2180 1910 2301 1978 pro
2346 1887 2743 1957 liberatione

221 1978 327 2048 sui
377 2000 417 2045 a
464 1988 600 2047 tam
652 1977 992 2068 praesenti
1041 1978 1368 2068 periculO.
1426 1979 1547 2048 Sed
1612 2001 1715 2047 vir
1763 1977 1875 2046 Dei
1914 1977 2110 2047 docet
2155 2000 2269 2046 eos
2309 1977 2580 2045 divinae
2627 1977 2744 2044 be-

220 2066 539 2157 nignitati
586 2066 652 2134 id
704 2066 1022 2145 tribuere,
1081 2067 1252 2135 nihil
1302 2068 1457 2136 sibi:
1503 2090 1581 2137 ac
1630 2067 1891 2136 ratione
1939 2067 2168 2135 inanis
2263 2066 2471 2135 loriae
2508 2065 2733 2134 fumos

219 2155 622 2226 discutiens.
677 2160 895 2225 Potest
944 2156 1012 2224 in
1080 2155 1206 2224 hoc
1257 2157 1590 2229 miraculo
1638 2155 2030 2226 beatissimo
2079 2155 2237 2225 Nico
2269 2177 2350 2224 ao
2404 2155 2737 2244 Episcopo

218 2244 626 2336 comparari,
697 2266 857 2313 cum
904 2265 1041 2331 quo
1104 2257 1426 2333 tanquam
1506 2245 1794 2315 illustris
1856 2245 2131 2314 lucerna
2185 2244 2424 2314 lucens
2484 2243 2554 2312 in
2609 2243 2736 2313 hoc

218 2333 479 2403 mundo
526 2332 830 2404 bestialis
877 2333 1183 2424 corporis
1233 2347 1455 2405 motus
1503 2334 1835 2404 edomuit.
2699 2374 2705 2383 ·

305 2424 342 2511 ἓ
388 2428 536 2494 16.
591 2421 870 2492 Famulo
918 2422 1215 2510 quodam
1257 2446 1414 2493 cum
1467 2423 1583 2494 illo
1648 2422 2074 2493 familiariter
2112 2421 2561 2512 colloquente,
2628 2420 2731 2489 vir

221 2512 578 2603 piissimus
645 2513 729 2582 de
780 2512 1013 2582 uxoris
1072 2523 1136 2582 et
1206 2513 1502 2583 filiarum
1552 2514 1702 2604 ejus
1749 2513 2134 2582 valetudine
2175 2512 2734 2603 percontabatur...

221 2601 596 2693 Respondit
643 2601 779 2671 ille:
820 2607 1042 2671 «Uxor
1082 2601 1361 2689 quidem
1410 2615 1585 2672 recte
1617 2603 1858 2672 habet:
1897 2602 2011 2670 sed
2037 2603 2183 2692 jam
2218 2602 2626 2694 grandaeva,
2670 2612 2732 2669 et

214 2691 515 2760 filiarum
566 2691 806 2760 solatio
852 2691 1173 2761 destituta
1208 2747 1223 2772 ,
1277 2713 1467 2782 spem
1515 2714 1786 2761 omnem
1838 2689 2318 2761 foecunditatis
2393 2689 2563 2760 mihi
2615 2690 2734 2758 ab-

217 2781 480 2852 stulit.»
511 2786 679 2850 Tum
713 2781 817 2848 vir
846 2780 994 2849 Dei:
1028 2804 1063 2847 «
1095 2780 1239 2861 Abi,
1276 2780 1522 2868 inquit,
1562 2781 1873 2850 domum:
1933 2780 2260 2850 Dominus
2306 2794 2534 2848 autem
2585 2801 2741 2868 pro-

216 2882 540 2957 sequatur
589 2882 649 2940 te
696 2868 1131 2939 indeficiente
1163 2870 1378 2960 gratia
1421 2893 1569 2939 sua.
1612 2871 1735 2940 Ubi
1777 2869 2086 2960 proxime
2133 2869 2216 2938 ad
2268 2891 2376 2938 me
2426 2867 2734 2946 redieris,

217 2959 522 3028 indicare
570 2980 654 3028 ne
702 2958 1012 3040 omittaS,
1056 2980 1192 3046 quo
1248 2959 1318 3027 in
1355 2970 1533 3029 statu
1583 2960 1720 3031 sint
1768 2981 1874 3028 res
1922 2958 2156 3028 uxoris
2206 2971 2430 3028 tuae.»
2467 2962 2544 3027 Et
2589 2977 2745 3025 ecce

217 3049 515 3139 concipit
573 3047 842 3127 mulier,
903 3061 969 3118 et
1014 3048 1188 3117 duas
1236 3048 1306 3117 in
1354 3048 1577 3118 lucem
1627 3048 1766 3117 edit
1814 3047 2038 3116 filias:
2112 3069 2404 3133 quarum
2458 3047 2740 3115 alteram

217 3138 468 3238 gibbus
526 3136 698 3205 mire
759 3136 1158 3228 deturpan5‚
1222 3137 1440 3228 ipsam
1505 3159 1777 3224 quoque
1824 3137 1972 3227 ejus
2023 3136 2259 3205 faciem
2316 3134 2738 3205 horrendum

218 3249 288 3294 1n
340 3224 617 3294 modum
669 3227 1047 3326 occupavit.
1115 3231 1448 3297 Reversus
1499 3238 1728 3317 postea
1779 3225 1880 3292 vir
1926 3224 2040 3293 ille
2079 3225 2163 3293 ad
2214 3224 2732 3304 monasterium,

225 3327 288 3383 et
335 3335 494 3382 cum
546 3314 981 3384 sanctissimo
1031 3314 1171 3382 viro
1218 3314 1638 3400 colloquens,
1679 3327 1958 3404 rogatur
2004 3313 2089 3382 ab
2128 3336 2228 3394 eo,
2260 3315 2542 3402 quinam
2577 3335 2747 3383 uxor

218 3402 436 3472 valeat
480 3413 545 3470 et
592 3401 795 3496 tiliae.
841 3408 1009 3472 Tum
1060 3402 1196 3472 ille:
1235 3432 1259 3466 <a
1298 3404 1589 3484 Utinam,
1628 3403 1872 3489 inquit,
1909 3403 2339 3474 sanctissime
2389 3416 2601 3494 pater,
2639 3401 2739 3470 al—

222 3506 430 3560 teram
482 3489 697 3559 filiam
751 3513 937 3560 mors
997 3491 1083 3561 ab
1131 3491 1491 3561 hominum
1540 3490 1764 3563 oculis
1831 3490 2169 3573 auferret,
2235 3514 2440 3578 quam
2493 3491 2744 3581 gibbus

221 3581 391 3650 adeo
438 3579 794 3661 deformat,
846 3590 921 3648 ut
968 3580 1115 3648 sine
1164 3579 1441 3650 horrore
1488 3580 1705 3671 aspici
1741 3601 1875 3648 non
1927 3578 2162 3669 possit.
2204 3603 2238 3646 »
2299 3585 2374 3650 At
2432 3580 2535 3647 vir
2584 3579 2737 3656 [ἱεὶς

227 3699 249 3731 ιι
290 3669 383 3739 Ab
430 3668 740 3769 originis,
794 3668 908 3750 ait,
966 3668 1234 3737 macula
1279 3669 1561 3740 salutari
1615 3669 1880 3739 lavacro
1915 3681 2378 3759 repurgatam,
2424 3690 2560 3737 non
2619 3669 2738 3736 de-

219 3759 339 3828 bes
383 3757 726 3828 horrldam
779 3757 1027 3827 dicere:
1083 3756 1198 3825 sed
1252 3768 1473 3827 tamen
1526 3759 1720 3828 ocius
1767 3757 2048 3827 domum
2087 3769 2150 3827 te
2196 3757 2577 3839 conferens,
2637 3756 2743 3825 di-

268 3849 436 3917 itum
490 3868 703 3937 ponas
752 3846 820 3914 in
873 3845 1062 3936 gibbi
1112 3868 1384 3916 summo
1423 3847 1694 3927 vertice,
1749 3845 2333 3934 quemadmodum
2383 3869 2508 3938 ego
2559 3869 2743 3915 nunc

217 3873 509 4028 ffigitum
562 3935 840 4026 impono
888 3935 1091 4005 fronti
1142 3947 1319 4005 tuae:
1372 3957 1497 4026 ego
1536 3957 1692 4005 vero
1730 3935 1981 4027 rogabo
2029 3935 2452 4006 incessanter
2512 3936 2743 4004 Domi-

221 4047 414 4107 num,
453 4036 526 4096 ut
556 4038 856 4094 sanetur.
900 4049 936 4093 »
965 4024 1162 4094 Redit
1211 4024 1324 4094 ille
1370 4025 1678 4102 domum,
1720 4036 1819 4095 ter
1867 4025 2151 4114 apponit
2180 4024 2472 4116 digitum
2504 4025 2735 4116 gibbo,

224 4128 425 4203 atque
473 4114 653 4184 intra
702 4114 924 4187 brevis
973 4114 1179 4184 horae
1226 4114 1525 4205 spatium
1576 4114 1805 4206 puella
1853 4125 2156 4184 curatur.
2220 4115 2412 4184 Venit
2457 4127 2743 4200 uterque

228 4203 605 4304 parens-ad
661 4203 881 4275 virum
934 4204 1072 4286 Dei,
1126 4204 1380 4294 pariter
1428 4204 1667 4274 multis
1699 4226 1859 4274 eum
1910 4202 2236 4273 laudibus
2302 4204 2576 4273 vehunt.
2615 4203 2740 4272 Sed

225 4305 674 4383 increpantur
721 4295 805 4364 ab
855 4293 1022 4376 illo,
1078 4306 1623 4385 perpetuumque
1669 4293 1769 4365 eis
1817 4291 2151 4362 indicitur
2194 4292 2345 4362 e’us
2391 4293 2488 4362 rei
2537 4291 2743 4362 silen-

224 4383 419 4460 tium,
476 4383 691 4452 donec
732 4383 878 4474 ipse
926 4396 1271 4472 superstes
1316 4383 1466 4453 erit:
1522 4394 2024 4469 monenturque
2073 4382 2187 4451 lau
2241 4405 2355 4452 are
2404 4387 2638 4458 Deum,
2679 4391 2744 4449 et

226 4470 288 4540 ei
351 4471 497 4542 sine
558 4471 1064 4543 intermissione
1102 4473 1357 4563 gratias
1403 4495 1625 4565 agere.
1682 4477 1775 4541 En
1826 4471 2118 4542 alterum
2172 4472 2367 4542 nobis
2415 4470 2738 4548 Eliscurm
