3327 4999
664 254 798 371 336
1300 323 1379 369 mi
1427 322 1483 368 S.
1538 314 1891 369 nemenio
1938 320 2161 371 COLON.
2215 319 2415 369 EPlsC.
2748 302 2992 369 MART.
3055 300 3131 365 16

580 407 805 497 magis
839 428 918 477 ac
952 405 1174 495 magis
1207 405 1615 496 perflabant,
1655 403 1921 496 linguis
1944 404 2300 474 malevolis
2329 403 2756 475 detrahendo
2782 401 3135 473 innocenti

586 495 735 565 viro
786 495 928 563 Dei.
2991 552 2998 557 .

671 586 707 669 ἓ
761 588 920 653 28.
968 580 1093 649 Sed
1144 580 1308 666 quia
1344 592 1619 669 tempus
1650 592 1797 649 erat
1816 579 1963 669 jam
1999 578 2429 660 consolandi,
2467 579 2982 665 terminumque
3010 600 3134 668 po-

581 671 793 741 nendi
843 669 1172 739 fluctibus
1227 667 1391 744 illis,
1457 680 1523 737 et
1569 669 1955 758 tempestati
2005 667 2315 737 diutinae
2363 667 2819 747 adversitatiS‚
2862 665 3134 757 prospi-

583 760 778 829 ciens
826 757 913 826 de
959 756 1150 825 coelo
1202 756 1562 838 DominuS,
1616 757 1858 825 statuit
1906 755 2278 845 procellam
2321 756 2475 844 ejus
2519 756 2588 824 in
2625 767 3015 836 auram‚·et
3047 753 3142 825 si-

585 847 872 916 luerunt
920 845 1180 914 fluctus
1219 846 1394 935 ejus.
1432 851 1599 915 Nam
1642 844 1792 935 ipsc
1841 857 2039 915 nocte
2095 866 2234 930 qua
2273 844 2625 913 Coloniam
2665 843 3025 943 ingressus
3071 852 3138 912 et

587 933 1096 1005 officiosissime
1144 956 1184 1001 a
1232 933 1378 1001 viro
1427 933 1544 1002 Dei
1591 946 1738 1002 erat
1777 945 2163 1021 susceptus,
2203 955 2363 1000 cum
2414 954 2486 1001 se
2534 952 2764 1022 sopori
2812 930 3136 1009 dedisset,

584 1023 769 1091 videt
820 1022 892 1089 in
936 1021 1201 1090 somnis
1254 1021 1630 1107 quemdam
1678 1021 1884 1107 quasi
1929 1019 2388 1090 venerabilem
2442 1019 2693 1100 virum,
2762 1018 3142 1109 pontificali

582 1122 768 1181 veste
817 1122 1167 1189 ornatum,
1223 1109 1344 1195 qui
1392 1109 1591 1177 illum
1644 1110 1744 1179 sic
1794 1108 2137 1178 allocutus
2183 1119 2307 1177 est:
2349 1131 2384 1173 «
2421 1112 2610 1189 Cave,
2648 1106 2897 1193 inquit,
2930 1127 2969 1173 o
3005 1111 3142 1175 Im-

632 1211 882 1275 erator,
939 1218 1025 1265 ne
1074 1198 1358 1285 posthac
1421 1196 1730 1286 amplius
1779 1218 2020 1287 pecces
2069 1197 2139 1265 in
2198 1217 2608 1265 conservum
2660 1216 2892 1263 meum
2943 1194 3138 1264 Heri-

584 1222 883 1358 ssertum.
937 1285 1117 1354 Scito
1167 1284 1368 1353 illum
1418 1291 1553 1353 Deo
1599 1307 1752 1355 esse
1800 1298 2203 1373 acceptum:
2258 1285 2325 1353 in
2361 1306 2571 1370 quem
2609 1283 2667 1353 si
2696 1282 2867 1369 quid
2915 1282 3138 1351 admi-

590 1376 787 1454 seriS‚
844 1388 919 1443 tu
969 1373 1120 1443 sine
1168 1372 1383 1442 dubio
1434 1373 1739 1462 portabis
1778 1373 2205 1462 judicium.»
2255 1373 2596 1442 Nimirum
2657 1371 2882 1461 gratia
2933 1371 3143 1440 mise-

590 1463 805 1533 rentis
856 1461 972 1531 Dei
1004 1516 1018 1541 ,
1073 1460 1298 1529 taliter
1343 1463 1859 1616 praemonendo
1925 1465 2415 1550 Imperatorem
2449 1515 2463 1541 ,
2517 1460 2950 1550 ignorantiae
2999 1459 3145 1549 ejus

640 1550 919 1640 epercit:
973 1550 1139 1635 quia
1184 1549 1338 1618 vide
1371 1550 1501 1618 icet
1548 1550 1619 1617 in
1669 1571 1769 1629 eo,
1822 1549 2006 1635 quod
2056 1549 2281 1618 virum
2352 1548 2696 1638 ejusmodi
2743 1560 3142 1637 suspectum

589 1575 924 1717 babebat,
988 1659 1124 1706 non
1178 1637 1482 1718 malitia,
1537 1637 1655 1706 sed
1707 1637 2096 1727 ignorantia
2143 1637 2494 1725 peccabat.
2552 1636 2904 1722 Siquidem
2953 1636 3138 1726 ejus-

590 1728 749 1796 dem
801 1725 1243 1815 Imperatoris
1292 1726 1601 1794 animam
1652 1725 1858 1794 timor
1905 1725 2176 1795 Domini
2217 1725 2633 1813 possidebat,
2671 1745 2893 1810 neque
2923 1725 3145 1793 scien-

592 1828 693 1885 ter
726 1814 1093 1913 disponere
1131 1825 1250 1881 aut
1270 1813 1587 1903 judicare
1618 1814 1994 1900 quicquam
2034 1813 2102 1881 in
2145 1835 2353 1902 regno
2402 1813 2745 1901 cupiebat,
2794 1834 2915 1901 per
2951 1810 3137 1898 quod

589 1902 905 1972 coelestis
972 1902 1431 1971 offenderetur
1497 1901 1843 1988 majestas.
1925 1901 2229 1986 Denique
2285 1923 2445 1970 cum
2497 1900 2759 1986 aliquid
2812 1900 2899 1968 de
2946 1897 3144 1989 regni

590 1990 885 2079 nogotiis
935 1990 1304 2080 disponere
1350 2000 1469 2058 aut
1507 1989 1592 2077 ju
1648 1990 1829 2057 icare
1893 1988 2296 2070 intenderet,
2350 1988 2837 2078 dispositiones
2901 2008 3142 2057 omnes

590 2080 730 2149 sive
769 2078 1039 2167 judicia
1090 2099 1216 2146 sua
1266 2077 1592 2167 precibus
1639 2090 1705 2147 et
1742 2077 2200 2165 eleemosynis
2297 2077 2750 2146 raeveniebat:
2804 2088 3146 2162 quatenus

590 2189 789 2236 mens
849 2168 1000 2256 ejus
1062 2178 1128 2234 et
1178 2178 1374 2235 actus
1421 2166 1697 2235 coelesti
1745 2188 1817 2234 re
1874 2166 2114 2234 imine.
2202 2100 2679 2245 ubernaretur,
2734 2185 2819 2233 ne
2867 2163 3145 2250 quando

589 2254 998 2324 exorbitaret
1046 2253 1313 2342 agendo
1364 2255 1465 2322 vel
1505 2254 1797 2342 judican
1856 2276 1934 2332 o,
2010 2188 2195 2339 quog
2244 2253 2502 2333 divinis
2550 2253 2922 2322 contrairet
2976 2251 3141 2342 legi-

591 2345 750 2413 bus.
809 2349 1011 2411 Recte
1072 2343 1287 2431 igitur
1350 2342 1737 2411 secundum
1787 2341 2239 2410 intentionem
2291 2363 2491 2410 suam
2543 2341 2778 2410 divino
2811 2393 2828 2422 ,
2881 2351 2962 2411 ut
3002 2341 3146 2432 jam

598 2432 862 2501 dictum
914 2442 1038 2510 est,
1077 2429 1358 2501 oraculo
1408 2443 1819 2522 praeventus
1864 2442 1929 2499 et
1976 2442 2286 2498 servatus
2334 2440 2458 2511 est,
2496 2450 2581 2497 ne
2635 2439 2982 2498 tantorum
3018 2449 3149 2497 me·

604 2521 899 2589 ritorum
974 2519 1366 2609 pontificem
1441 2519 1841 2608 injuriando
1876 2574 1891 2601 ,
1945 2532 2022 2588 ut
2067 2530 2522 2608 opposuerat,
2569 2518 2717 2608 ipse
2767 2540 2927 2588 reus
2969 2515 3152 2608 judi-

599 2609 709 2677 cio
757 2608 1137 2677 divinitatis
1184 2607 1520 2675 existeret.

683 2699 720 2783 ξ
773 2702 925 2768 24.
981 2695 1159 2777 Quid
1212 2695 1461 2763 multa?
1510 2699 1705 2763 Mane
1752 2693 1952 2776 sacto,
2006 2715 2168 2763 cum
2219 2698 2603 2784 Imperator
2651 2704 2879 2762 mente
2929 2703 3151 2762 muta-

595 2796 709 2853 tus
760 2785 984 2852 virum
1034 2783 1153 2851 Dei
1201 2782 1619 2863 advocasset,
1673 2794 1739 2851 et
1801 2783 1908 2864 id,
1960 2781 2145 2868 quod
2196 2783 2486 2853 coelitus
2532 2794 2896 2862 evenerat,
2971 2775 3151 2868 quod

599 2893 902 2960 superno
934 2884 1253 2959 respectu
1284 2892 1398 2940 rex
1443 2885 1904 2960 compunctus
1945 2871 2188 2951 fuerat,
2227 2871 2331 2938 vir
2369 2882 2653 2940 sanctus
2692 2870 2922 2938 adhuc
2960 2869 3150 2959 igno-

598 2971 802 3038 raret,
843 2981 923 3026 ac
972 2958 1258 3047 perinde
1308 2959 1716 3046 lacrymosis
1763 2959 1985 3027 oculis
2031 2958 2220 3048 apud
2269 2959 2472 3028 illum
2565 2958 2868 3027 uerelam
2911 2956 3153 3047 depro-

598 3058 865 3126 meret,
916 3068 1164 3116 causas
1223 3047 1625 3133 requirens,
1681 3058 1960 3136 propter
2024 3068 2198 3132 quas
2266 3045 2401 3115 sibi
2452 3059 2515 3115 ta
2594 3046 2720 3115 diu
2768 3050 3152 3133 Imperator

603 3134 893 3204 infestus
940 3134 1278 3216 existeret,
1331 3146 1632 3226 repente,
1685 3133 1868 3220 quod
1923 3156 2059 3202 non
2108 3134 2558 3223 sperabatur,
2614 3134 2794 3203 idem
2849 3139 3153 3224 Impera-

602 3236 709 3292 tor
743 3223 1127 3303 exurrexit,
1181 3236 1247 3292 et
1294 3224 1519 3292 virum
1572 3222 1689 3291 Dei
1737 3244 1846 3291 am
1904 3221 2169 3292 lexatus
2214 3235 2338 3292 est.
2395 3222 2518 3291 Ille
2565 3222 2950 3303 admiranS,
2993 3223 3153 3290 haec

602 3310 861 3401 pariter
891 3310 1382 3381 consolationis
1428 3311 1516 3380 ab
1563 3311 1803 3380 eodem
1886 3311 2019 3381 icta
2048 3311 2330 3400 accepit:
2373 3316 2510 3378 «Ex
2542 3333 2680 3395 quo
2708 3309 2796 3380 ad
2833 3310 3033 3409 regni
3061 3307 3156 3377 sa-

604 3399 915 3488 sugium,
971 3404 1103 3466 Deo
1150 3400 1477 3480 donante,
1529 3399 1930 3481 conscendi,
1984 3399 2489 3468 detrahentium
2543 3399 2806 3490 linguis
2857 3398 3155 3466 nimium

602 3486 933 3556 credulus
982 3485 1219 3568 fateor,
1273 3487 1659 3557 venerande
1709 3499 1923 3577 pater,
1984 3501 2046 3557 te
2090 3509 2375 3556 exosum
2426 3486 2664 3567 habui,
2703 3499 2768 3556 et
2798 3487 2981 3556 hanc
3013 3481 3150 3555 odii

606 3575 797 3644 trabe
844 3575 915 3643 in
967 3575 1169 3645 oculo
1215 3588 1516 3665 gestans,
1570 3586 1635 3644 et
1682 3575 1833 3645 ideo
1881 3574 2056 3644 nihil
2104 3574 2370 3655 videns,
2426 3574 2748 3660 iniquum
2798 3573 2883 3643 de
2932 3586 2998 3643 te
3036 3573 3149 3664 ju-

602 3663 865 3732 dicium
901 3663 1140 3743 habui,
1180 3675 1506 3751 tuamque
1521 3664 1893 3754 justitiam,
1934 3663 2149 3734 immo
2175 3663 2289 3731 Dei
2336 3663 2628 3752 gratiam
2662 3662 2732 3732 in
2785 3673 2848 3730 te
2876 3661 3147 3752 fulgen-

601 3763 763 3832 tem,
817 3752 1049 3821 videre
1097 3773 1234 3820 non
1284 3753 1529 3822 merui.
1586 3758 1817 3836 Porro,
1871 3764 1936 3821 te
1986 3763 2271 3831 tacente,
2327 3751 2598 3820 coelum
2647 3750 2902 3820 clamat
2950 3766 3158 3838 super

601 3852 687 3918 te,
747 3854 1075 3927 tuamque
1122 3862 1406 3910 causam
1455 3839 1765 3910 defendit
1811 3840 2000 3930 apud
2051 3861 2183 3908 me.
2240 3845 2409 3909 Nam
2460 3840 2630 3929 ipse,
2685 3839 2805 3925 qui
2854 3838 2940 3907 de
3017 3855 3160 3908 san·

601 3928 731 3998 ctis
779 3929 926 3999 suis
972 3952 1216 3999 curam
1267 3929 1472 3998 habet
1518 3951 1794 4030 semper
1838 3940 1905 3996 et
1951 3927 2220 4006 habuit,
2257 3927 2439 3996 sicut
2468 3927 2804 4017 scriptum
2839 3939 2975 3997 est:
3017 3930 3156 3996 Non

601 4016 883 4103 reliquit
929 4016 1280 4087 hominem
1333 4019 1582 4086 nocere
1628 4039 1753 4098 eis,
1806 4026 1874 4084 et
1920 4015 2257 4105 corripuit
2307 4037 2431 4105 pro
2477 4014 2578 4085 eis
2626 4036 2848 4104 reges,
2892 4014 3155 4084 dicens:

601 4107 821 4176 Nolite
848 4115 1125 4196 tanyere
1150 4108 1430 4175 christos
1471 4128 1673 4184 τηεσε,
1714 4115 1777 4174 et
1831 4106 1903 4173 in
1951 4104 2295 4194 prophetis
2325 4105 2491 4172 meis
2539 4106 2747 4173 nolite
2788 4099 3164 4192 maliynari

600 4194 883 4283 (Psalm.
940 4194 1133 4284 ⁴04):
1188 4195 1337 4284 ipse
1412 4214 1523 4262 me
1572 4214 1699 4283 pro
1748 4203 1811 4260 te
1858 4191 2235 4282 corripuit,
2290 4203 2367 4260 ut
2417 4191 2673 4273 sciam,
2744 4190 2930 4277 quod
2981 4190 3158 4259 inter

601 4281 851 4352 electos
898 4283 1046 4369 ejus
1094 4291 1537 4372 computatus
1585 4280 1707 4350 sis.
1760 4279 2057 4369 Indulge
2092 4300 2278 4380 erg0‚
2335 4301 2577 4369 precor
2627 4292 2711 4360 te,
2759 4278 2945 4364 quod
2980 4277 3053 4345 in
3092 4286 3158 4374 te

604 4369 1029 4461 malignatus
1076 4391 1258 4449 sum,
1316 4368 1418 4438 vel
1452 4367 1639 4457 quod
1682 4380 1743 4437 te
1775 4388 2053 4438 servum
2084 4373 2202 4437 Dei
2235 4380 2517 4458 tangere
2549 4367 2948 4438 deliberavi:
2984 4384 3154 4453 quia
