3327 4999
162 340 425 405 MART.
476 336 563 404 20
796 358 879 409 ΒΕ,
922 358 977 404 s.
1030 356 1392 405 cnrnnssnro
1439 340 1635 408 musti.
1692 362 2092 412 mnmsrann.
2500 342 2628 414 379

170 439 334 509 Sive
380 438 564 508 enim
618 437 821 535 saltu,
876 437 1015 507 sive
1062 461 1296 520 cursu,
1343 439 1483 511 sive
1518 440 1805 523 luctatu,
1845 465 1968 514 seu
1998 444 2304 531 quolibet
2342 445 2477 514 alio
2508 468 2724 517 mem-

165 528 464 598 brorum
519 527 916 596 sinuamine
963 548 1036 596 se
1081 531 1492 609 exercerent,
1550 529 1665 600 ille
1712 554 1952 603 omnes
1992 555 2393 619 aequaevOS,
2441 546 2503 616 et
2551 557 2725 604 non-

165 617 414 687 nullos
461 614 663 684 etiam
717 617 1032 706 majoreS‚
1072 641 1111 686 a
1160 639 1231 687 se
1279 617 1878 707 gloriabatur‘esse
1913 635 2292 712 superatos.
2334 628 2498 692 Cum
2537 624 2721 693 enim

164 720 357 778 esset
404 704 760 795 parvulus,
815 706 1268 796 utparvulus
1316 708 1645 806 sapiebat,
1708 721 1783 778 ut
1831 711 2161 800 parvulus
2207 712 2541 803 agitabat:
2599 713 2720 799 qui

168 793 623 887 postmodum
673 793 894 863 sactus
942 796 1066 875 vir,
1125 795 1520 883 plenissime
1565 818 1668 880 ea,
1721 820 1899 884 quae
1947 799 2213 886 parvuli
2262 813 2479 882 erant,
2511 801 2721 892 depo-

168 883 344 954 suit.
384 888 461 952 Et
506 882 789 969 quidem
819 883 1051 952 divina
1081 884 1501 974 dispensatio
1539 886 1861 976 primitus
1893 887 2255 958 elationem
2288 890 2507 958 animi
2541 912 2710 980 pue-

168 973 334 1042 rilis
381 971 593 1063 digno
643 993 713 1041 se
760 972 1156 1063 paedagogo
1193 995 1624 1063 compescere
1663 975 1947 1063 dignata
1984 990 2106 1051 est.
2143 982 2309 1047 Nam
2346 978 2525 1047 sicut
2556 980 2718 1047 bea-

172 1075 290 1132 tae
341 1060 711 1131 memoriae
759 1063 1148 1131 Trumwine
1181 1067 1228 1129 E
1284 1062 1559 1152 iscopus
1593 1063 1681 1132 ab
1714 1064 1864 1155 ipso
1896 1066 2258 1135 Cuthberto
2290 1067 2420 1136 sibi
2449 1066 2715 1137 dictum

166 1149 605 1242 perhibebat,
651 1150 817 1219 dum
858 1151 1159 1237 quadam
1262 1151 1318 1219 ie
1366 1152 1563 1220 solito
1613 1152 1972 1222 luctamini
2017 1155 2084 1223 in
2127 1178 2372 1245 campo
2411 1157 2716 1243 quodam

165 1261 319 1309 non
354 1238 626 1339 modica
672 1260 1044 1329 puerorum
1097 1240 1297 1309 turba
1328 1239 1694 1322 insisteret,
1731 1242 2082 1312 interesset
2112 1256 2176 1313 et
2203 1244 2383 1335 ipse,
2415 1258 2501 1327 et,
2539 1245 2720 1314 sicut

166 1328 571 1398 ludentium
609 1327 844 1396 levitas
892 1328 1081 1407 solet,
1147 1341 1383 1399 contra
1429 1349 1817 1419 congruum
1873 1346 2154 1401 naturae
2201 1344 2455 1403 statum
2505 1334 2714 1403 variis

168 1417 474 1487 flexibus
536 1416 843 1485 membra
910 1417 1218 1507 plerique
1267 1419 1663 1500 sinuarent,
1717 1433 1992 1510 repente
2040 1443 2225 1492 unus
2272 1422 2356 1490 de
2404 1422 2714 1512 parvulis

169 1505 472 1576 triennis
518 1504 752 1585 ferme,
808 1518 883 1574 ut
933 1506 1287 1577 videbatur
1320 1563 1334 1589 ,
1400 1508 1699 1577 accurrit
1745 1509 1828 1577 ad
1880 1532 2082 1582 eum.
2152 1522 2219 1579 et
2263 1511 2461 1597 quasi
2510 1511 2716 1580 senili

168 1593 567 1665 constantia
614 1595 835 1685 coepit
884 1594 1178 1677 hortari,
1233 1618 1318 1665 ne
1353 1595 1531 1686 jocis
1579 1609 1643 1666 et
1689 1598 1823 1667 otio
1871 1598 2279 1690 indulgeret,
2334 1600 2447 1668 sed
2501 1600 2715 1669 stabi-

171 1684 355 1753 litati
406 1681 632 1772 potius
669 1694 970 1752 mentem
1020 1684 1227 1754 simul
1286 1696 1351 1753 et
1402 1686 1709 1754 membra
1767 1686 2190 1777 subjugaret.
2244 1693 2390 1770 Quo
2457 1689 2719 1758 monita

169 1784 565 1862 spernente,
622 1771 809 1861 luget
855 1771 970 1840 ille
1017 1795 1346 1842 corruens
1393 1774 1461 1841 in
1508 1786 1782 1854 terram,
1834 1789 1898 1845 et
1938 1775 2181 1845 faciem
2232 1775 2557 1866 lacrymis
2616 1777 2710 1846 ri—

170 1883 372 1950 gans.
436 1865 819 1929 Accurrunt
852 1862 1273 1932 consolaturi
1330 1863 1601 1931 caeteri:
1657 1863 1774 1932 sed
1824 1864 1939 1933 ille
1988 1876 2242 1954 perstat
2291 1865 2357 1933 in
2409 1865 2708 1935 fletibus.

174 1955 610 2040 Interrogant
654 1949 820 2036 quid
879 1950 1157 2020 haberet
1205 1951 1669 2040 repentinum,
1709 1953 1893 2020 unde
1926 1952 2131 2024 tantis
2179 1952 2568 2023 afficeretur
2605 1955 2706 2023 la-

171 2038 450 2107 mentis.
485 2042 558 2106 At
597 2037 711 2107 ille
759 2038 1030 2107 tandem
1080 2039 1473 2108 exclamans
1502 2040 1881 2109 consolanti
1933 2064 2003 2109 se
2038 2042 2425 2123 CuthbertO,
2460 2043 2700 2125 «Quid,

172 2127 427 2213 inquit,
467 2128 897 2196 sanctissime
945 2129 1224 2198 antistes
1270 2140 1334 2197 et
1384 2128 1739 2218 presbyter
1786 2129 2146 2199 Cuthberte
2179 2130 2346 2198 haec
2393 2143 2458 2199 et
2508 2144 2708 2200 natu-

176 2229 296 2285 rae
343 2228 407 2285 et
454 2216 697 2306 gradui
751 2229 865 2286 tuo
912 2217 1253 2287 contraria
1300 2218 1514 2308 geris?
1561 2217 1822 2287 Ludere
1871 2231 1932 2287 te
1980 2220 2157 2287 inter
2204 2219 2524 2309 parvulos
2569 2242 2703 2288 non

176 2304 397 2385 decet,
448 2326 652 2391 quem
704 2305 1034 2375 Dominus
1084 2307 1286 2375 etiam
1340 2306 1719 2396 majoribus
1767 2321 1932 2375 natu
1982 2307 2391 2397 magistrum
2444 2309 2713 2378 virtutis

175 2393 622 2463 consecravit.
667 2421 691 2459 t·
747 2395 1045 2463 Audiens
1111 2394 1278 2464 haec
1323 2394 1543 2464 bonae
1608 2395 1861 2464 indolis
1909 2418 2103 2487 puer,
2157 2396 2290 2464 fixa
2338 2397 2719 2467 intentione

178 2483 509 2573 suscepit,
561 2483 682 2553 illo
738 2483 1067 2555 nimirum
1120 2483 1369 2575 spiritu
1423 2483 1714 2554 interius
1760 2485 1909 2556 e'us
1957 2483 2358 2576 praecordia
2398 2486 2705 2567 docente,

177 2571 304 2658 qui
354 2594 473 2660 per
518 2594 594 2641 os
641 2572 925 2642 infantis
972 2574 1394 2643 extrinsecus
1440 2574 1590 2663 ejus
1636 2575 1789 2642 auri
1844 2597 1926 2643 us
1974 2575 2302 2643 insonuit.
2382 2580 2511 2644 Nec
2582 2576 2714 2644 mi-

177 2658 476 2728 randum
526 2662 879 2748 cuiquam,
926 2662 1190 2750 parvuli
1244 2664 1593 2733 lasciviam
1630 2664 2150 2754 perparvulum
2202 2664 2528 2753 potuisse,
2585 2668 2713 2732 Do-

179 2747 376 2816 mino
408 2763 668 2840 agente,
722 2750 1060 2830 cohiberi:
1105 2752 1223 2837 qui
1273 2752 1359 2821 ad
1411 2752 1911 2842 prohibendam
1963 2753 2333 2843 prophetae
2371 2752 2712 2842 insipien-

173 2837 370 2917 tiam,
426 2860 539 2907 ore
588 2839 979 2928 subjugalis
1028 2841 1201 2909 muti
1252 2841 1687 2910 rationabilia
1735 2841 1961 2921 verba,
2003 2864 2164 2911 cum
2199 2840 2432 2920 voluit,
2468 2842 2708 2911 edidit:

172 2926 247 2995 in
298 2927 503 3016 cujus
551 2927 755 2996 laude
802 2927 1063 2997 dictum
1113 2942 1214 2998 est
1259 2930 1631 2999 veraciter:
1700 2930 1873 3012 Quia
1918 2952 1998 2999 ex
2051 2952 2165 2999 ore
2229 2929 2602 3000 infantium
2650 2942 2716 2999 et

173 3015 574 3085 lactentium
636 3016 977 3106 perfecisti
1026 3018 1326 3088 laudem.

258 3105 296 3190 ξ
362 3109 448 3174 72.
502 3109 748 3173 Verum
805 3108 969 3191 quia
1040 3108 1228 3175 omni
1282 3107 1559 3177 habenti
1601 3107 1879 3176 dabitur
1930 3120 1994 3176 et
2058 3107 2462 3188 abundabit,
2511 3107 2709 3188 idest,

169 3192 450 3261 habenti
505 3193 925 3282 propositum
964 3216 1405 3282 amoremque
1455 3197 1806 3275 virtutum,
1858 3196 2102 3265 harum
2147 3197 2345 3287 copia
2405 3218 2710 3287 superno

172 3303 463 3350 munere
511 3281 909 3352 donabitur:
961 3284 1286 3370 quoniam
1352 3306 1524 3374 puer
1586 3284 1853 3354 Domini
1913 3284 2320 3354 cuthbertus
2366 3306 2543 3371 quae
2594 3307 2715 3375 per

166 3370 522 3440 hominem
573 3372 832 3460 accepit
879 3371 1327 3450 hortamenta,
1383 3372 1622 3442 sedulo
1671 3373 1875 3443 corde
1921 3374 2277 3455 retinebat,
2326 3374 2528 3442 etiam
2583 3397 2716 3446 an-.

165 3460 387 3550 gelico
435 3459 589 3529 visu
617 3473 680 3528 et
709 3461 919 3529 affatu
952 3461 1319 3531 confortari
1367 3461 1768 3551 promeruit.
1806 3467 1969 3530 Nam
2004 3462 2228 3532 subito
2260 3462 2491 3530 dolore
2524 3483 2709 3552 genu

164 3560 561 3637 correptum
613 3547 822 3630 illius,
877 3550 1097 3640 coepit
1147 3551 1286 3619 acri
1355 3565 1619 3619 tumore
1668 3572 2129 3641 grossescere:
2197 3552 2290 3619 ita
2339 3564 2414 3619 ut
2478 3550 2705 3622 nervis

169 3638 240 3705 in
294 3635 554 3727 poplite
600 3640 988 3719 contractiS,
1049 3638 1286 3729 pedem
1344 3640 1569 3730 primo
1617 3661 1657 3707 a
1706 3651 1883 3708 terra
1941 3660 2383 3728 suspensum,
2437 3639 2709 3708 claudi-

164 3748 337 3795 cans
381 3738 699 3815 portaret:
720 3727 970 3797 dehinc
1003 3728 1517 3819 ingravescente
1544 3727 1878 3808 molestia,
1912 3729 2099 3797 omni
2131 3749 2301 3817 pene
2331 3727 2713 3818 privaretur

164 3816 472 3886 incessu.
528 3815 657 3897 Qui
704 3815 815 3884 die
860 3817 1156 3902 quadam
1193 3817 1589 3908 deportatus
1638 3815 1819 3886 foras
1849 3840 1890 3884 a
1937 3816 2294 3896 ministriS‚
2348 3828 2552 3903 atque
2578 3817 2712 3886 sub

161 3905 324 3973 divo
358 3903 792 3984 recumbens,
849 3905 1014 3975 vidit
1062 3927 1130 3974 re
1183 3919 1334 3975 ente
1377 3906 1755 3975 venientem
1809 3905 1892 3974 de
1940 3902 2050 3974 lon
2105 3927 2141 3973 e
2186 3905 2485 3992 equitem
2534 3904 2713 3977 albis

169 3993 499 4062 indutum
552 3993 971 4063 vestimentis
1020 4007 1083 4063 et
1139 3929 1609 4065 lionorabilem
1659 3994 1891 4063 vultu:
1964 4015 2034 4062 se
2135 4008 2199 4062 et
2246 4015 2543 4080 equum,
2597 3993 2714 4064 cui

172 4080 541 4161 insidebat,
596 4082 1122 4172 incomparandi
1170 4083 1459 4153 decoris.
1515 4082 1646 4165 Qui
1694 4105 1854 4152 cum
1904 4082 2298 4164 adveniens,
2353 4095 2716 4152 mansueto

62 4165 81 4190 ⁸
173 4169 371 4238 illum
425 4171 756 4241 salutaret
804 4171 1143 4258 alloqui0,
1196 4172 1462 4241 addidit
1515 4172 1716 4259 quasi
1765 4193 1885 4261 per
1935 4171 2168 4261 jocum
2220 4171 2600 4259 inquirere,
2654 4171 2714 4240 si

171 4256 450 4343 aliquod
497 4260 614 4328 tali
655 4260 908 4350 hospiti
958 4260 1156 4330 vellet
1202 4260 1526 4351 praebere
1571 4258 2004 4346 obsequium.
2035 4263 2113 4328 At
2158 4259 2297 4329 ille:
2331 4267 2551 4341 «Jam,
2605 4260 2715 4327 in-

172 4346 368 4433 quit,
425 4348 937 4438 promptissime
988 4349 1120 4419 tuis
1195 4370 1516 4439 cuperem
1567 4349 1849 4418 devotus
1905 4361 2127 4418 astare
2205 4348 2599 4436 obsequiis,
2654 4347 2714 4415 si

170 4457 334 4518 non,
388 4437 820 4529 exigentibus
870 4437 1120 4530 culpis,
1159 4437 1370 4528 hujus
1400 4437 1730 4528 compede
1778 4436 2132 4528 languoris
2177 4438 2528 4507 retinerer.
2584 4434 2714 4505 Diu
