<?xml version="1.0" encoding="UTF-8"?>
<!DOCTYPE html PUBLIC "-//W3C//DTD XHTML 1.0 Transitional//EN"
    "http://www.w3.org/TR/xhtml1/DTD/xhtml1-transitional.dtd">
<html xmlns="http://www.w3.org/1999/xhtml" xml:lang="en" lang="en">
 <head>
  <title>
</title>
<meta http-equiv="Content-Type" content="text/html;charset=utf-8" />
  <meta name='ocr-system' content='tesseract 3.04.00' />
  <meta name='ocr-capabilities' content='ocr_page ocr_carea ocr_par ocr_line ocrx_word'/>
</head>
<body>
  <div class='ocr_page' id='page_1' title='image "./historiaeseuvit04lippgoog_0290.png"; bbox 0 0 3327 4999; ppageno 0'>
   <div class='ocr_carea' id='block_1_1' title="bbox 679 278 3136 398">
    <p class='ocr_par' dir='ltr' id='par_1_1' title="bbox 679 278 3136 398">
     <span class='ocr_line' id='line_1_1' title="bbox 679 278 3136 398; baseline -0.001 -1"><span class='ocrx_word' id='word_1_1' title='bbox 679 331 810 397; x_wconf 73' lang='lat'><strong>276</strong></span> <span class='ocrx_word' id='word_1_2' title='bbox 1153 278 1157 295; x_wconf 38' lang='lat'>¹</span> <span class='ocrx_word' id='word_1_3' title='bbox 1461 348 1539 395; x_wconf 70' lang='lat' dir='ltr'><strong>na</strong></span> <span class='ocrx_word' id='word_1_4' title='bbox 1585 349 1645 397; x_wconf 89' lang='lat' dir='ltr'><strong>s.</strong></span> <span class='ocrx_word' id='word_1_5' title='bbox 1696 348 2056 398; x_wconf 61' lang='lat' dir='ltr'><strong>aurnum».</strong></span> <span class='ocrx_word' id='word_1_6' title='bbox 2102 347 2272 397; x_wconf 71' lang='lat' dir='ltr'><strong>viae.</strong></span> <span class='ocrx_word' id='word_1_7' title='bbox 2751 329 2998 395; x_wconf 80' lang='lat' dir='ltr'><strong>MART.</strong></span> <span class='ocrx_word' id='word_1_8' title='bbox 3051 328 3136 395; x_wconf 71' lang='lat'><strong>43</strong></span> 
     </span>
    </p>
   </div>
   <div class='ocr_carea' id='block_1_2' title="bbox 548 431 3156 4524">
    <p class='ocr_par' dir='ltr' id='par_1_2' title="bbox 589 431 3138 617">
     <span class='ocr_line' id='line_1_2' title="bbox 589 431 3138 525; baseline 0 -23"><span class='ocrx_word' id='word_1_9' title='bbox 589 432 1014 504; x_wconf 89' lang='lat' dir='ltr'><strong>ministerio:</strong></span> <span class='ocrx_word' id='word_1_10' title='bbox 1067 454 1272 525; x_wconf 87' lang='lat' dir='ltr'><strong>porro</strong></span> <span class='ocrx_word' id='word_1_11' title='bbox 1330 432 1564 523; x_wconf 82' lang='lat' dir='ltr'>accipe</span> <span class='ocrx_word' id='word_1_12' title='bbox 1589 432 1910 516; x_wconf 88' lang='lat' dir='ltr'><strong>farinam,</strong></span> <span class='ocrx_word' id='word_1_13' title='bbox 1963 445 2028 505; x_wconf 90' lang='lat' dir='ltr'><strong>et</strong></span> <span class='ocrx_word' id='word_1_14' title='bbox 2073 455 2292 521; x_wconf 87' lang='lat' dir='ltr'><strong>coque</strong></span> <span class='ocrx_word' id='word_1_15' title='bbox 2338 454 2553 524; x_wconf 90' lang='lat' dir='ltr'><strong>panes</strong></span> <span class='ocrx_word' id='word_1_16' title='bbox 2585 431 2658 501; x_wconf 92' lang='lat' dir='ltr'><strong>in</strong></span> <span class='ocrx_word' id='word_1_17' title='bbox 2706 432 3004 513; x_wconf 85' lang='lat' dir='ltr'><strong>clibano,</strong></span> <span class='ocrx_word' id='word_1_18' title='bbox 3057 441 3138 502; x_wconf 90' lang='lat' dir='ltr'><strong>ut</strong></span> 
     </span>
     <span class='ocr_line' id='line_1_3' title="bbox 591 520 2896 617; baseline -0 -25"><span class='ocrx_word' id='word_1_19' title='bbox 591 522 676 592; x_wconf 89' lang='lat' dir='ltr'><strong>ad</strong></span> <span class='ocrx_word' id='word_1_20' title='bbox 713 544 1068 617; x_wconf 89' lang='lat' dir='ltr'><strong>vesperam</strong></span> <span class='ocrx_word' id='word_1_21' title='bbox 1120 520 1342 612; x_wconf 88' lang='lat' dir='ltr'><strong>parati</strong></span> <span class='ocrx_word' id='word_1_22' title='bbox 1389 522 1549 591; x_wconf 89' lang='lat' dir='ltr'><strong>sint.</strong></span> <span class='ocrx_word' id='word_1_23' title='bbox 1578 544 1615 589; x_wconf 78' lang='lat'><strong>»</strong></span> <span class='ocrx_word' id='word_1_24' title='bbox 1665 522 1794 592; x_wconf 90' lang='lat' dir='ltr'><strong>Illa</strong></span> <span class='ocrx_word' id='word_1_25' title='bbox 1826 522 2131 595; x_wconf 84' lang='lat' dir='ltr'><strong>studiose</strong></span> <span class='ocrx_word' id='word_1_26' title='bbox 2169 523 2369 614; x_wconf 78' lang='lat' dir='ltr'><strong>Jussa</strong></span> <span class='ocrx_word' id='word_1_27' title='bbox 2389 522 2779 613; x_wconf 83' lang='lat' dir='ltr'><strong>complevit.</strong></span> <span class='ocrx_word' id='word_1_28' title='bbox 2889 534 2896 541; x_wconf 81' lang='grc'><em>·</em></span> 
     </span>
    </p>

    <p class='ocr_par' dir='ltr' id='par_1_3' title="bbox 548 610 3153 2031">
     <span class='ocr_line' id='line_1_4' title="bbox 678 610 3138 703; baseline -0.002 -19"><span class='ocrx_word' id='word_1_29' title='bbox 678 612 716 700; x_wconf 62' lang='grc' dir='ltr'><strong><em>ὃ</em></strong></span> <span class='ocrx_word' id='word_1_30' title='bbox 779 616 939 684; x_wconf 77' lang='lat'><strong>1⁰.</strong></span> <span class='ocrx_word' id='word_1_31' title='bbox 993 615 1069 681; x_wconf 75' lang='lat' dir='ltr'><strong>At</strong></span> <span class='ocrx_word' id='word_1_32' title='bbox 1115 632 1356 681; x_wconf 89' lang='lat' dir='ltr'><strong>rursus</strong></span> <span class='ocrx_word' id='word_1_33' title='bbox 1412 610 1761 703; x_wconf 90' lang='lat' dir='ltr'><strong>malignus</strong></span> <span class='ocrx_word' id='word_1_34' title='bbox 1825 611 2118 682; x_wconf 92' lang='lat' dir='ltr'><strong>daemon</strong></span> <span class='ocrx_word' id='word_1_35' title='bbox 2173 634 2324 681; x_wconf 89' lang='lat' dir='ltr'><strong>eam</strong></span> <span class='ocrx_word' id='word_1_36' title='bbox 2391 610 2708 680; x_wconf 90' lang='lat' dir='ltr'><strong>nonnihil</strong></span> <span class='ocrx_word' id='word_1_37' title='bbox 2777 622 3138 680; x_wconf 90' lang='lat' dir='ltr'><strong>vacantem</strong></span> 
     </span>
     <span class='ocr_line' id='line_1_5' title="bbox 590 698 3141 791; baseline -0.001 -21"><span class='ocrx_word' id='word_1_38' title='bbox 590 699 964 791; x_wconf 81' lang='lat' dir='ltr'><strong>reperienS,</strong></span> <span class='ocrx_word' id='word_1_39' title='bbox 1033 698 1437 788; x_wconf 87' lang='lat' dir='ltr'><strong>hujusmodi</strong></span> <span class='ocrx_word' id='word_1_40' title='bbox 1482 699 1546 769; x_wconf 93' lang='lat' dir='ltr'><strong>ei</strong></span> <span class='ocrx_word' id='word_1_41' title='bbox 1594 701 1944 770; x_wconf 90' lang='lat' dir='ltr'><strong>somnium</strong></span> <span class='ocrx_word' id='word_1_42' title='bbox 1994 700 2310 781; x_wconf 87' lang='lat' dir='ltr'><strong>immisit,</strong></span> <span class='ocrx_word' id='word_1_43' title='bbox 2372 711 2450 768; x_wconf 93' lang='lat' dir='ltr'><strong>ut</strong></span> <span class='ocrx_word' id='word_1_44' title='bbox 2497 699 2631 769; x_wconf 90' lang='lat' dir='ltr'><strong>sibi</strong></span> <span class='ocrx_word' id='word_1_45' title='bbox 2676 698 2908 769; x_wconf 91' lang='lat' dir='ltr'><strong>videre</strong></span> <span class='ocrx_word' id='word_1_46' title='bbox 2951 699 3141 768; x_wconf 86' lang='lat' dir='ltr'><strong>vide-</strong></span> 
     </span>
     <span class='ocr_line' id='line_1_6' title="bbox 590 787 3139 881; baseline -0.001 -22"><span class='ocrx_word' id='word_1_47' title='bbox 590 801 782 859; x_wconf 88' lang='lat' dir='ltr'><strong>retur</strong></span> <span class='ocrx_word' id='word_1_48' title='bbox 829 794 1221 859; x_wconf 90' lang='lat' dir='ltr'><strong>Senatorem</strong></span> <span class='ocrx_word' id='word_1_49' title='bbox 1270 787 1495 870; x_wconf 91' lang='lat' dir='ltr'><strong>illum,</strong></span> <span class='ocrx_word' id='word_1_50' title='bbox 1548 789 1666 859; x_wconf 91' lang='lat' dir='ltr'><strong>cui</strong></span> <span class='ocrx_word' id='word_1_51' title='bbox 1721 789 2065 881; x_wconf 83' lang='lat' dir='ltr'>desponsa</span> <span class='ocrx_word' id='word_1_52' title='bbox 2129 789 2370 868; x_wconf 88' lang='lat' dir='ltr'><strong>suerat,</strong></span> <span class='ocrx_word' id='word_1_53' title='bbox 2433 810 2593 858; x_wconf 89' lang='lat' dir='ltr'><strong>cum</strong></span> <span class='ocrx_word' id='word_1_54' title='bbox 2661 788 3003 859; x_wconf 81' lang='lat' dir='ltr'><strong>militibus</strong></span> <span class='ocrx_word' id='word_1_55' title='bbox 3065 788 3139 857; x_wconf 89' lang='lat' dir='ltr'><strong>in</strong></span> 
     </span>
     <span class='ocr_line' id='line_1_7' title="bbox 591 876 3145 966; baseline 0 -21"><span class='ocrx_word' id='word_1_56' title='bbox 591 876 1087 949; x_wconf 88' lang='lat' dir='ltr'><strong>monasterium</strong></span> <span class='ocrx_word' id='word_1_57' title='bbox 1139 878 1532 960; x_wconf 83' lang='lat' dir='ltr'><strong>intrantem,</strong></span> <span class='ocrx_word' id='word_1_58' title='bbox 1585 900 1878 966; x_wconf 88' lang='lat' dir='ltr'><strong>eamque</strong></span> <span class='ocrx_word' id='word_1_59' title='bbox 1924 878 2085 948; x_wconf 92' lang='lat' dir='ltr'><strong>inde</strong></span> <span class='ocrx_word' id='word_1_60' title='bbox 2130 878 2196 946; x_wconf 93' lang='lat' dir='ltr'><strong>vi</strong></span> <span class='ocrx_word' id='word_1_61' title='bbox 2244 876 2690 948; x_wconf 82' lang='lat' dir='ltr'><strong>auferentem.</strong></span> <span class='ocrx_word' id='word_1_62' title='bbox 2726 882 2913 960; x_wconf 90' lang='lat' dir='ltr'><strong>Quae</strong></span> <span class='ocrx_word' id='word_1_63' title='bbox 2942 877 3145 946; x_wconf 89' lang='lat' dir='ltr'><strong>humi</strong></span> 
     </span>
     <span class='ocr_line' id='line_1_8' title="bbox 590 964 3134 1057; baseline -0.001 -21"><span class='ocrx_word' id='word_1_64' title='bbox 590 966 880 1048; x_wconf 90' lang='lat' dir='ltr'><strong>cubans,</strong></span> <span class='ocrx_word' id='word_1_65' title='bbox 932 987 1094 1037; x_wconf 91' lang='lat' dir='ltr'><strong>cum</strong></span> <span class='ocrx_word' id='word_1_66' title='bbox 1141 988 1292 1036; x_wconf 90' lang='lat' dir='ltr'><strong>earn</strong></span> <span class='ocrx_word' id='word_1_67' title='bbox 1343 966 1479 1035; x_wconf 92' lang='lat' dir='ltr'><strong>vim</strong></span> <span class='ocrx_word' id='word_1_68' title='bbox 1528 978 1594 1037; x_wconf 88' lang='lat' dir='ltr'><strong>et</strong></span> <span class='ocrx_word' id='word_1_69' title='bbox 1623 967 2007 1039; x_wconf 82' lang='lat' dir='ltr'><strong>molestiam</strong></span> <span class='ocrx_word' id='word_1_70' title='bbox 2047 967 2220 1037; x_wconf 90' lang='lat' dir='ltr'><strong>ferre</strong></span> <span class='ocrx_word' id='word_1_71' title='bbox 2248 987 2382 1036; x_wconf 92' lang='lat' dir='ltr'><strong>non</strong></span> <span class='ocrx_word' id='word_1_72' title='bbox 2419 978 2669 1057; x_wconf 88' lang='lat' dir='ltr'><strong>posset,</strong></span> <span class='ocrx_word' id='word_1_73' title='bbox 2701 964 3134 1035; x_wconf 83' lang='lat' dir='ltr'><strong>exclamavit.</strong></span> 
     </span>
     <span class='ocr_line' id='line_1_9' title="bbox 591 1054 3138 1147; baseline -0 -23"><span class='ocrx_word' id='word_1_74' title='bbox 591 1055 945 1125; x_wconf 82' lang='lat' dir='ltr'><strong>Abbatissa</strong></span> <span class='ocrx_word' id='word_1_75' title='bbox 979 1076 1137 1125; x_wconf 86' lang='lat' dir='ltr'><strong>vero</strong></span> <span class='ocrx_word' id='word_1_76' title='bbox 1182 1068 1247 1124; x_wconf 90' lang='lat' dir='ltr'><strong>et</strong></span> <span class='ocrx_word' id='word_1_77' title='bbox 1300 1055 1639 1141; x_wconf 86' lang='lat' dir='ltr'><strong>quaedam</strong></span> <span class='ocrx_word' id='word_1_78' title='bbox 1690 1078 1957 1127; x_wconf 93' lang='lat' dir='ltr'><strong>sorores</strong></span> <span class='ocrx_word' id='word_1_79' title='bbox 2011 1055 2543 1147; x_wconf 82' lang='lat' dir='ltr'><strong>expergefactae,</strong></span> <span class='ocrx_word' id='word_1_80' title='bbox 2596 1056 2747 1145; x_wconf 88' lang='lat' dir='ltr'><strong>ejus</strong></span> <span class='ocrx_word' id='word_1_81' title='bbox 2792 1054 3138 1124; x_wconf 89' lang='lat' dir='ltr'><strong>clamores</strong></span> 
     </span>
     <span class='ocr_line' id='line_1_10' title="bbox 591 1143 3142 1232; baseline 0 -19"><span class='ocrx_word' id='word_1_82' title='bbox 591 1143 909 1225; x_wconf 91' lang='lat' dir='ltr'><strong>audiunt,</strong></span> <span class='ocrx_word' id='word_1_83' title='bbox 949 1156 1458 1231; x_wconf 88' lang='lat' dir='ltr'><strong>accurruntque</strong></span> <span class='ocrx_word' id='word_1_84' title='bbox 1489 1144 1573 1213; x_wconf 89' lang='lat' dir='ltr'><strong>ad</strong></span> <span class='ocrx_word' id='word_1_85' title='bbox 1615 1166 1794 1226; x_wconf 90' lang='lat' dir='ltr'><strong>eam,</strong></span> <span class='ocrx_word' id='word_1_86' title='bbox 1849 1145 2424 1232; x_wconf 85' lang='lat' dir='ltr'><strong>sciscitanturque</strong></span> <span class='ocrx_word' id='word_1_87' title='bbox 2462 1165 2620 1213; x_wconf 92' lang='lat' dir='ltr'><strong>cum</strong></span> <span class='ocrx_word' id='word_1_88' title='bbox 2655 1165 2805 1214; x_wconf 90' lang='lat' dir='ltr'><strong>eam</strong></span> <span class='ocrx_word' id='word_1_89' title='bbox 2845 1143 3142 1214; x_wconf 82' lang='lat' dir='ltr'><strong>excitas—</strong></span> 
     </span>
     <span class='ocr_line' id='line_1_11' title="bbox 593 1232 3141 1325; baseline -0.001 -22"><span class='ocrx_word' id='word_1_90' title='bbox 593 1245 765 1313; x_wconf 87' lang='lat' dir='ltr'><strong>sent,</strong></span> <span class='ocrx_word' id='word_1_91' title='bbox 817 1254 1158 1319; x_wconf 88' lang='lat' dir='ltr'><strong>quaenam</strong></span> <span class='ocrx_word' id='word_1_92' title='bbox 1207 1234 1378 1302; x_wconf 92' lang='lat' dir='ltr'><strong>tanti</strong></span> <span class='ocrx_word' id='word_1_93' title='bbox 1423 1247 1600 1303; x_wconf 88' lang='lat' dir='ltr'><strong>esset</strong></span> <span class='ocrx_word' id='word_1_94' title='bbox 1630 1256 1842 1303; x_wconf 90' lang='lat' dir='ltr'><strong>causa</strong></span> <span class='ocrx_word' id='word_1_95' title='bbox 1888 1235 2190 1325; x_wconf 76' lang='lat' dir='ltr'><strong>angoris,</strong></span> <span class='ocrx_word' id='word_1_96' title='bbox 2248 1239 2326 1303; x_wconf 79' lang='lat' dir='ltr'><strong>At</strong></span> <span class='ocrx_word' id='word_1_97' title='bbox 2371 1233 2493 1301; x_wconf 92' lang='lat' dir='ltr'><strong>illa</strong></span> <span class='ocrx_word' id='word_1_98' title='bbox 2539 1232 2897 1302; x_wconf 86' lang='lat' dir='ltr'><strong>confestim</strong></span> <span class='ocrx_word' id='word_1_99' title='bbox 2947 1253 3141 1301; x_wconf 93' lang='lat' dir='ltr'><strong>som-</strong></span> 
     </span>
     <span class='ocr_line' id='line_1_12' title="bbox 591 1321 3140 1405; baseline -0 -15"><span class='ocrx_word' id='word_1_100' title='bbox 591 1321 789 1391; x_wconf 91' lang='lat' dir='ltr'><strong>nium</strong></span> <span class='ocrx_word' id='word_1_101' title='bbox 835 1321 1199 1391; x_wconf 87' lang='lat' dir='ltr'><strong>enarravit.</strong></span> <span class='ocrx_word' id='word_1_102' title='bbox 1252 1326 1420 1389; x_wconf 87' lang='lat' dir='ltr'><strong>Tum</strong></span> <span class='ocrx_word' id='word_1_103' title='bbox 1472 1323 1849 1405; x_wconf 75' lang='lat' dir='ltr'><strong>Abbatissa,</strong></span> <span class='ocrx_word' id='word_1_104' title='bbox 1896 1323 2247 1394; x_wconf 89' lang='lat' dir='ltr'><strong>sororibus</strong></span> <span class='ocrx_word' id='word_1_105' title='bbox 2272 1322 2601 1392; x_wconf 89' lang='lat' dir='ltr'><strong>omnibus</strong></span> <span class='ocrx_word' id='word_1_106' title='bbox 2624 1321 2958 1401; x_wconf 81' lang='lat' dir='ltr'><strong>excitatiS,</strong></span> <span class='ocrx_word' id='word_1_107' title='bbox 2991 1342 3140 1390; x_wconf 88' lang='lat' dir='ltr'><strong>una</strong></span> 
     </span>
     <span class='ocr_line' id='line_1_13' title="bbox 590 1409 3130 1501; baseline -0.001 -22"><span class='ocrx_word' id='word_1_108' title='bbox 590 1431 752 1479; x_wconf 89' lang='lat' dir='ltr'><strong>cum</strong></span> <span class='ocrx_word' id='word_1_109' title='bbox 801 1409 939 1479; x_wconf 91' lang='lat' dir='ltr'><strong>illis</strong></span> <span class='ocrx_word' id='word_1_110' title='bbox 989 1431 1110 1501; x_wconf 91' lang='lat' dir='ltr'><strong>pro</strong></span> <span class='ocrx_word' id='word_1_111' title='bbox 1160 1410 1544 1500; x_wconf 89' lang='lat' dir='ltr'><strong>Euphrasia</strong></span> <span class='ocrx_word' id='word_1_112' title='bbox 1589 1413 1659 1480; x_wconf 92' lang='lat' dir='ltr'><strong>in</strong></span> <span class='ocrx_word' id='word_1_113' title='bbox 1711 1433 1947 1501; x_wconf 86' lang='lat' dir='ltr'><strong>preces</strong></span> <span class='ocrx_word' id='word_1_114' title='bbox 1992 1411 2334 1490; x_wconf 89' lang='lat' dir='ltr'><strong>incubuit,</strong></span> <span class='ocrx_word' id='word_1_115' title='bbox 2373 1410 2591 1479; x_wconf 87' lang='lat' dir='ltr'><strong>donec</strong></span> <span class='ocrx_word' id='word_1_116' title='bbox 2651 1410 3130 1479; x_wconf 88' lang='lat' dir='ltr'><strong>dilucesceret.</strong></span> 
     </span>
     <span class='ocr_line' id='line_1_14' title="bbox 591 1497 3136 1590; baseline -0 -23"><span class='ocrx_word' id='word_1_117' title='bbox 591 1498 849 1568; x_wconf 88' lang='lat' dir='ltr'><strong>Deinde</strong></span> <span class='ocrx_word' id='word_1_118' title='bbox 894 1497 1279 1590; x_wconf 90' lang='lat' dir='ltr'><strong>Euphrasia</strong></span> <span class='ocrx_word' id='word_1_119' title='bbox 1310 1512 1545 1569; x_wconf 85' lang='lat' dir='ltr'><strong>tenens</strong></span> <span class='ocrx_word' id='word_1_120' title='bbox 1573 1521 1785 1569; x_wconf 89' lang='lat' dir='ltr'><strong>manu</strong></span> <span class='ocrx_word' id='word_1_121' title='bbox 1811 1501 2142 1581; x_wconf 87' lang='lat' dir='ltr'><strong>codicem,</strong></span> <span class='ocrx_word' id='word_1_122' title='bbox 2173 1499 2459 1570; x_wconf 89' lang='lat' dir='ltr'><strong>caeteris</strong></span> <span class='ocrx_word' id='word_1_123' title='bbox 2488 1498 2913 1579; x_wconf 76' lang='lat' dir='ltr'><strong>sedentibuS,</strong></span> <span class='ocrx_word' id='word_1_124' title='bbox 2946 1509 3136 1568; x_wconf 88' lang='lat' dir='ltr'><strong>stans</strong></span> 
     </span>
     <span class='ocr_line' id='line_1_15' title="bbox 594 1585 3153 1678; baseline 0 -23"><span class='ocrx_word' id='word_1_125' title='bbox 594 1585 655 1656; x_wconf 94' lang='lat' dir='ltr'><strong>le</strong></span> <span class='ocrx_word' id='word_1_126' title='bbox 706 1589 862 1658; x_wconf 89' lang='lat' dir='ltr'><strong>ebat</strong></span> <span class='ocrx_word' id='word_1_127' title='bbox 906 1610 1128 1675; x_wconf 87' lang='lat' dir='ltr'><strong>usque</strong></span> <span class='ocrx_word' id='word_1_128' title='bbox 1174 1587 1259 1656; x_wconf 88' lang='lat' dir='ltr'><strong>ad</strong></span> <span class='ocrx_word' id='word_1_129' title='bbox 1309 1588 1356 1657; x_wconf 89' lang='lat' dir='ltr'>h</span> <span class='ocrx_word' id='word_1_130' title='bbox 1407 1610 1551 1659; x_wconf 87' lang='lat' dir='ltr'><strong>ram</strong></span> <span class='ocrx_word' id='word_1_131' title='bbox 1603 1588 1892 1660; x_wconf 89' lang='lat' dir='ltr'><strong>tertiam.</strong></span> <span class='ocrx_word' id='word_1_132' title='bbox 1925 1589 2184 1659; x_wconf 86' lang='lat' dir='ltr'><strong>Tertiae</strong></span> <span class='ocrx_word' id='word_1_133' title='bbox 2209 1610 2367 1658; x_wconf 88' lang='lat' dir='ltr'><strong>vero</strong></span> <span class='ocrx_word' id='word_1_134' title='bbox 2416 1588 2740 1678; x_wconf 86' lang='lat' dir='ltr'><strong>precibus</strong></span> <span class='ocrx_word' id='word_1_135' title='bbox 2765 1585 3153 1665; x_wconf 69' lang='lat' dir='ltr'><strong>absolutis,</strong></span> 
     </span>
     <span class='ocr_line' id='line_1_16' title="bbox 592 1611 3138 1768; baseline -0.002 -22"><span class='ocrx_word' id='word_1_136' title='bbox 592 1611 705 1746; x_wconf 48' lang='lat' dir='ltr'><strong>af</strong></span> <span class='ocrx_word' id='word_1_137' title='bbox 730 1698 1047 1747; x_wconf 89' lang='lat' dir='ltr'><strong>sororum</strong></span> <span class='ocrx_word' id='word_1_138' title='bbox 1096 1677 1374 1746; x_wconf 88' lang='lat' dir='ltr'><strong>ministe</strong></span> <span class='ocrx_word' id='word_1_139' title='bbox 1417 1678 1479 1745; x_wconf 88' lang='lat' dir='ltr'><strong>ia</strong></span> <span class='ocrx_word' id='word_1_140' title='bbox 1536 1668 1848 1759; x_wconf 70' lang='lat' dir='ltr'><strong>accessit,</strong></span> <span class='ocrx_word' id='word_1_141' title='bbox 1918 1679 2017 1747; x_wconf 90' lang='lat' dir='ltr'><strong>eis</strong></span> <span class='ocrx_word' id='word_1_142' title='bbox 2081 1699 2502 1768; x_wconf 90' lang='lat' dir='ltr'><strong>praeparans</strong></span> <span class='ocrx_word' id='word_1_143' title='bbox 2554 1676 2965 1746; x_wconf 86' lang='lat' dir='ltr'><strong>necessaria.</strong></span> <span class='ocrx_word' id='word_1_144' title='bbox 3014 1679 3138 1743; x_wconf 84' lang='lat' dir='ltr'><strong>Tot</strong></span> 
     </span>
     <span class='ocr_line' id='line_1_17' title="bbox 548 1763 3139 1867; baseline -0.001 -32"><span class='ocrx_word' id='word_1_145' title='bbox 548 1777 823 1835; x_wconf 63' lang='lat' dir='ltr'><strong>,autem</strong></span> <span class='ocrx_word' id='word_1_146' title='bbox 875 1766 1098 1835; x_wconf 91' lang='lat' dir='ltr'><strong>modis</strong></span> <span class='ocrx_word' id='word_1_147' title='bbox 1162 1777 1518 1855; x_wconf 89' lang='lat' dir='ltr'><strong>occupata,</strong></span> <span class='ocrx_word' id='word_1_148' title='bbox 1591 1787 1815 1852; x_wconf 91' lang='lat' dir='ltr'><strong>neque</strong></span> <span class='ocrx_word' id='word_1_149' title='bbox 1861 1766 2221 1837; x_wconf 88' lang='lat' dir='ltr'><strong>nocturnis</strong></span> <span class='ocrx_word' id='word_1_150' title='bbox 2281 1787 2502 1867; x_wconf 88' lang='lat' dir='ltr'><strong>neque</strong></span> <span class='ocrx_word' id='word_1_151' title='bbox 2565 1766 2841 1835; x_wconf 91' lang='lat' dir='ltr'><strong>diurnis</strong></span> <span class='ocrx_word' id='word_1_152' title='bbox 2904 1763 3139 1832; x_wconf 89' lang='lat' dir='ltr'><strong>aberat</strong></span> 
     </span>
     <span class='ocr_line' id='line_1_18' title="bbox 592 1852 3140 1945; baseline 0 -24"><span class='ocrx_word' id='word_1_153' title='bbox 592 1854 939 1945; x_wconf 88' lang='lat' dir='ltr'><strong>precibus.</strong></span> <span class='ocrx_word' id='word_1_154' title='bbox 994 1877 1073 1925; x_wconf 90' lang='lat' dir='ltr'><strong>ac</strong></span> <span class='ocrx_word' id='word_1_155' title='bbox 1121 1853 1582 1924; x_wconf 87' lang='lat' dir='ltr'><strong>nihilominus</strong></span> <span class='ocrx_word' id='word_1_156' title='bbox 1615 1855 1761 1925; x_wconf 91' lang='lat' dir='ltr'><strong>sola</strong></span> <span class='ocrx_word' id='word_1_157' title='bbox 1809 1877 2014 1926; x_wconf 92' lang='lat' dir='ltr'><strong>omne</strong></span> <span class='ocrx_word' id='word_1_158' title='bbox 2062 1854 2550 1937; x_wconf 72' lang='lat' dir='ltr'><strong>ministerium,</strong></span> <span class='ocrx_word' id='word_1_159' title='bbox 2602 1854 2786 1943; x_wconf 90' lang='lat' dir='ltr'><strong>quod</strong></span> <span class='ocrx_word' id='word_1_160' title='bbox 2832 1852 3140 1923; x_wconf 86' lang='lat' dir='ltr'><strong>diximus</strong></span> 
     </span>
     <span class='ocr_line' id='line_1_19' title="bbox 593 1944 1965 2031; baseline 0 -19"><span class='ocrx_word' id='word_1_161' title='bbox 593 1944 1085 2031; x_wconf 84' lang='lat' dir='ltr'><strong>exequebatur.</strong></span> <span class='ocrx_word' id='word_1_162' title='bbox 1960 1980 1965 1989; x_wconf 93' lang='lat'>·</span> 
     </span>
    </p>

    <p class='ocr_par' dir='ltr' id='par_1_4' title="bbox 587 2031 3156 4257">
     <span class='ocr_line' id='line_1_20' title="bbox 682 2031 3143 2120; baseline -0.002 -17"><span class='ocrx_word' id='word_1_163' title='bbox 682 2034 719 2120; x_wconf 67' lang='grc' dir='ltr'><strong>ξ</strong></span> <span class='ocrx_word' id='word_1_164' title='bbox 780 2038 910 2103; x_wconf 81' lang='lat' dir='ltr'><strong>ss.</strong></span> <span class='ocrx_word' id='word_1_165' title='bbox 963 2032 1207 2102; x_wconf 81' lang='lat' dir='ltr'><strong>Aderat</strong></span> <span class='ocrx_word' id='word_1_166' title='bbox 1252 2044 1481 2102; x_wconf 90' lang='lat' dir='ltr'><strong>autem</strong></span> <span class='ocrx_word' id='word_1_167' title='bbox 1529 2054 1775 2102; x_wconf 89' lang='lat' dir='ltr'><strong>rursus</strong></span> <span class='ocrx_word' id='word_1_168' title='bbox 1823 2044 2042 2115; x_wconf 91' lang='lat' dir='ltr'><strong>satan,</strong></span> <span class='ocrx_word' id='word_1_169' title='bbox 2094 2044 2160 2104; x_wconf 90' lang='lat' dir='ltr'><strong>et</strong></span> <span class='ocrx_word' id='word_1_170' title='bbox 2207 2031 2576 2102; x_wconf 87' lang='lat' dir='ltr'><strong>dormienti</strong></span> <span class='ocrx_word' id='word_1_171' title='bbox 2609 2031 3143 2103; x_wconf 88' lang='lat' dir='ltr'><strong>infestissimum</strong></span> 
     </span>
     <span class='ocr_line' id='line_1_21' title="bbox 596 2121 3140 2211; baseline -0 -22"><span class='ocrx_word' id='word_1_172' title='bbox 596 2140 670 2189; x_wconf 91' lang='lat' dir='ltr'><strong>se</strong></span> <span class='ocrx_word' id='word_1_173' title='bbox 714 2121 1086 2203; x_wconf 83' lang='lat' dir='ltr'><strong>exhibens,</strong></span> <span class='ocrx_word' id='word_1_174' title='bbox 1154 2122 1533 2191; x_wconf 84' lang='lat' dir='ltr'><strong>maximum</strong></span> <span class='ocrx_word' id='word_1_175' title='bbox 1590 2121 1654 2191; x_wconf 89' lang='lat' dir='ltr'><strong>ei</strong></span> <span class='ocrx_word' id='word_1_176' title='bbox 1719 2133 2064 2191; x_wconf 88' lang='lat' dir='ltr'><strong>certamen</strong></span> <span class='ocrx_word' id='word_1_177' title='bbox 2115 2122 2365 2193; x_wconf 86' lang='lat' dir='ltr'><strong>attulit.</strong></span> <span class='ocrx_word' id='word_1_178' title='bbox 2434 2121 2562 2190; x_wconf 91' lang='lat' dir='ltr'><strong>Illa</strong></span> <span class='ocrx_word' id='word_1_179' title='bbox 2608 2121 3140 2211; x_wconf 85' lang='lat' dir='ltr'><strong>quamprimum</strong></span> 
     </span>
     <span class='ocr_line' id='line_1_22' title="bbox 593 2207 3138 2301; baseline -0 -23"><span class='ocrx_word' id='word_1_180' title='bbox 593 2207 995 2281; x_wconf 81' lang='lat' dir='ltr'><strong>Abbatissae</strong></span> <span class='ocrx_word' id='word_1_181' title='bbox 1042 2232 1207 2280; x_wconf 89' lang='lat' dir='ltr'><strong>suas</strong></span> <span class='ocrx_word' id='word_1_182' title='bbox 1264 2209 1619 2301; x_wconf 87' lang='lat' dir='ltr'><strong>angustias</strong></span> <span class='ocrx_word' id='word_1_183' title='bbox 1676 2210 1948 2280; x_wconf 85' lang='lat' dir='ltr'><strong>detexit.</strong></span> <span class='ocrx_word' id='word_1_184' title='bbox 2004 2216 2191 2294; x_wconf 90' lang='lat' dir='ltr'><strong>Quae</strong></span> <span class='ocrx_word' id='word_1_185' title='bbox 2237 2233 2400 2281; x_wconf 91' lang='lat' dir='ltr'><strong>cum</strong></span> <span class='ocrx_word' id='word_1_186' title='bbox 2449 2231 2573 2301; x_wconf 87' lang='lat' dir='ltr'><strong>pro</strong></span> <span class='ocrx_word' id='word_1_187' title='bbox 2639 2210 2758 2279; x_wconf 94' lang='lat' dir='ltr'><strong>illa</strong></span> <span class='ocrx_word' id='word_1_188' title='bbox 2807 2220 3138 2289; x_wconf 70' lang='lat' dir='ltr'><strong>rooasset,</strong></span> 
     </span>
     <span class='ocr_line' id='line_1_23' title="bbox 595 2265 3149 2391; baseline -0 -25"><span class='ocrx_word' id='word_1_189' title='bbox 595 2297 693 2366; x_wconf 90' lang='lat' dir='ltr'><strong>ait</strong></span> <span class='ocrx_word' id='word_1_190' title='bbox 736 2298 837 2367; x_wconf 90' lang='lat' dir='ltr'><strong>ei:</strong></span> <span class='ocrx_word' id='word_1_191' title='bbox 892 2321 927 2366; x_wconf 93' lang='lat'>«</span> <span class='ocrx_word' id='word_1_192' title='bbox 960 2299 1127 2369; x_wconf 85' lang='lat' dir='ltr'><strong>Filia</strong></span> <span class='ocrx_word' id='word_1_193' title='bbox 1175 2321 1347 2379; x_wconf 88' lang='lat' dir='ltr'><strong>mea,</strong></span> <span class='ocrx_word' id='word_1_194' title='bbox 1400 2299 1798 2368; x_wconf 89' lang='lat' dir='ltr'><strong>certaminis</strong></span> <span class='ocrx_word' id='word_1_195' title='bbox 1847 2300 1975 2370; x_wconf 89' lang='lat' dir='ltr'><strong>hoc</strong></span> <span class='ocrx_word' id='word_1_196' title='bbox 2024 2312 2297 2391; x_wconf 88' lang='lat' dir='ltr'><strong>tempus</strong></span> <span class='ocrx_word' id='word_1_197' title='bbox 2325 2312 2448 2368; x_wconf 87' lang='lat' dir='ltr'><strong>est.</strong></span> <span class='ocrx_word' id='word_1_198' title='bbox 2490 2302 2680 2379; x_wconf 86' lang='lat' dir='ltr'><strong>Cave,</strong></span> <span class='ocrx_word' id='word_1_199' title='bbox 2727 2319 2811 2368; x_wconf 90' lang='lat' dir='ltr'><strong>ne</strong></span> <span class='ocrx_word' id='word_1_200' title='bbox 2862 2265 2978 2367; x_wconf 72' lang='lat' dir='ltr'><strong>il&#39;le</strong></span> <span class='ocrx_word' id='word_1_201' title='bbox 3007 2295 3149 2365; x_wconf 90' lang='lat' dir='ltr'><strong>ini-</strong></span> 
     </span>
     <span class='ocr_line' id='line_1_24' title="bbox 593 2385 3150 2479; baseline 0 -24"><span class='ocrx_word' id='word_1_202' title='bbox 593 2407 779 2472; x_wconf 90' lang='lat' dir='ltr'><strong>quus</strong></span> <span class='ocrx_word' id='word_1_203' title='bbox 826 2401 1100 2458; x_wconf 89' lang='lat' dir='ltr'><strong>enervet</strong></span> <span class='ocrx_word' id='word_1_204' title='bbox 1145 2388 1459 2456; x_wconf 88' lang='lat' dir='ltr'><strong>animum</strong></span> <span class='ocrx_word' id='word_1_205' title='bbox 1513 2400 1736 2469; x_wconf 90' lang='lat' dir='ltr'><strong>tuum,</strong></span> <span class='ocrx_word' id='word_1_206' title='bbox 1788 2399 1854 2457; x_wconf 90' lang='lat' dir='ltr'><strong>et</strong></span> <span class='ocrx_word' id='word_1_207' title='bbox 1902 2388 2147 2479; x_wconf 87' lang='lat' dir='ltr'><strong>perdas</strong></span> <span class='ocrx_word' id='word_1_208' title='bbox 2213 2409 2453 2458; x_wconf 90' lang='lat' dir='ltr'><strong>omnes</strong></span> <span class='ocrx_word' id='word_1_209' title='bbox 2517 2387 2783 2458; x_wconf 84' lang='lat' dir='ltr'><strong>labores</strong></span> <span class='ocrx_word' id='word_1_210' title='bbox 2841 2399 3021 2457; x_wconf 91' lang='lat' dir='ltr'><strong>tuos.</strong></span> <span class='ocrx_word' id='word_1_211' title='bbox 3076 2385 3150 2455; x_wconf 89' lang='lat' dir='ltr'><strong>Si</strong></span> 
     </span>
     <span class='ocr_line' id='line_1_25' title="bbox 595 2474 3151 2568; baseline -0 -23"><span class='ocrx_word' id='word_1_212' title='bbox 595 2475 681 2545; x_wconf 90' lang='lat' dir='ltr'><strong>ad</strong></span> <span class='ocrx_word' id='word_1_213' title='bbox 729 2476 932 2547; x_wconf 80' lang='lat' dir='ltr'><strong>breve</strong></span> <span class='ocrx_word' id='word_1_214' title='bbox 971 2489 1243 2568; x_wconf 89' lang='lat' dir='ltr'><strong>tempus</strong></span> <span class='ocrx_word' id='word_1_215' title='bbox 1290 2476 1482 2547; x_wconf 90' lang='lat' dir='ltr'><strong>illius</strong></span> <span class='ocrx_word' id='word_1_216' title='bbox 1532 2476 1867 2566; x_wconf 89' lang='lat' dir='ltr'><strong>impetum</strong></span> <span class='ocrx_word' id='word_1_217' title='bbox 1915 2476 2353 2559; x_wconf 88' lang='lat' dir='ltr'><strong>sustinueris,</strong></span> <span class='ocrx_word' id='word_1_218' title='bbox 2407 2476 2530 2548; x_wconf 93' lang='lat' dir='ltr'><strong>ubi</strong></span> <span class='ocrx_word' id='word_1_219' title='bbox 2587 2497 2659 2547; x_wconf 92' lang='lat' dir='ltr'><strong>se</strong></span> <span class='ocrx_word' id='word_1_220' title='bbox 2707 2475 2997 2548; x_wconf 89' lang='lat' dir='ltr'><strong>senserit</strong></span> <span class='ocrx_word' id='word_1_221' title='bbox 3043 2474 3151 2544; x_wconf 88' lang='lat' dir='ltr'><strong>vi-</strong></span> 
     </span>
     <span class='ocr_line' id='line_1_26' title="bbox 593 2565 3151 2656; baseline -0 -21"><span class='ocrx_word' id='word_1_222' title='bbox 593 2576 807 2648; x_wconf 91' lang='lat' dir='ltr'><strong>ctum,</strong></span> <span class='ocrx_word' id='word_1_223' title='bbox 859 2590 1022 2636; x_wconf 83' lang='lat' dir='ltr'><strong>curn</strong></span> <span class='ocrx_word' id='word_1_224' title='bbox 1074 2566 1094 2635; x_wconf 91' lang='lat' dir='ltr'><strong>i</strong></span> <span class='ocrx_word' id='word_1_225' title='bbox 1149 2566 1458 2635; x_wconf 86' lang='lat' dir='ltr'><strong>nominia</strong></span> <span class='ocrx_word' id='word_1_226' title='bbox 1491 2566 1743 2634; x_wconf 91' lang='lat' dir='ltr'><strong>iterum</strong></span> <span class='ocrx_word' id='word_1_227' title='bbox 1793 2588 1833 2635; x_wconf 92' lang='lat' dir='ltr'><strong>a</strong></span> <span class='ocrx_word' id='word_1_228' title='bbox 1881 2576 1944 2635; x_wconf 91' lang='lat' dir='ltr'><strong>te</strong></span> <span class='ocrx_word' id='word_1_229' title='bbox 1991 2566 2385 2656; x_wconf 79' lang='lat' dir='ltr'><strong>aufugiet.»</strong></span> <span class='ocrx_word' id='word_1_230' title='bbox 2438 2566 2614 2635; x_wconf 87' lang='lat' dir='ltr'><strong>Dixit</strong></span> <span class='ocrx_word' id='word_1_231' title='bbox 2661 2579 2891 2636; x_wconf 89' lang='lat' dir='ltr'><strong>autem</strong></span> <span class='ocrx_word' id='word_1_232' title='bbox 2939 2565 3001 2634; x_wconf 92' lang='lat' dir='ltr'><strong>ei</strong></span> <span class='ocrx_word' id='word_1_233' title='bbox 3050 2576 3151 2634; x_wconf 88' lang='lat' dir='ltr'><strong>et-</strong></span> 
     </span>
     <span class='ocr_line' id='line_1_27' title="bbox 593 2654 3149 2742; baseline -0 -18"><span class='ocrx_word' id='word_1_234' title='bbox 593 2654 736 2724; x_wconf 91' lang='lat' dir='ltr'><strong>iam</strong></span> <span class='ocrx_word' id='word_1_235' title='bbox 786 2677 980 2742; x_wconf 76' lang='lat' dir='ltr'><strong>soror</strong></span> <span class='ocrx_word' id='word_1_236' title='bbox 1019 2656 1114 2724; x_wconf 79' lang='lat' dir='ltr'><strong>Ju</strong></span> <span class='ocrx_word' id='word_1_237' title='bbox 1152 2654 1258 2723; x_wconf 88' lang='lat' dir='ltr'><strong>ia:</strong></span> <span class='ocrx_word' id='word_1_238' title='bbox 1313 2655 1665 2724; x_wconf 88' lang='lat' dir='ltr'><strong>«Domina</strong></span> <span class='ocrx_word' id='word_1_239' title='bbox 1709 2666 1775 2724; x_wconf 90' lang='lat' dir='ltr'><strong>et</strong></span> <span class='ocrx_word' id='word_1_240' title='bbox 1820 2676 2013 2724; x_wconf 89' lang='lat' dir='ltr'><strong>soror</strong></span> <span class='ocrx_word' id='word_1_241' title='bbox 2071 2678 2246 2738; x_wconf 88' lang='lat' dir='ltr'><strong>mea,</strong></span> <span class='ocrx_word' id='word_1_242' title='bbox 2287 2655 2345 2727; x_wconf 91' lang='lat' dir='ltr'><strong>si</strong></span> <span class='ocrx_word' id='word_1_243' title='bbox 2402 2656 2471 2723; x_wconf 90' lang='lat' dir='ltr'><strong>in</strong></span> <span class='ocrx_word' id='word_1_244' title='bbox 2529 2656 2658 2724; x_wconf 88' lang='lat' dir='ltr'><strong>hac</strong></span> <span class='ocrx_word' id='word_1_245' title='bbox 2710 2666 2927 2725; x_wconf 86' lang='lat' dir='ltr'><strong>aetate</strong></span> <span class='ocrx_word' id='word_1_246' title='bbox 2979 2675 3149 2723; x_wconf 91' lang='lat' dir='ltr'><strong>cum</strong></span> 
     </span>
     <span class='ocr_line' id='line_1_28' title="bbox 593 2741 3146 2834; baseline -0 -23"><span class='ocrx_word' id='word_1_247' title='bbox 593 2742 714 2812; x_wconf 89' lang='lat' dir='ltr'><strong>illo</strong></span> <span class='ocrx_word' id='word_1_248' title='bbox 771 2765 904 2816; x_wconf 90' lang='lat' dir='ltr'><strong>non</strong></span> <span class='ocrx_word' id='word_1_249' title='bbox 965 2743 1432 2833; x_wconf 86' lang='lat' dir='ltr'><strong>confligimus,</strong></span> <span class='ocrx_word' id='word_1_250' title='bbox 1485 2763 1785 2830; x_wconf 88' lang='lat' dir='ltr'><strong>eumque</strong></span> <span class='ocrx_word' id='word_1_251' title='bbox 1831 2743 2311 2834; x_wconf 81' lang='lat' dir='ltr'><strong>profligamuS,</strong></span> <span class='ocrx_word' id='word_1_252' title='bbox 2346 2765 2523 2831; x_wconf 89' lang='lat' dir='ltr'><strong>quas</strong></span> <span class='ocrx_word' id='word_1_253' title='bbox 2586 2743 2672 2812; x_wconf 89' lang='lat' dir='ltr'><strong>ad</strong></span> <span class='ocrx_word' id='word_1_254' title='bbox 2735 2741 3146 2813; x_wconf 89' lang='lat' dir='ltr'><strong>bellandum</strong></span> 
     </span>
     <span class='ocr_line' id='line_1_29' title="bbox 593 2830 3140 2923; baseline -0 -24"><span class='ocrx_word' id='word_1_255' title='bbox 593 2832 772 2901; x_wconf 90' lang='lat' dir='ltr'><strong>vires</strong></span> <span class='ocrx_word' id='word_1_256' title='bbox 821 2833 891 2900; x_wconf 91' lang='lat' dir='ltr'><strong>in</strong></span> <span class='ocrx_word' id='word_1_257' title='bbox 927 2844 1271 2904; x_wconf 88' lang='lat' dir='ltr'><strong>senectute</strong></span> <span class='ocrx_word' id='word_1_258' title='bbox 1318 2830 1680 2901; x_wconf 90' lang='lat' dir='ltr'><strong>habiturae</strong></span> <span class='ocrx_word' id='word_1_259' title='bbox 1727 2837 2080 2902; x_wconf 77' lang='lat' dir='ltr'><strong>sumus?»</strong></span> <span class='ocrx_word' id='word_1_260' title='bbox 2131 2833 2250 2903; x_wconf 84' lang='lat' dir='ltr'><strong>Cui</strong></span> <span class='ocrx_word' id='word_1_261' title='bbox 2307 2831 2662 2923; x_wconf 88' lang='lat' dir='ltr'><strong>respondit</strong></span> <span class='ocrx_word' id='word_1_262' title='bbox 2708 2830 3140 2922; x_wconf 87' lang='lat' dir='ltr'><strong>Euphrasia:</strong></span> 
     </span>
     <span class='ocr_line' id='line_1_30' title="bbox 594 2919 3142 3012; baseline -0 -23"><span class='ocrx_word' id='word_1_263' title='bbox 594 2920 823 2989; x_wconf 81' lang='lat' dir='ltr'><strong>«vivit</strong></span> <span class='ocrx_word' id='word_1_264' title='bbox 873 2921 1225 3001; x_wconf 78' lang='lat' dir='ltr'><strong>DominuS,</strong></span> <span class='ocrx_word' id='word_1_265' title='bbox 1279 2941 1473 2989; x_wconf 91' lang='lat' dir='ltr'><strong>soror</strong></span> <span class='ocrx_word' id='word_1_266' title='bbox 1507 2941 1658 2989; x_wconf 92' lang='lat' dir='ltr'><strong>mea</strong></span> <span class='ocrx_word' id='word_1_267' title='bbox 1709 2920 1926 3002; x_wconf 88' lang='lat' dir='ltr'><strong>Julia,</strong></span> <span class='ocrx_word' id='word_1_268' title='bbox 1980 2921 2040 2991; x_wconf 89' lang='lat' dir='ltr'><strong>si</strong></span> <span class='ocrx_word' id='word_1_269' title='bbox 2078 2922 2368 3012; x_wconf 87' lang='lat' dir='ltr'><strong>jusserit</strong></span> <span class='ocrx_word' id='word_1_270' title='bbox 2422 2921 2707 2992; x_wconf 91' lang='lat' dir='ltr'><strong>domina</strong></span> <span class='ocrx_word' id='word_1_271' title='bbox 2754 2919 3142 3001; x_wconf 79' lang='lat' dir='ltr'><strong>Abbatissa,</strong></span> 
     </span>
     <span class='ocr_line' id='line_1_31' title="bbox 593 3007 3148 3099; baseline -0 -21"><span class='ocrx_word' id='word_1_272' title='bbox 593 3018 732 3078; x_wconf 91' lang='lat' dir='ltr'><strong>tota</strong></span> <span class='ocrx_word' id='word_1_273' title='bbox 778 3008 1213 3079; x_wconf 76' lang='lat' dir='ltr'><strong>hebdomada</strong></span> <span class='ocrx_word' id='word_1_274' title='bbox 1261 3030 1345 3078; x_wconf 90' lang='lat' dir='ltr'><strong>ne</strong></span> <span class='ocrx_word' id='word_1_275' title='bbox 1395 3030 1643 3099; x_wconf 91' lang='lat' dir='ltr'><strong>panem</strong></span> <span class='ocrx_word' id='word_1_276' title='bbox 1692 3009 1975 3096; x_wconf 88' lang='lat' dir='ltr'><strong>quidem</strong></span> <span class='ocrx_word' id='word_1_277' title='bbox 2009 3033 2309 3093; x_wconf 91' lang='lat' dir='ltr'><strong>sumam,</strong></span> <span class='ocrx_word' id='word_1_278' title='bbox 2362 3010 2581 3081; x_wconf 90' lang='lat' dir='ltr'><strong>donec</strong></span> <span class='ocrx_word' id='word_1_279' title='bbox 2628 3032 2814 3092; x_wconf 89' lang='lat' dir='ltr'><strong>eum,</strong></span> <span class='ocrx_word' id='word_1_280' title='bbox 2854 3007 3148 3079; x_wconf 91' lang='lat' dir='ltr'><strong>Domino</strong></span> 
     </span>
     <span class='ocr_line' id='line_1_32' title="bbox 592 3096 3150 3199; baseline 0 -33"><span class='ocrx_word' id='word_1_281' title='bbox 592 3096 979 3185; x_wconf 86' lang='lat' dir='ltr'><strong>adjuvante,</strong></span> <span class='ocrx_word' id='word_1_282' title='bbox 1031 3119 1442 3199; x_wconf 85' lang='lat' dir='ltr'><strong>superem.»</strong></span> <span class='ocrx_word' id='word_1_283' title='bbox 1490 3097 1583 3168; x_wconf 82' lang='lat' dir='ltr'><strong>Ad</strong></span> <span class='ocrx_word' id='word_1_284' title='bbox 1614 3120 1791 3185; x_wconf 91' lang='lat' dir='ltr'><strong>quae</strong></span> <span class='ocrx_word' id='word_1_285' title='bbox 1817 3099 1865 3168; x_wconf 86' lang='lat' dir='ltr'><strong>J</strong></span> <span class='ocrx_word' id='word_1_286' title='bbox 1872 3098 2054 3168; x_wconf 88' lang='lat' dir='ltr'><strong>ulia:</strong></span> <span class='ocrx_word' id='word_1_287' title='bbox 2107 3121 2144 3166; x_wconf 88' lang='lat'>«</span> <span class='ocrx_word' id='word_1_288' title='bbox 2171 3099 2529 3187; x_wconf 89' lang='lat' dir='ltr'><strong>Equidem,</strong></span> <span class='ocrx_word' id='word_1_289' title='bbox 2561 3099 2679 3183; x_wconf 92' lang='lat' dir='ltr'><strong>ait,</strong></span> <span class='ocrx_word' id='word_1_290' title='bbox 2733 3098 2944 3170; x_wconf 89' lang='lat' dir='ltr'><strong>totius</strong></span> <span class='ocrx_word' id='word_1_291' title='bbox 2978 3097 3150 3167; x_wconf 89' lang='lat' dir='ltr'><strong>heb·</strong></span> 
     </span>
     <span class='ocr_line' id='line_1_33' title="bbox 589 3184 3148 3289; baseline 0 -34"><span class='ocrx_word' id='word_1_292' title='bbox 589 3184 927 3256; x_wconf 85' lang='lat' dir='ltr'><strong>domadac</strong></span> <span class='ocrx_word' id='word_1_293' title='bbox 958 3187 1259 3256; x_wconf 70' lang='lat' dir='ltr'><strong>inediam</strong></span> <span class='ocrx_word' id='word_1_294' title='bbox 1312 3186 1490 3256; x_wconf 89' lang='lat' dir='ltr'><strong>ferre</strong></span> <span class='ocrx_word' id='word_1_295' title='bbox 1538 3208 1675 3256; x_wconf 90' lang='lat' dir='ltr'><strong>non</strong></span> <span class='ocrx_word' id='word_1_296' title='bbox 1726 3209 2050 3279; x_wconf 88' lang='lat' dir='ltr'><strong>possum:</strong></span> <span class='ocrx_word' id='word_1_297' title='bbox 2095 3200 2171 3258; x_wconf 88' lang='lat' dir='ltr'><strong>tu</strong></span> <span class='ocrx_word' id='word_1_298' title='bbox 2219 3188 2279 3257; x_wconf 94' lang='lat' dir='ltr'><strong>si</strong></span> <span class='ocrx_word' id='word_1_299' title='bbox 2323 3200 2541 3289; x_wconf 75' lang='lat' dir='ltr'><strong>poteS,</strong></span> <span class='ocrx_word' id='word_1_300' title='bbox 2593 3201 2659 3258; x_wconf 89' lang='lat' dir='ltr'><strong>et</strong></span> <span class='ocrx_word' id='word_1_301' title='bbox 2706 3188 2776 3257; x_wconf 91' lang='lat' dir='ltr'><strong>in</strong></span> <span class='ocrx_word' id='word_1_302' title='bbox 2827 3187 3028 3258; x_wconf 86' lang='lat' dir='ltr'><strong>terris</strong></span> <span class='ocrx_word' id='word_1_303' title='bbox 3074 3195 3148 3256; x_wconf 89' lang='lat' dir='ltr'><strong>et</strong></span> 
     </span>
     <span class='ocr_line' id='line_1_34' title="bbox 589 3275 3151 3348; baseline 0 -4"><span class='ocrx_word' id='word_1_304' title='bbox 589 3275 663 3344; x_wconf 89' lang='lat' dir='ltr'><strong>in</strong></span> <span class='ocrx_word' id='word_1_305' title='bbox 710 3276 920 3345; x_wconf 90' lang='lat' dir='ltr'><strong>coelis</strong></span> <span class='ocrx_word' id='word_1_306' title='bbox 961 3276 1158 3346; x_wconf 89' lang='lat' dir='ltr'><strong>beata</strong></span> <span class='ocrx_word' id='word_1_307' title='bbox 1185 3275 1407 3346; x_wconf 85' lang='lat' dir='ltr'><strong>eris.»</strong></span> <span class='ocrx_word' id='word_1_308' title='bbox 1458 3281 1535 3344; x_wconf 90' lang='lat' dir='ltr'><strong>In</strong></span> <span class='ocrx_word' id='word_1_309' title='bbox 1585 3276 1716 3346; x_wconf 89' lang='lat' dir='ltr'><strong>hoc</strong></span> <span class='ocrx_word' id='word_1_310' title='bbox 1762 3298 1920 3346; x_wconf 84' lang='lat' dir='ltr'><strong>vero</strong></span> <span class='ocrx_word' id='word_1_311' title='bbox 1968 3288 2383 3348; x_wconf 72' lang='lat' dir='ltr'><strong>monasterio</strong></span> <span class='ocrx_word' id='word_1_312' title='bbox 2431 3277 2628 3347; x_wconf 89' lang='lat' dir='ltr'><strong>nulla</strong></span> <span class='ocrx_word' id='word_1_313' title='bbox 2679 3278 3014 3347; x_wconf 89' lang='lat' dir='ltr'><strong>hactenus</strong></span> <span class='ocrx_word' id='word_1_314' title='bbox 3044 3285 3151 3344; x_wconf 88' lang='lat' dir='ltr'><strong>to-</strong></span> 
     </span>
     <span class='ocr_line' id='line_1_35' title="bbox 598 3363 3150 3457; baseline -0.001 -23"><span class='ocrx_word' id='word_1_315' title='bbox 598 3376 737 3434; x_wconf 88' lang='lat' dir='ltr'><strong>tam</strong></span> <span class='ocrx_word' id='word_1_316' title='bbox 790 3365 1244 3455; x_wconf 89' lang='lat' dir='ltr'><strong>septimanam</strong></span> <span class='ocrx_word' id='word_1_317' title='bbox 1295 3366 1555 3451; x_wconf 91' lang='lat' dir='ltr'><strong>absque</strong></span> <span class='ocrx_word' id='word_1_318' title='bbox 1601 3364 1757 3436; x_wconf 91' lang='lat' dir='ltr'><strong>cibo</strong></span> <span class='ocrx_word' id='word_1_319' title='bbox 1807 3366 2186 3456; x_wconf 88' lang='lat' dir='ltr'><strong>transigere</strong></span> <span class='ocrx_word' id='word_1_320' title='bbox 2233 3366 2474 3457; x_wconf 89' lang='lat' dir='ltr'><strong>potuit,</strong></span> <span class='ocrx_word' id='word_1_321' title='bbox 2529 3366 2684 3435; x_wconf 87' lang='lat' dir='ltr'><strong>dem</strong></span> <span class='ocrx_word' id='word_1_322' title='bbox 2743 3368 2808 3435; x_wconf 76' lang='lat' dir='ltr'><strong>ta</strong></span> <span class='ocrx_word' id='word_1_323' title='bbox 2855 3363 3150 3434; x_wconf 76' lang='lat' dir='ltr'><strong>domina</strong></span> 
     </span>
     <span class='ocr_line' id='line_1_36' title="bbox 591 3453 3146 3544; baseline -0.001 -21"><span class='ocrx_word' id='word_1_324' title='bbox 591 3453 973 3524; x_wconf 73' lang='lat' dir='ltr'><strong>Abbatissa.</strong></span> <span class='ocrx_word' id='word_1_325' title='bbox 1008 3453 1263 3523; x_wconf 90' lang='lat' dir='ltr'><strong>Deinde</strong></span> <span class='ocrx_word' id='word_1_326' title='bbox 1311 3454 1561 3523; x_wconf 89' lang='lat' dir='ltr'><strong>iterum</strong></span> <span class='ocrx_word' id='word_1_327' title='bbox 1607 3453 1696 3522; x_wconf 91' lang='lat' dir='ltr'><strong>ad</strong></span> <span class='ocrx_word' id='word_1_328' title='bbox 1747 3454 2171 3523; x_wconf 82' lang='lat' dir='ltr'><strong>Abbatissam</strong></span> <span class='ocrx_word' id='word_1_329' title='bbox 2202 3455 2484 3524; x_wconf 88' lang='lat' dir='ltr'><strong>veniens</strong></span> <span class='ocrx_word' id='word_1_330' title='bbox 2534 3461 2681 3544; x_wconf 87' lang='lat' dir='ltr'><strong>Eup</strong></span> <span class='ocrx_word' id='word_1_331' title='bbox 2742 3454 2944 3533; x_wconf 88' lang='lat' dir='ltr'><strong>rasia,</strong></span> <span class='ocrx_word' id='word_1_332' title='bbox 2976 3474 3146 3522; x_wconf 89' lang='lat' dir='ltr'><strong>con-</strong></span> 
     </span>
     <span class='ocr_line' id='line_1_37' title="bbox 593 3541 3152 3644; baseline -0.001 -33"><span class='ocrx_word' id='word_1_333' title='bbox 593 3541 773 3613; x_wconf 86' lang='lat' dir='ltr'><strong>fessa</strong></span> <span class='ocrx_word' id='word_1_334' title='bbox 818 3555 922 3613; x_wconf 91' lang='lat' dir='ltr'><strong>est</strong></span> <span class='ocrx_word' id='word_1_335' title='bbox 951 3555 1358 3612; x_wconf 89' lang='lat' dir='ltr'><strong>nocturnam</strong></span> <span class='ocrx_word' id='word_1_336' title='bbox 1398 3543 1757 3612; x_wconf 88' lang='lat' dir='ltr'><strong>daemonis</strong></span> <span class='ocrx_word' id='word_1_337' title='bbox 1806 3543 2275 3624; x_wconf 88' lang='lat' dir='ltr'><strong>tentationem,</strong></span> <span class='ocrx_word' id='word_1_338' title='bbox 2322 3544 2717 3644; x_wconf 84' lang='lat' dir='ltr'><strong>rogavitque</strong></span> <span class='ocrx_word' id='word_1_339' title='bbox 2749 3565 2925 3624; x_wconf 87' lang='lat' dir='ltr'><strong>eam,</strong></span> <span class='ocrx_word' id='word_1_340' title='bbox 2956 3541 3152 3610; x_wconf 87' lang='lat' dir='ltr'><strong>utli-</strong></span> 
     </span>
     <span class='ocr_line' id='line_1_38' title="bbox 594 3629 3156 3723; baseline -0.001 -21"><span class='ocrx_word' id='word_1_341' title='bbox 594 3644 781 3702; x_wconf 86' lang='lat' dir='ltr'><strong>ceret</strong></span> <span class='ocrx_word' id='word_1_342' title='bbox 828 3631 966 3723; x_wconf 92' lang='lat' dir='ltr'><strong>ipsi</strong></span> <span class='ocrx_word' id='word_1_343' title='bbox 1016 3634 1156 3701; x_wconf 73' lang='lat' dir='ltr'><strong>tota</strong></span> <span class='ocrx_word' id='word_1_344' title='bbox 1205 3630 1637 3701; x_wconf 75' lang='lat' dir='ltr'><strong>hebdomada</strong></span> <span class='ocrx_word' id='word_1_345' title='bbox 1678 3632 1768 3701; x_wconf 92' lang='lat' dir='ltr'><strong>ab</strong></span> <span class='ocrx_word' id='word_1_346' title='bbox 1815 3632 2006 3701; x_wconf 91' lang='lat' dir='ltr'><strong>omni</strong></span> <span class='ocrx_word' id='word_1_347' title='bbox 2061 3632 2215 3701; x_wconf 87' lang='lat' dir='ltr'><strong>cibo</strong></span> <span class='ocrx_word' id='word_1_348' title='bbox 2262 3634 2699 3702; x_wconf 70' lang='lat' dir='ltr'><strong>abstinere.»</strong></span> <span class='ocrx_word' id='word_1_349' title='bbox 2750 3631 2871 3702; x_wconf 90' lang='lat' dir='ltr'><strong>Cui</strong></span> <span class='ocrx_word' id='word_1_350' title='bbox 2926 3629 3156 3700; x_wconf 74' lang='lat' dir='ltr'><strong>Abba-</strong></span> 
     </span>
     <span class='ocr_line' id='line_1_39' title="bbox 590 3720 3147 3808; baseline -0 -18"><span class='ocrx_word' id='word_1_351' title='bbox 590 3721 788 3791; x_wconf 86' lang='lat' dir='ltr'><strong>tissa:</strong></span> <span class='ocrx_word' id='word_1_352' title='bbox 836 3726 1049 3801; x_wconf 85' lang='lat' dir='ltr'><strong>«Fac,</strong></span> <span class='ocrx_word' id='word_1_353' title='bbox 1096 3721 1341 3807; x_wconf 89' lang='lat' dir='ltr'><strong>iuquit,</strong></span> <span class='ocrx_word' id='word_1_354' title='bbox 1388 3720 1552 3801; x_wconf 80' lang='lat' dir='ltr'><strong>lilia,</strong></span> <span class='ocrx_word' id='word_1_355' title='bbox 1591 3721 1878 3807; x_wconf 90' lang='lat' dir='ltr'><strong>quicqui</strong></span> <span class='ocrx_word' id='word_1_356' title='bbox 1978 3732 2041 3789; x_wconf 91' lang='lat' dir='ltr'><strong>te</strong></span> <span class='ocrx_word' id='word_1_357' title='bbox 2091 3742 2290 3808; x_wconf 88' lang='lat' dir='ltr'><strong>posse</strong></span> <span class='ocrx_word' id='word_1_358' title='bbox 2336 3720 2613 3801; x_wconf 89' lang='lat' dir='ltr'><strong>videris,</strong></span> <span class='ocrx_word' id='word_1_359' title='bbox 2663 3734 2728 3790; x_wconf 91' lang='lat' dir='ltr'><strong>et</strong></span> <span class='ocrx_word' id='word_1_360' title='bbox 2762 3726 2940 3789; x_wconf 91' lang='lat' dir='ltr'><strong>Deus</strong></span> <span class='ocrx_word' id='word_1_361' title='bbox 2989 3741 3147 3789; x_wconf 89' lang='lat' dir='ltr'><strong>om·</strong></span> 
     </span>
     <span class='ocr_line' id='line_1_40' title="bbox 587 3808 3147 3901; baseline -0.001 -21"><span class='ocrx_word' id='word_1_362' title='bbox 587 3808 907 3901; x_wconf 88' lang='lat' dir='ltr'><strong>nipotens</strong></span> <span class='ocrx_word' id='word_1_363' title='bbox 952 3809 1074 3898; x_wconf 90' lang='lat' dir='ltr'><strong>qui</strong></span> <span class='ocrx_word' id='word_1_364' title='bbox 1122 3819 1185 3880; x_wconf 90' lang='lat' dir='ltr'><strong>te</strong></span> <span class='ocrx_word' id='word_1_365' title='bbox 1230 3809 1504 3890; x_wconf 86' lang='lat' dir='ltr'><strong>creavit,</strong></span> <span class='ocrx_word' id='word_1_366' title='bbox 1560 3808 1774 3880; x_wconf 89' lang='lat' dir='ltr'><strong>robur</strong></span> <span class='ocrx_word' id='word_1_367' title='bbox 1819 3830 1860 3878; x_wconf 88' lang='lat' dir='ltr'><strong>a</strong></span> <span class='ocrx_word' id='word_1_368' title='bbox 1913 3808 2027 3878; x_wconf 90' lang='lat' dir='ltr'><strong>dat</strong></span> <span class='ocrx_word' id='word_1_369' title='bbox 2075 3810 2221 3890; x_wconf 88' lang='lat' dir='ltr'><strong>tibi,</strong></span> <span class='ocrx_word' id='word_1_370' title='bbox 2267 3821 2333 3879; x_wconf 88' lang='lat' dir='ltr'><strong>et</strong></span> <span class='ocrx_word' id='word_1_371' title='bbox 2360 3809 2666 3879; x_wconf 86' lang='lat' dir='ltr'><strong>conferat</strong></span> <span class='ocrx_word' id='word_1_372' title='bbox 2714 3810 2838 3880; x_wconf 87' lang='lat' dir='ltr'><strong>tibi</strong></span> <span class='ocrx_word' id='word_1_373' title='bbox 2880 3831 2963 3878; x_wconf 81' lang='lat' dir='ltr'><strong>ex</strong></span> <span class='ocrx_word' id='word_1_374' title='bbox 3017 3808 3147 3878; x_wconf 93' lang='lat' dir='ltr'><strong>illo</strong></span> 
     </span>
     <span class='ocr_line' id='line_1_41' title="bbox 587 3897 3148 3988; baseline -0.002 -17"><span class='ocrx_word' id='word_1_375' title='bbox 587 3908 872 3974; x_wconf 85' lang='lat' dir='ltr'><strong>cruento</strong></span> <span class='ocrx_word' id='word_1_376' title='bbox 918 3899 1111 3970; x_wconf 90' lang='lat' dir='ltr'><strong>hoste</strong></span> <span class='ocrx_word' id='word_1_377' title='bbox 1155 3897 1604 3968; x_wconf 84' lang='lat' dir='ltr'><strong>victoriam.»</strong></span> <span class='ocrx_word' id='word_1_378' title='bbox 1654 3902 1891 3985; x_wconf 85' lang='lat' dir='ltr'><strong>Itaque</strong></span> <span class='ocrx_word' id='word_1_379' title='bbox 1921 3900 2060 3967; x_wconf 69' lang='lat' dir='ltr'><strong>tota</strong></span> <span class='ocrx_word' id='word_1_380' title='bbox 2088 3899 2311 3988; x_wconf 88' lang='lat' dir='ltr'><strong>coepit</strong></span> <span class='ocrx_word' id='word_1_381' title='bbox 2342 3900 2728 3984; x_wconf 77' lang='lat' dir='ltr'><strong>septimana</strong></span> <span class='ocrx_word' id='word_1_382' title='bbox 2778 3920 2850 3970; x_wconf 89' lang='lat' dir='ltr'><strong>se</strong></span> <span class='ocrx_word' id='word_1_383' title='bbox 2900 3897 3148 3967; x_wconf 73' lang='lat' dir='ltr'><strong>inedia</strong></span> 
     </span>
     <span class='ocr_line' id='line_1_42' title="bbox 590 3986 3148 4076; baseline -0.001 -16"><span class='ocrx_word' id='word_1_384' title='bbox 590 3990 949 4069; x_wconf 86' lang='lat' dir='ltr'><strong>conficere,</strong></span> <span class='ocrx_word' id='word_1_385' title='bbox 990 4010 1113 4058; x_wconf 91' lang='lat' dir='ltr'><strong>nec</strong></span> <span class='ocrx_word' id='word_1_386' title='bbox 1148 4000 1377 4057; x_wconf 86' lang='lat' dir='ltr'><strong>tamen</strong></span> <span class='ocrx_word' id='word_1_387' title='bbox 1424 3987 1798 4074; x_wconf 86' lang='lat' dir='ltr'><strong>quicquam</strong></span> <span class='ocrx_word' id='word_1_388' title='bbox 1849 3986 1934 4055; x_wconf 88' lang='lat' dir='ltr'><strong>de</strong></span> <span class='ocrx_word' id='word_1_389' title='bbox 1986 3987 2324 4076; x_wconf 87' lang='lat' dir='ltr'><strong>psallendi</strong></span> <span class='ocrx_word' id='word_1_390' title='bbox 2351 3986 2577 4057; x_wconf 84' lang='lat' dir='ltr'><strong>officio</strong></span> <span class='ocrx_word' id='word_1_391' title='bbox 2611 3987 2980 4068; x_wconf 88' lang='lat' dir='ltr'><strong>remittere,</strong></span> <span class='ocrx_word' id='word_1_392' title='bbox 3012 4008 3148 4058; x_wconf 90' lang='lat' dir='ltr'><strong>nec</strong></span> 
     </span>
     <span class='ocr_line' id='line_1_43' title="bbox 593 4075 3151 4165; baseline -0.002 -15"><span class='ocrx_word' id='word_1_393' title='bbox 593 4098 910 4150; x_wconf 90' lang='lat' dir='ltr'><strong>sororum</strong></span> <span class='ocrx_word' id='word_1_394' title='bbox 960 4077 1340 4146; x_wconf 90' lang='lat' dir='ltr'><strong>ministeria</strong></span> <span class='ocrx_word' id='word_1_395' title='bbox 1385 4077 1730 4145; x_wconf 79' lang='lat' dir='ltr'><strong>omittere:</strong></span> <span class='ocrx_word' id='word_1_396' title='bbox 1785 4075 1956 4145; x_wconf 90' lang='lat' dir='ltr'><strong>adeo</strong></span> <span class='ocrx_word' id='word_1_397' title='bbox 1991 4089 2331 4145; x_wconf 90' lang='lat' dir='ltr'><strong>utomnes</strong></span> <span class='ocrx_word' id='word_1_398' title='bbox 2356 4077 2510 4165; x_wconf 87' lang='lat' dir='ltr'><strong>ejus</strong></span> <span class='ocrx_word' id='word_1_399' title='bbox 2542 4076 2974 4145; x_wconf 89' lang='lat' dir='ltr'><strong>tolerantiam</strong></span> <span class='ocrx_word' id='word_1_400' title='bbox 3010 4075 3151 4145; x_wconf 87' lang='lat' dir='ltr'><strong>mi-</strong></span> 
     </span>
     <span class='ocr_line' id='line_1_44' title="bbox 594 4165 3143 4257; baseline -0.001 -20"><span class='ocrx_word' id='word_1_401' title='bbox 594 4177 935 4247; x_wconf 87' lang='lat' dir='ltr'><strong>rarentur,</strong></span> <span class='ocrx_word' id='word_1_402' title='bbox 988 4165 1336 4253; x_wconf 89' lang='lat' dir='ltr'><strong>simulque</strong></span> <span class='ocrx_word' id='word_1_403' title='bbox 1382 4177 1448 4235; x_wconf 91' lang='lat' dir='ltr'><strong>et</strong></span> <span class='ocrx_word' id='word_1_404' title='bbox 1494 4165 1753 4235; x_wconf 88' lang='lat' dir='ltr'><strong>formae</strong></span> <span class='ocrx_word' id='word_1_405' title='bbox 1799 4165 2237 4255; x_wconf 89' lang='lat' dir='ltr'><strong>elegantiam,</strong></span> <span class='ocrx_word' id='word_1_406' title='bbox 2289 4177 2354 4234; x_wconf 93' lang='lat' dir='ltr'><strong>et</strong></span> <span class='ocrx_word' id='word_1_407' title='bbox 2401 4165 2641 4234; x_wconf 89' lang='lat' dir='ltr'><strong>aetatis</strong></span> <span class='ocrx_word' id='word_1_408' title='bbox 2679 4165 3143 4257; x_wconf 87' lang='lat' dir='ltr'><strong>juventutem.</strong></span> 
     </span>
    </p>

    <p class='ocr_par' dir='ltr' id='par_1_5' title="bbox 595 4253 3150 4524">
     <span class='ocr_line' id='line_1_45' title="bbox 680 4253 3150 4344; baseline -0.001 -18"><span class='ocrx_word' id='word_1_409' title='bbox 680 4258 718 4344; x_wconf 68' lang='grc' dir='ltr'>ἓ</span> <span class='ocrx_word' id='word_1_410' title='bbox 764 4260 912 4327; x_wconf 64' lang='lat'><strong>12.</strong></span> <span class='ocrx_word' id='word_1_411' title='bbox 966 4260 1121 4323; x_wconf 88' lang='lat' dir='ltr'><strong>Erat</strong></span> <span class='ocrx_word' id='word_1_412' title='bbox 1167 4268 1399 4325; x_wconf 90' lang='lat' dir='ltr'><strong>autem</strong></span> <span class='ocrx_word' id='word_1_413' title='bbox 1448 4254 1518 4321; x_wconf 90' lang='lat' dir='ltr'><strong>in</strong></span> <span class='ocrx_word' id='word_1_414' title='bbox 1559 4253 1680 4323; x_wconf 91' lang='lat' dir='ltr'><strong>illo</strong></span> <span class='ocrx_word' id='word_1_415' title='bbox 1714 4254 2131 4324; x_wconf 88' lang='lat' dir='ltr'><strong>monasterio</strong></span> <span class='ocrx_word' id='word_1_416' title='bbox 2170 4276 2363 4324; x_wconf 91' lang='lat' dir='ltr'><strong>soror</strong></span> <span class='ocrx_word' id='word_1_417' title='bbox 2395 4253 2762 4341; x_wconf 91' lang='lat' dir='ltr'><strong>quaedam,</strong></span> <span class='ocrx_word' id='word_1_418' title='bbox 2803 4259 3150 4325; x_wconf 89' lang='lat' dir='ltr'><strong>Germana</strong></span> 
     </span>
     <span class='ocr_line' id='line_1_46' title="bbox 598 4342 3148 4434; baseline -0 -20"><span class='ocrx_word' id='word_1_419' title='bbox 598 4344 902 4426; x_wconf 89' lang='lat' dir='ltr'><strong>nomine,</strong></span> <span class='ocrx_word' id='word_1_420' title='bbox 974 4365 1185 4432; x_wconf 91' lang='lat' dir='ltr'><strong>quam</strong></span> <span class='ocrx_word' id='word_1_421' title='bbox 1262 4342 1555 4432; x_wconf 84' lang='lat' dir='ltr'><strong>ignobili</strong></span> <span class='ocrx_word' id='word_1_422' title='bbox 1609 4364 1904 4434; x_wconf 87' lang='lat' dir='ltr'><strong>genere,</strong></span> <span class='ocrx_word' id='word_1_423' title='bbox 1971 4364 2219 4433; x_wconf 88' lang='lat' dir='ltr'><strong>nempe</strong></span> <span class='ocrx_word' id='word_1_424' title='bbox 2278 4355 2495 4413; x_wconf 90' lang='lat' dir='ltr'><strong>matre</strong></span> <span class='ocrx_word' id='word_1_425' title='bbox 2557 4342 2854 4420; x_wconf 90' lang='lat' dir='ltr'><strong>ancilla,</strong></span> <span class='ocrx_word' id='word_1_426' title='bbox 2920 4357 3148 4413; x_wconf 87' lang='lat' dir='ltr'><strong>ortam</strong></span> 
     </span>
     <span class='ocr_line' id='line_1_47' title="bbox 595 4431 3146 4524; baseline 0 -19"><span class='ocrx_word' id='word_1_427' title='bbox 595 4433 940 4506; x_wconf 87' lang='lat' dir='ltr'><strong>dicebant.</strong></span> <span class='ocrx_word' id='word_1_428' title='bbox 1015 4433 1179 4524; x_wconf 88' lang='lat' dir='ltr'><strong>Ejus</strong></span> <span class='ocrx_word' id='word_1_429' title='bbox 1246 4433 1560 4502; x_wconf 88' lang='lat' dir='ltr'><strong>animum</strong></span> <span class='ocrx_word' id='word_1_430' title='bbox 1625 4431 1930 4502; x_wconf 79' lang='lat' dir='ltr'><strong>vastabat</strong></span> <span class='ocrx_word' id='word_1_431' title='bbox 2012 4431 2183 4501; x_wconf 85' lang='lat' dir='ltr'><strong>livor</strong></span> <span class='ocrx_word' id='word_1_432' title='bbox 2237 4444 2302 4502; x_wconf 89' lang='lat' dir='ltr'><strong>et</strong></span> <span class='ocrx_word' id='word_1_433' title='bbox 2370 4431 2749 4502; x_wconf 90' lang='lat' dir='ltr'><strong>invidentia</strong></span> <span class='ocrx_word' id='word_1_434' title='bbox 2810 4431 3146 4504; x_wconf 82' lang='lat' dir='ltr'><strong>adversus</strong></span> 
     </span>
    </p>
   </div>
  </div>
 </body>
</html>
