3327 4999
685 343 817 410 466
1289 358 1346 404 s.
1398 354 1629 405 Josnrn
1678 354 1979 403 vmcmmi
2025 353 2452 405 rssnuANsmsss
2769 334 3018 403 MART.
3078 335 3172 402 25

683 446 720 532 ἓ
774 449 924 518 12.
978 442 1279 512 Tertium
1330 454 1475 510 erat
1523 440 1833 513 medium
1903 461 2042 528 quo
2093 450 2399 511 nostram
2451 438 2633 507 hanc
2708 437 3168 509 assertionem

599 555 724 604 nos
773 532 1183 623 probaturos
1222 529 1643 613 dixeramus,
1699 541 2097 600 sanctorum
2162 526 2665 597 nonnullorum
2719 538 2998 618 patrum
3034 550 3168 598 au-

596 623 877 692 ctoritas
923 621 1046 708 qui
1094 618 1431 711 virginem
1470 617 1685 688 fuisse
1733 630 2054 689 sanctum
2087 639 2364 704 quoque
2405 615 2679 684 Domini
2726 628 2992 706 patrem
3036 639 3168 707 pu-

598 710 885 780 tativum
935 708 1294 780 manifeste
1354 720 1702 777 astruunt.
1766 711 1952 777 Inter
2011 708 2135 777 hos
2184 718 2338 797 post
2384 704 2671 774 Abdiam
2739 703 3163 793 Babyloniae

599 800 1041 898 Episcopum,
1097 798 1163 866 in
1215 797 1354 865 vita
1402 807 1800 866 sanctorum
1848 795 2326 886 Apostolorum
2403 793 2705 863 Simonis
2770 806 2835 863 et
2881 792 3105 863 Judae
3138 850 3154 875 ,

595 908 803 974 quam
856 909 915 955 1s
960 907 1200 957 eorum
1250 884 1642 975 discipulus
1719 884 1924 975 longo
1996 905 2312 955 sermone
2360 882 2763 972 descripsit,
2848 881 3158 972 primum

597 976 856 1045 obtinet
905 975 1133 1045 locum
1184 975 1392 1043 Divus
1448 974 1909 1059 Hieronymus
1955 973 2077 1060 qui
2125 973 2197 1040 in
2260 971 2437 1065 libro
2486 970 2571 1039 de
2639 983 2973 1061 perpetua
3023 970 3156 1040 vir-

598 1064 884 1155 ginitate
932 1063 1180 1132 Mariae
1226 1074 1466 1133 contra
1530 1061 1921 1131 Helvidium
1995 1060 2417 1130 haereticum
2484 1060 2578 1129 ita
2637 1060 2772 1129 ait:
2829 1065 2930 1130 Tu
2978 1059 3144 1128 dicis

603 1152 881 1222 Mariam
912 1152 1257 1241 Virginem
1307 1171 1444 1220 non
1481 1150 1985 1241 permansisse:
2016 1170 2143 1240 ego
2174 1148 2347 1217 mihi
2388 1148 2549 1238 plus
2590 1147 2901 1228 vendic0,
2943 1148 3133 1217 etiam

601 1242 833 1331 ipsum
880 1239 1136 1330 Joseph
1184 1238 1522 1330 virginem
1572 1238 1787 1309 fuisse
1836 1260 1957 1328 per
2006 1237 2315 1317 Mariam,
2372 1249 2449 1306 ut
2479 1259 2560 1306 ex
2607 1236 2939 1327 virginali
2987 1257 3140 1305 cou-

591 1329 792 1420 jugio
840 1329 1031 1419 virgo
1069 1328 1257 1398 filius
1306 1340 1723 1398 nasceretur.
1772 1327 1841 1397 Si
1891 1326 2077 1395 enim
2148 1327 2217 1395 in
2271 1325 2495 1396 virum
2548 1337 2866 1397 sanctum
2943 1324 3146 1394 sorni·

601 1418 778 1488 catio
813 1439 951 1488 non
1000 1416 1223 1498 cadit,
1275 1428 1341 1486 et
1389 1416 1595 1485 aliam
1645 1437 1807 1486 eum
1854 1437 2135 1485 uxorem
2208 1414 2536 1484 habuisse
2585 1436 2722 1484 non
2773 1413 3143 1485 scribitur:

605 1507 853 1576 Maria'e
882 1516 1136 1587 autem,
1166 1527 1376 1592 quam
1405 1516 1687 1595 putatus
1717 1515 1819 1575 est
1852 1504 2201 1586 habuisse,
2240 1515 2473 1575 custos
2512 1503 2744 1594 potius
2773 1502 2907 1573 fuit
2946 1522 3148 1590 quam

604 1595 933 1666 maritus:
986 1593 1426 1681 relinquitur,
1478 1594 1582 1662 vir
1632 1593 1817 1663 inem
1850 1616 2011 1663 eum
2052 1592 2393 1665 mansisse
2423 1592 2833 1662 cum-Maria
2879 1592 3003 1678 qui
3033 1612 3168 1682 pa-·

602 1697 703 1755 ter
751 1683 1021 1753 Domini
1071 1682 1325 1752 meruit
1371 1682 1572 1773 appel
1605 1682 1732 1751 ari.
2061 1743 2071 1751 .

688 1775 725 1861 ξ
773 1777 921 1846 18.
989 1771 1166 1841 Huic
1214 1770 1523 1871 proxime
1589 1768 1899 1840 succedit
1948 1770 2155 1841 Divus
2202 1770 2628 1861 Augustinus
2658 1824 2674 1851 ,
2726 1782 2793 1839 et
2839 1769 2990 1860 ipse
3037 1773 3153 1837 Ec-

605 1861 856 1931 clesiae
921 1866 1165 1931 Doctor
1220 1859 1519 1949 insignis
1553 1913 1568 1939 ,
1620 1860 1744 1945 qui
1805 1858 1874 1928 in
1934 1857 2073 1928 fine
2121 1858 2470 1930 Sermonis
2521 1863 2600 1928 u
2665 1858 2750 1927 de
2797 1858 3150 1929 Nativitate

606 1949 883 2019 Domini
928 1950 1025 2018 ita
1071 1948 1276 2018 dicit:
1342 1970 1378 2014 «
1415 1948 1627 2025 Habe,
1683 1969 1758 2017 er
1806 1969 1869 2028 ο,
1922 1948 2202 2038 Joseph,
2240 1970 2402 2017 cum
2439 1946 2649 2016 Maria
2696 1949 2994 2038 conjuge
3043 1958 3152 2015 tua

604 2059 1046 2110 communem
1098 2036 1557 2127 virginitatem
1600 2058 1778 2106 mem
1840 2057 2097 2118 rorum,
2135 2036 2298 2122 quia
2332 2036 2417 2106 de
2453 2035 2784 2126 virgineis
2819 2034 3151 2106 membris

572 2128 826 2198 virtus
876 2127 1187 2196 nascitur
1233 2124 1674 2216 Angelorum.
1744 2124 1841 2194 Sit
1888 2124 2099 2194 Maria
2145 2146 2403 2215 sponsa
2456 2124 2738 2207 Christi,
2807 2123 2879 2192 in
2945 2144 3152 2193 carne

608 2238 737 2285 sua
770 2215 1162 2307 virginitate
1208 2224 1496 2284 servata:
1551 2213 1646 2283 sis
1693 2222 1921 2283 autem
1958 2224 2023 2283 et
2057 2225 2130 2283 tu
2181 2224 2372 2304 pater
2418 2211 2690 2295 Christi,
2743 2215 2914 2283 cura
2952 2211 3156 2282 casti-

608 2304 790 2386 tatiS,
842 2317 909 2375 et
955 2302 1481 2373 honoriticentia
1528 2302 1631 2371 vir
1682 2301 1965 2381 initatis,
2012 2314 2090 2371 ut
2120 2302 2204 2371 de
2234 2302 2564 2391 virgineis
2599 2301 2933 2373 membris
2962 2300 3156 2392 geni-

604 2393 795 2462 tricis
828 2392 1080 2464 seculis
1111 2390 1515 2462 Christianis
1542 2412 1639 2461 nu
1673 2391 1737 2460 la
1762 2391 1850 2460 sit
1871 2390 2283 2481 zelotypia.»
2316 2396 2392 2460 Et
2421 2390 2629 2480 paulo
2661 2401 2836 2481 post:
2873 2389 3157 2459 «Gaude

605 2482 858 2570 itaque,
900 2480 1182 2572 Joseph‚
1237 2481 1677 2568 nimiumque
1724 2479 2082 2571 congaude
2130 2479 2504 2571 virginitati
2558 2479 2840 2562 Mariae,
2886 2479 3013 2566 qui
3053 2501 3158 2549 so-

606 2572 719 2642 lus
776 2571 1092 2641 meruisti
1149 2568 1566 2661 virginalem
1630 2569 1952 2639 affectum
2000 2569 2355 2660 possidere
2402 2569 2763 2659 conjugii:
2817 2568 2988 2656 quia
3037 2589 3190 2659 per·

612 2659 933 2729 meritum
984 2658 1399 2748 virginitatis
1457 2657 1553 2727 ita
1601 2669 1957 2749 separatus
2003 2680 2077 2727 es
2124 2681 2164 2727 a
2212 2658 2587 2728 concubitu
2628 2657 2886 2737 uxoris,
2926 2669 3006 2727 ut
3039 2680 3157 2748 pa-

609 2763 710 2819 ter
756 2747 1012 2818 dicaris
1061 2747 1509 2817 SalvatoriS.»
1559 2750 1906 2837 Rupertus
1943 2767 2218 2834 quoque
2263 2747 2487 2818 Abbas
2526 2745 2897 2817 Tuitiensis
2947 2768 3157 2836 super

607 2837 1017 2907 Matthaeum
1054 2835 1277 2926 capite
1302 2859 1348 2916 1,
1380 2835 1612 2904 relatis
1643 2836 1790 2904 Divi
1819 2835 2184 2925 Jeronymi
2212 2835 2434 2905 verbis
2463 2846 2703 2905 contra
2733 2833 3152 2916 Helvidium,

607 2926 761 3015 ejus
810 2923 1218 2994 sententiam
1267 2923 1707 3014 amplectitur
1752 2936 1818 2994 et
1863 2923 2221 3015 approbat.
2263 2924 2583 3010 Sequitur
2629 2922 2811 2993 hanc
2860 2923 3149 2993 eandem

609 3024 675 3083 et
721 3018 832 3081 Hu
882 3034 921 3080 o
971 3012 1054 3081 de
1126 3016 1371 3082 Sancto
1419 3012 1718 3094 Victore,
1770 3013 1843 3081 in
1892 3012 2465 3082 Annotationibus
2503 3034 2730 3112 ‘super
2776 3011 3150 3102 Epistulam

610 3101 695 3170 ad
748 3105 842 3170 Ga
873 3113 1020 3170 atas
1045 3100 1514 3190 „quaestione
1569 3107 1632 3170 5.
1708 3106 1996 3171 Demum
2044 3100 2222 3170 Beda
2294 3100 2739 3182 VenerabiliS,
2794 3122 3005 3188 quem
3071 3099 3152 3168 de

610 3188 955 3259 industria
1002 3189 1369 3261 in'ultimo
1418 3188 1566 3259 loco
1630 3190 2008 3272 reservavi,
2061 3190 2133 3258 in
2186 3191 2364 3260 hanc
2413 3189 2824 3259 sententiam
2887 3200 2954 3259 et
3010 3190 3152 3280 ipse

609 3278 931 3358 accurrit,
970 3278 1091 3365 qui
1125 3277 1330 3346 etiam
1372 3300 1583 3368 super
1629 3279 1837 3347 Marci
1886 3290 2093 3368 caput
2123 3302 2210 3360 vl,
2256 3278 2341 3347 de
2373 3276 2703 3348 fratribus
2738 3279 3012 3348 Domini
3055 3278 3149 3346 lo·

610 3389 855 3455 quens,
898 3366 1079 3437 inter
1110 3378 1380 3437 caetera
1426 3368 1568 3437 ait:
1607 3372 1917 3437 «Fratres
1965 3379 2030 3437 et
2077 3389 2343 3438 sorores
2392 3367 2698 3448 Domini,
2750 3365 3000 3436 Judaei
3050 3387 3152 3434 se-

608 3479 772 3526 cum
819 3477 969 3526 esse
1007 3457 1458 3526 testabantur:
1496 3456 1619 3544 qui
1667 3467 1894 3526 tamen
1948 3478 2080 3525 non
2124 3456 2325 3527 liberi
2370 3455 2651 3547 Joseph,
2694 3467 2815 3525 aut
2867 3455 3140 3535 Mariae,

601 3546 801 3637 juxta
848 3544 1250 3627 haereticOS,
1288 3545 1579 3636 putandi
1628 3559 1824 3615 sunt:
1880 3545 1997 3615 sed
2048 3545 2299 3636 potius,
2338 3544 2539 3646 juxta
2597 3565 2861 3613 morem
2920 3565 3151 3614 sacrae

609 3635 1015 3725 scripturae,
1070 3634 1344 3725 cognati
1379 3634 1692 3725 ipsorum
1734 3645 1897 3704 sunt
1926 3633 2378 3724 intelligendi:
2413 3632 2761 3721 quomodo
2808 3632 3148 3702 Abraham

606 3735 672 3791 et
720 3728 838 3792 Lot
876 3723 1118 3793 fratres
1159 3722 1622 3814 appellantur,
1661 3745 1825 3792 cum
1865 3730 2042 3793 esset
2092 3728 2210 3793 Lot
2256 3722 2446 3793 filius
2492 3721 2723 3791 fratris
2772 3721 3148 3791 Abrahae.»

608 3812 1010 3902 cujusmodi
1067 3812 1376 3881 invenies
1422 3812 1668 3881 multa:
1729 3811 1929 3882 Vides
1975 3832 2171 3902 ergo,
2225 3811 2284 3880 si
2332 3810 2492 3897 quis
2539 3809 2788 3880 dixerit
2834 3809 2963 3879 hos
3027 3815 3151 3878 Do-

609 3899 785 3968 mini
834 3899 1100 3982 fratres,
1154 3900 1257 3970 vel
1306 3921 1387 3969 ex
1433 3900 1629 3970 beato
1678 3902 1934 3991 Joseph
1985 3913 2203 3982 natoS,
2243 3898 2344 3969 vel
2393 3920 2477 3968 ex
2526 3910 2765 3968 sancta
2810 3910 2997 3968 ortos
3039 3897 3150 3983 Dei

607 3988 962 4090 genitrice,
999 3988 1255 4058 nedum
1305 3988 1743 4059 inhonestam
1791 3988 2272 4070 assertionem,
2310 3987 2425 4058 sed
2478 3987 2683 4057 etiam
2736 3986 3148 4057 haereticam

608 4087 1071 4147 luventionem
1108 4099 1281 4147 esse.
2193 4121 2200 4128 ·

694 4168 732 4253 ξ
778 4170 921 4238 14.
966 4165 1154 4248 Quod
1192 4166 1252 4235 si
1285 4166 1515 4237 adhuc
1547 4166 1830 4249 clarius,
1871 4166 2219 4254 quomodo
2256 4166 2558 4236 Jacobus
2602 4175 2671 4235 et
2716 4164 2971 4235 caeteri
3008 4164 3152 4233 fue-

606 4254 748 4324 rint
797 4254 1069 4324 Domini
1103 4254 1367 4337 fratres,
1407 4276 1820 4345 cognoscere
1852 4255 2229 4337 desideras,
2274 4264 2340 4324 et
2380 4276 2500 4345 per
2531 4274 2737 4341 quem
2789 4252 3151 4343 sanguinis

607 4342 930 4443 gradum,
984 4343 1088 4411 vel
1148 4344 1600 4433 cognationiS,
1655 4345 1796 4413 sive
1855 4343 2213 4415 affinitatis
2263 4343 2539 4424 lineam,
2594 4341 2743 4432 lege
2790 4346 3154 4441 Hugonem

608 4453 841 4523 ipsum
877 4432 1227 4522 praedicto
1263 4433 1431 4513 locO,
1466 4432 1588 4520 qui
1627 4433 1907 4504 abunde
1947 4433 2071 4504 tibi
2118 4433 2189 4503 in
2242 4432 2369 4503 hoc
2411 4430 2805 4511 satisfaciet,
2840 4429 3156 4520 idlpsurn

3285 332 3304 465 l
