3327 4999
235 304 474 371 MART.
534 305 614 369 ⁴3
734 358 739 367 .
1087 326 1167 371 nn:
1213 325 1271 372 s.
1324 325 1550 373 sumo
1608 321 1901 372 narras
2551 309 2682 375 267

322 404 354 490 ξ
404 408 491 475 2.
546 408 733 472 Tunc
766 414 996 473 autem
1028 405 1422 495 Hermopoli
1451 417 1756 495 praeerat
1788 403 2069 492 quidam
2107 404 2383 475 nomine
2414 404 2766 489 Arianus*,

233 492 346 579 qui
391 514 552 562 cum
602 492 689 560 ad
737 493 1048 563 fluminis
1106 493 1293 584 ripas
1340 516 1660 584 egressus
1704 505 1903 575 esset,
1960 493 2197 584 procul
2265 494 2526 584 aspexit
2582 495 2771 564 mul-

236 581 590 650 titudinem
631 604 791 650 cum
843 603 1097 672 magna
1144 582 1444 652 militum
1496 605 1707 651 manu
1769 582 2194 652 venientem:
2244 596 2309 651 et
2354 582 2593 654 relicta
2625 584 2761 652 ssu-

237 671 441 741 minis
473 669 647 758 ripa,
700 671 770 739 in
808 668 1036 740 locum
1085 672 1453 758 quemdam
1490 672 1811 740 floridum
1848 683 1912 741 et
1940 692 2308 740 amoenum
2357 671 2576 741 animi
2604 694 2767 763 gra-

240 759 331 828 tia
374 780 444 829 se
474 759 786 841 contulit,
840 782 921 829 ac
967 759 1242 830 duabus
1276 772 1427 850 post
1485 760 1695 841 horis,
1750 759 2040 830 sublatis
2087 759 2330 841 oculis,
2383 760 2553 830 vidit
2606 782 2768 831 san-

239 860 417 917 ctum
465 847 796 919 Sabinum
846 849 967 936 qui
997 871 1037 917 a
1069 870 1322 940 magna
1370 848 1669 918 militum
1727 849 1926 940 copia
1977 849 2372 920 trahebatur
2402 861 2469 919 et
2513 847 2600 919 ad
2651 849 2772 919 tri-

238 936 532 1007 bunum:
592 965 617 1001 a
659 937 825 1020 Quis
897 949 1038 1018 est,
1110 938 1379 1025 inquit,
1461 937 1574 1007 ille
1637 960 1846 1025 quem
1910 938 2124 1008 nostri
2184 937 2449 1009 ordinis
2517 937 2769 1007 milites

235 1025 493 1097 ducunt
520 1030 593 1094 t»
627 1027 1040 1115 Respondit:
1096 1049 1131 1092 «
1168 1032 1357 1096 Unus
1394 1026 1673 1113 aliquis,
1728 1025 2010 1096 domine
2056 1025 2404 1118 Princeps,
2454 1037 2530 1095 ut
2583 1026 2770 1096 arbi-

235 1128 388 1197 tror,
426 1138 506 1185 ex
546 1114 941 1185 infelicibus
980 1115 1455 1186 Christianis.»
1504 1121 1582 1185 Et
1609 1114 1818 1206 paulo
1866 1128 2018 1206 post
2050 1115 2302 1186 milites
2338 1115 2765 1198 accedenteS,

230 1226 348 1296 per
394 1205 751 1275 tribunum
786 1205 1229 1287 nunciarunt,
1281 1226 1437 1274 eum
1473 1226 1622 1276 esse
1661 1204 1993 1274 Sabinum
2032 1203 2572 1275 Christianorum
2660 1227 2767 1274 ro-

228 1308 702 1385 pugnatorem,
762 1314 969 1380 quem
1016 1293 1164 1385 ipse
1233 1293 1789 1381 conquirendum
1837 1293 2253 1365 mandasset.
2306 1297 2451 1376 Quo
2497 1315 2590 1362 au
2644 1293 2760 1374 ito,

226 1384 664 1453 vehementer
710 1382 971 1453 laetus:
1026 1407 1061 1449 «
1097 1383 1383 1464 Gratias,
1440 1383 1687 1469 inquit,
1740 1402 1869 1471 ago
1933 1381 2255 1472 benignis
2300 1394 2364 1451 et
2410 1382 2768 1452 immorta—

222 1472 412 1542 libus
465 1471 672 1542 diis.»
722 1472 1101 1559 Statimque
1150 1472 1348 1561 jussit
1394 1471 1702 1542 tribunal
1750 1470 2097 1540 constitui.
2147 1476 2225 1540 Et
2271 1469 2419 1570 ipse
2469 1470 2539 1538 in
2594 1469 2766 1540 sella

217 1562 509 1632 sublimi
543 1561 828 1631 sedens:
865 1565 986 1629 «In
1025 1544 1395 1651 judicium,
1439 1560 1689 1648 inquit,
1724 1558 2111 1629 adducatur
2157 1558 2541 1650 ssagltiosus
2576 1559 2768 1629 Sabi-

218 1673 378 1732 nus‚
419 1651 674 1741 impiae
715 1649 1253 1720 Christianorum
1291 1662 1511 1720 sectae
1536 1649 1962 1721 studiosus.»
1996 1648 2343 1718 Tribunus
2375 1648 2600 1717 statim
2644 1648 2768 1717 ad-

215 1739 420 1809 duxit
465 1753 532 1810 et
589 1739 724 1809 ait:
778 1739 1171 1808 «Sabinum
1218 1760 1424 1825 quem
1487 1737 1872 1829 amplitudo
1946 1751 2166 1807 vestra
2202 1737 2415 1838 jussit
2451 1757 2767 1828 compre-

216 1828 459 1907 hendi,
495 1828 808 1899 sistimus
856 1827 942 1896 ad
978 1827 1278 1897 tribunal
1328 1840 1794 1897 vestrum.»—
1828 1850 1863 1894 «
1897 1831 2162 1908 Doceat,
2199 1825 2425 1913 inquit
2472 1826 2765 1896 Arianus

218 1917 635 1999 PraefectuS,
674 1938 923 1985 nomen
973 1930 1037 1985 et
1083 1916 1543 1985 fortunam'et
1589 1915 1775 1985 unde
1806 1916 1965 1987 sit.»
2015 1914 2393 2005 Respondit
2432 1927 2759 1984 sanctus:

218 2030 252 2071 «
298 2006 604 2076 Sabinus
653 2027 854 2074 vocor
882 2016 945 2075 et
995 2005 1423 2074 Christianus
1455 2027 1836 2073 sum.»—«
1875 2009 2122 2074 Servus
2169 2026 2264 2085 es,
2303 2003 2527 2089 inquit
2559 2007 2760 2073 Prae-

211 2094 462 2176 fectus,
516 2117 603 2164 an
654 2094 827 2163 liber
850 2098 923 2163 i»
972 2093 1349 2183 Respondit
1396 2092 1726 2164 Sabinus:
1781 2116 1815 2159 «
1851 2094 2047 2162 Liber
2094 2114 2273 2173 sum,
2305 2104 2370 2161 et
2414 2091 2585 2160 dum
2646 2114 2765 2181 per

215 2197 506 2254 aetatem
543 2183 758 2264 licuit,
795 2183 868 2251 in
918 2182 1164 2251 militia
1204 2181 1408 2251 Ducis
1447 2182 1677 2251 locum
1726 2181 2068 2251 obtinui.»
2114 2222 2203 2231 —-
2258 2208 2282 2244 c
2316 2185 2479 2260 Cur,
2532 2180 2759 2267 inquit

217 2271 632 2354 PraefectuS‚
688 2271 1005 2341 militiam
1057 2271 1261 2341 talem
1309 2270 1620 2339 deserere
1686 2269 1993 2341 maluisti
2058 2292 2267 2358 quam
2317 2268 2569 2339 divinis
2624 2273 2764 2337 Im·-

217 2362 658 2451 peratoribus
701 2373 768 2430 et
815 2360 1085 2451 legibus
1133 2360 1442 2450 ipsorum
1497 2360 1734 2450 parere
1753 2363 1824 2428 Τ»
1857 2381 2006 2425 —«
2056 2359 2232 2442 Quia
2276 2357 2754 2439 animadverti,

217 2449 578 2543 respondit
624 2449 942 2531 SabinuS,
997 2448 1265 2520 decreta
1315 2470 1553 2519 eorum
1589 2448 1952 2519 adversum
2004 2447 2252 2519 Christi
2299 2467 2529 2517 servos
2574 2446 2762 2538 inju-

214 2552 341 2622 sta,
378 2539 559 2630 elegi
609 2540 830 2641 magis
876 2538 1185 2629 abjectus
1246 2560 1394 2610 esse
1454 2538 1524 2607 in
1572 2537 1780 2608 domo
1847 2537 1963 2607 Dei
2011 2537 2145 2605 mei
2194 2558 2402 2624 quam
2452 2535 2763 2606 habitare

212 2628 282 2698 in
316 2628 788 2699 tabernaculis
820 2640 1441 2718 peccatorum.»—
1487 2650 1523 2693 «
1557 2632 1701 2696 Non
1749 2626 2030 2707 audisti,
2088 2627 2314 2712 inquit
2345 2624 2754 2707 Praefectus,

211 2719 297 2788 ab
344 2717 892 2808 Imperatoribus
958 2715 1170 2787 fuisse
1214 2716 1661 2787 constitutum
1696 2771 1712 2796 ,
1766 2728 1843 2786 ut
1889 2717 1958 2785 in
1994 2715 2320 2785 omnibus
2374 2714 2746 2804 provinciis

210 2818 275 2876 et
306 2806 715 2899 regionibus
752 2828 992 2876 omnes
1025 2807 1281 2891 ubique
1348 2805 1484 2876 diis
1532 2805 1849 2895 propitiis
1896 2804 2254 2874 immolent
2301 2815 2505 2890 atque
2550 2803 2763 2871 sacri—

209 2895 511 2966 ficerit?»
541 2934 612 2945 --
676 2918 710 2961 «
749 2895 1050 2985 Impium
1087 2894 1273 2964 istud
1319 2894 1648 2975 edictum,
1687 2893 2040 2984 respondit
2087 2893 2408 2973 SabinUS,
2471 2903 2547 2961 ut
2604 2905 2763 2960 ante

208 2984 375 3066 dixi,
426 3006 559 3054 nos
606 2982 894 3053 minime
941 2983 1162 3063 latuit,
1220 3005 1441 3071 neque
1489 2982 1697 3073 leges,
1735 2983 1991 3069 quibus
2030 2981 2284 3052 multos
2331 2980 2764 3051 offenderunt

207 3086 270 3144 et
318 3073 799 3164 perdiderunt.
852 3077 1037 3155 Quae
1083 3072 1362 3159 quidem
1395 3072 1579 3162 leges
1623 3071 1950 3158 quoniam
1988 3071 2360 3140 abhorrent
2397 3092 2438 3138 a
2484 3083 2754 3150 natura,

212 3161 700 3253 imprudenter
746 3161 879 3252 ipsi
917 3165 1370 3251 Imperatores
1402 3159 1770 3230 Dominum
1820 3182 2025 3229 suum
2058 3172 2123 3228 et
2154 3159 2238 3228 de
2285 3158 2457 3250 ipsis
2505 3158 2764 3249 optime

210 3251 542 3321 meritum
593 3250 848 3339 injuria
896 3249 1231 3319 afficiunt.
1290 3254 1428 3340 Ego
1466 3271 1623 3319 vero
1654 3253 1786 3317 Deo
1833 3269 1986 3318 meo
2036 3248 2298 3320 Christo
2337 3254 2504 3318 Jesu
2545 3247 2762 3317 sacri-

208 3340 341 3409 fico
373 3353 440 3410 et
491 3339 725 3429 ipsum
775 3339 1001 3408 solum
1050 3339 1340 3407 adoro.»

297 3432 335 3517 §
381 3434 483 3501 8.
536 3427 657 3496 His
705 3427 930 3497 verbis
975 3426 1120 3496 indi
1179 3438 1380 3497 natus
1427 3426 1720 3496 Arianus
1767 3425 2190 3497 Praefectus:
2246 3448 2281 3492 «
2316 3425 2597 3506 Malum,
2649 3425 2762 3493 in-

205 3520 382 3604 quit,
442 3530 676 3606 caput,
713 3516 927 3587 audes
975 3516 1042 3585 in
1080 3540 1125 3606 g
1154 3516 1415 3587 oriosos
1462 3521 1917 3605 Imperatores
1951 3528 2214 3585 nostros
2243 3527 2308 3585 et
2356 3515 2540 3614 leges
2572 3514 2762 3604 ipso-

213 3629 368 3675 rum
422 3605 792 3675 maledicta
838 3605 1201 3693 conjicere,
1239 3626 1413 3691 quas
1441 3603 1722 3691 quidem
1772 3603 1973 3674 nobis
2002 3626 2126 3695 pro
2158 3605 2585 3673 humanitate
2632 3624 2762 3673 sua

210 3694 299 3764 ad
332 3715 777 3765 communem
833 3694 1123 3765 salutem
1175 3693 1567 3762 tulerunti»
1613 3730 1704 3742 —
1743 3715 1779 3760 «
1815 3692 2017 3775 Scito,
2071 3693 2298 3779 inquit
2346 3692 2665 3773 SabinuS,
2717 3713 2758 3763 o

212 3783 583 3864 Praefecte,
642 3795 702 3853 te
734 3782 945 3853 minis
991 3783 1128 3852 tuis
1159 3803 1537 3869 numquam
1571 3782 2000 3861 effecturum,
2033 3793 2110 3851 ut
2139 3782 2272 3850 diis
2322 3780 2758 3851 immolem.»

214 3875 393 3942 Haec
443 3893 606 3942 cum
656 3871 1035 3942 audivisset
1081 3871 1496 3940 Praefectus:
1536 3876 1742 3960 «Ego,
1796 3869 2045 3958 inquit,
2077 3869 2365 3940 deorum
2414 3870 2762 3940 adductus

210 3958 725 4042 benevolentiA,
782 3961 942 4031 beni
997 3982 1129 4030 nus
1183 3981 1344 4050 erga
1395 3972 1458 4030 te
1522 3982 1703 4031 sum.
1758 3960 2219 4041 Quamobrem
2268 3959 2593 4029 confitere
2640 3958 2763 4027 be-

218 4049 475 4122 neficos
509 4071 657 4121 esse
708 4071 899 4120 veros
985 4070 1124 4119 eos.
1180 4048 1372 4132 Quod
1423 4048 1482 4119 si
1529 4069 1840 4129 recusas,
1909 4058 2245 4118 tormenta
2288 4060 2355 4118 et
2410 4047 2762 4118 cruciatus

217 4136 467 4219 quibus
496 4137 904 4210 afficiendus
951 4159 1024 4207 es
1071 4159 1112 4206 a
1159 4159 1292 4219 me,
1344 4136 1661 4218 efficient,
1698 4147 1776 4207 ut
1805 4158 1921 4206 eos
1958 4157 2334 4228 cognoscas
2371 4158 2520 4210 esse
2567 4158 2760 4206 veros

215 4220 444 4296 deos.»
492 4267 580 4279 —
628 4250 665 4294 «
696 4232 1110 4314 Numquam,
1164 4225 1391 4316 inquit
1423 4221 1745 4307 SaffinuS‚
1783 4225 2069 4298 terrebis
2100 4247 2209 4296 me
2257 4236 2760 4296 tormentorum

262 4370 512 4426 “Atium
530 4387 606 4427 me
635 4396 691 4427 ex
710 4386 853 4436 impio
885 4385 1061 4426 curisti
1097 4385 1308 4425 hostium
1338 4384 1546 4424 satemee
1566 4384 1734 4425 beatus
1769 4385 1938 4434 poste·
1965 4384 2143 4427 curiati
2171 4385 2365 4435 Μυκη.
2391 4387 2449 4427 ae
2479 4395 2574 4435 quo
2605 4384 2656 4425 iu
2689 4383 2758 4424 hl·

214 4433 359 4475 stoi-ta
376 4437 451 4480 88.
466 4440 733 4489 Martyrum
751 4441 1084 4490 Aegyptiorum
1104 4439 1154 4479 tn
1174 4438 1299 4479 surii
1320 4438 1470 4479 nostri
1491 4437 1593 4479 Vol.
1612 4439 1648 4484 1,
1665 4448 1709 4488 p.
1729 4439 1822 4479 ⁰187.
