3327 4999
612 289 744 354 248
1422 305 1503 353 nn
1552 306 1608 354 s.
1662 303 1976 354 ensseomo
2024 305 2189 353 ram
2699 285 2946 350 MART.
3003 286 3089 350 ⁴2

520 384 836 475 exemplo
882 385 994 455 sui
1038 384 1390 457 cruciatus
1435 385 1845 467 ostenderet,
1888 384 2055 472 quid
2091 393 2619 474 consumptores
2656 404 2889 453 rerum
2920 387 3088 453 Gre-

520 474 701 566 gorii
746 473 835 544 de
880 472 1270 563 semetipsis
1317 475 1558 561 utique
1590 496 1868 564 sperare
1915 473 2341 542 debuissent.

611 566 649 650 ἓ
714 566 858 634 25.
911 562 1143 651 Ipsius
1189 583 1465 648 quoque
1498 562 1851 632 Pontificis
1898 574 2204 651 tempore
2235 560 2548 650 ejusdem
2581 558 2798 649 patris
2846 580 3086 628 mona·

522 650 730 721 sterio
761 650 1177 720 Athanasius
1226 649 1546 739 praefuit,
1587 650 1694 719 vir
1736 649 2018 737 quidem
2050 649 2360 720 castitate
2398 648 2847 737 conspicuus,
2879 660 2945 716 et
2974 648 3089 716 sui

523 739 923 807 monasterii
982 737 1432 807 cautissimus
1492 752 1892 825 exequutor.
1946 738 2078 820 Qui
2142 759 2304 807 cum
2366 735 2733 805 saevientis
2803 735 3082 825 inopiae

522 838 801 916 tempus
848 838 1270 916 agnosceret,
1313 848 1399 896 ne
1433 827 1796 896 monachis
1842 825 2216 895 necessitas
2263 824 2575 893 fortassis
2621 824 3079 904 incumberet,

522 914 988 1005 quadraginta
1036 936 1463 1004 pauperum,
1529 936 1706 1001 quos
1767 916 2010 984 beatus
2071 912 2443 1001 Gregorius
2503 913 2694 1001 pasci
2745 911 2955 980 semel
3013 912 3087 980 in

524 1024 710 1072 anno
757 1003 1172 1083 decreverat,
1227 1002 1665 1072 refectionem
1709 1001 2061 1072 subduxit.
2130 1001 2326 1083 Quod
2385 1000 2677 1090 impune
2727 1021 2799 1070 se
2845 998 3089 1069 fecisse

525 1090 987 1181 perpendenS,
1032 1091 1239 1159 etiam
1291 1091 1655 1160 duodecim
1696 1113 2083 1181 pauperum
2116 1088 2396 1159 totidem
2447 1088 2770 1158 denarios
2807 1088 2928 1174 qui
2975 1088 3089 1156 die

528 1179 981 1269 depositionis
1014 1179 1193 1248 beati
1245 1180 1552 1270 Gregorii
1602 1202 1728 1269 pro
1767 1178 2419 1249 commemoratione
2452 1176 2844 1256 duodecim,
2892 1176 2980 1244 ab
3009 1197 3090 1245 eo

527 1267 881 1353 quondam
933 1267 1402 1348 invitatorum,
1456 1289 1758 1353 quorum
1820 1265 2379 1336 tertiusdecimus
2436 1264 2762 1353 angelum
2821 1285 2894 1333 se
2940 1285 3089 1333 esse

527 1354 881 1445 professus
929 1366 1052 1436 est,
1105 1355 1774 1424 consuetudinaliter
1828 1355 2316 1444 pascebantur,
2371 1353 2648 1444 penitus
2699 1352 2953 1420 interce
3007 1353 3081 1420 it.

529 1448 696 1513 Cum
750 1443 1063 1533 ejusdem
1130 1444 1715 1533 Quadragesimae
1781 1434 2089 1533 Tempore
2151 1442 2394 1512 beatus
2450 1441 2820 1530 Gregorius
2865 1441 2928 1508 ei
2978 1461 3089 1508 em

526 1532 954 1621 presbytem,
1008 1531 1125 1601 cui
1178 1553 1415 1621 supra,
1472 1543 1537 1599 et
1588 1532 1931 1600 monacho
1981 1532 2050 1599 in
2092 1530 2357 1599 somnis
2403 1552 2438 1597 a
2498 1530 2750 1618 paruit,
2804 1528 3086 1598 dicens:

536 1642 564 1683 c
590 1620 795 1697 Vade,
838 1632 904 1688 et
941 1619 1053 1688 dic
1086 1641 1483 1700 oeconomO,
1521 1620 1689 1706 quia
1727 1619 2059 1688 diminuit
2099 1629 2429 1687 consuetu
2486 1617 2695 1698 inem,
2725 1638 2931 1704 quam
2966 1636 3097 1707 ego

530 1707 886 1787 constitui,
928 1709 1263 1777 Dominus
1292 1730 1569 1794 quoque
1601 1707 1751 1776 dies
1784 1708 1936 1797 ejus
1983 1706 2399 1775 diminuit.»
2449 1705 2641 1788 Quod
2675 1726 3093 1775 oeconomus

528 1808 607 1864 ut
635 1795 921 1876 audivit,
958 1797 1184 1885 primo
1218 1796 1499 1882 quidem
1536 1796 1975 1876 contremuit,
2011 1806 2165 1885 post
2195 1816 2352 1863 vero
2381 1807 2569 1863 tanto
2601 1794 2837 1864 minus
2871 1793 3094 1862 credi-

528 1883 653 1961 dit,
697 1897 955 1969 quanto
996 1884 1106 1953 lon
1168 1885 1275 1953 ius
1325 1885 1529 1953 vitam
1579 1906 1780 1953 suam
1812 1883 2271 1974 cognoscebat
2301 1882 2597 1951 extendi.
2639 1887 2716 1950 Et
2752 1903 2909 1949 ecce
2952 1882 3089 1951 sub

527 1972 702 2062 ipsis
737 1972 924 2041 Albis
955 1994 1118 2062 pasc
1144 1971 1401 2042 ialibus
1427 1972 1497 2039 in
1531 1973 1827 2042 oratorio
1859 1973 2078 2041 sancti
2109 1970 2409 2041 Severini
2440 1991 2599 2039 cum
2632 1969 2961 2039 fratribus
2989 1991 3093 2039 ve·

529 2061 855 2150 spertinis
887 2060 1217 2130 assistens
1265 2060 1535 2140 officiis,
1573 2062 1814 2130 ardere
1864 2061 2191 2152 parietem
2250 2059 2443 2139 vidit,
2501 2080 2707 2144 quem
2756 2057 3091 2126 fratribus

528 2149 928 2239 extinguere
978 2149 1360 2239 imperavit.
1417 2148 1686 2231 Quibus
1727 2150 1914 2220 hunc
1961 2147 2387 2218 vinolentum
2439 2146 2904 2226 credentibuS,
2939 2147 3089 2238 ipse

529 2236 805 2306 tandem
858 2236 1178 2317 ferulam,
1231 2259 1439 2322 quam
1497 2239 1803 2318 tenebat,
1923 2237 2286 2328 rojiciens,
2359 2256 2749 2320 manusque
2798 2256 2922 2324 per
2970 2255 3091 2323 pa-

531 2324 771 2393 rietem
820 2325 1377 2406 circumducenS,
1434 2326 1818 2395 conabatur
1891 2327 2030 2394 oris
2091 2327 2411 2394 flammas
2448 2323 2868 2413 extinguere,
2912 2343 3092 2408 quas

528 2414 889 2483 constabat
936 2413 1179 2481 intima
1227 2414 1382 2499 eJ'us
1431 2414 1514 2482 de
1569 2436 1824 2483 ascero.
1890 2413 2193 2499 Denique
2242 2411 2519 2482 tandem
2569 2412 2652 2479 ad
2706 2410 3084 2501 hospitium

529 2501 828 2582 rediens.
887 2515 1113 2572 tantae
1160 2501 1371 2571 febris
1419 2524 1497 2570 ar
1548 2523 1665 2571 ore
1715 2524 2093 2572 succensus
2132 2512 2255 2582 est,
2288 2513 2367 2570 ut
2397 2499 2751 2591 pervenire
2784 2501 2869 2568 ad
2898 2498 3086 2567 diem

529 2591 901 2680 septimum
955 2589 1355 2659 nullatenus
1405 2591 1763 2679 potuisset.
1814 2591 1988 2671 Quia
2034 2612 2197 2680 ergo
2250 2589 2420 2658 dum
2469 2588 2908 2659 consuluisse
2956 2610 3090 2678 pu-

529 2679 695 2747 tavit
736 2700 807 2749 se
857 2678 1240 2758 monachis,
1298 2679 1728 2767 pauperibus
1773 2677 2094 2748 nocuisse
2135 2699 2272 2747 non
2302 2678 2574 2746 timuit:
2628 2699 2708 2745 ac
2757 2698 2879 2766 per
2928 2676 3080 2755 hoc,

527 2789 666 2853 quo
716 2789 787 2836 se
840 2766 1116 2856 placare
1164 2787 1367 2856 posse
1414 2766 1820 2856 Gregorium
1882 2765 2197 2847 credidit,
2245 2787 2530 2856 prorsus
2577 2764 2898 2834 offendit:
2943 2763 3090 2833 fru-

528 2867 669 2924 stra
717 2856 1037 2954 flammas
1087 2854 1365 2943 parietis
1399 2855 1799 2953 extinguere
1847 2854 2062 2925 voluit
2099 2855 2221 2941 qui
2261 2854 2647 2924 tenacitatis
2677 2875 2844 2924 suae
2891 2854 3088 2921 flam-

527 2965 678 3011 mas
725 2955 1126 3031 extinguere
1172 2954 1536 3011 recusavit.

618 3039 656 3110 5
718 3033 871 3100 28.
926 3030 1273 3099 Benedicti
1313 3052 1588 3117 quoque
1637 3030 1986 3120 pontificis
2054 3042 2397 3121 tempore,
2471 3030 2725 3099 Lucido
2775 3028 3088 3097 Ficulino

524 3118 852 3208 episeopo
898 3117 1121 3186 eidem
1177 3119 1592 3189 monasterio
1627 3120 2124 3209 praeminente,
2157 3139 2319 3189 cum
2353 3118 2739 3208 pestilentia
2771 3116 3086 3187 faucium

524 3205 902 3276 multitudo
949 3206 1258 3293 quotidie
1298 3208 1596 3275 maxima
1632 3207 1996 3297 deperiret,
2044 3209 2226 3276 idem
2263 3207 2650 3276 monachus
2699 3204 3087 3296 praeclusis

522 3294 846 3366 faucibus
911 3295 1096 3363 venit
1153 3294 1238 3363 ad
1309 3307 1623 3365 mortem.
1680 3296 1804 3365 Cui
1850 3295 2244 3387 desperanti
2292 3296 2536 3365 beatus
2592 3295 2962 3385 Gregorius
3012 3292 3086 3361 in

526 3383 793 3453 somnis
841 3383 1186 3473 apparuit,
1224 3381 1501 3453 dicens:
1556 3385 1731 3452 «Vis
1780 3406 1994 3455 sanus
2047 3384 2298 3453 fieri‘I»
2357 3388 2435 3453 At
2482 3383 2597 3451 ille
2646 3405 2716 3452 se
2764 3382 2934 3451 velle
2983 3403 3090 3450 re-

525 3471 828 3572 spondit.
884 3477 961 3540 Et
1008 3477 1078 3540 B.
1134 3473 1533 3541 Grerrorius:
1592 3499 1623 3532 ιι
1674 3473 1741 3541 Si
1791 3473 1989 3551 mihi,
2048 3472 2293 3559 inquit,
2355 3472 2754 3560 promiseris
2799 3493 2879 3539 ea
2907 3491 3089 3556 quae

525 3559 652 3630 t1bi
700 3560 975 3640 dixer0,
1050 3559 1193 3629 fore
1294 3560 1590 3629 icturum
1622 3613 1637 3640 ,
1712 3561 1883 3630 scito
1933 3573 1993 3630 te
2040 3582 2190 3631 esse
2239 3561 2628 3631 sanandum
2670 3584 2684 3627 :
2737 3560 2846 3628 sin
2897 3580 3080 3637 vero,

524 3648 731 3719 citius
772 3649 1212 3718 moriturum.
1242 3670 1280 3713 ))
1330 3653 1638 3735 Cumque
1690 3648 1806 3718 ille
1836 3671 1908 3718 se
1938 3649 2290 3718 dicturum
2324 3659 2460 3718 tota
2487 3648 2900 3718 certitudine
2927 3668 3093 3746 pro-

524 3737 857 3826 mitteretl,
929 3737 1235 3807 audivit:
1290 3759 1326 3803 «
1373 3741 1475 3806 Ito
1541 3738 1977 3807 denuncians
2026 3738 2282 3818 Sabae,
2346 3738 2638 3818 Joanni,
2691 3734 3081 3815 BenedictO,

522 3825 850 3915 AjartinO,
914 3825 1248 3896 Palumbo
1296 3836 1360 3895 et
1406 3827 1697 3895 Antonio
1745 3826 2144 3907 monacbiS,
2214 3826 2578 3895 Laurentio
2633 3845 2819 3904 cecc,
2882 3827 3091 3892 Gem-

525 3935 717 3984 moso
762 3914 1238 4003 carpentario,
1305 3919 1594 4005 Accepto
1651 3914 1934 4004 pistori,
2004 3915 2333 3995 Andreae,
2398 3920 2707 3984 Romano
2754 3926 2818 3981 et
2867 3910 3082 3979 Leoni

522 4001 742 4083 laiciS,
781 4003 1110 4089 quoniam
1160 4025 1202 4072 a
1249 4003 1551 4072 crastino
1598 4003 2035 4092 incipientes,
2072 4025 2314 4073 omnes
2344 4002 2583 4071 dietim
2613 4023 2685 4072 se
2722 3998 3090 4071 moriendo

518 4090 1059 4177 subsequantur.
1115 4096 1271 4161 Post
1302 4113 1602 4177 quorum
1652 4091 2022 4166 decessum
2048 4090 2396 4160 denuncia
2425 4091 2763 4159 Lucidum
2812 4088 3088 4173 episco-

518 4199 692 4270 pum
739 4179 861 4264 qui
911 4190 1091 4248 tenet
1138 4179 1204 4248 id
1260 4179 1785 4258 monasterium,
1839 4180 1951 4248 die
2000 4180 2294 4270 septimo
2340 4180 2781 4248 moriturum.
2817 4176 2940 4245 His
2978 4175 3091 4243 di-

518 4267 671 4348 ctiS,
717 4268 1128 4337 Monachum
1178 4268 1469 4337 oscitare
1504 4267 1960 4357 praecipiens,
1999 4267 2174 4336 duos
2202 4267 2455 4367 digitos
2487 4266 2556 4334 in
2590 4265 2860 4335 faucem
2907 4284 3089 4363 ‘con-

508 4356 700 4446 jecit,
738 4356 1131 4444 vulnusque
1178 4355 1649 4446 disrumpens,
1704 4369 1782 4427 ut
1825 4367 2172 4426 excrearet
2218 4354 2541 4446 injunxit.
2594 4353 2718 4424 llle
2749 4366 3081 4432 tussiens,
