3327 4999
722 201 849 264 726
1522 217 1601 263 na
1648 217 1704 263 s.
1758 215 1978 264 Ammo
2027 213 2278 266 omnm.
2683 196 2789 263 Ex
2835 196 3021 264 NOV.
3079 199 3161 264 26

633 302 917 394 spiritu:
979 323 1114 371 non
1176 299 1504 371 adversus
1551 301 1958 391 sanguinem
2027 312 2092 370 et
2148 303 2426 370 carneni
2473 300 2983 382 contendentes,
3041 301 3158 372 sed

631 392 959 463 adversus
991 390 1416 481 principatus
1440 401 1505 458 et
1532 400 1891 478 potestates
1920 401 1985 460 et
2017 390 2224 480 hujus
2273 389 2518 480 mundi
2568 389 2950 480 principes:
2995 411 3158 460 cum

630 481 885 569 quibus
931 479 1321 550 colluctatio
1353 488 1454 548 est
1500 477 1807 550 difficilis
1855 478 1940 547 iis
1985 478 2107 566 qui
2146 478 2530 548 secundum
2566 499 2842 548 carnem
2889 479 3156 549 vivunt.

631 572 805 641 Hinc
862 569 959 649 sit,
1003 580 1079 639 ut
1125 591 1164 637 a
1212 589 1337 637 suo
1384 589 1588 658 scopo
1638 590 1771 638 non
1833 568 2120 649 aberret,
2175 567 2290 638 sed
2349 568 2573 636 vincat
2628 589 2742 638 eos
2802 568 2924 655 qui
2996 583 3159 637 sunt

630 659 858 730 carnis
904 669 1230 747 expertos.
1285 656 1345 727 is
1391 657 1507 744 qui
1571 657 1641 726 in
1700 678 1905 726 carne
1971 655 2269 727 refulsit:
2326 668 2389 726 et
2438 656 2764 726 adversus
2812 678 2933 729 eos
2992 657 3165 726 insi-

680 771 833 817 nem
885 746 1233 816 victoriam
1282 745 1370 814 sit
1407 759 1852 815 consecutus:
1909 756 1984 815 ut
2033 767 2153 837 per
2182 766 2297 814 eos
2343 745 2462 832 qui
2512 745 2583 813 in
2617 746 2898 816 veritate
2947 746 3162 838 glori·

630 773 838 908 {cam
885 856 1154 904 servum
1195 834 1368 925 eJus,
1416 839 1592 905 Deus
1639 834 2081 926 glorificetur,
2135 845 2200 904 et
2247 856 2366 924 per
2413 833 2649 904 fideles
2706 857 2939 905 servos
3001 858 3162 905 suos

631 947 827 997 suam
882 923 1194 994 ostendat
1241 922 1686 1008 majestatem.
1733 928 1918 1006 Quae
1977 924 2159 992 enim
2215 944 2334 1015 per
2398 923 2622 1013 ipsum
2674 935 2739 994 et
2799 925 2870 994 in
2926 923 3158 1016 ipsum

631 1025 996 1105 conspecta
1027 1024 1191 1083 sunt
1229 1012 1399 1093 fieri,
1437 1012 1701 1094 discite,
1756 1035 1796 1082 o
1846 1011 2102 1094 fideles,
2157 1022 2222 1082 et
2268 1033 2541 1082 mecum
2593 1014 2964 1084 Dominum
3016 1035 3161 1083 ma-

636 1103 910 1195 gnificis
958 1101 1286 1174 laudibus
1332 1101 1648 1172 extollite.

720 1195 757 1280 ξ
819 1197 952 1265 11.
1006 1196 1173 1262 Nam
1221 1213 1380 1261 cum
1434 1191 1631 1261 vellet
1695 1193 1931 1262 beatus
1985 1190 2266 1282 Alypius
2326 1190 2558 1262 divine
2623 1194 2692 1263 in
2759 1191 3154 1262 columnam

633 1280 1023 1364 ascendere,
1075 1302 1319 1350 senum
1369 1278 1708 1352 deductus
1755 1279 2086 1362 consiliiS,
2134 1280 2517 1370 ingreditur
2567 1295 2730 1353 tunc
2790 1282 2864 1351 in
2913 1280 3154 1351 cellam

631 1393 809 1460 quae
841 1381 985 1441 erat
1023 1369 1311 1439 humilis
1349 1381 1412 1438 et
1462 1369 1655 1440 valde
1695 1369 1940 1449 brevis,
1980 1370 2062 1439 tri
2118 1371 2260 1438 inta
2307 1390 2525 1440 annos
2575 1383 2804 1451 natuS,
2841 1391 3006 1441 cum
3066 1370 3157 1439 la-

632 1459 917 1531 boribus
972 1457 1472 1529 exercitationis
1531 1480 1602 1529 se
1650 1458 1929 1528 biennio
1992 1482 2086 1550 pu
2116 1459 2278 1529 chre
2336 1462 2770 1541 exercuisset,
2826 1472 3156 1545 tanquam

631 1548 916 1639 quidam
956 1553 1334 1639 Imperator
1377 1548 1493 1634 qui
1544 1558 1645 1618 est
1684 1549 1829 1618 acie
1876 1570 2374 1639 congressurus
2424 1572 2586 1620 cum
2635 1549 2970 1622 hostibus.
3011 1548 3162 1617 Illic

630 1639 815 1710 enim
863 1638 1087 1708 statim
1144 1637 1470 1706 adversus
1529 1648 1844 1709 sanctum
1883 1637 2400 1708 insurrexerunt
2447 1639 2754 1729 spiritus,
2807 1660 2923 1708 eos
2968 1638 3162 1706 enim
3271 1701 3272 1722 ,

634 1728 941 1799 irritabat
986 1725 1204 1808 valde,
1259 1725 1581 1816 psallens,
1634 1738 1700 1797 et
1746 1726 2078 1817 paulatim
2130 1727 2517 1818 percutiens
2551 1729 2788 1830 ignitis
2814 1726 3022 1797 dictis
3054 1726 3158 1796 di·

633 1819 950 1887 vinorum
998 1814 1453 1902 eloquiorum.
1507 1815 1838 1897 Quocirca
1884 1815 2113 1886 furore
2161 1817 2424 1905 perciti,
2464 1831 2737 1908 penitus
2798 1829 3160 1907 surgentes

634 1919 986 1994 tamquam
1034 1926 1115 1974 ex
1161 1899 1510 1991 aliquibus
1557 1904 1853 1985 insidiis,
1909 1905 2241 2005 impetum
2273 1905 2580 1976 fecerunt
2608 1907 2678 1976 in
2707 1905 2978 1986 cellam,
3009 1907 3164 1974 uni·

633 1995 1409 2066 versamconcutientes
1465 2014 1544 2062 ex
1605 1993 2073 2064 fundamentis
2106 2049 2121 2076 ‚
2175 1995 2641 2065 existimantes
2689 2018 2763 2066 se
2810 1996 2898 2065 ab
2959 1993 3161 2065 initio

633 2085 854 2175 magis
903 2105 1101 2174 posse
1147 2104 1470 2171 superare
1503 2083 1777 2152 beatum
1826 2082 2076 2164 virum,
2121 2084 2177 2154 si
2212 2097 2465 2154 terrore
2511 2097 2942 2186 specttorum
2991 2105 3156 2154 eum

632 2173 1026 2265 perculsum
1071 2171 1490 2241 invaderent.
1545 2171 1670 2241 Sed
1724 2172 1770 2240 ii
1817 2171 2094 2260 quidem
2150 2184 2225 2242 ut
2274 2173 2571 2262 improbi
2632 2174 3160 2243 insurrexerunt

630 2277 695 2334 et
742 2272 1191 2341 recesserunt,
1244 2274 1320 2331 ut
1364 2262 1484 2349 qui
1533 2274 1849 2332 sanctum
1900 2263 2244 2351 potuerint
2291 2261 2486 2333 nulla
2540 2263 2810 2332 afficere
2869 2262 3153 2353 injuria.

634 2354 863 2425 Stabat
907 2351 1093 2421 enim
1143 2361 1494 2437 tamquam
1529 2372 1729 2420 mons
1778 2352 1960 2435 Sion,
2013 2349 2368 2420 conlidens
2400 2352 2468 2420 in
2522 2353 2916 2432 Dominum,
2964 2373 3160 2442 egre-

632 2442 743 2534 gia
790 2441 1102 2513 munitus
1162 2440 1371 2511 lorica
1415 2439 1915 2541 precationum,
1962 2453 2026 2511 et
2074 2462 2326 2532 magna
2381 2441 2614 2513 Crucis
2672 2442 2932 2513 lancea.
2987 2447 3158 2512 Cum

632 2544 860 2603 autem
894 2555 934 2601 a
979 2530 1151 2601 cella
1183 2543 1642 2611 recessissent,
1699 2552 1941 2601 rursus
1968 2531 2367 2602 invaserunt
2397 2532 2796 2602 oratorium.
2838 2530 3158 2603 Nondum

632 2623 817 2693 enim
863 2622 1015 2711 ejus
1064 2619 1237 2690 facta
1284 2619 1505 2689 fuerat
1549 2619 1910 2689 dedicati0.
1944 2625 2308 2708 Postquam
2336 2633 2516 2691 certe
2547 2621 2612 2690 id
2650 2621 2967 2691 viderunt
2994 2642 3165 2689 con-

634 2711 909 2785 secrari,
961 2708 1117 2779 dolo
1163 2708 1496 2797 quosdam
1563 2731 1768 2778 sonos
1831 2710 2252 2789 emittentes,
2317 2724 2383 2779 et
2448 2710 2850 2780 horribilem
2899 2709 3162 2799 rugitui

636 2800 852 2871 leonis
899 2798 1192 2869 similem
1230 2819 1461 2867 vocem
1511 2797 1810 2878 edenteS,
1867 2798 2035 2866 adeo
2074 2811 2152 2868 ut
2203 2799 2524 2868 universa
2556 2821 2731 2886 quae
2780 2820 2860 2867 eo
2921 2820 3172 2867 conve-

635 2902 825 2959 nerat
873 2885 1240 2957 multitudo
1278 2886 1588 2977 dispersa
1628 2884 1765 2955 fere
1812 2884 2097 2976 fugisset
2149 2888 2282 2957 huc
2331 2902 2395 2958 et
2442 2887 2608 2957 illuc
2636 2944 2651 2970 ,
2706 2888 2843 2957 nisi
2892 2886 3051 2976 ejus
3087 2887 3166 2956 ti-

635 2998 893 3048 morem
954 2975 1036 3044 ad
1088 2974 1439 3055 fiduciam,
1490 2975 1671 3061 quod
1727 2976 2139 3065 praecessit,
2212 2976 2623 3047 traduxisset
2683 2981 2861 3046 Evan
2917 2976 3161 3045 elium.

635 3073 996 3153 Postquam
1044 3064 1226 3134 enirn
1260 3064 1595 3133 Diaconus
1627 3065 2025 3134 acclamavit
2057 3065 2255 3147 illud,
2289 3067 2679 3136 Secundum
2715 3071 2873 3136 Matt
2928 3088 3162 3147 aeum,

636 3153 1056 3244 respondens
1104 3152 1276 3223 illud
1324 3164 1778 3235 consuetum,
1842 3154 2063 3223 Gloria
2117 3154 2263 3236 tibi,
2320 3156 2648 3224 Domine:
2705 3155 2773 3223 in
2827 3155 3166 3245 templum

637 3256 815 3316 totus
862 3242 1159 3334 populus
1219 3241 1532 3333 prosiliit,
1572 3265 1708 3313 non
1757 3243 2011 3313 ferente
2058 3243 2361 3334 amplius
2401 3244 2793 3316 adversaria
2833 3256 3170 3334 potestate

637 3331 1061 3407 sanctitatem
1091 3353 1326 3402 eorum
1362 3353 1537 3420 quae
1583 3332 1862 3414 fiebant,
1920 3332 2034 3404 sed
2097 3331 2171 3403 su
2222 3333 2400 3403 iente
2437 3355 2598 3403 cum
2644 3332 2948 3421 quodam
2992 3355 3166 3403 sono

634 3437 699 3494 et
737 3422 1046 3502 stridore,
1089 3421 1371 3512 perinde
1415 3445 1495 3491 ac
1539 3422 1598 3492 si
1646 3444 1688 3491 a
1742 3422 1930 3513 gravi
1981 3356 2252 3512 ssageffo
2303 3433 2751 3510 torqueretur.
2805 3427 3022 3509 Atque
3073 3423 3172 3494 sic

636 3512 915 3602 quidem
963 3510 1158 3602 ejecti
1229 3523 1391 3582 tunc
1455 3510 1734 3582 fuerunt
1791 3511 2097 3602 spiritus,
2151 3523 2228 3581 ut
2276 3533 2411 3581 non
2476 3511 2780 3601 amplius
2827 3511 2984 3581 ausi
3033 3511 3174 3581 sint

637 3602 957 3673 accedere
1004 3600 1089 3669 ad
1140 3601 1562 3691 Martyrium.
1617 3601 1726 3670 Sic
1775 3613 2003 3672 autem
2055 3601 2286 3691 ipsum
2334 3612 2834 3679 consecratum,
2871 3599 3003 3671 fuit
3052 3601 3174 3670 de·

635 3693 942 3762 dicatum
995 3691 1303 3780 martyri,
1357 3702 1588 3781 utpote
1647 3691 1829 3777 quod
1882 3691 2034 3780 ipsa
2088 3690 2278 3778 prius
2331 3701 2647 3760 sanctum
2695 3689 3053 3761 incitasset
3085 3691 3170 3759 ad

635 3779 1013 3851 certamina
1062 3801 1183 3871 pro
1232 3779 1476 3850 virtute
1514 3780 1697 3849 susci
1756 3779 1981 3860 ienda,
2035 3779 2213 3849 sicut
2261 3791 2459 3848 antea
2507 3778 2959 3850 ostendimus.

723 3873 759 3956 ξ
822 3873 970 3941 12.
1025 3869 1352 3959 Deinceps
1386 3880 1614 3938 autem
1662 3892 1700 3938 a
1782 3891 1858 3939 eo
1910 3881 2212 3959 tempore
2252 3869 2755 3956 unusquisque,
2811 3879 2954 3936 tam
3006 3891 3162 3959 par·

638 3981 783 4040 vus,
837 3979 1045 4044 quam
1097 3980 1411 4048 magnus,
1447 3958 1847 4028 versabatur
1878 3979 2114 4027 secure
2163 3958 2232 4025 in
2284 3956 2423 4029 illis
2472 3956 2639 4029 locis
2686 3979 2759 4026 se
2782 3955 3167 4027 oblectans:

636 4059 701 4119 et
761 4047 944 4138 apud
1013 4047 1285 4117 beatum
1334 4047 1558 4116 virum
1609 4047 1885 4118 assidue
1945 4046 2331 4134 frequentes
2389 4058 2603 4128 erant,
2659 4069 2781 4117 seu
2828 4044 2934 4115 vir
2980 4048 3176 4135 quis-

643 4137 850 4228 piam,
904 4158 1026 4205 seu
1059 4135 1328 4217 mulier,
1384 4157 1503 4205 seu
1553 4157 1746 4227 puer,
1795 4159 1917 4207 seu
1955 4158 2160 4206 senex
2220 4136 2418 4205 vellet
2450 4158 2607 4206 cum
2657 4156 2733 4205 eo
2785 4136 3072 4217 versari,
3109 4150 3174 4206 et

641 4225 1016 4307 comedere,
1068 4238 1134 4295 et
1179 4224 1395 4297 beatis
1440 4225 1589 4314 ejus
1640 4224 1772 4293 frui
1822 4225 2306 4306 sermonibuS,
2368 4236 2511 4295 erat
2567 4225 2752 4294 enim
2804 4224 3172 4314 jucundus

641 4315 988 4398 omnibuS,
1042 4335 1165 4384 nec
1213 4314 1432 4384 ullum
1482 4314 1794 4404 capiebat
1856 4335 2162 4402 unquam
2220 4312 2371 4402 ejus
2422 4313 2743 4384 taedium.
2819 4312 2946 4383 Sed
3007 4337 3169 4386 cum
