3327 4999
193 369 439 436 MART.
493 371 580 436 26
1081 388 1159 434 DE
1208 388 1263 434 s.
1319 384 1606 435 Lunessno
1655 387 1855 435 muse.
2519 374 2651 439 499

192 469 376 538 enim
436 479 605 547 erat,
664 478 740 536 ut
794 488 999 554 quem
1053 472 1229 538 Deus
1280 479 1465 537 tanta
1511 468 1845 538 virtutum
1898 467 2289 558 perfuderat
2337 471 2596 561 gratia,
2658 472 2745 541 ab

193 558 522 627 omnibus
569 568 942 626 amaretur.

279 648 316 733 ξ
361 651 437 717 ⁸2.
492 645 613 716 His
661 644 907 714 diebus
954 644 1241 732 quidam
1291 644 1654 717 Alubertus
1703 647 1787 715 de
1836 658 2013 715 terra
2061 646 2434 737 Anglorum
2486 649 2569 717 acl
2617 650 2742 719 Ab-

193 736 416 805 batem
462 735 865 825 Gregorium
919 734 1125 803 venit:
1179 736 1381 824 cujus
1438 733 1537 803 vel
1590 735 1883 805 scientia
1930 735 2033 804 vel
2086 735 2398 804 moribus
2445 736 2744 806 delecta—

193 838 324 903 tus,
396 846 556 894 eum
609 822 742 893 sibi
791 823 1362 913 chorepiscopum
1429 822 1576 892 fieri
1635 823 2031 924 postulavit.
2087 823 2288 905 Quod
2328 846 2487 894 cum
2525 825 2640 894 ille
2676 850 2749 894 sc

189 935 325 981 non
362 913 560 982 aliter
601 911 944 981 facturum
999 911 1462 1001 responderet,
1516 911 1648 980 nisi
1700 935 1738 981 a
1787 934 1913 980 suo
1959 912 2239 981 demum
2277 914 2601 1002 episcopo
2632 937 2735 983 or·

187 1002 592 1083 dinaretur‚
646 1022 804 1069 eum
857 999 1085 1068 denuo
1133 1000 1216 1083 ad
1271 1001 1502 1090 ipsum
1555 1000 1841 1071 remisit.
1898 1005 1974 1070 Et
2031 1001 2194 1087 quia
2244 1001 2425 1069 idem
2493 1006 2742 1093 Grego-

187 1091 333 1159 rius
386 1112 519 1157 non
554 1101 698 1158 erat
746 1088 832 1157 ad
891 1088 1183 1178 gradum
1235 1088 1694 1178 episcopalem
1745 1089 2105 1158 ordinatus
2140 1143 2154 1169 ,
2211 1088 2325 1157 sed
2384 1092 2740 1181 presbyter

189 1177 568 1270 pontificali
631 1176 994 1246 cathedrae
1048 1177 1499 1266 praesidebat,
1567 1177 1956 1267 Ludgerum
2011 1176 2215 1247 simul
2269 1200 2428 1246 cum
2479 1201 2607 1259 e0,
2663 1193 2739 1248 ut

194 1266 498 1336 Diaconii
530 1265 625 1335 ibi
675 1267 1055 1355 perciperet
1104 1265 1424 1356 gradum,
1479 1263 1750 1334 direxit.
1784 1271 1875 1334 Eo
1910 1265 2004 1333 ibi
2057 1279 2358 1357 tempore
2407 1266 2738 1337 Alcuinus

187 1355 498 1425 scholam
566 1354 1092 1433 moderabatur,
1150 1353 1251 1421 vir
1316 1353 1505 1422 omni
1569 1354 1856 1424 scientia
1931 1354 2446 1423 celeberrimus.
2516 1357 2739 1446 Hujus

189 1443 553 1513 confestim
601 1441 1066 1512 familiaritate
1115 1442 1216 1510 vir
1275 1441 1388 1509 Dei
1440 1441 1796 1533 Ludgerus
1849 1442 2127 1542 potitus,
2186 1441 2428 1512 sedulo
2467 1443 2570 1512 illi
2622 1467 2744 1534 per

189 1555 454 1602 annum
478 1532 931 1621 jungebatur,
967 1541 1033 1600 et
1066 1531 1445 1620 scripturas
1493 1554 1653 1599 cum
1687 1552 1766 1599 eo
1796 1530 2066 1600 divinas
2098 1530 2511 1600 conferebat.
2551 1533 2741 1601 Unde

190 1643 350 1690 cum
403 1631 722 1710 percepto
770 1618 1174 1688 diaconatus
1223 1618 1515 1697 Ordine,
1572 1642 1730 1688 cum
1795 1619 2058 1700 eodem,
2113 1620 2228 1689 cui
2275 1641 2504 1690 comes
2544 1643 2743 1710 prae-

187 1711 390 1779 stitus
438 1720 603 1791 erat,
659 1707 1001 1789 AlubertO,
1058 1719 1213 1807 post
1261 1707 1424 1775 anni
1497 1706 1841 1777 circulum
1904 1720 2371 1790 reverteretur,
2440 1709 2741 1796 quadam

188 1799 323 1876 die,
374 1799 572 1887 juxta
617 1818 825 1866 usum
878 1795 1083 1864 officii
1138 1795 1271 1876 sui,
1325 1794 1504 1865 conti
1562 1796 1611 1864 it
1659 1818 1817 1865 eum
1868 1817 2097 1865 coram
2152 1797 2475 1887 Gregorio
2526 1804 2742 1866 Evan-

187 1886 451 1977 gelium
484 1886 727 1975 legere.
769 1884 890 1954 Cui
926 1883 1236 1964 Domin0,
1269 1895 1345 1952 ut
1375 1905 1490 1953 cre
1546 1884 1727 1953 imus
1758 1883 2059 1966 volente,
2096 1884 2165 1952 in
2202 1885 2500 1971 quodam
2538 1886 2742 1955 verbo

189 1974 587 2055 offendenti,
628 1973 995 2063 Gregorius
1027 1994 1256 2041 coram
1313 1971 1569 2061 populo
1617 1971 2029 2041 emendavit.
2087 1972 2209 2042 Ille
2259 1974 2535 2063 publica
2591 1997 2743 2043 cor-

195 2064 493 2132 rectione
540 2060 899 2143 confusuS,
953 2072 1303 2150 acceptam
1356 2060 1838 2129 verecundiam
1890 2061 1971 2130 ad
2026 2084 2190 2132 suas
2224 2063 2744 2134 utilitatescon-

193 2152 412 2220 vertit.
458 2156 623 2221 Nam
673 2150 836 2237 quia
884 2172 963 2218 ex
1013 2171 1092 2218 eo
1143 2161 1468 2238 tempore,
1520 2170 1658 2236 quo
1707 2149 1791 2219 de
1843 2149 2077 2240 Anglis
2131 2163 2445 2231 venerat,
2488 2173 2740 2240 magno

196 2239 489 2320 Alcuini‚
543 2260 746 2325 quem
810 2238 909 2307 ibi
957 2237 1362 2327 magistrum
1414 2259 1562 2308 esse
1610 2237 1936 2319 diximuS‚
1975 2237 2317 2307 desiderio
2354 2239 2733 2320 tenebatur,

193 2327 480 2418 optabili
527 2326 887 2396 occasione
936 2339 1284 2417 percepta,
1339 2326 1567 2395 denuo
1627 2325 1713 2394 ad
1763 2349 1920 2395 eum
1987 2326 2321 2395 redeundi
2389 2327 2735 2398 licentiam

197 2415 589 2517 postulavit,
644 2415 1010 2507 indignum
1063 2437 1134 2483 se
1181 2414 1419 2483 dicens
1470 2425 1787 2506 percepto
1835 2412 2063 2483 officio
2105 2438 2303 2506 posse
2338 2415 2576 2496 videri,
2613 2416 2735 2504 qui

191 2505 367 2574 111ud
414 2527 493 2574 ex
543 2526 730 2574 more
769 2504 1059 2595 implere
1108 2503 1423 2574 nesciret:
1464 2527 1536 2573 se
1582 2526 1814 2575 coram
1865 2525 1943 2572 eo
1990 2516 2147 2574 ante
2180 2526 2315 2574 non
2366 2505 2732 2587 lecturum,

192 2617 404 2680 quam
457 2593 669 2675 illud,
715 2595 1002 2663 Domino
1063 2592 1463 2683 adJuvante,
1519 2615 1644 2682 pro
1692 2592 1957 2662 viribus
2004 2593 2373 2662 emendare
2438 2606 2732 2664 curaret.

191 2684 382 2765 Quod
427 2682 718 2752 audiens
759 2681 1170 2773 GregoriuS‚
1225 2683 1425 2772 aegre
1473 2680 1849 2751 admodum
1902 2703 1973 2750 se
2021 2681 2108 2750 ab
2168 2703 2245 2750 eo
2292 2681 2515 2751 deseri
2565 2682 2738 2750 fere-

188 2772 329 2852 bat,
387 2771 608 2841 noluit
659 2783 884 2840 tamen
933 2782 1168 2860 aperta
1219 2770 1635 2860 repulsione,
1706 2792 1793 2839 ne
1847 2791 2006 2839 eum
2064 2770 2519 2855 contristaret,
2584 2772 2736 2858 ejus

192 2861 588 2950 petitionem
642 2881 917 2950 negare:
956 2858 1074 2927 sed
1118 2858 1370 2927 blanda
1418 2881 1575 2928 eum
1628 2859 1851 2949 co'epit
1882 2857 2318 2928 dissuasione
2364 2881 2401 2928 a
2453 2881 2575 2930 sua
2628 2860 2733 2926 in-

188 2950 492 3019 tentione
542 2969 880 3018 revocare.
955 2952 1100 3029 Qua
1149 2946 1218 3014 in
1271 2968 1341 3015 re
1390 2970 1546 3017 cum
1608 2969 1855 3037 parum
1927 2946 2074 3037 ipse
2121 2947 2558 3037 profecisset,
2616 2968 2741 3038 pa-

191 3050 362 3106 trem
411 3058 688 3125 quoque
734 3037 885 3125 ejus
921 3035 1053 3106 sibi
1101 3034 1437 3122 adjunxit:
1485 3047 1562 3105 ut
1622 3036 1682 3105 si
1727 3034 1853 3103 uni
1899 3035 2264 3117 resisteret,
2304 3035 2580 3106 duobus
2627 3058 2739 3104 ce-

187 3126 399 3196 deret.
457 3125 583 3195 Sed
625 3147 784 3193 cum
837 3134 987 3214 post
1034 3123 1235 3192 etiam
1305 3145 1462 3192 eum
1515 3123 1803 3193 omnino
1863 3123 1933 3191 in
1982 3145 2110 3204 e0,
2163 3123 2347 3210 quod
2397 3136 2736 3215 coeperat,

189 3215 407 3284 fixum
458 3212 824 3313 persistere
872 3210 1152 3290 videret,
1195 3211 1466 3281 tandem
1517 3211 1619 3280 vel
1672 3211 2229 3301 infatigabilitate
2276 3213 2429 3303 ejus
2478 3213 2578 3282 vel
2633 3235 2739 3281 ra-

189 3303 375 3371 tione
423 3310 667 3381 νιρῐιιε,
705 3300 857 3390 ejus
896 3300 1143 3368 annuit
1194 3299 1658 3388 postulationi.
1716 3300 2018 3386 Denique
2087 3300 2228 3383 his,
2283 3323 2459 3389 quae
2511 3322 2743 3372 neces-

189 3389 374 3460 saria
422 3388 652 3458 itineri
700 3398 916 3469 erant,
971 3388 1251 3477 paratis,
1283 3409 1443 3456 cum
1496 3388 1610 3458 Dei
1659 3388 1881 3478 gratia
1928 3400 1992 3457 et
2042 3410 2207 3459 suae
2259 3389 2741 3478 permissionis

189 3476 467 3547 licentia
498 3499 659 3547 eum
708 3498 746 3544 a
780 3497 851 3546 se
890 3475 1178 3546 dimisit.
1986 3515 1991 3520 ·

278 3569 314 3653 ξ
362 3570 443 3638 S.
499 3564 630 3648 Qui
681 3564 956 3633 tandem
1008 3564 1096 3632 ad
1141 3564 1522 3633 Eboracum
1575 3565 1915 3633 civitatem
1968 3566 2298 3655 pervenit.
2332 3564 2436 3634 Ibi
2484 3565 2746 3655 quippe

190 3654 294 3723 vir
361 3654 474 3723 Dei
540 3652 872 3723 Alcuinus
929 3652 1244 3734 cunctiS‚
1312 3652 1433 3738 qui
1483 3652 1569 3720 ad
1629 3673 1790 3722 eum
1840 3652 2171 3721 hincinde
2236 3653 2734 3734 confluxerant,

190 3743 702 3833 Scripturarum
752 3741 1166 3810 documenta
1217 3740 1567 3810 tradebat:
1635 3763 1676 3808 a
1722 3762 1862 3826 quo
1926 3761 2084 3809 cum
2148 3740 2411 3830 ingenti
2462 3740 2561 3810 vel
2616 3741 2740 3810 ho-

191 3854 377 3913 nore,
435 3831 534 3900 vel
586 3829 841 3920 gaudio
891 3841 1275 3919 susceptus,
1334 3828 1557 3899 trihus
1604 3851 1766 3898 cum
1817 3850 1896 3897 eo
1945 3829 2149 3897 annis
2196 3841 2262 3897 et
2310 3851 2424 3898 sex
2481 3829 2742 3899 mensi-

188 3920 319 3989 bus
368 3921 646 3989 mansit.
693 3923 839 4001 Quo
889 3917 959 3986 in
1014 3917 1161 3987 loco
1200 3938 1408 4004 quam
1446 3916 1770 3985 amabilis
1820 3916 2173 4005 magistr0‚
2212 3939 2420 4003 quam
2465 3916 2739 3988 deside-

187 4008 427 4078 rabilis
475 4005 1016 4097 condiscipuliS‚
1069 4028 1276 4094 quam
1329 4005 1759 4075 honorabilis
1806 4005 2167 4074 monachis
2209 4004 2463 4076 ibidem
2514 4006 2742 4075 consi-

189 4098 553 4176 stentibus,
591 4118 803 4184 quam
852 4094 1106 4164 charus
1153 4094 1504 4176 omnibuS,
1539 4095 1660 4181 qui
1689 4115 1847 4163 eum
1885 4114 2087 4162 nosse
2123 4105 2466 4183 poterant,
2498 4092 2734 4176 fuerit,

192 4207 627 4272 nequaquam
692 4184 900 4275 digne
960 4183 1300 4274 explicare
1371 4183 1707 4252 valemus.
1772 4181 2111 4272 Diligebat
2157 4203 2316 4251 eum
2379 4181 2739 4272 magister,

191 4296 457 4343 morum
490 4274 638 4361 ejus
673 4272 1008 4364 probitate
1036 4283 1103 4342 et
1131 4272 1484 4342 literarum
1528 4271 1758 4341 studio
1796 4271 2207 4340 delectatus:
2253 4270 2739 4340 desiderabant

188 4361 692 4451 condiscipuli,
757 4361 1120 4432 sedulitate
1183 4361 1333 4451 ejus
1379 4372 1445 4430 et
1503 4359 1856 4448 obsequiis
1909 4359 2229 4430 devincti.
2299 4360 2743 4429 Honorabant

189 4450 553 4531 monachi,
631 4451 818 4540 piam
878 4451 1028 4541 ejus
1093 4449 1681 4521 conversationem
1738 4461 1803 4518 et
1851 4448 2253 4519 meritorum
2304 4446 2735 4519 sanctitatem
