3327 4999
643 349 771 413 228
1450 364 1529 409 nn
1577 364 1631 411 s.
1687 360 1997 410 oanoomo
2046 361 2207 408 rara
2711 341 2956 408 MART.
3017 343 3100 407 ⁴2

556 467 766 533 quam
819 462 945 513 nos
990 442 1183 512 omni
1233 442 1368 512 fide
1416 442 1745 529 omnique
1792 440 2145 511 devotione
2191 461 2623 521 veneramur,
2660 453 2725 511 et
2773 442 2872 510 sic
2926 462 3104 526 qua-

559 547 715 605 tuor
764 532 1075 624 Synodos
1122 544 1397 602 sanctae
1442 531 1857 601 universalis
1903 530 2264 610 Ecclesiae,
2319 529 2500 598 sicut
2545 542 2842 616 quatuor
2889 530 3107 600 libros

562 622 783 692 sancti
851 620 1198 711 Evangelii
1264 620 1665 711 recipimus.
1729 625 1818 688 De
1872 618 2185 710 personis
2245 639 2438 699 ver0,
2505 618 2591 687 de
2638 619 2897 705 quibus
2952 631 3109 709 post

560 711 931 781 terminum
989 709 1235 799 synodi
1291 709 1555 797 aliquid
1603 721 1832 778 actum
1881 708 2124 786 fuerat,
2158 707 2467 797 ejusdem
2513 707 2666 798 piae
2726 708 3107 777 memoriae

556 798 941 869 Justiniani
984 798 1406 888 temporibus
1454 813 1558 868 est
1601 797 2029 878 ventilatum,
2071 797 2162 865 ita
2209 807 2461 876 tamen,
2515 808 2592 864 ut
2641 818 2764 866 nec
2814 795 2987 866 fides
3034 797 3110 864 in

565 887 801 975 aliquo
850 886 1236 968 violaretur,
1275 909 1395 956 nec
1443 887 1528 955 de
1574 886 1832 956 eisdem
1875 884 2187 976 personis
2237 883 2427 954 aliud
2478 884 2738 971 aliquid
2791 898 3114 975 ageretur

562 998 770 1064 quam
833 976 1017 1065 apud
1068 975 1381 1059 eamdem
1443 989 1750 1045 sanctam
1802 974 2421 1044 Chalcedonensem
2472 974 2818 1063 synodum
2881 972 3111 1043 fuerat

561 1065 1037 1136 constitutum.
1092 1064 1759 1134 anathematizamus
1798 1077 2050 1144 autem,
2106 1063 2164 1131 si
2202 1063 2360 1149 quis
2405 1083 2486 1131 ex
2518 1062 2918 1132 delinitione
2946 1061 3110 1132 fidei

558 1176 735 1240 quae
769 1153 837 1221 in
887 1153 1124 1222 eadem
1174 1153 1437 1242 synodo
1487 1153 1750 1243 prolata
1782 1164 1904 1232 est,
1944 1152 2208 1238 aliquid
2242 1151 2656 1220 imminuere
2686 1151 3094 1241 praesumit,

561 1242 667 1311 vel
714 1242 913 1329 quasi
975 1242 1380 1331 corrigendo
1439 1243 1588 1332 ejus
1650 1263 1930 1312 sensum
1993 1253 2298 1310 mutare:
2353 1239 2469 1324 sed
2523 1241 2699 1310 sicut
2751 1240 2891 1309 illic
2940 1261 3098 1330 pro-

564 1331 697 1400 lata
742 1343 865 1410 est,
920 1352 1042 1420 per
1085 1330 1320 1399 omnia
1365 1331 1819 1401 custodimus.
1873 1334 1959 1397 Te
2004 1351 2189 1419 ergo,
2257 1328 2354 1398 fili
2404 1328 2835 1408 charissime,
2900 1327 3094 1397 decet

559 1420 646 1489 ad
696 1419 1030 1488 unitatem
1081 1419 1239 1488 fidei
1293 1442 1635 1501 remeare,
1698 1431 1775 1488 ut
1822 1417 2031 1487 finem
2081 1432 2280 1487 tuum
2323 1417 2550 1486 valeas
2599 1417 2670 1485 in
2715 1439 2880 1507 pace
2928 1439 3095 1486 con-

559 1508 861 1590 cludere,
898 1528 983 1576 ne
1032 1508 1380 1598 malignus
1414 1509 1701 1598 spiritus
1747 1507 1868 1594 qui
1900 1520 2137 1575 contra
2192 1518 2254 1574 te
2314 1527 2435 1595 per
2481 1505 2619 1574 alia
2664 1528 2871 1595 opera
2910 1527 3103 1595 prae-

559 1597 786 1667 valere
815 1618 950 1665 non
1004 1610 1242 1687 potest,
1286 1619 1367 1666 ex
1416 1597 1544 1666 hac
1591 1618 1801 1666 causa
1840 1595 2164 1673 inveniat,
2206 1595 2393 1663 unde
2441 1594 2566 1664 tibi
2598 1595 2668 1663 in
2716 1595 2827 1664 die
2875 1595 3101 1664 exitus
3142 1619 3147 1623 ·

563 1687 667 1756 tui
718 1686 783 1754 in
821 1685 1011 1753 aditu
1045 1686 1238 1776 regni
1287 1685 1597 1755 coelestis
1644 1684 2015 1754 obsistat.»
2188 1732 2196 1747 .

649 1776 686 1862 ξ
749 1779 910 1846 affl.
965 1778 1131 1842 Item
1169 1775 1529 1865 Gregoriae
1557 1772 2026 1843 cubiculariae
2077 1777 2538 1861 Augustorum
2590 1785 2743 1862 post
2797 1784 3100 1842 caetera:

565 1886 600 1930 «
642 1862 830 1945 Quod
884 1861 1176 1932 dulcedo
1224 1875 1342 1931 tua
1387 1863 1459 1932 in
1510 1863 1654 1931 suis
1701 1861 2008 1952 epistolis
2067 1860 2447 1951 subjunxit,
2506 1861 2972 1951 importunam
3028 1883 3108 1931 se

562 1952 737 2021 mihi
767 1952 1074 2033 existere,
1109 1972 1468 2039 quousque
1508 1951 1805 2021 scribam
1859 1948 2028 2018 milii
2075 1970 2225 2021 esse
2270 1949 2669 2030 revelatum,
2723 1950 2889 2037 quia
2951 1971 3112 2039 pec-

564 2052 715 2109 cata
765 2053 881 2109 tua
939 2040 1228 2110 dimissa
1291 2039 1450 2117 sint,
1514 2062 1658 2109 rem
1708 2051 1773 2109 et
1818 2039 2171 2107 difficilem
2219 2051 2284 2107 et
2331 2037 2645 2107 inutilem
2699 2038 3093 2128 postulasti.

564 2129 926 2198 Difficilem
975 2128 1282 2214 quidem,
1334 2129 1500 2215 quia
1545 2151 1672 2219 ego
1717 2127 2051 2218 indignus
2082 2149 2262 2206 sum,
2299 2127 2414 2197 cui
2462 2127 2779 2196 revelatio
2808 2127 2952 2197 lieri
2981 2127 3108 2195 de-

562 2218 750 2288 beat:
805 2216 1119 2287 inutilem
1169 2239 1347 2299 vero,
1391 2216 1555 2305 quia
1588 2239 1832 2286 secura
1878 2218 1962 2284 de
2010 2216 2306 2306 peccatis
2354 2216 2493 2285 tuis
2523 2216 2670 2284 sieri
2719 2238 2855 2285 non
2893 2215 3111 2286 debes

564 2307 700 2376 nisi
748 2328 907 2376 cum
958 2305 1104 2393 jam
1169 2306 1237 2375 in
1288 2306 1398 2375 die
1442 2307 1617 2375 vitae
1666 2319 1821 2376 tuae
1865 2305 2112 2373 ultimo
2161 2304 2484 2394 plangere
2530 2304 2770 2374 eadem
2819 2318 3114 2397 peccata

563 2395 852 2465 minime
900 2394 1178 2465 valebis.
1242 2400 1425 2477 Quae
1490 2395 1635 2464 dies
1695 2416 2054 2481 quousque
2117 2394 2378 2474 veniat,
2432 2415 2704 2484 semper
2751 2406 3101 2484 suspecta,

564 2507 836 2576 semper
865 2484 1153 2573 trepida,
1209 2496 1508 2554 metuere
1554 2483 1797 2573 culpas
1844 2481 2072 2565 debes,
2109 2495 2312 2570 atque
2361 2505 2475 2553 eas
2522 2482 2946 2569 quotidianis
2978 2484 3111 2553 sse-

566 2574 752 2644 tibus
808 2574 1120 2643 lavare.»
1183 2577 1349 2640 Item
1398 2573 1750 2642 Anastasio
1815 2573 2211 2662 presbytero
2275 2573 2579 2641 Isauriae
2630 2586 2780 2662 post
2825 2573 3103 2658 aliqua:

566 2668 769 2732 «Tua
817 2663 1044 2749 itaque
1090 2661 1479 2730 fraternitas
1526 2674 1862 2747 quantum
1915 2661 1986 2729 in
2037 2661 2365 2731 charitate
2425 2659 2721 2751 perfecta
2771 2662 2879 2743 sit,
2930 2661 3105 2731 scio.

564 2755 645 2820 Et
689 2752 854 2838 quia
902 2750 1435 2841 omnipotentem
1487 2755 1700 2818 Deum
1736 2749 2032 2819 multum
2094 2749 2342 2839 diligit,
2380 2761 2641 2839 oportet
2686 2761 2764 2818 ut
2809 2750 2896 2818 de
2943 2772 3114 2840 pro-

563 2840 749 2908 ximo
798 2838 1094 2907 multum
1147 2851 1565 2928 praesumat.
1603 2843 1744 2908 Non
1795 2839 1978 2907 enim
2012 2838 2158 2908 loca
2206 2839 2308 2908 vel
2343 2837 2619 2907 ordines
2650 2839 2945 2908 Creatori
2979 2861 3111 2909 no-

567 2940 707 2997 stro
755 2949 879 2996 nos
930 2927 1275 3016 proximos
1324 2926 1619 2996 faciunt:
1672 2926 1787 2996 sed
1836 2928 1899 2997 ei
1947 2949 2071 2997 nos
2118 2939 2237 2996 aut
2273 2928 2512 2996 merita
2570 2927 2751 2996 bona
2808 2927 3111 3016 conjun-

567 3026 761 3115 gunt,
815 3026 935 3084 aut
982 3015 1161 3083 mala
1194 3015 1628 3106 disjungunt.
1665 3016 1839 3098 Quia
1883 3037 2044 3107 ergo
2092 3016 2321 3084 adhuc
2371 3016 2705 3085 incertum
2764 3029 2887 3097 est,
2940 3017 3110 3102 quis

565 3104 859 3173 mterius
905 3103 1131 3191 qualis
1178 3103 1287 3184 sit,
1334 3126 1459 3173 cur
1506 3127 1639 3174 non
1678 3105 1933 3174 audeas
1981 3104 2301 3185 scribere,
2339 3104 2506 3173 dum
2546 3105 2723 3174 inter
2770 3127 2880 3174 me
2925 3118 2992 3174 et
3042 3118 3110 3176 te

565 3193 724 3280 quis
777 3192 865 3262 sit
927 3192 1276 3282 superior,
1336 3192 1654 3283 ignores?
1703 3199 1778 3263 Et
1838 3192 2119 3281 quidem
2172 3193 2345 3262 bene
2393 3205 2454 3262 te
2499 3192 2721 3262 vivere
2769 3194 2936 3275 scic,
2992 3215 3108 3264 me

567 3294 796 3351 autem
849 3280 1087 3353 multis
1134 3293 1492 3351 oneratum
1542 3281 1839 3373 peccatis
1885 3303 2264 3372 cognosco:
2319 3282 2434 3351 sed
2486 3293 2549 3351 et
2578 3282 2636 3351 si
2686 3282 2830 3372 ipse
2864 3305 3106 3374 pccca-

570 3380 673 3441 tor
728 3391 824 3451 es,
878 3392 988 3438 me
1037 3381 1262 3439 tamen
1313 3371 1530 3440 multo
1588 3393 1661 3440 es
1711 3370 1972 3452 melior,
2025 3370 2189 3457 quia
2243 3383 2359 3440 tua
2408 3371 2920 3442 tantummodo:
2973 3393 3103 3461 ego

566 3481 724 3529 vero
781 3471 845 3528 et
890 3480 1124 3527 eorum
1176 3458 1296 3546 qui
1345 3459 1516 3527 mihi
1563 3459 1918 3529 commissi
1965 3470 2161 3538 sunt,
2224 3472 2500 3549 peccata
2555 3472 2771 3549 porto.
2826 3466 2902 3529 In
2972 3459 3104 3529 hoc

565 3569 729 3637 ergo
777 3569 902 3640 ego
950 3560 1012 3616 te
1043 3547 1286 3627 altum,
1326 3547 1394 3615 in
1446 3548 1573 3617 hoc
1625 3570 1957 3637 inagnum
2005 3547 2287 3638 aspici0,
2339 3547 2503 3634 quia
2550 3560 2707 3617 ante
2759 3549 3106 3619 humanos

568 3635 804 3706 oculos
867 3636 934 3705 in
1002 3657 1254 3727 magno
1300 3648 1503 3723 atque
1562 3636 1631 3705 in
1680 3636 1816 3706 alto
1864 3636 2011 3707 loco
2065 3635 2352 3705 minime
2407 3636 2775 3726 profecisti.
2834 3642 2913 3705 In
2963 3659 3109 3724 quo

566 3746 769 3816 saepe
816 3725 982 3794 dum
1034 3725 1330 3795 exterius
1377 3725 1464 3793 ab
1512 3724 1915 3795 hominibus
1964 3726 2183 3795 honor
2231 3725 2578 3807 tribuitur,
2618 3724 2701 3794 ad
2754 3726 2893 3795 ima
2952 3727 3113 3795 ani-

566 3836 727 3883 mus
774 3813 1130 3904 mergitur,
1184 3814 1350 3901 quia
1411 3813 1597 3883 curis
1661 3813 2212 3904 discerpentibus
2277 3827 2622 3905 gravatur.
2676 3814 2822 3885 Tibi
2872 3827 3113 3885 autem

566 3902 1002 3992 omnipotens
1037 3907 1237 3984 Deus,
1272 3903 1468 3991 juxta
1516 3902 1644 3971 hoc
1691 3903 1874 3989 quod
1911 3903 2245 3990 scriptum
2277 3915 2400 3982 est,
2439 3907 2774 3975 Ascensus
2799 3904 2870 3972 in
2900 3905 3115 3974 corde

568 3991 912 4081 disposuit
957 3992 1027 4059 in
1078 3991 1384 4061 convalle
1451 3991 1940 4080 lacrymarum.
2008 3991 2213 4062 Multo
2281 4014 2578 4079 namque
2646 3993 2817 4062 mihi
2876 3992 3108 4074 altior,

568 4080 787 4150 multo
835 4079 1201 4150 sublimior
1269 4079 1481 4149 videri
1540 4093 1833 4170 poteras,
1888 4081 1946 4149 si
1996 4102 2216 4168 neque
2279 4080 2611 4151 ducatum
2677 4083 3102 4162 monasterii,

567 4169 751 4257 quod
811 4174 982 4239 Neas
1028 4168 1303 4250 dicitur,
1363 4169 1806 4327 suscepisses.
1848 4192 1883 4236 »
1934 4174 2104 4239 Item
2154 4170 2497 4260 Stephano
2553 4169 2785 4260 episco
2837 4193 2876 4238 o
2926 4170 3113 4240 inter

569 4258 742 4328 alia:
798 4257 1145 4327 «Multum
1188 4257 1362 4326 mihi
1408 4270 1474 4328 et
1521 4282 1566 4327 u
1600 4270 1724 4339 tra,
1775 4280 1985 4345 quam
2037 4258 2367 4349 indignus
2414 4259 2656 4329 audire
2715 4259 2801 4329 de
2856 4258 2946 4338 ui,
3003 4259 3110 4329 fa-

568 4369 795 4417 vorem
851 4347 919 4415 in
953 4346 1191 4416 vestris
1238 4346 1545 4436 epistolis
1592 4346 2137 4417 demonstrastis.
2173 4353 2246 4417 Et
2280 4347 2612 4438 scriptum
2646 4361 2779 4417 est:
2833 4352 2924 4416 Ne
2953 4347 3113 4418 lau-

569 4435 690 4510 des
737 4434 1113 4518 hominem,
1153 4436 1490 4525 quamdiu
1537 4435 1721 4506 vivit.
1759 4441 2011 4506 Tamen
2051 4435 2178 4507 etsi
2207 4436 2447 4507 audire
2479 4435 2639 4506 talia
2667 4436 2925 4530 dignus
2967 4459 3111 4508 non
