3327 4999
153 361 407 428 MART.
467 359 552 425 ⁴2
1055 376 1135 423 m:
1181 374 1240 423 s.
1293 374 1606 424 cansomo
1653 376 1817 424 rArA
2490 359 2621 426 239

148 460 376 531 multa
401 456 833 550 jubentibus,
869 456 1041 527 dum
1078 477 1319 547 parere
1349 457 1553 528 modo
1601 478 1724 549 per
1770 454 2219 547 expositionis
2268 458 2705 543 mysterium,

147 549 363 620 modo
412 569 533 639 per
576 545 1178 636 contemplationis
1227 567 1617 619 ascensum,
1675 546 1879 616 modo
1934 567 2057 637 per
2111 544 2516 616 moralitatis
2562 559 2712 616 stu-

145 638 341 708 deret
390 637 955 707 instrumentum.
1009 635 1139 706 hoc
1184 656 1363 725 opus
1398 657 1518 736 per
1564 633 1847 725 triginta
1877 646 1944 704 et
1972 633 2282 721 quinque
2341 635 2551 704 libros
2590 657 2707 705 ex-

150 741 452 807 tensum,
497 725 570 794 in
620 746 737 795 sex
769 724 1129 795 codicibus
1157 723 1473 815 explevit.
1512 728 1819 806 Quorum
1866 745 2055 793 exem
2115 723 2286 793 laria
2321 724 2545 815 primo
2586 745 2708 813 per

155 815 355 888 Urbis
406 812 824 885 monasteria
872 811 1267 894 subdivisit,
1326 826 1675 903 postremo
1724 835 1881 883 vero
1926 811 2035 882 eid
2086 834 2152 880 tn
2203 812 2513 882 Leandro
2562 813 2709 904 epi-

147 927 363 995 scopo
412 902 805 973 destinavit.

243 997 482 1081 §68
539 992 665 1061 Sed
714 991 781 1059 in
830 989 981 1081 ipso
1025 989 1138 1060 sui
1180 990 1619 1081 episcopatus
1667 990 1967 1071 exordio,
2004 990 2173 1061 dum
2207 1012 2247 1059 a
2279 996 2546 1062 Joanne
2578 996 2714 1060 Ra-

150 1082 469 1153 vennatis
497 1081 694 1150 urbis
722 1079 1047 1170 episcopo
1078 1079 1436 1148 humiliter
1465 1080 1927 1169 reprehensus
1961 1078 2203 1165 fuisset
2240 1101 2374 1148 cur
2401 1091 2712 1170 pastora-

149 1171 237 1241 lis
291 1192 505 1241 curae
548 1168 1008 1239 delitescendo
1053 1168 1358 1326 pondera
1407 1167 1644 1259 fugere
1678 1168 1783 1238 vir
1828 1181 1969 1238 tam
2017 1169 2310 1237 idoneus
2349 1168 2703 1247 voluisset,

152 1260 415 1331 librum
461 1258 742 1350 regulae
833 1270 1055 1328 astora
1089 1257 1150 1328 is
1195 1257 1606 1347 composuit.
1651 1261 1871 1339 Quam
1903 1256 2409 1346 quadripartita
2443 1256 2708 1327 ratione

152 1349 615 1440 distinguens,
651 1346 757 1416 val
813 1368 850 1414 e
882 1345 1314 1436 pensandum
1348 1368 1497 1416 esse
1530 1345 1907 1437 perdocuit,
1943 1367 2105 1415 cum
2133 1367 2366 1415 rerum
2403 1346 2704 1415 necessi-

151 1448 251 1508 tas
305 1436 637 1528 exposcit,
672 1434 759 1504 ad
810 1434 1086 1505 culmen
1129 1457 1199 1504 re
1250 1434 1489 1504 iminis
1521 1435 1818 1523 quisque
1864 1434 2162 1522 qualiter
2201 1434 2450 1503 veniat:
2504 1446 2708 1521 atque

156 1527 243 1597 ad
278 1527 414 1596 hoc
451 1526 576 1596 rite
605 1524 1035 1615 perveniens,
1075 1546 1211 1610 qua
1245 1524 1371 1592 iter
1401 1525 1602 1594 vivat:
1637 1537 1703 1593 et
1737 1525 1908 1593 bene
1952 1525 2205 1604 vivens,
2241 1523 2537 1611 qualiter
2582 1525 2706 1592 do-

145 1628 316 1686 ceat:
370 1625 439 1685 et
482 1627 661 1685 recte
707 1612 986 1693 docenS,
1038 1612 1509 1683 infirmitatem
1559 1636 1760 1683 suam
1808 1614 2116 1701 quotidie
2163 1617 2425 1700 quanta
2474 1612 2703 1683 consi-

143 1704 503 1775 deratione
551 1715 942 1792 cognoscat,
990 1722 1074 1770 ne
1111 1714 1231 1771 aut
1270 1701 1630 1773 humilitas
1679 1724 2037 1772 accessum
2078 1701 2320 1801 fugiat,
2376 1713 2496 1771 aut
2545 1723 2700 1792 per-

144 1792 458 1864 ventioni
505 1791 642 1860 vita
688 1790 1134 1872 contradicat,
1188 1803 1309 1860 aut
1369 1791 1577 1859 vitam
1626 1791 1939 1862 doctrina
1973 1790 2363 1872 destituat,
2416 1802 2538 1860 aut
2586 1789 2707 1858 do-

143 1884 447 1953 ctrinam
525 1879 994 1970 praesumptio
1058 1879 1355 1949 extollat.
1434 1880 1741 1949 Primum
1810 1902 1973 1971 ergo
2039 1880 2423 1971 appetitum
2492 1879 2699 1950 timor

146 1980 506 2061 temperet,
551 1981 704 2060 post
736 1981 963 2038 autem
1005 1969 1505 2059 magisterium,
1557 1969 1740 2055 quod
1793 1992 1833 2038 a
1883 1991 2019 2037 non
2070 1981 2441 2056 quaerente
2476 1968 2701 2039 susci-

144 2060 359 2152 pitur.
416 2058 554 2127 vita
600 2056 1058 2128 commendet.
1115 2056 1369 2126 Deinde
1417 2077 1694 2126 necesse
1731 2071 1878 2138 est,
1935 2068 2012 2127 ut
2061 2059 2356 2148 pastoris
2405 2059 2694 2135 bonum,

144 2149 335 2237 quod
386 2145 676 2216 vivendo
724 2145 1144 2226 ostenditur,
1193 2145 1398 2215 etiam
1451 2144 1796 2231 loquendo
1845 2158 2283 2237 propagetur.
2338 2146 2432 2215 Ad
2482 2160 2707 2214 extre-

144 2258 345 2307 mum
396 2258 554 2306 vero
603 2246 937 2325 superest,
973 2246 1050 2304 ut
1084 2233 1380 2325 perfecta
1416 2256 1730 2321 quaeque
1778 2256 1985 2324 opera
2033 2234 2492 2304 consideratio
2542 2256 2703 2324 pro·

146 2326 346 2417 priae
394 2324 821 2393 infirmitatis
869 2323 1251 2414 deprimat,
1305 2345 1391 2391 ne
1451 2324 1616 2393 haec
1665 2334 1824 2392 ante
1869 2323 2124 2393 occulti
2174 2323 2411 2392 arbitri
2464 2323 2704 2393 oculos

149 2427 388 2485 tumor
431 2413 751 2484 elationis
799 2412 1176 2503 extinguat.
1224 2417 1301 2483 Et
1343 2412 1509 2498 quia
1547 2413 1887 2499 quosdam
1939 2414 2293 2503 imperitos
2343 2412 2427 2481 ad
2481 2434 2707 2481 sacer-

148 2503 420 2573 dotium
471 2504 910 2593 conspirasse
938 2514 1370 2592 cognoverat,
1409 2502 1745 2590 quosdam
1779 2502 2298 2593 conspiraturos
2328 2525 2476 2572 esse
2510 2523 2707 2592 prae-

149 2592 468 2672 videbat,
523 2591 643 2678 qui
711 2590 936 2660 metiri
986 2613 1058 2660 se
1105 2593 1485 2663 nescientes
1519 2646 1534 2673 ‚
1604 2613 1783 2678 quae
1833 2613 1965 2661 non
2017 2591 2412 2660 didicerunt
2458 2591 2705 2659 docere

149 2681 749 2771 concupiscerent,
801 2679 1062 2766 quique
1109 2681 1385 2771 pondus
1433 2680 1815 2771 magisterii
1864 2692 2049 2750 tanto
2117 2680 2335 2750 levius
2384 2679 2707 2749 aestima-

146 2781 348 2850 rent,
414 2780 675 2856 quanto
725 2769 862 2836 vim
913 2768 1104 2839 illius
1165 2768 1671 2860 magnitudinis
1743 2769 2183 2859 ignorarent:
2247 2769 2371 2839 hos
2419 2769 2489 2837 in
2550 2768 2705 2868 ipso

146 2858 311 2929 libri
362 2860 474 2927 sui
524 2857 965 2948 reprehendit
1010 2856 1311 2928 exordio:
1363 2869 1441 2927 ut
1479 2859 1539 2927 si
1584 2860 1863 2946 quando
1910 2859 2172 2928 indocti
2230 2880 2310 2928 ac
2366 2856 2709 2948 praecipi-

147 2959 250 3017 tes
296 2946 655 3016 doctrinae
729 2968 959 3016 arcem
1019 2958 1247 3015 tenere
1295 2946 1739 3036 appetissent,
1804 2971 1844 3016 a
1903 2946 2492 3037 praecipitationis
2543 2965 2710 3015 suae

148 3035 444 3106 ausibus
509 3035 579 3104 in
631 3036 783 3125 ipsa
824 3036 1280 3135 Gregorianae
1330 3036 1695 3105 locutionis
1739 3036 1960 3137 janua
2010 3036 2452 3127 pellerentur.
2505 3038 2708 3104 Hunc

144 3125 410 3194 librum
459 3123 860 3193 Anatholius
909 3124 1268 3205 diaconus,
1316 3125 1467 3214 ejus
1521 3126 2011 3215 apocrisariuS,
2065 3125 2422 3213 quaerenti
2470 3145 2551 3192 ac
2581 3123 2702 3212 ju-

139 3214 334 3285 benti
388 3213 792 3303 Imperatori
840 3213 1190 3299 quondam
1242 3212 1625 3293 obtulerat,
1697 3236 1905 3301 quem
1956 3235 2252 3305 magnus
2300 3214 2703 3284 Anastasius

141 3302 612 3373 Antiochenus
657 3302 1024 3402 episcopus
1072 3303 1142 3370 in
1195 3306 1521 3371 Graecam
1571 3302 1886 3393 linguam
1924 3303 2318 3385 transfudit,
2357 3315 2424 3372 et
2456 3302 2697 3371 Orien-

145 3391 406 3462 talibus
462 3391 782 3460 Ecclesiis
830 3413 1009 3482 opus
1053 3390 1443 3461 venerabile
1543 3393 1909 3461 rocuravit.
2741 3435 2746 3440 -

232 3483 271 3567 ξ
319 3485 481 3551 (u.
549 3479 826 3561 Deinde,
890 3479 1072 3549 sicut
1129 3480 1201 3548 in
1263 3413 1566 3550 secundo
1623 3481 1834 3570 hujus
1872 3481 2101 3570 operis
2160 3481 2339 3550 libro
2388 3480 2539 3569 jam
2594 3499 2702 3547 re-
2806 3558 2809 3562 ,

144 3568 317 3649 tuli,
376 3567 546 3637 dum
608 3568 839 3638 adhuc
905 3569 1276 3660 Gregorius
1323 3569 1409 3638 ad
1462 3568 1888 3655 loquendum
1958 3591 2115 3638 voce
2190 3571 2498 3656 flatuque
2562 3566 2698 3635 sibi

144 3657 516 3738 sufficeret,
570 3679 692 3748 per
737 3657 1063 3728 stationes
1094 3658 1514 3737 discurrenS,
1554 3663 1641 3728 20
1675 3657 2011 3728 Homilias
2043 3658 2392 3758 Evangelii
2429 3657 2702 3725 diverso

143 3757 453 3836 tempore
520 3767 752 3816 coram
804 3747 1060 3837 populo
1108 3747 1539 3817 declamavit.
1616 3747 1943 3834 Reliquas
1991 3769 2148 3816 vero
2194 3746 2508 3837 ejusdem
2563 3767 2697 3813 nu-

141 3836 317 3905 meri
370 3834 651 3905 dictavit
707 3835 1015 3922 quidem,
1080 3836 1200 3905 sed
1256 3836 1669 3906 lassescente
1722 3835 2101 3916 stomacho,
2159 3835 2490 3926 languore
2541 3854 2705 3902 con-

146 3924 374 4004 tinuo,
437 3924 557 3993 alii
607 3923 1069 4015 pronunciare
1117 3925 1452 4016 permisit.
1513 3929 1820 4007 Quarum
1884 3946 2072 3993 exem
2134 3923 2300 3993 laria
2381 3922 2700 3994 Secundo

147 4033 338 4083 servo
379 4012 488 4081 Dei
536 4013 786 4103 petenti
829 4014 1203 4084 mandavit.
1267 4017 1573 4100 Cumque
1622 4037 1662 4083 a
1713 4012 1860 4083 suis
1908 4013 2070 4081 fami
2111 4013 2396 4093 iaribu3,
2449 4023 2528 4081 ut
2576 4010 2704 4080 ali-

146 4122 281 4189 qua
330 4101 417 4170 de
468 4102 826 4172 miraculis
875 4108 1152 4173 Patrum
1192 4103 1632 4184 describeret,
1689 4102 2059 4203 Gregorius
2107 4103 2379 4171 enixius
2415 4121 2694 4192 rogare-

148 4201 303 4272 tur,
363 4191 778 4260 Maximiano
830 4196 871 4262 S
924 4213 1262 4262 racusano
1326 4192 1653 4282 episcopo
1702 4191 1999 4280 scripsit,
2054 4190 2338 4261 dicens:
2386 4195 2705 4259 (Fratres

150 4281 305 4362 mei,
358 4280 482 4367 qui
534 4302 807 4350 mecum
885 4279 1290 4350 amiliariter
1338 4282 1617 4367 vivunt,
1666 4280 2066 4350 omnimodo
2115 4303 2226 4351 me
2273 4278 2706 4370 compellunt

155 4366 376 4455 aliqua
425 4369 513 4438 de
562 4369 922 4440 miraculis
971 4376 1277 4451 Patrum,
1315 4391 1491 4456 quae
1540 4370 1606 4437 in
1659 4369 1856 4438 Italia
1890 4369 2067 4440 facta
2106 4369 2528 4448 audivimuS,
2570 4366 2703 4435 sub

152 4453 473 4530 brevitate
549 4457 960 4528 describere.
1048 4457 1140 4527 Ad
1210 4480 1419 4546 quarn
1491 4480 1634 4528 rem
1712 4458 1953 4528 solatio
2013 4469 2275 4529 vestrae
2345 4453 2704 4527 charitatis
