3327 4999
660 315 790 380 336
1292 331 1371 376 mi
1420 331 1476 377 s,
1532 261 1885 378 namneum
1939 327 2166 378 conon.
2219 326 2422 376 EPISC.
2746 308 2994 374 MART.
3055 308 3137 372 16

665 421 702 504 ξ
771 420 941 488 32.
996 415 1237 485 Obitus
1275 414 1456 483 beati
1503 414 1633 482 viri
1683 414 1830 484 dies
1865 414 2161 485 instabat
2189 414 2609 494 tricesimus,
2651 423 2714 481 et
2742 410 3144 503 praedictus

581 504 986 575 monasterii
1040 514 1235 592 pater
1281 503 1369 570 ad
1419 502 1740 572 eumdem
1792 501 1974 572 diem
2029 503 2347 594 copiosas
2392 500 2819 592 pauperibus
2866 499 3148 588 impen-

580 617 692 663 sas
744 591 1233 683 praeparabat.
1288 593 1656 680 Oportebat
1705 604 1934 659 autern
1985 591 2182 660 illum
2235 605 2514 680 propter
2561 591 2922 689 hocipsum
2957 587 3150 656 exire

577 681 663 749 ad
728 680 1119 767 quamdam
1189 700 1355 746 suae
1415 679 1517 746 vel
1586 679 2101 748 Ecclesiasticae
2167 678 2623 768 possessionis
2669 676 2905 745 villam
2962 697 3148 762 quae

573 769 786 839 ferme
835 768 1081 837 decem
1136 766 1558 836 milliaribus
1606 790 1647 836 a
1697 768 2112 837 monasterio
2163 767 2400 856 procul
2463 766 2718 845 aberat,
2771 765 2895 833 ubi
2960 785 3148 850 quae

581 857 969 925 necessaria
1002 866 1201 923 erant
1233 854 1465 923 futuro
1496 854 1657 931 diei,
1701 877 2110 945 praeparare
2140 876 2466 944 praesens
2495 854 2643 944 ipse
2691 865 3148 944 properanter

575 944 812 1034 jussit.
853 949 994 1012 Hoc
1045 941 1244 1024 facto,
1303 964 1541 1011 navem
1584 944 2079 1023 conscendens,
2117 942 2437 1011 velociter
2465 965 2587 1033 per
2615 941 2888 1011 alveum
2917 939 3148 1009 Rheni

580 1032 668 1102 ad
723 1030 1223 1101 monasterium
1292 1031 1781 1100 revertebatur.
1833 1032 1995 1100 Jam
2047 1032 2216 1100 hora
2275 1034 2459 1101 sexta
2519 1030 2893 1100 rooabatur
2940 1050 2982 1096 a
3030 1050 3148 1096 co-

580 1119 903 1200 mitibus,
945 1132 1018 1187 ut
1053 1119 1459 1208 pranderet:
1513 1120 1846 1205 quoniam
1894 1131 1960 1188 et
2017 1120 2189 1207 ipsis
2235 1119 2329 1187 ita
2365 1086 2762 1207 jucundum
2816 1117 2901 1185 de
2950 1138 3148 1185 more

578 1220 744 1288 erat,
804 1220 870 1277 et
919 1208 1088 1276 hora
1135 1208 1302 1276 satis
1348 1220 1740 1296 opportuna
1787 1208 2291 1279 commonebat.
2328 1212 2482 1296 Ipse
2523 1227 2798 1293 quoque
2835 1226 2974 1273 non
3024 1205 3150 1273 ab·

581 1318 828 1375 nuens,
879 1296 1095 1364 immo
1145 1307 1323 1363 etex
1373 1296 1704 1364 charitate
1746 1295 2092 1382 juventuti
2141 1295 2508 1364 famulanti
2548 1293 3141 1373 condescendenS,

578 1383 940 1474 praemisit
971 1405 1148 1483 opus
1200 1383 1339 1464 Dei,
1393 1395 1794 1469 sextamque
1827 1383 2068 1452 horam
2118 1384 2202 1452 de
2244 1404 2455 1463 more,
2511 1405 2669 1451 cum
2696 1381 2972 1449 duobus
3019 1381 3148 1467 qui

582 1471 914 1557 obsequio
966 1492 1118 1557 ejus
1166 1471 1452 1540 aderant
1506 1471 1862 1551 fratribuS‚
1920 1493 2165 1540 canere
2230 1471 2507 1571 incepit.
2554 1475 2631 1538 At
2674 1469 2799 1539 ubi
2858 1481 3148 1539 ventum

579 1572 682 1630 est
728 1560 812 1628 ad
866 1559 1271 1638 lectionem,
1335 1580 1546 1646 quam
1610 1581 1741 1630 nos
1809 1559 2224 1649 Capitulum,
2272 1560 2613 1627 dicimus:
2681 1557 2850 1627 haec
2909 1569 3145 1626 autem

579 1659 746 1728 erat,
789 1648 1101 1718 Christus
1158 1669 1517 1736 resno-qens
1573 1671 1663 1715 eoe
1721 1650 2027 1727 mortui&
2051 1650 2205 1737 jam
2238 1670 2367 1716 non
2412 1648 2745 1715 moritur:
2804 1656 2984 1714 mors
3033 1647 3156 1713 illi

579 1739 772 1805 ultra
800 1759 932 1803 non
964 1736 1424 1804 dominabitur
1446 1760 1469 1803 .·
1507 1737 1685 1825 quod
1715 1739 1892 1803 enim
1930 1746 2234 1804 mortuus
2266 1746 2360 1803 est
2400 1746 2521 1803 etc.
2559 1733 3150 1823 respondentibus

582 1823 744 1902 illis,
791 1828 925 1892 Deo
961 1823 1260 1913 gratias:
1314 1823 1644 1892 continuo
1685 1824 2007 1914 spiritum
2044 1823 2407 1912 exhalavit.
2447 1823 2555 1890 Sic
2582 1821 2697 1890 ille
2727 1820 3152 1892 venerabilis

580 1924 775 2002 pater
824 1911 944 1997 qui
994 1932 1182 1979 nunc
1232 1911 1457 1978 taliter
1489 1911 1919 1992 discesserat,
1959 1932 2193 1980 revera
2239 1911 2527 1980 feliciter
2555 1910 2639 1978 ad
2676 1922 2994 1979 aeternae
3043 1909 3150 1978 vi-

582 2013 687 2070 tae
739 1998 1118 2089 prandium
1186 2020 1607 2085 coenamque
1677 1999 2213 2069 immortalitatis
2274 1999 2600 2067 invitatus
2668 2008 3143 2088 processerat,

582 2109 820 2156 veram
875 2087 1209 2156 visionem
1266 2108 1505 2166 suam,
1558 2109 1798 2156 verum
1865 2087 2225 2156 oraculum
2277 2087 2489 2167 illius,
2543 2084 2730 2155 exitu
2777 2107 2904 2155 suo
2952 2108 3150 2155 com-

581 2176 883 2265 probans
931 2175 1052 2261 qui
1109 2175 1372 2244 dixerat
1421 2174 1557 2256 illi,
1615 2176 1792 2257 Quia
1837 2176 1949 2244 die
1996 2176 2225 2245 obitus
2275 2175 2411 2244 mei
2461 2174 2806 2244 tricesimo
2857 2195 3140 2243 mecum

580 2286 651 2333 es
702 2286 1113 2353 pransurus.
2287 2293 2294 2299 ·

669 2354 704 2438 ξ
770 2356 934 2421 33.
989 2351 1295 2421 Allatum
1351 2350 1581 2436 itaque
1612 2350 1920 2420 defuncti
1969 2373 2244 2440 corpuS‚
2281 2372 2489 2441 prope
2523 2349 2928 2440 sepulcrum
2957 2349 3150 2438 ejus-

581 2438 738 2508 dem
788 2439 961 2508 vatis
994 2439 1129 2520 sui,
1170 2438 1486 2509 videlicet
1533 2439 2140 2530 sanctipraesuliS,
2179 2461 2338 2508 cuni
2375 2439 2648 2508 libitina
2676 2438 2710 2472 '⁴²
2736 2437 3142 2527 depositum

580 2540 704 2597 est.
746 2533 913 2596 Ecce
943 2540 1172 2597 autem
1208 2529 1388 2596 inter
1425 2528 1869 2614 exequiarum
1922 2528 2192 2617 vigilias
2245 2550 2380 2618 pau
2434 2550 2507 2596 er
2553 2527 2864 2614 quidam,
2919 2548 2962 2594 a
3012 2547 3139 2594 cu-

583 2616 862 2686 nabulis
909 2629 1325 2697 contractus,
1363 2638 1571 2702 quem
1619 2616 1800 2684 idem
1854 2630 2135 2686 sanctus
2183 2616 2372 2704 ponti
2406 2638 2508 2696 ex,
2562 2617 2731 2683 dum
2774 2614 3009 2684 adhuc
3044 2614 3143 2681 vi-

584 2715 789 2784 veret,
837 2703 1084 2783 alebat,
1123 2704 1303 2773 inter
1351 2704 1749 2792 sepulcrum
1799 2704 2019 2773 sancti
2067 2716 2132 2773 et
2178 2705 2390 2794 liujus
2437 2703 2748 2774 defuncti
2806 2701 3143 2771 feretrum

584 2793 802 2862 trist-is
852 2805 1305 2882 prorepserat,
1359 2806 1425 2861 et
1470 2793 1648 2860 inter
1694 2792 1870 2860 duos
1919 2804 2247 2872 mortum,
2301 2815 2467 2862 suae
2515 2791 2744 2882 inopis
2805 2791 2976 2859 vitae
3018 2811 3146 2880 pa-

587 2893 841 2960 tronOS‚
876 2880 1143 2967 jacens,
1183 2892 1317 2949 tota
1368 2892 1561 2949 nocte
1609 2901 1682 2948 se
1716 2880 1856 2948 illis
1903 2881 2340 2970 superstitem
2374 2903 2522 2950 esse
2569 2878 3000 2969 deplorabat.
3036 2877 3151 2946 vi-

585 2968 840 3038 derunt
888 2968 1088 3038 illum
1138 2968 1260 3054 qui
1308 2990 1540 3037 coram
1593 2974 1727 3037 Deo
1777 2967 2118 3048 vivebant,
2158 2981 2224 3037 et
2270 2969 2505 3037 eadem
2558 2967 2949 3046 clementia,
3005 2989 3151 3053 qua

580 3057 889 3125 viventes
939 3057 1009 3124 in
1059 3078 1265 3124 carne
1321 3055 1688 3125 victualem
1739 3055 1842 3124 illi
1891 3057 2308 3145 praebebant
2356 3057 2785 3132 alimoniam,
2830 3055 3152 3124 defuncti

583 3145 792 3214 iidem
846 3143 1237 3213 mirabilem
1290 3145 1499 3212 totius
1529 3144 1837 3233 corporis
1884 3144 2034 3233 ejus
2086 3144 2346 3233 operati
2386 3157 2550 3213 sunt
2600 3144 2970 3213 medelam.
3027 3148 3154 3212 De—

583 3233 794 3318 nique
843 3233 1027 3301 circa
1076 3232 1253 3299 lucis
1300 3243 1607 3300 exortum
1643 3285 1663 3311 ,
1729 3232 2102 3301 matutinos
2150 3231 2483 3301 fratribus
2532 3232 2831 3320 hymnos
2881 3232 3152 3322 persol-

585 3321 927 3397 ventibus,
986 3331 1263 3408 repente
1312 3319 1371 3387 is
1419 3320 1540 3405 qui
1587 3331 1982 3389 contractus
2021 3320 2370 3408 jacuerat,
2431 3319 2872 3390 veliementer
2916 3320 3153 3390 excla-

585 3409 823 3487 mavit,
882 3407 1063 3475 velut
1110 3407 1197 3475 ad
1262 3406 1814 3477 succurrendum
1884 3408 2057 3489 sibi,
2119 3408 2434 3477 videlicet
2490 3407 2742 3478 virtute
2809 3407 3152 3477 invisibili

586 3517 996 3575 concussuS,
1043 3494 1407 3580 nervisque
1464 3494 1706 3564 solutis
1755 3494 1821 3563 in
1876 3495 2163 3588 longum
2222 3509 2566 3567 extensus.
2608 3502 2755 3578 Quo
2803 3497 2957 3586 ejus
3006 3496 3152 3566 cla-

588 3605 778 3653 more
811 3584 1072 3662 audit0,
1115 3582 1437 3652 nonnulli
1471 3605 1550 3652 ex
1600 3583 1929 3654 fratribus
1977 3585 2281 3655 seniores
2332 3597 2734 3665 accurrunt,
2777 3584 3150 3671 videntque

590 3672 790 3740 illum
825 3682 1183 3740 extensum
1224 3671 1480 3760 jacere,
1517 3671 1883 3759 rivumque
1912 3674 2062 3743 tetri
2091 3671 2457 3763 sanguinis
2489 3695 2612 3763 per
2642 3673 3145 3763 pavimentum.

586 3759 805 3828 Allata
856 3759 1173 3848 protinus
1220 3762 1427 3845 aqua,
1466 3758 1887 3830 refocillatus
1919 3775 2042 3840 est,
2084 3774 2149 3830 et
2178 3772 2331 3850 post
2371 3761 2708 3850 pusillum
2741 3783 2959 3830 sanus
2994 3783 3154 3831 sur-

588 3847 784 3926 rexit,
826 3869 906 3915 ac
956 3849 1337 3936 permansit
1370 3848 1767 3917 incolumis,
1804 3850 2027 3939 Hujus
2060 3871 2237 3938 opus
2278 3849 2548 3919 virtutis
2575 3862 2755 3918 recte
2781 3850 3154 3936 utriusque

588 3935 839 4004 ascribi
889 3934 1090 4004 debet
1130 3935 1416 4007 meritis.
1476 3941 1828 4006 Caeterum
1881 3959 1923 4005 a
1971 3937 2151 4006 beati
2200 3938 2542 4028 praesulis
2594 3938 2915 4018 transitu,
2969 3938 3153 4008 intra

590 4044 972 4112 paucorum
1023 4023 1292 4092 dierum
1323 4023 1684 4105 decursus,
1739 4025 1867 4092 viri
1917 4025 2173 4114 pariter
2224 4038 2289 4095 et
2338 4026 2664 4094 mulieres
2710 4025 2928 4094 ferme
2976 4049 3156 4113 qua-

589 4109 1222 4200 dragintaquinque
1256 4111 1546 4181 diversis
1595 4112 2058 4181 incommodis
2084 4114 2355 4184 liberati
2390 4125 2554 4183 sunt
2601 4114 2688 4183 ad
2740 4114 3154 4204 sepulcrum

594 4198 748 4288 ejus
783 4198 1190 4290 gloriosum,
1245 4200 1610 4270 laudantes
1643 4221 1895 4270 nomen
1947 4201 2219 4271 Domini
2266 4202 2484 4271 nostri
2529 4207 2698 4273 Jesu
2745 4202 3023 4274 Christi.

638 4360 665 4387 ¹⁸
693 4358 885 4403 Latona
912 4362 1120 4413 mythic·
1147 4363 1268 4405 Diva
1294 4363 1530 4414 sepulcris
1558 4364 1847 4414 praesidens.
1882 4364 2082 4407 Ponitur
2107 4363 2185 4407 hio
2213 4374 2299 4417 pro
2327 4363 2519 4414 feretro,
2539 4365 2642 4408 sive
2671 4364 2842 4407 lectio·
2870 4367 3160 4409 mortuaria.
