3327 4999
653 299 779 364 744
1350 316 1429 363 m:
1476 315 1565 363 ss.
1622 314 1790 364 mnu
1839 315 1915 363 Er
1962 312 2162 364 socus
2207 313 2321 362 ss.
2644 293 2750 359 Ex
2801 293 2978 361 DEC.
3043 294 3140 359 to

565 402 686 490 qui
734 422 859 471 nos
906 400 1222 481 oderunt,
1278 399 1539 490 pudore
1586 400 1899 470 affecisti.
1954 398 2296 491 Aperuisti
2359 398 2428 467 in
2482 396 2828 488 parabolis
2863 419 2942 469 os
2990 421 3136 469 uo-

565 502 810 571 strum‚
868 502 934 560 et
980 489 1189 560 locuti
1238 510 1482 560 sumus
1532 488 2036 578 propositiones
2085 488 2171 557 ab
2222 485 2492 556 initio.»

653 581 690 667 ξ
736 584 870 652 11.
923 578 1310 654 Praefectus
1355 589 1585 648 autem
1637 589 1988 667 reputans,
2044 588 2384 664 quantum
2418 597 2498 645 ex
2547 575 2775 665 prima
2823 575 3126 663 quidem

564 668 983 758 experientia
1040 689 1200 736 eum
1270 665 1797 737 condemnasset
1871 665 2133 746 civitaS,
2192 676 2528 752 quantum
2597 686 2754 734 vero
2817 666 2907 734 sit
2955 687 3130 736 eum

564 757 770 827 etiam
817 755 1406 825 condemnaturus
1481 759 1883 844 Imperator,
1936 776 2096 823 cum
2147 753 2509 843 acceperit,
2563 764 2629 821 et
2676 774 2812 823 non
2871 776 3136 843 parum

566 867 636 915 se
685 844 1057 925 afflictans,
1138 843 1639 933 propemodum
1691 843 1823 934 sibi
1878 842 2223 913 indicebat
2270 840 2599 910 inediam.
2665 846 2835 911 Cum
2888 856 3132 912 tamen

567 932 749 1024 apud
804 953 875 1002 se
907 932 1234 1022 cogitaret
1282 932 1551 1001 somnia
1604 944 1672 1000 et
1717 942 1852 1002 tota
1902 943 2096 1000 nocte
2155 951 2234 998 ea
2285 942 2512 999 mente
2559 942 2882 1012 versaret,
2934 946 3132 1021 post-

566 1042 776 1109 quam
808 1019 1057 1101 illuxit,
1112 1019 1377 1091 audivit
1416 1042 1573 1089 vero
1620 1030 2112 1111 congregatum
2166 1040 2410 1089 rursus
2460 1040 2608 1089 esse
2646 1018 3016 1101 theatrum,
3057 1034 3130 1091 et

571 1111 961 1180 hesternam
1012 1131 1339 1200 superare
1386 1108 1750 1179 hominum
1811 1107 2268 1195 frequentiam
2316 1106 2659 1177 desiderio
2721 1111 3132 1182 communis

571 1199 638 1268 in
690 1196 983 1268 dicendo
1041 1198 1541 1278 contentioniS,
1609 1211 1674 1267 et
1732 1197 2025 1267 athletae
2074 1195 2619 1287 probabilitatis,
2689 1195 3128 1284 reliquarum

571 1309 804 1357 rerum
852 1307 1092 1356 curam
1134 1285 1375 1356 dicens
1419 1308 1566 1356 esse
1608 1285 2179 1375 posthabendam,
2233 1283 2411 1354 sedit
2460 1285 2529 1352 in
2573 1284 2933 1366 tribunali:
2985 1287 3131 1356 cir-

568 1374 1068 1447 cumsistebant
1114 1396 1353 1445 omnes
1383 1373 1709 1446 satellites
1743 1374 2034 1454 attoniti,
2070 1386 2134 1443 et
2182 1371 2679 1463 subjiciebatur
2707 1375 2868 1465 ,eJus
2897 1375 3134 1447 oculis

566 1463 917 1553 quodlibet
967 1463 1504 1533 instrumentum
1522 1462 1797 1534 factum
1828 1463 1914 1532 ad
1957 1461 2374 1549 torquendos
2427 1462 2742 1533 homines
2767 1463 2894 1552 (ita
2927 1465 3128 1533 enim

560 1553 867 1642 jusserat
913 1556 1399 1642 Hermogenes,
1439 1562 1515 1621 ut
1561 1562 1820 1620 metum
1872 1551 2142 1621 afferret
2190 1550 2526 1639 martyri).
2562 1555 2931 1638 Postquam
2957 1574 3132 1644 ergo

572 1643 741 1710 haec
774 1639 951 1711 facta
996 1653 1162 1718 sunt
1192 1652 1257 1711 et
1303 1639 1739 1710 introductus
1786 1652 1887 1709 est
1935 1650 2216 1709 sanctus
2272 1638 2543 1708 vinctus
2583 1638 2897 1721 funibuS,
2952 1640 3134 1711 dicit

573 1728 984 1799 Praefectus:
1020 1729 1186 1798 «Dic
1236 1728 1406 1796 mihi
1457 1739 1531 1798 tu
1590 1727 2009 1798 execrande:
2064 1734 2376 1810 Quanam
2421 1727 2698 1798 fortuna
2745 1727 2986 1810 fretuS,
3048 1752 3131 1801 eo

574 1817 965 1909 processisti
1014 1817 1366 1898 audaciae,
1423 1815 1804 1910 utgpopulo
1852 1817 2131 1904 quidem
2185 1815 2663 1907 persuaderes,
2717 1828 2793 1886 ut
2840 1839 2881 1886 a
2933 1829 3129 1908 pote-

576 1917 745 1978 state
791 1905 1109 1976 deficeret
1175 1905 1662 1996 Imperatoris:
1719 1905 2160 1996 impudenter
2206 1916 2438 1975 autem
2487 1904 2623 1977 diis
2682 1903 3123 1987 detraheret,

573 2006 875 2065 ettuam
924 2005 1179 2064 teneret
1227 1995 1682 2076 sententiam,
1736 2005 1801 2064 et
1850 1994 1949 2063 sic
1998 2005 2276 2083 repente
2326 2005 2481 2064 tuae
2530 1994 2809 2084 linguae
2869 1996 3130 2066 menti·

572 2105 707 2171 que
745 2082 1283 2153 adhaeresceret:
1335 2094 1401 2152 et
1447 2083 1803 2154 convictus
1851 2105 1923 2154 es
1986 2081 2301 2152 criminis
2361 2083 2764 2174 peregrinae
2810 2105 2851 2152 a
2899 2096 2965 2153 te
3013 2084 3132 2153 in-

577 2171 927 2242 troductae
976 2170 1330 2271 religionis
1377 2182 1441 2239 et
1500 2171 1850 2240 affectatae
1879 2170 2312 2259 tyrannidis?
2343 2193 2378 2237 »
2428 2170 2521 2240 Ad
2576 2171 3122 2242 haec'sanctus:

578 2259 815 2342 «Quod
868 2259 1303 2348 tyrannidem
1353 2258 1660 2345 quidem,
1693 2259 1940 2346 inquit,
1994 2281 2126 2328 non
2165 2259 2499 2341 affectem,
2538 2259 2937 2331 moderatus
2977 2261 3120 2341 hic,

576 2349 647 2416 in
696 2369 834 2435 quo
874 2368 982 2416 me
1031 2346 1389 2428 invenisti„
1431 2346 1711 2418 habitus
1758 2359 1915 2416 ante
1965 2369 2072 2416 me
2108 2369 2229 2437 pro
2294 2368 2400 2415 me
2448 2347 2827 2436 respondit.
2895 2353 3131 2439 Popu-

576 2437 721 2507 lum
773 2456 930 2506 vero
988 2455 1122 2506 non
1176 2435 1324 2525 ipse
1373 2435 1686 2525 persuasi
1735 2435 2049 2517 deficere,
2119 2435 2237 2506 sed
2286 2434 2473 2505 zelus
2522 2435 2637 2504 Dei
2687 2436 2809 2524 qui
2862 2458 2983 2527 per
3021 2438 3132 2507 'si-

627 2546 713 2593 na
758 2524 845 2600 ab
884 2524 983 2595 eis
1031 2524 1489 2615 fuitagnituS.
1547 2529 1637 2594 De
1690 2525 1825 2594 tuis
1865 2535 2093 2595 autem
2143 2537 2209 2594 et
2267 2525 2710 2624 Imperatoris
2758 2524 2893 2594 diis
2946 2526 3132 2596 male

574 2548 740 2695 ffixi,
784 2612 964 2700 quod
1015 2624 1279 2704 oportet
1317 2634 1592 2693 omnem
1643 2612 2019 2694 hominem,
2058 2635 2218 2683 cum
2273 2624 2532 2681 ratione
2579 2625 2645 2683 et
2672 2613 2946 2703 judicio
2985 2612 3119 2684 fal-

576 2724 730 2771 sum
798 2701 1368 2791 deprehenderit,
1422 2702 1656 2791 ipsum
1691 2701 1970 2788 quidem
2006 2701 2330 2782 execrari,
2385 2700 2672 2770 adorare
2721 2714 2953 2773 autem
3006 2726 3119 2772 ve-

579 2790 870 2860 ritatem.
926 2790 1184 2860 Veritas
1241 2811 1420 2870 vero,
1474 2812 1514 2859 o
1562 2789 1947 2870 Praefecte,
2002 2790 2186 2879 apud
2249 2789 2605 2870 homineS,
2660 2790 2746 2860 de
2793 2812 2934 2878 qua
2983 2813 3123 2860 non

575 2891 679 2948 est
724 2877 1214 2958 dubitandum,
1268 2890 1370 2947 est
1418 2878 1565 2967 ipse
1615 2878 1999 2948 Christus.»

664 2969 700 3053 ξ
774 2972 924 3038 12.
962 2966 1347 3036 Praefectus
1395 2988 1552 3034 ver-o
1600 2965 1807 3035 dixit:
1846 2971 2029 3035 «Hoc
2089 2966 2211 3035 tibi
2259 2966 2348 3035 ita
2400 2965 2689 3047 videtur,
2722 2989 2762 3035 o
2808 2966 3121 3038 demens.

576 3055 769 3138 Quod
818 3054 1005 3123 enim
1068 3075 1203 3123 non
1254 3066 1519 3144 oportet
1582 3055 1805 3123 colere
1850 3067 1915 3124 et
1962 3054 2249 3124 adorare
2312 3053 2756 3136 crucifixum,
2810 3069 2875 3126 et
2935 3056 3124 3143 quod

576 3165 802 3235 nugae
849 3155 1045 3211 erant
1111 3154 1176 3211 et
1223 3142 1465 3213 inanes
1515 3164 1908 3223 sermoneS‚
1983 3165 2463 3231 quaecumque
2512 3165 2552 3211 a
2615 3155 2676 3213 te
2742 3144 2883 3213 beri
2938 3145 3122 3215 dicta

576 3244 760 3314 sunt,
813 3252 892 3300 ex
933 3231 1061 3301 hoc
1112 3231 1389 3321 patebit.
1428 3231 1717 3313 Quando
1754 3232 1965 3313 enim,
1997 3255 2158 3302 cum
2190 3255 2316 3333 ego
2346 3231 2626 3319 aliquod
2670 3244 2868 3303 tuum
2906 3255 3128 3304 mem-

577 3322 781 3391 brum
830 3341 1184 3402 execuero,
1238 3331 1357 3390 aut
1389 3341 1735 3403 exussero,
1793 3332 1863 3391 tu
1910 3321 2032 3408 qui
2092 3322 2437 3391 Christum
2486 3320 2757 3403 adoras,
2823 3343 2959 3390 non
3007 3345 3128 3412 po-

580 3409 791 3480 tueris
840 3408 905 3479 id
960 3409 1338 3491 restituere,
1377 3408 1724 3511 quomodo
1772 3410 1940 3479 haec
1976 3408 2166 3480 visus
2213 3409 2425 3479 fueris
2478 3409 2635 3480 aliis
2684 3431 2756 3479 re
2801 3432 2961 3479 vera
3012 3411 3126 3481 de·

576 3500 783 3579 disse,
820 3520 999 3587 quae
1048 3520 1181 3568 non
1234 3499 1516 3588 potuisti
1551 3498 1812 3588 tibiipsi
1845 3497 2156 3589 largiri?»
2190 3497 2281 3567 Ad
2315 3498 2443 3568 hoc
2483 3498 2731 3569 annuit
2760 3500 3126 3570 universus

578 3587 901 3679 populus.
957 3592 1248 3657 Sanctus
1281 3609 1436 3658 vero
1462 3587 1656 3656 dixit:
1703 3590 1940 3676 «Opto,
1994 3610 2033 3656 o
2065 3586 2425 3669 Praefecte‚
2475 3598 2548 3657 ut
2577 3600 2648 3657 tu
2684 3587 2751 3656 in
2791 3610 2902 3659 me
2936 3588 3126 3658 Chri-

580 3677 662 3747 sti
716 3676 930 3747 facias
991 3676 1402 3766 periculum.
1469 3676 1751 3745 Confido
1798 3676 1982 3744 enim
2036 3675 2199 3757 fore,
2261 3687 2337 3746 ut
2402 3679 2481 3745 eil
2541 3675 2855 3766 deposita
2912 3699 3122 3764 quam

576 3786 764 3835 nunc
814 3764 1163 3845 sustines,
1215 3765 1595 3854 dignitate,
1674 3765 1822 3853 ipse
1888 3785 2165 3851 quoque
2229 3769 2537 3834 cernaris
2603 3787 2791 3834 unus
2850 3786 2932 3834 ex
2993 3766 3118 3847 iis,

573 3853 830 3940 quibus
880 3853 1188 3922 Christus
1237 3852 1601 3942 imperat.»
1623 3852 2012 3923 Praefectus
2060 3853 2288 3940 itaque
2317 3865 2382 3922 et
2431 3874 2630 3923 suam
2665 3853 2900 3924 volens
2950 3854 3122 3924 iram

574 3940 842 4012 ulcisci:
897 3962 1185 4031 sperans
1215 3952 1445 4011 autem
1494 3940 1658 4023 fore,
1698 3952 1775 4011 ut
1809 3951 2086 4031 propter
2131 3963 2208 4010 ea
2240 3963 2417 4028 quae
2464 3941 2751 4021 dixerat,
2807 3954 3120 4013 sanctum

575 4031 646 4099 in
693 4029 1022 4100 omnibus
1097 4029 1554 4109 convinceret,
1616 4031 1817 4120 jubet
1862 4050 2221 4098 carnosam
2277 4029 2468 4099 illam
2536 4042 2798 4119 partem
2851 4028 3123 4120 plantae

574 4117 856 4209 pedum,
918 4139 1126 4207 super
1191 4140 1399 4205 quam
1452 4119 1784 4189 collocata
1829 4129 1930 4190 est
1977 4131 2269 4205 utraque
2340 4117 2568 4199 basiS,
2621 4117 2876 4208 gladiis
2925 4140 3119 4189 exco-

575 4206 741 4276 riari
789 4217 855 4275 et
924 4206 1021 4277 sic
1089 4205 1459 4278 denudatis
1518 4207 1840 4289 ossibus,
1913 4217 2092 4276 stare
2139 4209 2369 4296 ipsum
2421 4207 2508 4276 ad
2571 4216 2807 4297 rogata
2855 4206 2941 4276 de
2992 4208 3122 4277 diis

575 4295 638 4364 ei
690 4294 1159 4385 proponenda:
1214 4307 1291 4365 ut
1340 4296 1440 4366 sic
1491 4296 1788 4365 maxime
1847 4296 2161 4365 laborum
2219 4294 2677 4382 dolorumque
2751 4295 3120 4366 acerbitate

578 4383 985 4473 perculsuS‚
1059 4383 1145 4453 ad
1196 4383 1427 4454 danda
1488 4406 1818 4474 responsa
1890 4396 1955 4453 et
2012 4383 2371 4455 solvendas
2435 4384 2872 4472 quaestiones
2921 4384 3116 4455 facile
