3327 4999
645 309 778 372 420
1402 324 1482 370 nn
1529 325 1586 370 s.
1639 316 1985 371 annnmcro
2031 323 2275 370 Anaua
2726 303 2974 369 MART.
3029 304 3103 368 2⁴

557 409 881 498 expansis
913 407 1065 486 alis,
1107 406 1293 476 circa
1320 405 1643 475 eumdem
1676 428 1920 495 panem
1952 406 2175 496 coepit
2204 406 2617 487 discurrere,
2654 405 3009 486 crocitare,
3035 427 3117 473 ac

565 498 626 566 si
674 508 906 586 aperte
952 495 1228 574 diceret,
1265 505 1331 561 et
1359 493 1637 562 obedire
1689 515 1761 563 se
1808 494 2002 574 velle,
2049 507 2116 563 et
2163 507 2390 563 tamen
2423 494 2624 584 jussa
2655 493 2944 584 implere
2974 514 3117 562 non

563 605 791 675 posse.
827 583 950 651 Cui
996 581 1101 649 vir
1147 581 1419 649 Domini
1476 580 1959 670 praecipiebat.
1993 582 2245 651 iterum
2299 593 2501 667 atque
2543 582 2790 650 iterum
2836 582 3104 652 dicens:

563 695 599 738 «
630 677 802 740 Leva
852 669 998 737 leva
1055 689 1365 747 securu5‚
1419 683 1625 754 atque
1658 668 1753 736 ibi
1788 669 2067 759 projice,
2120 668 2243 738 ubi
2283 669 2580 738 inveniri
2615 690 2751 737 non
2789 669 3029 768 possit.
3069 692 3105 735 »

562 764 776 841 Quem
805 756 928 826 diu
954 756 1373 837 demoratuS,
1411 756 1829 842 quandoque
1867 778 2113 826 corvus
2162 756 2555 837 momordit,
2593 756 2839 825 levavit
2885 769 2951 825 et
2998 777 3107 825 re-

563 846 791 915 cessit.
845 850 1001 915 Post
1048 844 1258 913 trium
1308 865 1465 911 vero
1498 844 1829 913 horarum
1879 845 2208 934 spatium,
2262 844 2526 934 abjecto
2557 865 2754 934 pane,
2788 843 3015 924 rediit,
3049 854 3116 912 et

560 933 646 1002 de
698 954 913 1001 manu
971 932 1274 1001 hominis
1323 931 1439 1000 Dei
1487 953 1862 1012 annonam,
1905 954 2112 1020 quam
2145 945 2614 1012 consueverat,
2666 932 2956 1020 accepit.
2996 936 3119 1000 Ve-

560 1019 892 1090 nerabilis
939 1031 1172 1088 autem
1222 1029 1416 1109 pater
1462 1031 1701 1088 contra
1747 1020 1952 1089 vitam
2005 1041 2204 1089 suam
2256 1019 2688 1088 inardescere
2731 1019 3109 1088 sacerdotis

562 1108 879 1178 animum
930 1107 1194 1187 videnS,
1248 1106 1351 1174 illi
1391 1106 1616 1197 magis
1661 1128 1874 1193 quam
1910 1107 2041 1177 sibi
2075 1107 2319 1176 doluit.
2361 1109 2484 1176 Sed
2524 1106 2919 1197 praedictus
2968 1107 3119 1176 Flo—

567 1196 838 1266 rentius
867 1248 882 1275 ,
937 1195 1100 1273 quia
1158 1194 1470 1282 magistri
1533 1216 1789 1284 corpus
1837 1217 2083 1263 necare
2129 1217 2267 1263 non
2317 1194 2539 1285 potuit
2568 1249 2583 1273 ,
2650 1216 2723 1263 se
2766 1193 2852 1263 ad
2894 1194 3119 1263 extin-

567 1282 882 1374 guendas
930 1281 1436 1371 discipulorum
1501 1282 1774 1351 animas
1821 1282 2170 1351 accendit:
2224 1282 2319 1350 ita
2361 1295 2439 1351 ut
2488 1284 2556 1351 in
2622 1281 2819 1351 horto
2872 1281 3111 1364 cellae,

564 1371 681 1440 cui
728 1369 1137 1440 Benedictus
1185 1369 1428 1449 inerat,
1481 1382 1639 1438 ante
1685 1391 1925 1438 eorum
1967 1369 2205 1439 oculos
2259 1370 2485 1438 nudas
2542 1381 2799 1458 septem
2845 1369 3119 1458 puellas

561 1459 883 1527 mitteret:
937 1477 1113 1542 quae
1157 1478 1390 1524 coram
1427 1457 1527 1525 eis
1576 1457 1708 1527 sibi
1760 1457 2053 1526 invicem
2102 1478 2356 1526 manus
2406 1457 2783 1537 tendentes,
2841 1468 2907 1525 et
2961 1457 3118 1526 diu-

565 1547 704 1614 tius
760 1544 1098 1620 ludentes,
1162 1543 1441 1612 illorum
1485 1556 1751 1613 mentes
1802 1544 1884 1613 ad
1922 1544 2430 1634 perversitatem
2466 1544 2781 1614 libidinis
2836 1544 3129 1612 inflam-

562 1643 854 1702 marent.
909 1631 1102 1713 Quod
1152 1630 1254 1699 vir
1301 1642 1583 1700 sanctus
1630 1631 1717 1700 de
1764 1631 1936 1700 cella
1965 1632 2424 1719 conspicienS,
2473 1632 2853 1721 lapsusque
2882 1632 3120 1700 adhuc

564 1719 1022 1791 tenerioribus
1069 1717 1437 1808 discipulis
1485 1719 2017 1807 pertimescenS,
2057 1719 2266 1805 idque
2319 1741 2443 1808 pro
2509 1741 2636 1788 sua
2693 1719 2909 1789 sollus
2962 1740 3122 1807 per-

562 1807 913 1877 secutione
961 1806 1112 1897 fieri
1170 1818 1614 1895 pertractans:
1684 1806 1985 1876 invidiae
2024 1807 2251 1876 locum
2285 1807 2495 1885 dedit,
2560 1819 2765 1892 atque
2809 1806 3111 1875 oratoria

563 1909 630 1965 et
677 1908 927 1963 cuncta
974 1915 1148 1979 quae
1190 1904 1687 1975 construxerat,
1727 1894 1859 1963 sub
1889 1894 2161 1964 statutis
2194 1894 2600 1984 praepositis
2632 1893 3122 1984 adjunctisque

564 1982 896 2051 fratribus
944 1981 1312 2061 ordinavit,
1363 1991 1431 2049 et
1477 1981 1721 2070 paucis
1752 2002 1985 2050 secum
2023 1983 2382 2050 monachis
2422 1980 2694 2062 ablatiS,
2751 1981 3120 2050 habitatio-

564 2092 721 2139 nem
777 2069 1066 2138 mutavit
1114 2068 1271 2136 loci.
1325 2073 1610 2155 Moxque
1656 2079 1735 2137 ut
1776 2069 1881 2137 vir
1928 2068 2043 2137 Dei
2090 2069 2241 2167 ejus
2287 2068 2447 2138 odia
2495 2068 3118 2138 humiliter-decli-

566 2157 800 2237 navit,
867 2157 1053 2225 hunc
1122 2155 1561 2244 omnipotens
1621 2160 1799 2225 Deus
1850 2156 2244 2225 terribiliter
2289 2156 2652 2256 percussit.
2720 2162 2889 2225 Nam
2949 2178 3117 2225 cum

565 2245 961 2335 praedictus
995 2243 1373 2333 presbyter,
1419 2255 1609 2312 stans
1641 2243 1712 2311 in
1750 2244 2023 2324 solario,
2063 2245 2503 2313 Benedictum
2557 2243 2956 2314 discessisse
3003 2265 3119 2312 co-

616 2343 924 2401 nosceret
951 2344 1016 2400 et
1043 2330 1397 2410 exultaret,
1438 2330 1854 2420 perdurante
1884 2331 2330 2409 immobiliter
2361 2343 2497 2399 tota
2543 2330 2794 2400 domus
2825 2330 3116 2409 fabrica,

561 2356 692 2489 {oc
742 2419 973 2509 ipsum
1024 2429 1318 2498 tantum,
1373 2418 1443 2485 in
1495 2440 1630 2504 quo
1681 2420 1926 2501 stabat,
1980 2419 2312 2487 solarium
2348 2418 2631 2499 cecidit,
2668 2429 2735 2487 et
2767 2418 3123 2487 Benedicti

565 2509 830 2577 hostem
881 2519 1242 2576 conterens
1288 2505 1601 2575 extinxit.
1650 2508 1844 2588 Quod
1896 2507 2023 2575 viri
2074 2507 2188 2576 Dei
2236 2507 2411 2576 disci
2464 2507 2651 2587 uluS,
2690 2512 2970 2575 Maurus
2999 2528 3123 2574 no-

563 2595 776 2676 mine,
822 2595 1050 2664 statim
1101 2593 1478 2662 venerabili
1530 2594 1708 2683 patri
1756 2595 2141 2674 BenedictO,
2180 2595 2301 2681 qui
2350 2617 2386 2663 a
2443 2595 2579 2663 huc
2610 2617 2650 2663 a
2680 2594 2829 2663 loco
2876 2592 3125 2662 eodem

564 2683 674 2751 vix
721 2683 959 2752 decem
1011 2680 1323 2749 millibus
1369 2682 1627 2762 aberat,
1683 2682 2069 2751 aestimavit
2099 2704 2249 2751 esse
2298 2682 2804 2762 nunciandum,
2841 2681 3114 2750 dicens:

564 2794 601 2836 «
638 2774 1014 2848 Revertere,
1067 2769 1234 2855 quia
1281 2768 1634 2857 presbyter
1679 2769 1800 2854 qui
1850 2779 1911 2838 te
1959 2770 2521 2859 persequebatur,
2556 2770 2896 2838 extinctus
2943 2780 3123 2838 est.»

564 2858 759 2939 Quod
808 2859 913 2925 vir
959 2855 1076 2924 Dei
1121 2855 1530 2926 Benedictus
1563 2856 1878 2937 audiens,
1932 2878 2082 2925 sese
2130 2857 2202 2925 in
2251 2856 2580 2945 gravibus
2632 2853 2954 2925 lamentis
3004 2855 3125 2925 de-

565 2944 705 3012 dit:
759 2944 861 3012 vel
920 2942 1082 3028 quia
1132 2942 1461 3011 inimicus
1509 2942 1857 3023 occubuit,
1915 2944 2013 3012 vel
2062 2943 2230 3031 quia
2276 2943 2361 3012 de
2425 2943 2693 3012 inimici
2750 2957 2971 3013 morte
3017 2942 3127 3012 di—

566 3030 882 3120 scipulus
928 3028 1274 3098 exultavit.
1330 3034 1477 3111 Qua
1524 3031 1607 3099 de
1656 3052 1730 3099 re
1777 3030 2030 3100 facturn
2080 3040 2205 3111 est,
2259 3043 2337 3099 ut
2396 3029 2620 3098 eidem
2670 3052 2949 3117 quoque
3004 3029 3115 3099 di-

565 3118 830 3218 scipulo
880 3116 1369 3217 poenitentiam
1419 3117 1773 3203 indiceret,
1827 3118 2007 3206 quod
2058 3116 2400 3187 mandans
2458 3117 2642 3199 talia,
2696 3118 3003 3207 gaudere
3032 3117 3122 3187 de

567 3206 843 3274 mimici
892 3205 1177 3273 interitu
1223 3206 1825 3295 praesumpsisset.

658 3295 696 3379 ξ
743 3299 893 3366 1⁷1.
954 3292 1124 3359 Mira
1170 3292 1338 3361 haec
1384 3304 1549 3361 sunt
1595 3303 1660 3361 et
1708 3292 2010 3361 multum
2060 3293 2428 3381 stupenda.
2484 3298 2650 3361 Nam
2694 3291 2763 3360 in
2813 3312 2998 3378 aqua
3042 3314 3125 3360 ex

568 3391 765 3471 petra
810 3379 1172 3470 producta,
1232 3385 1533 3468 Moysen:
1590 3380 1662 3448 in
1713 3378 1891 3449 ferro
1938 3401 2120 3459 vero,
2173 3380 2358 3466 quod
2390 3402 2470 3448 ex
2511 3378 2856 3470 profundo
2905 3400 3129 3466 aquae

564 3467 792 3549 rediit,
845 3467 1230 3536 Elisaeum:
1283 3467 1350 3534 in
1403 3488 1623 3553 aquae
1674 3466 1938 3547 itinere,
1992 3471 2294 3536 Petrum:
2348 3467 2419 3535 in
2468 3466 2654 3536 corvi
2692 3466 3113 3546 obedientia,

566 3555 811 3625 Eliam:
867 3555 939 3622 in
990 3553 1186 3623 luctu
1231 3555 1758 3623 autem‘mortis
1805 3553 2097 3634 inimici,
2156 3554 2362 3623 David
2415 3555 2635 3635 video,
2670 3566 2736 3623 et
2766 3554 3122 3644 perpendo

565 3643 733 3728 quia
777 3642 882 3711 vir
928 3641 1056 3710 iste
1105 3641 1356 3730 spiritu
1396 3643 1747 3728 justorum
1787 3642 2104 3710 omnium
2157 3642 2406 3731 plenus
2454 3642 2604 3711 suit.
2658 3642 2773 3710 Vir
2821 3663 3128 3728 namque

567 3729 841 3799 Domini
882 3727 1313 3810 BenedictuS,
1367 3729 1581 3799 unius
1646 3728 1767 3797 Dei
1813 3728 2139 3817 spiritum
2180 3728 2458 3810 habuit,
2503 3730 2625 3816 qui
2673 3751 2797 3820 per
2842 3716 3127 3799 conce's-

569 3838 686 3886 sae
734 3816 1240 3905 redemptionis
1305 3816 1599 3916 gratiam
1634 3867 1649 3891 ,
1701 3816 2075 3886 electorum
2137 3815 2346 3886 corda
2402 3818 2716 3886 omnium
2768 3816 3122 3907 implevit,

567 3904 654 3973 de
700 3926 840 3991 quo
892 3905 1202 3973 Joannes
1251 3903 1465 3973 dicit:
1534 3909 1691 3973 Erat
1748 3903 1865 3972 lux
1931 3925 2131 3986 vera,
2201 3925 2380 3990 quae
2429 3904 2784 3974 illuminat
2838 3926 3121 3973 omnem

566 3992 921 4060 hominem
993 3991 1374 4060 venientem
1442 3991 1513 4059 in
1587 3991 1775 4059 hunc
1838 3991 2210 4060 mundum.
2273 3997 2365 4060 De
2418 4014 2556 4079 quo
2627 4013 2875 4062 rursus
2950 3990 3124 4062 scri—

568 4090 765 4169 ptum
815 4090 950 4149 est:
1002 4082 1092 4146 De
1139 4077 1574 4168 plenitudine
1615 4079 1767 4168 ejus
1815 4100 1941 4147 nos
1987 4099 2228 4148 omnes
2290 4100 2448 4149 acce
2504 4080 2714 4149 imus.
2767 4084 2935 4149 Nam
2972 4100 3130 4149 san-

567 4167 660 4235 cti
710 4167 825 4234 Dei
876 4166 1192 4236 homines
1257 4177 1632 4256 potuerunt
1678 4188 1721 4235 a
1781 4166 2070 4235 Domino
2131 4165 2416 4235 virtutes
2514 4169 2760 4246 abere,
2831 4189 2968 4236 non
3029 4179 3128 4236 et-

566 4254 707 4322 iam
756 4253 915 4323 aliis
966 4253 1253 4322 tradere.
1310 4253 1431 4322 Ille
1479 4264 1709 4322 autem
1761 4253 1961 4342 signa
2009 4253 2283 4323 virtutis
2310 4253 2500 4323 dedit
2533 4255 2854 4335 subditis,
2893 4255 3019 4342 qui
3048 4276 3124 4324 se

567 4341 895 4412 daturum
963 4341 1246 4431 signum
1305 4347 1520 4410 Jonae
1589 4341 1911 4430 promisit
1956 4340 2304 4424 inimicis,
2378 4354 2458 4413 ut
2516 4364 2753 4413 coram
2802 4343 3126 4434 superbis
