<?xml version="1.0" encoding="UTF-8"?>
<!DOCTYPE html PUBLIC "-//W3C//DTD XHTML 1.0 Transitional//EN"
    "http://www.w3.org/TR/xhtml1/DTD/xhtml1-transitional.dtd">
<html xmlns="http://www.w3.org/1999/xhtml" xml:lang="en" lang="en">
 <head>
  <title>
</title>
<meta http-equiv="Content-Type" content="text/html;charset=utf-8" />
  <meta name='ocr-system' content='tesseract 3.04.00' />
  <meta name='ocr-capabilities' content='ocr_page ocr_carea ocr_par ocr_line ocrx_word'/>
</head>
<body>
  <div class='ocr_page' id='page_1' title='image "./historiaeseuvit04lippgoog_0292.png"; bbox 0 0 3327 4999; ppageno 0'>
   <div class='ocr_carea' id='block_1_1' title="bbox 675 306 3129 377">
    <p class='ocr_par' dir='ltr' id='par_1_1' title="bbox 675 306 3129 377">
     <span class='ocr_line' id='line_1_1' title="bbox 675 306 3129 377; baseline 0.001 -4"><span class='ocrx_word' id='word_1_1' title='bbox 675 306 806 373; x_wconf 72' lang='lat'>278</span> <span class='ocrx_word' id='word_1_2' title='bbox 1455 327 1536 374; x_wconf 73' lang='lat' dir='ltr'>nn</span> <span class='ocrx_word' id='word_1_3' title='bbox 1584 327 1639 373; x_wconf 90' lang='lat' dir='ltr'>s.</span> <span class='ocrx_word' id='word_1_4' title='bbox 1692 327 2052 377; x_wconf 65' lang='lat' dir='ltr'>auraaxsu</span> <span class='ocrx_word' id='word_1_5' title='bbox 2099 326 2270 375; x_wconf 77' lang='lat' dir='ltr'>vino.</span> <span class='ocrx_word' id='word_1_6' title='bbox 2744 308 2991 375; x_wconf 81' lang='lat' dir='ltr'><strong>MART.</strong></span> <span class='ocrx_word' id='word_1_7' title='bbox 3045 310 3129 376; x_wconf 72' lang='lat'>⁴3</span> 
     </span>
    </p>
   </div>
   <div class='ocr_carea' id='block_1_2' title="bbox 576 403 3155 4496">
    <p class='ocr_par' dir='ltr' id='par_1_2' title="bbox 588 403 3134 853">
     <span class='ocr_line' id='line_1_2' title="bbox 590 403 3132 496; baseline 0.002 -22"><span class='ocrx_word' id='word_1_8' title='bbox 590 403 976 476; x_wconf 89' lang='lat' dir='ltr'>intulerunt</span> <span class='ocrx_word' id='word_1_9' title='bbox 1020 405 1093 475; x_wconf 91' lang='lat' dir='ltr'>in</span> <span class='ocrx_word' id='word_1_10' title='bbox 1124 404 1551 485; x_wconf 60' lang='lat' dir='ltr'>triclinium,</span> <span class='ocrx_word' id='word_1_11' title='bbox 1606 406 1726 476; x_wconf 91' lang='lat' dir='ltr'>sed</span> <span class='ocrx_word' id='word_1_12' title='bbox 1779 429 2000 494; x_wconf 88' lang='lat' dir='ltr'>neque</span> <span class='ocrx_word' id='word_1_13' title='bbox 2029 428 2303 487; x_wconf 91' lang='lat' dir='ltr'>manus,</span> <span class='ocrx_word' id='word_1_14' title='bbox 2338 426 2561 493; x_wconf 89' lang='lat' dir='ltr'>neque</span> <span class='ocrx_word' id='word_1_15' title='bbox 2594 406 2797 496; x_wconf 90' lang='lat' dir='ltr'>pedes</span> <span class='ocrx_word' id='word_1_16' title='bbox 2825 408 2978 496; x_wconf 87' lang='lat' dir='ltr'>ejus</span> <span class='ocrx_word' id='word_1_17' title='bbox 3006 407 3132 478; x_wconf 87' lang='lat' dir='ltr'>sse·-</span> 
     </span>
     <span class='ocr_line' id='line_1_3' title="bbox 589 494 3132 597; baseline 0.002 -35"><span class='ocrx_word' id='word_1_18' title='bbox 589 506 769 563; x_wconf 89' lang='lat' dir='ltr'>ctere</span> <span class='ocrx_word' id='word_1_19' title='bbox 823 506 1229 585; x_wconf 90' lang='lat' dir='ltr'>potuerunt:</span> <span class='ocrx_word' id='word_1_20' title='bbox 1283 494 1452 564; x_wconf 87' lang='lat' dir='ltr'>adeo</span> <span class='ocrx_word' id='word_1_21' title='bbox 1509 495 1728 565; x_wconf 90' lang='lat' dir='ltr'>instar</span> <span class='ocrx_word' id='word_1_22' title='bbox 1776 494 1950 597; x_wconf 79' lang='lat' dir='ltr'>ligni</span> <span class='ocrx_word' id='word_1_23' title='bbox 2003 495 2178 565; x_wconf 88' lang='lat' dir='ltr'>aridi</span> <span class='ocrx_word' id='word_1_24' title='bbox 2235 494 2566 565; x_wconf 89' lang='lat' dir='ltr'>tabefacta</span> <span class='ocrx_word' id='word_1_25' title='bbox 2596 495 2966 578; x_wconf 81' lang='lat' dir='ltr'>visebatur,</span> <span class='ocrx_word' id='word_1_26' title='bbox 3003 519 3132 568; x_wconf 80' lang='lat' dir='ltr'>nee</span> 
     </span>
     <span class='ocr_line' id='line_1_4' title="bbox 588 581 3125 671; baseline 0.002 -20"><span class='ocrx_word' id='word_1_27' title='bbox 588 583 741 671; x_wconf 87' lang='lat' dir='ltr'>ejus</span> <span class='ocrx_word' id='word_1_28' title='bbox 792 603 919 652; x_wconf 88' lang='lat' dir='ltr'>vox</span> <span class='ocrx_word' id='word_1_29' title='bbox 958 581 1102 652; x_wconf 91' lang='lat' dir='ltr'>ulla</span> <span class='ocrx_word' id='word_1_30' title='bbox 1149 583 1581 653; x_wconf 81' lang='lat' dir='ltr'><strong>audiebatur.</strong></span> <span class='ocrx_word' id='word_1_31' title='bbox 1628 584 1986 657; x_wconf 80' lang='lat' dir='ltr'>Abbatissa</span> <span class='ocrx_word' id='word_1_32' title='bbox 2028 606 2185 654; x_wconf 92' lang='lat' dir='ltr'>vero</span> <span class='ocrx_word' id='word_1_33' title='bbox 2230 584 2463 655; x_wconf 89' lang='lat' dir='ltr'>cibum</span> <span class='ocrx_word' id='word_1_34' title='bbox 2512 584 2616 653; x_wconf 89' lang='lat' dir='ltr'>illi</span> <span class='ocrx_word' id='word_1_35' title='bbox 2657 585 2972 667; x_wconf 81' lang='lat' dir='ltr'>offerenS‚</span> <span class='ocrx_word' id='word_1_36' title='bbox 3007 587 3125 656; x_wconf 90' lang='lat' dir='ltr'>ait:</span> 
     </span>
     <span class='ocr_line' id='line_1_5' title="bbox 593 670 3134 762; baseline 0.002 -24"><span class='ocrx_word' id='word_1_37' title='bbox 593 693 630 738; x_wconf 88' lang='lat'>«</span> <span class='ocrx_word' id='word_1_38' title='bbox 684 670 853 740; x_wconf 86' lang='lat' dir='ltr'>Filia</span> <span class='ocrx_word' id='word_1_39' title='bbox 920 693 1074 741; x_wconf 90' lang='lat' dir='ltr'>mea</span> <span class='ocrx_word' id='word_1_40' title='bbox 1132 673 1540 762; x_wconf 90' lang='lat' dir='ltr'>Euphrasia,</span> <span class='ocrx_word' id='word_1_41' title='bbox 1602 695 1802 743; x_wconf 90' lang='lat' dir='ltr'>sume</span> <span class='ocrx_word' id='word_1_42' title='bbox 1859 674 2038 742; x_wconf 89' lang='lat' dir='ltr'>hanc</span> <span class='ocrx_word' id='word_1_43' title='bbox 2100 695 2330 743; x_wconf 90' lang='lat' dir='ltr'>escam</span> <span class='ocrx_word' id='word_1_44' title='bbox 2383 673 2456 742; x_wconf 91' lang='lat' dir='ltr'>in</span> <span class='ocrx_word' id='word_1_45' title='bbox 2516 674 2795 743; x_wconf 90' lang='lat' dir='ltr'>nomine</span> <span class='ocrx_word' id='word_1_46' title='bbox 2858 675 3134 745; x_wconf 88' lang='lat' dir='ltr'>Domini</span> 
     </span>
     <span class='ocr_line' id='line_1_6' title="bbox 590 759 2907 853; baseline 0 -24"><span class='ocrx_word' id='word_1_47' title='bbox 590 759 729 829; x_wconf 90' lang='lat' dir='ltr'>mei</span> <span class='ocrx_word' id='word_1_48' title='bbox 777 765 945 830; x_wconf 84' lang='lat' dir='ltr'>Jesu</span> <span class='ocrx_word' id='word_1_49' title='bbox 996 760 1268 830; x_wconf 83' lang='lat' dir='ltr'><strong>Christi.</strong></span> <span class='ocrx_word' id='word_1_50' title='bbox 1337 786 1362 825; x_wconf 74' lang='grc' dir='ltr'>ι</span> <span class='ocrx_word' id='word_1_51' title='bbox 1419 762 1610 845; x_wconf 89' lang='lat' dir='ltr'>Quod</span> <span class='ocrx_word' id='word_1_52' title='bbox 1666 784 1826 832; x_wconf 90' lang='lat' dir='ltr'>cum</span> <span class='ocrx_word' id='word_1_53' title='bbox 1879 762 1998 831; x_wconf 92' lang='lat' dir='ltr'>illa</span> <span class='ocrx_word' id='word_1_54' title='bbox 2045 761 2340 842; x_wconf 82' lang='lat' dir='ltr'>fecisset,</span> <span class='ocrx_word' id='word_1_55' title='bbox 2399 761 2577 831; x_wconf 87' lang='lat' dir='ltr'>vires</span> <span class='ocrx_word' id='word_1_56' title='bbox 2628 762 2907 853; x_wconf 87' lang='lat' dir='ltr'>recepit.</span> 
     </span>
    </p>

    <p class='ocr_par' dir='ltr' id='par_1_3' title="bbox 578 849 3155 3252">
     <span class='ocr_line' id='line_1_7' title="bbox 678 849 3134 940; baseline 0.002 -22"><span class='ocrx_word' id='word_1_57' title='bbox 678 850 718 936; x_wconf 67' lang='grc' dir='ltr'><strong>ξ</strong></span> <span class='ocrx_word' id='word_1_58' title='bbox 764 853 902 922; x_wconf 69' lang='grc'>14.</span> <span class='ocrx_word' id='word_1_59' title='bbox 957 849 1099 919; x_wconf 83' lang='lat' dir='ltr'>Alio</span> <span class='ocrx_word' id='word_1_60' title='bbox 1139 871 1414 937; x_wconf 90' lang='lat' dir='ltr'>quoque</span> <span class='ocrx_word' id='word_1_61' title='bbox 1461 865 1765 940; x_wconf 86' lang='lat' dir='ltr'>tempore</span> <span class='ocrx_word' id='word_1_62' title='bbox 1807 873 1966 920; x_wconf 89' lang='lat' dir='ltr'>cum</span> <span class='ocrx_word' id='word_1_63' title='bbox 2013 849 2203 920; x_wconf 64' lang='lat' dir='ltr'>‚Iulia</span> <span class='ocrx_word' id='word_1_64' title='bbox 2244 850 2555 921; x_wconf 86' lang='lat' dir='ltr'>ascendit</span> <span class='ocrx_word' id='word_1_65' title='bbox 2600 851 2672 919; x_wconf 90' lang='lat' dir='ltr'>in</span> <span class='ocrx_word' id='word_1_66' title='bbox 2717 852 2994 922; x_wconf 90' lang='lat' dir='ltr'>tertium</span> <span class='ocrx_word' id='word_1_67' title='bbox 3026 873 3134 923; x_wconf 83' lang='lat' dir='ltr'>so-</span> 
     </span>
     <span class='ocr_line' id='line_1_8' title="bbox 590 935 3134 1030; baseline 0.002 -24"><span class='ocrx_word' id='word_1_68' title='bbox 590 935 872 1006; x_wconf 91' lang='lat' dir='ltr'>larium.</span> <span class='ocrx_word' id='word_1_69' title='bbox 951 937 1056 1008; x_wconf 93' lang='lat' dir='ltr'>Ibi</span> <span class='ocrx_word' id='word_1_70' title='bbox 1114 952 1461 1008; x_wconf 83' lang='lat' dir='ltr'>tumeam</span> <span class='ocrx_word' id='word_1_71' title='bbox 1510 939 1892 1030; x_wconf 87' lang='lat' dir='ltr'>corripiens</span> <span class='ocrx_word' id='word_1_72' title='bbox 1960 939 2320 1029; x_wconf 87' lang='lat' dir='ltr'>improbus</span> <span class='ocrx_word' id='word_1_73' title='bbox 2387 939 2722 1022; x_wconf 90' lang='lat' dir='ltr'>daemon,</span> <span class='ocrx_word' id='word_1_74' title='bbox 2803 941 3134 1011; x_wconf 89' lang='lat' dir='ltr'>deorsum</span> 
     </span>
     <span class='ocr_line' id='line_1_9' title="bbox 589 1025 3135 1117; baseline 0.002 -23"><span class='ocrx_word' id='word_1_75' title='bbox 589 1025 1087 1117; x_wconf 87' lang='lat' dir='ltr'>praecipitavit.</span> <span class='ocrx_word' id='word_1_76' title='bbox 1143 1027 1580 1097; x_wconf 88' lang='lat' dir='ltr'>Exclamante</span> <span class='ocrx_word' id='word_1_77' title='bbox 1635 1044 1864 1097; x_wconf 88' lang='lat' dir='ltr'>autem</span> <span class='ocrx_word' id='word_1_78' title='bbox 1911 1028 2122 1110; x_wconf 64' lang='lat' dir='ltr'>dulia,</span> <span class='ocrx_word' id='word_1_79' title='bbox 2183 1050 2448 1101; x_wconf 90' lang='lat' dir='ltr'>sorores</span> <span class='ocrx_word' id='word_1_80' title='bbox 2499 1028 2932 1111; x_wconf 80' lang='lat' dir='ltr'><strong>advolarunt,</strong></span> <span class='ocrx_word' id='word_1_81' title='bbox 2991 1030 3135 1109; x_wconf 83' lang='lat' dir='ltr'>exi-</span> 
     </span>
     <span class='ocr_line' id='line_1_10' title="bbox 589 1114 3134 1218; baseline 0.002 -35"><span class='ocrx_word' id='word_1_82' title='bbox 589 1114 949 1186; x_wconf 81' lang='lat' dir='ltr'>stimantes</span> <span class='ocrx_word' id='word_1_83' title='bbox 979 1137 1050 1185; x_wconf 92' lang='lat' dir='ltr'>se</span> <span class='ocrx_word' id='word_1_84' title='bbox 1097 1115 1288 1186; x_wconf 88' lang='lat' dir='ltr'>illam</span> <span class='ocrx_word' id='word_1_85' title='bbox 1333 1117 1714 1187; x_wconf 84' lang='lat' dir='ltr'>exanimem</span> <span class='ocrx_word' id='word_1_86' title='bbox 1759 1130 2176 1208; x_wconf 88' lang='lat' dir='ltr'>reperturas.</span> <span class='ocrx_word' id='word_1_87' title='bbox 2232 1122 2309 1187; x_wconf 79' lang='lat' dir='ltr'>At</span> <span class='ocrx_word' id='word_1_88' title='bbox 2347 1117 2465 1186; x_wconf 88' lang='lat' dir='ltr'>illa</span> <span class='ocrx_word' id='word_1_89' title='bbox 2513 1139 2830 1218; x_wconf 78' lang='lat' dir='ltr'>surgenS,</span> <span class='ocrx_word' id='word_1_90' title='bbox 2886 1140 3134 1189; x_wconf 91' lang='lat' dir='ltr'>occur—</span> 
     </span>
     <span class='ocr_line' id='line_1_11' title="bbox 588 1203 3129 1292; baseline 0.001 -19"><span class='ocrx_word' id='word_1_91' title='bbox 588 1203 682 1273; x_wconf 89' lang='lat' dir='ltr'>rit</span> <span class='ocrx_word' id='word_1_92' title='bbox 725 1204 825 1273; x_wconf 89' lang='lat' dir='ltr'>eis</span> <span class='ocrx_word' id='word_1_93' title='bbox 859 1258 874 1284; x_wconf 95' lang='lat'>‚</span> <span class='ocrx_word' id='word_1_94' title='bbox 924 1203 1403 1292; x_wconf 72' lang='lat' dir='ltr'>duxeruntque</span> <span class='ocrx_word' id='word_1_95' title='bbox 1445 1205 1634 1275; x_wconf 90' lang='lat' dir='ltr'>illam</span> <span class='ocrx_word' id='word_1_96' title='bbox 1688 1206 1870 1276; x_wconf 89' lang='lat' dir='ltr'>intro</span> <span class='ocrx_word' id='word_1_97' title='bbox 1917 1206 2002 1275; x_wconf 93' lang='lat' dir='ltr'>ad</span> <span class='ocrx_word' id='word_1_98' title='bbox 2050 1206 2502 1278; x_wconf 81' lang='lat' dir='ltr'>Abbatissam.</span> <span class='ocrx_word' id='word_1_99' title='bbox 2547 1211 2670 1276; x_wconf 80' lang='lat' dir='ltr'>Cui</span> <span class='ocrx_word' id='word_1_100' title='bbox 2711 1207 3129 1290; x_wconf 80' lang='lat' dir='ltr'>sciscitanti,</span> 
     </span>
     <span class='ocr_line' id='line_1_12' title="bbox 589 1291 3136 1386; baseline 0.002 -25"><span class='ocrx_word' id='word_1_101' title='bbox 589 1313 764 1362; x_wconf 91' lang='lat' dir='ltr'>num</span> <span class='ocrx_word' id='word_1_102' title='bbox 834 1291 1068 1380; x_wconf 90' lang='lat' dir='ltr'>aliqua</span> <span class='ocrx_word' id='word_1_103' title='bbox 1132 1306 1323 1385; x_wconf 90' lang='lat' dir='ltr'>parte</span> <span class='ocrx_word' id='word_1_104' title='bbox 1384 1295 1694 1386; x_wconf 90' lang='lat' dir='ltr'>corporis</span> <span class='ocrx_word' id='word_1_105' title='bbox 1767 1294 1952 1365; x_wconf 91' lang='lat' dir='ltr'>laesa</span> <span class='ocrx_word' id='word_1_106' title='bbox 1999 1307 2201 1377; x_wconf 87' lang='lat' dir='ltr'>esset,</span> <span class='ocrx_word' id='word_1_107' title='bbox 2262 1294 2647 1385; x_wconf 88' lang='lat' dir='ltr'>respondit:</span> <span class='ocrx_word' id='word_1_108' title='bbox 2701 1318 2740 1362; x_wconf 86' lang='lat'>«</span> <span class='ocrx_word' id='word_1_109' title='bbox 2790 1296 2964 1366; x_wconf 87' lang='lat' dir='ltr'>Vivit</span> <span class='ocrx_word' id='word_1_110' title='bbox 3010 1301 3136 1366; x_wconf 90' lang='lat' dir='ltr'>Do-</span> 
     </span>
     <span class='ocr_line' id='line_1_13' title="bbox 590 1381 3135 1470; baseline 0.002 -20"><span class='ocrx_word' id='word_1_111' title='bbox 590 1381 852 1463; x_wconf 88' lang='lat' dir='ltr'>minus,</span> <span class='ocrx_word' id='word_1_112' title='bbox 907 1382 1191 1452; x_wconf 91' lang='lat' dir='ltr'>Domina</span> <span class='ocrx_word' id='word_1_113' title='bbox 1240 1395 1481 1465; x_wconf 88' lang='lat' dir='ltr'>mater,</span> <span class='ocrx_word' id='word_1_114' title='bbox 1537 1405 1660 1453; x_wconf 91' lang='lat' dir='ltr'>nec</span> <span class='ocrx_word' id='word_1_115' title='bbox 1707 1383 2295 1470; x_wconf 87' lang='lat' dir='ltr'><strong>quemadmodum</strong></span> <span class='ocrx_word' id='word_1_116' title='bbox 2343 1383 2708 1454; x_wconf 90' lang='lat' dir='ltr'>ceciderim</span> <span class='ocrx_word' id='word_1_117' title='bbox 2760 1385 2952 1465; x_wconf 88' lang='lat' dir='ltr'>novi,</span> <span class='ocrx_word' id='word_1_118' title='bbox 3007 1406 3135 1455; x_wconf 92' lang='lat' dir='ltr'>nec</span> 
     </span>
     <span class='ocr_line' id='line_1_14' title="bbox 587 1471 3133 1544; baseline 0 -4"><span class='ocrx_word' id='word_1_119' title='bbox 587 1482 668 1540; x_wconf 92' lang='lat' dir='ltr'>ut</span> <span class='ocrx_word' id='word_1_120' title='bbox 715 1471 1152 1541; x_wconf 85' lang='lat' dir='ltr'>surrexerim.</span> <span class='ocrx_word' id='word_1_121' title='bbox 1208 1494 1246 1539; x_wconf 86' lang='lat'>»</span> <span class='ocrx_word' id='word_1_122' title='bbox 1297 1476 1379 1542; x_wconf 90' lang='lat' dir='ltr'>Ut</span> <span class='ocrx_word' id='word_1_123' title='bbox 1423 1483 1654 1542; x_wconf 90' lang='lat' dir='ltr'>autem</span> <span class='ocrx_word' id='word_1_124' title='bbox 1703 1495 1783 1543; x_wconf 90' lang='lat' dir='ltr'>co</span> <span class='ocrx_word' id='word_1_125' title='bbox 1835 1473 2022 1542; x_wconf 89' lang='lat' dir='ltr'>novit</span> <span class='ocrx_word' id='word_1_126' title='bbox 2056 1473 2411 1543; x_wconf 85' lang='lat' dir='ltr'>Abbatissa</span> <span class='ocrx_word' id='word_1_127' title='bbox 2450 1473 2537 1542; x_wconf 92' lang='lat' dir='ltr'>ab</span> <span class='ocrx_word' id='word_1_128' title='bbox 2565 1472 2950 1544; x_wconf 89' lang='lat' dir='ltr'>editissimo</span> <span class='ocrx_word' id='word_1_129' title='bbox 2984 1473 3133 1542; x_wconf 92' lang='lat' dir='ltr'>loco</span> 
     </span>
     <span class='ocr_line' id='line_1_15' title="bbox 589 1559 3155 1652; baseline 0.002 -25"><span class='ocrx_word' id='word_1_130' title='bbox 589 1580 742 1627; x_wconf 91' lang='lat' dir='ltr'>eam</span> <span class='ocrx_word' id='word_1_131' title='bbox 812 1559 1191 1641; x_wconf 89' lang='lat' dir='ltr'>decidisse,</span> <span class='ocrx_word' id='word_1_132' title='bbox 1256 1582 1385 1629; x_wconf 88' lang='lat' dir='ltr'>nec</span> <span class='ocrx_word' id='word_1_133' title='bbox 1448 1573 1677 1631; x_wconf 91' lang='lat' dir='ltr'>tamen</span> <span class='ocrx_word' id='word_1_134' title='bbox 1726 1584 1804 1631; x_wconf 93' lang='lat' dir='ltr'>ve</span> <span class='ocrx_word' id='word_1_135' title='bbox 1878 1582 2125 1652; x_wconf 88' lang='lat' dir='ltr'>parum</span> <span class='ocrx_word' id='word_1_136' title='bbox 2177 1561 2431 1632; x_wconf 90' lang='lat' dir='ltr'><strong>laesam</strong></span> <span class='ocrx_word' id='word_1_137' title='bbox 2478 1582 2660 1643; x_wconf 89' lang='lat' dir='ltr'>esse,</span> <span class='ocrx_word' id='word_1_138' title='bbox 2729 1561 3155 1652; x_wconf 54' lang='lat' dir='ltr'>glorificavitv</span> 
     </span>
     <span class='ocr_line' id='line_1_16' title="bbox 588 1648 3125 1741; baseline 0.002 -26"><span class='ocrx_word' id='word_1_139' title='bbox 588 1650 830 1728; x_wconf 88' lang='lat' dir='ltr'>Deum,</span> <span class='ocrx_word' id='word_1_140' title='bbox 884 1648 1192 1736; x_wconf 87' lang='lat' dir='ltr'>dixitque</span> <span class='ocrx_word' id='word_1_141' title='bbox 1235 1649 1341 1718; x_wconf 90' lang='lat' dir='ltr'>ei:</span> <span class='ocrx_word' id='word_1_142' title='bbox 1394 1672 1431 1716; x_wconf 86' lang='lat'>«</span> <span class='ocrx_word' id='word_1_143' title='bbox 1483 1656 1737 1741; x_wconf 86' lang='lat' dir='ltr'>Perge,</span> <span class='ocrx_word' id='word_1_144' title='bbox 1791 1649 1978 1732; x_wconf 87' lang='lat' dir='ltr'>filia,</span> <span class='ocrx_word' id='word_1_145' title='bbox 2030 1650 2117 1720; x_wconf 90' lang='lat' dir='ltr'>ad</span> <span class='ocrx_word' id='word_1_146' title='bbox 2165 1672 2342 1741; x_wconf 93' lang='lat' dir='ltr'>opus</span> <span class='ocrx_word' id='word_1_147' title='bbox 2391 1662 2631 1733; x_wconf 88' lang='lat' dir='ltr'>tuum,</span> <span class='ocrx_word' id='word_1_148' title='bbox 2682 1663 2750 1720; x_wconf 90' lang='lat' dir='ltr'>et</span> <span class='ocrx_word' id='word_1_149' title='bbox 2797 1650 3125 1720; x_wconf 83' lang='lat' dir='ltr'>Dominus</span> 
     </span>
     <span class='ocr_line' id='line_1_17' title="bbox 588 1735 3135 1832; baseline 0.002 -28"><span class='ocrx_word' id='word_1_150' title='bbox 588 1735 718 1805; x_wconf 90' lang='lat' dir='ltr'>erit</span> <span class='ocrx_word' id='word_1_151' title='bbox 766 1747 1017 1807; x_wconf 90' lang='lat' dir='ltr'>tecum.</span> <span class='ocrx_word' id='word_1_152' title='bbox 1074 1760 1110 1804; x_wconf 84' lang='lat'>»</span> <span class='ocrx_word' id='word_1_153' title='bbox 1159 1742 1416 1807; x_wconf 92' lang='lat' dir='ltr'>Iterum</span> <span class='ocrx_word' id='word_1_154' title='bbox 1464 1752 1693 1809; x_wconf 89' lang='lat' dir='ltr'>autem</span> <span class='ocrx_word' id='word_1_155' title='bbox 1743 1739 2097 1828; x_wconf 87' lang='lat' dir='ltr'>malignus</span> <span class='ocrx_word' id='word_1_156' title='bbox 2144 1740 2360 1810; x_wconf 86' lang='lat' dir='ltr'>hostis</span> <span class='ocrx_word' id='word_1_157' title='bbox 2392 1762 2541 1809; x_wconf 90' lang='lat' dir='ltr'>eam</span> <span class='ocrx_word' id='word_1_158' title='bbox 2583 1740 2981 1832; x_wconf 83' lang='lat' dir='ltr'>extinguere</span> <span class='ocrx_word' id='word_1_159' title='bbox 3015 1760 3135 1809; x_wconf 89' lang='lat' dir='ltr'>vo-</span> 
     </span>
     <span class='ocr_line' id='line_1_18' title="bbox 589 1823 3138 1916; baseline 0.002 -23"><span class='ocrx_word' id='word_1_160' title='bbox 589 1823 761 1906; x_wconf 80' lang='lat' dir='ltr'>lenS,</span> <span class='ocrx_word' id='word_1_161' title='bbox 813 1847 973 1895; x_wconf 91' lang='lat' dir='ltr'>cum</span> <span class='ocrx_word' id='word_1_162' title='bbox 1022 1847 1103 1896; x_wconf 92' lang='lat' dir='ltr'>ea</span> <span class='ocrx_word' id='word_1_163' title='bbox 1148 1826 1519 1898; x_wconf 83' lang='lat' dir='ltr'>ferventem</span> <span class='ocrx_word' id='word_1_164' title='bbox 1568 1828 1777 1897; x_wconf 91' lang='lat' dir='ltr'>ollam</span> <span class='ocrx_word' id='word_1_165' title='bbox 1828 1839 2107 1899; x_wconf 86' lang='lat' dir='ltr'>teneret.</span> <span class='ocrx_word' id='word_1_166' title='bbox 2160 1829 2231 1898; x_wconf 90' lang='lat' dir='ltr'>in</span> <span class='ocrx_word' id='word_1_167' title='bbox 2278 1850 2417 1916; x_wconf 89' lang='lat' dir='ltr'>qua</span> <span class='ocrx_word' id='word_1_168' title='bbox 2463 1831 2801 1916; x_wconf 91' lang='lat' dir='ltr'>coquebat</span> <span class='ocrx_word' id='word_1_169' title='bbox 2846 1829 3023 1911; x_wconf 88' lang='lat' dir='ltr'>olus,</span> <span class='ocrx_word' id='word_1_170' title='bbox 3058 1840 3138 1899; x_wconf 92' lang='lat' dir='ltr'>ut</span> 
     </span>
     <span class='ocr_line' id='line_1_19' title="bbox 578 1913 3135 2009; baseline 0.002 -27"><span class='ocrx_word' id='word_1_171' title='bbox 578 1913 725 2004; x_wconf 89' lang='lat' dir='ltr'>jam</span> <span class='ocrx_word' id='word_1_172' title='bbox 776 1927 1049 1985; x_wconf 91' lang='lat' dir='ltr'>coctum</span> <span class='ocrx_word' id='word_1_173' title='bbox 1096 1915 1254 1987; x_wconf 90' lang='lat' dir='ltr'>olus</span> <span class='ocrx_word' id='word_1_174' title='bbox 1299 1916 1369 1985; x_wconf 91' lang='lat' dir='ltr'>in</span> <span class='ocrx_word' id='word_1_175' title='bbox 1419 1939 1538 1986; x_wconf 87' lang='lat' dir='ltr'>vas</span> <span class='ocrx_word' id='word_1_176' title='bbox 1584 1916 1997 1988; x_wconf 84' lang='lat' dir='ltr'>effunderet:</span> <span class='ocrx_word' id='word_1_177' title='bbox 2049 1916 2372 2009; x_wconf 87' lang='lat' dir='ltr'>obligatis</span> <span class='ocrx_word' id='word_1_178' title='bbox 2419 1918 2571 2007; x_wconf 85' lang='lat' dir='ltr'>ejus</span> <span class='ocrx_word' id='word_1_179' title='bbox 2619 1918 2937 2009; x_wconf 88' lang='lat' dir='ltr'>pedibus,</span> <span class='ocrx_word' id='word_1_180' title='bbox 2980 1940 3135 1987; x_wconf 91' lang='lat' dir='ltr'>eam</span> 
     </span>
     <span class='ocr_line' id='line_1_20' title="bbox 591 1991 3131 2095; baseline 0.001 -22"><span class='ocrx_word' id='word_1_181' title='bbox 591 2002 920 2092; x_wconf 85' lang='lat' dir='ltr'>supinam</span> <span class='ocrx_word' id='word_1_182' title='bbox 972 2004 1465 2095; x_wconf 87' lang='lat' dir='ltr'>praecipitavit,</span> <span class='ocrx_word' id='word_1_183' title='bbox 1502 2018 1707 2093; x_wconf 85' lang='lat' dir='ltr'>atque</span> <span class='ocrx_word' id='word_1_184' title='bbox 1742 2006 1812 2074; x_wconf 94' lang='lat' dir='ltr'>in</span> <span class='ocrx_word' id='word_1_185' title='bbox 1845 2007 1997 2078; x_wconf 85' lang='lat' dir='ltr'>e‘us</span> <span class='ocrx_word' id='word_1_186' title='bbox 2029 2006 2274 2076; x_wconf 86' lang='lat' dir='ltr'>faciem</span> <span class='ocrx_word' id='word_1_187' title='bbox 2306 1991 2649 2078; x_wconf 75' lang='lat' dir='ltr'>ebulliens</span> <span class='ocrx_word' id='word_1_188' title='bbox 2680 2006 2833 2078; x_wconf 93' lang='lat' dir='ltr'>olus</span> <span class='ocrx_word' id='word_1_189' title='bbox 2865 2006 3131 2077; x_wconf 76' lang='lat' dir='ltr'>effudit.</span> 
     </span>
     <span class='ocr_line' id='line_1_21' title="bbox 586 2091 3141 2176; baseline 0.002 -16"><span class='ocrx_word' id='word_1_190' title='bbox 586 2091 780 2174; x_wconf 88' lang='lat' dir='ltr'>Quod</span> <span class='ocrx_word' id='word_1_191' title='bbox 829 2115 989 2161; x_wconf 93' lang='lat' dir='ltr'>cum</span> <span class='ocrx_word' id='word_1_192' title='bbox 1030 2105 1390 2164; x_wconf 88' lang='lat' dir='ltr'>cernerent</span> <span class='ocrx_word' id='word_1_193' title='bbox 1419 2116 1710 2176; x_wconf 91' lang='lat' dir='ltr'>sorores,</span> <span class='ocrx_word' id='word_1_194' title='bbox 1754 2095 1859 2165; x_wconf 87' lang='lat' dir='ltr'>val</span> <span class='ocrx_word' id='word_1_195' title='bbox 1916 2118 1953 2166; x_wconf 94' lang='lat' dir='ltr'>e</span> <span class='ocrx_word' id='word_1_196' title='bbox 1985 2096 2239 2166; x_wconf 89' lang='lat' dir='ltr'>animis</span> <span class='ocrx_word' id='word_1_197' title='bbox 2268 2109 2740 2168; x_wconf 87' lang='lat' dir='ltr'>consternatae</span> <span class='ocrx_word' id='word_1_198' title='bbox 2779 2108 2963 2167; x_wconf 90' lang='lat' dir='ltr'>sunt.</span> <span class='ocrx_word' id='word_1_199' title='bbox 3010 2095 3141 2166; x_wconf 85' lang='lat' dir='ltr'>Illa</span> 
     </span>
     <span class='ocr_line' id='line_1_22' title="bbox 584 2180 3135 2266; baseline 0.001 -16"><span class='ocrx_word' id='word_1_200' title='bbox 584 2202 746 2250; x_wconf 88' lang='lat' dir='ltr'>vero</span> <span class='ocrx_word' id='word_1_201' title='bbox 775 2180 1062 2252; x_wconf 87' lang='lat' dir='ltr'>exiliens</span> <span class='ocrx_word' id='word_1_202' title='bbox 1092 2196 1159 2253; x_wconf 90' lang='lat' dir='ltr'>et</span> <span class='ocrx_word' id='word_1_203' title='bbox 1196 2183 1453 2266; x_wconf 79' lang='lat' dir='ltr'>ridenS,</span> <span class='ocrx_word' id='word_1_204' title='bbox 1490 2184 1663 2253; x_wconf 86' lang='lat' dir='ltr'>dixit</span> <span class='ocrx_word' id='word_1_205' title='bbox 1693 2185 1832 2254; x_wconf 86' lang='lat' dir='ltr'>eis:</span> <span class='ocrx_word' id='word_1_206' title='bbox 1880 2208 1919 2253; x_wconf 85' lang='lat'>«</span> <span class='ocrx_word' id='word_1_207' title='bbox 1951 2189 2086 2255; x_wconf 83' lang='lat' dir='ltr'>Cur</span> <span class='ocrx_word' id='word_1_208' title='bbox 2123 2186 2222 2255; x_wconf 88' lang='lat' dir='ltr'>sic</span> <span class='ocrx_word' id='word_1_209' title='bbox 2251 2184 2488 2255; x_wconf 91' lang='lat' dir='ltr'>animo</span> <span class='ocrx_word' id='word_1_210' title='bbox 2518 2186 2830 2255; x_wconf 89' lang='lat' dir='ltr'>turbatae</span> <span class='ocrx_word' id='word_1_211' title='bbox 2857 2185 3068 2255; x_wconf 74' lang='lat' dir='ltr'>estis?</span> <span class='ocrx_word' id='word_1_212' title='bbox 3099 2208 3135 2252; x_wconf 85' lang='lat'><strong>»</strong></span> 
     </span>
     <span class='ocr_line' id='line_1_23' title="bbox 584 2269 3141 2364; baseline 0.002 -25"><span class='ocrx_word' id='word_1_213' title='bbox 584 2275 663 2340; x_wconf 81' lang='lat' dir='ltr'>At</span> <span class='ocrx_word' id='word_1_214' title='bbox 707 2269 1066 2341; x_wconf 80' lang='lat' dir='ltr'>Abbatissa</span> <span class='ocrx_word' id='word_1_215' title='bbox 1112 2272 1355 2342; x_wconf 90' lang='lat' dir='ltr'>videns</span> <span class='ocrx_word' id='word_1_216' title='bbox 1401 2273 1576 2342; x_wconf 89' lang='lat' dir='ltr'>nihil</span> <span class='ocrx_word' id='word_1_217' title='bbox 1627 2272 1690 2342; x_wconf 92' lang='lat' dir='ltr'>ei</span> <span class='ocrx_word' id='word_1_218' title='bbox 1739 2273 2163 2343; x_wconf 90' lang='lat' dir='ltr'>incommodi</span> <span class='ocrx_word' id='word_1_219' title='bbox 2196 2274 2553 2356; x_wconf 87' lang='lat' dir='ltr'>accidisse,</span> <span class='ocrx_word' id='word_1_220' title='bbox 2598 2274 2896 2364; x_wconf 84' lang='lat' dir='ltr'>inspexit</span> <span class='ocrx_word' id='word_1_221' title='bbox 2926 2274 2998 2342; x_wconf 91' lang='lat' dir='ltr'>in</span> <span class='ocrx_word' id='word_1_222' title='bbox 3037 2273 3141 2344; x_wconf 94' lang='lat' dir='ltr'>ol-</span> 
     </span>
     <span class='ocr_line' id='line_1_24' title="bbox 585 2358 3141 2448; baseline 0.002 -21"><span class='ocrx_word' id='word_1_223' title='bbox 585 2358 765 2428; x_wconf 91' lang='lat' dir='ltr'>lam:</span> <span class='ocrx_word' id='word_1_224' title='bbox 816 2382 1116 2448; x_wconf 89' lang='lat' dir='ltr'>cumque</span> <span class='ocrx_word' id='word_1_225' title='bbox 1165 2361 1234 2430; x_wconf 92' lang='lat' dir='ltr'>id</span> <span class='ocrx_word' id='word_1_226' title='bbox 1268 2361 1450 2448; x_wconf 91' lang='lat' dir='ltr'>quod</span> <span class='ocrx_word' id='word_1_227' title='bbox 1491 2373 1936 2443; x_wconf 89' lang='lat' dir='ltr'>remanserat,</span> <span class='ocrx_word' id='word_1_228' title='bbox 1976 2362 2269 2432; x_wconf 80' lang='lat' dir='ltr'>ebullire</span> <span class='ocrx_word' id='word_1_229' title='bbox 2305 2376 2635 2443; x_wconf 90' lang='lat' dir='ltr'>cerneret,</span> <span class='ocrx_word' id='word_1_230' title='bbox 2676 2362 2975 2432; x_wconf 91' lang='lat' dir='ltr'>multum</span> <span class='ocrx_word' id='word_1_231' title='bbox 3013 2362 3141 2432; x_wconf 89' lang='lat' dir='ltr'>ad-</span> 
     </span>
     <span class='ocr_line' id='line_1_25' title="bbox 585 2447 3139 2543; baseline 0.003 -27"><span class='ocrx_word' id='word_1_232' title='bbox 585 2447 874 2531; x_wconf 89' lang='lat' dir='ltr'>mirans,</span> <span class='ocrx_word' id='word_1_233' title='bbox 927 2450 1022 2520; x_wconf 91' lang='lat' dir='ltr'>ait</span> <span class='ocrx_word' id='word_1_234' title='bbox 1069 2450 1154 2520; x_wconf 92' lang='lat' dir='ltr'>ad</span> <span class='ocrx_word' id='word_1_235' title='bbox 1195 2472 1393 2521; x_wconf 84' lang='lat' dir='ltr'>eam:</span> <span class='ocrx_word' id='word_1_236' title='bbox 1439 2472 1477 2518; x_wconf 86' lang='lat'>«</span> <span class='ocrx_word' id='word_1_237' title='bbox 1509 2455 1689 2521; x_wconf 90' lang='lat' dir='ltr'>Deus</span> <span class='ocrx_word' id='word_1_238' title='bbox 1728 2463 1791 2521; x_wconf 93' lang='lat' dir='ltr'>te</span> <span class='ocrx_word' id='word_1_239' title='bbox 1825 2462 2044 2523; x_wconf 88' lang='lat' dir='ltr'>servet</span> <span class='ocrx_word' id='word_1_240' title='bbox 2083 2451 2249 2532; x_wconf 87' lang='lat' dir='ltr'>filia,</span> <span class='ocrx_word' id='word_1_241' title='bbox 2293 2465 2359 2523; x_wconf 90' lang='lat' dir='ltr'>et</span> <span class='ocrx_word' id='word_1_242' title='bbox 2399 2451 2523 2523; x_wconf 91' lang='lat' dir='ltr'>tibi</span> <span class='ocrx_word' id='word_1_243' title='bbox 2566 2464 2967 2543; x_wconf 91' lang='lat' dir='ltr'>perpetuam</span> <span class='ocrx_word' id='word_1_244' title='bbox 3008 2472 3139 2523; x_wconf 90' lang='lat' dir='ltr'>suo</span> 
     </span>
     <span class='ocr_line' id='line_1_26' title="bbox 584 2536 3142 2641; baseline 0.002 -36"><span class='ocrx_word' id='word_1_245' title='bbox 584 2536 657 2605; x_wconf 91' lang='lat' dir='ltr'>in</span> <span class='ocrx_word' id='word_1_246' title='bbox 707 2538 953 2610; x_wconf 92' lang='lat' dir='ltr'>timore</span> <span class='ocrx_word' id='word_1_247' title='bbox 998 2552 1292 2641; x_wconf 87' lang='lat' dir='ltr'>praestet</span> <span class='ocrx_word' id='word_1_248' title='bbox 1338 2538 1797 2611; x_wconf 88' lang='lat' dir='ltr'>tolerantiam.</span> <span class='ocrx_word' id='word_1_249' title='bbox 1833 2563 1869 2608; x_wconf 86' lang='lat'>»</span> <span class='ocrx_word' id='word_1_250' title='bbox 1910 2541 2293 2632; x_wconf 89' lang='lat' dir='ltr'>Euphrasia</span> <span class='ocrx_word' id='word_1_251' title='bbox 2333 2563 2490 2611; x_wconf 90' lang='lat' dir='ltr'>vero</span> <span class='ocrx_word' id='word_1_252' title='bbox 2519 2541 2864 2612; x_wconf 89' lang='lat' dir='ltr'>asserebat</span> <span class='ocrx_word' id='word_1_253' title='bbox 2894 2563 2965 2610; x_wconf 88' lang='lat' dir='ltr'>se</span> <span class='ocrx_word' id='word_1_254' title='bbox 2998 2562 3142 2611; x_wconf 91' lang='lat' dir='ltr'>non</span> 
     </span>
     <span class='ocr_line' id='line_1_27' title="bbox 586 2625 3145 2721; baseline 0.002 -25"><span class='ocrx_word' id='word_1_255' title='bbox 586 2625 785 2697; x_wconf 91' lang='lat' dir='ltr'>aliter</span> <span class='ocrx_word' id='word_1_256' title='bbox 831 2650 1169 2711; x_wconf 81' lang='lat' dir='ltr'>sensisse,</span> <span class='ocrx_word' id='word_1_257' title='bbox 1222 2641 1427 2715; x_wconf 91' lang='lat' dir='ltr'>atque</span> <span class='ocrx_word' id='word_1_258' title='bbox 1474 2629 1534 2698; x_wconf 92' lang='lat' dir='ltr'>si</span> <span class='ocrx_word' id='word_1_259' title='bbox 1592 2628 1846 2721; x_wconf 90' lang='lat' dir='ltr'>frigida</span> <span class='ocrx_word' id='word_1_260' title='bbox 1899 2651 2081 2717; x_wconf 89' lang='lat' dir='ltr'>aqua</span> <span class='ocrx_word' id='word_1_261' title='bbox 2139 2629 2418 2721; x_wconf 90' lang='lat' dir='ltr'>perfusa</span> <span class='ocrx_word' id='word_1_262' title='bbox 2479 2629 2742 2700; x_wconf 88' lang='lat' dir='ltr'>fuisset.</span> <span class='ocrx_word' id='word_1_263' title='bbox 2819 2634 3145 2719; x_wconf 85' lang='lat' dir='ltr'>Ingressa</span> 
     </span>
     <span class='ocr_line' id='line_1_28' title="bbox 585 2716 3142 2817; baseline 0.001 -32"><span class='ocrx_word' id='word_1_264' title='bbox 585 2738 791 2817; x_wconf 90' lang='lat' dir='ltr'>porro</span> <span class='ocrx_word' id='word_1_265' title='bbox 837 2718 1213 2788; x_wconf 90' lang='lat' dir='ltr'>oratorium</span> <span class='ocrx_word' id='word_1_266' title='bbox 1261 2716 1642 2799; x_wconf 81' lang='lat' dir='ltr'>Abbatissa,</span> <span class='ocrx_word' id='word_1_267' title='bbox 1698 2719 2095 2788; x_wconf 83' lang='lat' dir='ltr'>convocavit</span> <span class='ocrx_word' id='word_1_268' title='bbox 2143 2720 2510 2810; x_wconf 90' lang='lat' dir='ltr'>primarias</span> <span class='ocrx_word' id='word_1_269' title='bbox 2558 2740 2849 2799; x_wconf 80' lang='lat' dir='ltr'>sororeS,</span> <span class='ocrx_word' id='word_1_270' title='bbox 2904 2719 3142 2805; x_wconf 91' lang='lat' dir='ltr'>aitque</span> 
     </span>
     <span class='ocr_line' id='line_1_29' title="bbox 585 2804 3140 2898; baseline 0.002 -25"><span class='ocrx_word' id='word_1_271' title='bbox 585 2804 760 2875; x_wconf 80' lang='lat' dir='ltr'>illis:</span> <span class='ocrx_word' id='word_1_272' title='bbox 836 2828 872 2874; x_wconf 89' lang='lat'>«</span> <span class='ocrx_word' id='word_1_273' title='bbox 925 2812 1099 2876; x_wconf 90' lang='lat' dir='ltr'>Sane</span> <span class='ocrx_word' id='word_1_274' title='bbox 1145 2805 1533 2878; x_wconf 86' lang='lat' dir='ltr'>advertistis</span> <span class='ocrx_word' id='word_1_275' title='bbox 1580 2807 2007 2898; x_wconf 87' lang='lat' dir='ltr'>Euphrasiae</span> <span class='ocrx_word' id='word_1_276' title='bbox 2054 2808 2389 2879; x_wconf 90' lang='lat' dir='ltr'>divinitus</span> <span class='ocrx_word' id='word_1_277' title='bbox 2438 2830 2761 2898; x_wconf 91' lang='lat' dir='ltr'>magnam</span> <span class='ocrx_word' id='word_1_278' title='bbox 2812 2806 3140 2878; x_wconf 88' lang='lat' dir='ltr'>collatam</span> 
     </span>
     <span class='ocr_line' id='line_1_30' title="bbox 584 2894 3141 2986; baseline 0.001 -24"><span class='ocrx_word' id='word_1_279' title='bbox 584 2895 903 2984; x_wconf 87' lang='lat' dir='ltr'>gratiam,</span> <span class='ocrx_word' id='word_1_280' title='bbox 953 2894 1074 2981; x_wconf 90' lang='lat' dir='ltr'>qui</span> <span class='ocrx_word' id='word_1_281' title='bbox 1130 2915 1213 2984; x_wconf 89' lang='lat' dir='ltr'>pe</span> <span class='ocrx_word' id='word_1_282' title='bbox 1257 2915 1437 2982; x_wconf 88' lang='lat' dir='ltr'>quae</span> <span class='ocrx_word' id='word_1_283' title='bbox 1485 2917 1610 2964; x_wconf 90' lang='lat' dir='ltr'>nec</span> <span class='ocrx_word' id='word_1_284' title='bbox 1660 2897 2063 2986; x_wconf 88' lang='lat' dir='ltr'>praecipitio</span> <span class='ocrx_word' id='word_1_285' title='bbox 2103 2909 2239 2967; x_wconf 89' lang='lat' dir='ltr'>tam</span> <span class='ocrx_word' id='word_1_286' title='bbox 2277 2897 2594 2978; x_wconf 89' lang='lat' dir='ltr'>immani,</span> <span class='ocrx_word' id='word_1_287' title='bbox 2635 2918 2858 2984; x_wconf 91' lang='lat' dir='ltr'>neque</span> <span class='ocrx_word' id='word_1_288' title='bbox 2887 2919 2966 2966; x_wconf 88' lang='lat' dir='ltr'>ex</span> <span class='ocrx_word' id='word_1_289' title='bbox 2997 2895 3141 2965; x_wconf 91' lang='lat' dir='ltr'>fer-</span> 
     </span>
     <span class='ocr_line' id='line_1_31' title="bbox 583 2982 3133 3077; baseline 0.001 -27"><span class='ocrx_word' id='word_1_290' title='bbox 583 2983 765 3051; x_wconf 85' lang='lat' dir='ltr'>venti</span> <span class='ocrx_word' id='word_1_291' title='bbox 816 2982 997 3052; x_wconf 91' lang='lat' dir='ltr'>olere</span> <span class='ocrx_word' id='word_1_292' title='bbox 1044 3005 1082 3051; x_wconf 93' lang='lat' dir='ltr'>a</span> <span class='ocrx_word' id='word_1_293' title='bbox 1116 2982 1309 3069; x_wconf 91' lang='lat' dir='ltr'>iquid</span> <span class='ocrx_word' id='word_1_294' title='bbox 1359 3005 1564 3074; x_wconf 89' lang='lat' dir='ltr'>passa</span> <span class='ocrx_word' id='word_1_295' title='bbox 1610 2998 1713 3055; x_wconf 90' lang='lat' dir='ltr'>est</span> <span class='ocrx_word' id='word_1_296' title='bbox 1761 2986 2180 3055; x_wconf 87' lang='lat' dir='ltr'>detrimenti.</span> <span class='ocrx_word' id='word_1_297' title='bbox 2238 3009 2274 3053; x_wconf 89' lang='lat'><strong>»</strong></span> <span class='ocrx_word' id='word_1_298' title='bbox 2333 2985 2862 3077; x_wconf 86' lang='lat' dir='ltr'>Responderunt</span> <span class='ocrx_word' id='word_1_299' title='bbox 2926 2984 3133 3054; x_wconf 90' lang='lat' dir='ltr'>illae:</span> 
     </span>
     <span class='ocr_line' id='line_1_32' title="bbox 585 3071 3139 3165; baseline 0.003 -29"><span class='ocrx_word' id='word_1_300' title='bbox 585 3093 623 3136; x_wconf 89' lang='lat'>«</span> <span class='ocrx_word' id='word_1_301' title='bbox 673 3076 928 3142; x_wconf 88' lang='lat' dir='ltr'>Revera</span> <span class='ocrx_word' id='word_1_302' title='bbox 975 3071 1091 3141; x_wconf 88' lang='lat' dir='ltr'>Dei</span> <span class='ocrx_word' id='word_1_303' title='bbox 1139 3071 1402 3142; x_wconf 89' lang='lat' dir='ltr'>famula</span> <span class='ocrx_word' id='word_1_304' title='bbox 1447 3083 1551 3143; x_wconf 88' lang='lat' dir='ltr'>est</span> <span class='ocrx_word' id='word_1_305' title='bbox 1598 3074 2007 3164; x_wconf 89' lang='lat' dir='ltr'>Euphrasia,</span> <span class='ocrx_word' id='word_1_306' title='bbox 2061 3085 2125 3143; x_wconf 91' lang='lat' dir='ltr'>et</span> <span class='ocrx_word' id='word_1_307' title='bbox 2172 3075 2507 3146; x_wconf 90' lang='lat' dir='ltr'>Dominus</span> <span class='ocrx_word' id='word_1_308' title='bbox 2547 3096 2787 3144; x_wconf 93' lang='lat' dir='ltr'>curam</span> <span class='ocrx_word' id='word_1_309' title='bbox 2823 3074 2978 3164; x_wconf 84' lang='lat' dir='ltr'>ejus</span> <span class='ocrx_word' id='word_1_310' title='bbox 3015 3093 3139 3165; x_wconf 90' lang='lat' dir='ltr'>ge-</span> 
     </span>
     <span class='ocr_line' id='line_1_33' title="bbox 580 3159 3001 3252; baseline 0 -24"><span class='ocrx_word' id='word_1_311' title='bbox 580 3159 693 3242; x_wconf 90' lang='lat' dir='ltr'>rit,</span> <span class='ocrx_word' id='word_1_312' title='bbox 745 3160 864 3246; x_wconf 91' lang='lat' dir='ltr'>qui</span> <span class='ocrx_word' id='word_1_313' title='bbox 911 3181 1062 3229; x_wconf 91' lang='lat' dir='ltr'>eam</span> <span class='ocrx_word' id='word_1_314' title='bbox 1111 3160 1184 3229; x_wconf 89' lang='lat' dir='ltr'>in</span> <span class='ocrx_word' id='word_1_315' title='bbox 1234 3161 1637 3252; x_wconf 88' lang='lat' dir='ltr'>hujusmodi</span> <span class='ocrx_word' id='word_1_316' title='bbox 1688 3162 2180 3234; x_wconf 89' lang='lat' dir='ltr'>tentationibus</span> <span class='ocrx_word' id='word_1_317' title='bbox 2227 3164 2523 3233; x_wconf 89' lang='lat' dir='ltr'>servavit</span> <span class='ocrx_word' id='word_1_318' title='bbox 2571 3163 2908 3234; x_wconf 87' lang='lat' dir='ltr'>illaesam.</span> <span class='ocrx_word' id='word_1_319' title='bbox 2963 3186 3001 3229; x_wconf 83' lang='grc'>»</span> 
     </span>
    </p>

    <p class='ocr_par' dir='ltr' id='par_1_4' title="bbox 576 3249 3150 4496">
     <span class='ocr_line' id='line_1_34' title="bbox 670 3249 3143 3343; baseline -0 -21"><span class='ocrx_word' id='word_1_320' title='bbox 670 3250 708 3336; x_wconf 64' lang='grc' dir='ltr'>ξ</span> <span class='ocrx_word' id='word_1_321' title='bbox 754 3255 895 3322; x_wconf 76' lang='lat'>15.</span> <span class='ocrx_word' id='word_1_322' title='bbox 950 3254 1128 3320; x_wconf 89' lang='lat' dir='ltr'>More</span> <span class='ocrx_word' id='word_1_323' title='bbox 1174 3262 1406 3320; x_wconf 90' lang='lat' dir='ltr'>autem</span> <span class='ocrx_word' id='word_1_324' title='bbox 1455 3272 1607 3320; x_wconf 84' lang='lat' dir='ltr'>com</span> <span class='ocrx_word' id='word_1_325' title='bbox 1663 3262 1933 3322; x_wconf 91' lang='lat' dir='ltr'>aratum</span> <span class='ocrx_word' id='word_1_326' title='bbox 1965 3264 2109 3321; x_wconf 92' lang='lat' dir='ltr'>erat</span> <span class='ocrx_word' id='word_1_327' title='bbox 2138 3251 2325 3343; x_wconf 91' lang='lat' dir='ltr'>apud</span> <span class='ocrx_word' id='word_1_328' title='bbox 2358 3251 2623 3322; x_wconf 90' lang='lat' dir='ltr'>incolas</span> <span class='ocrx_word' id='word_1_329' title='bbox 2656 3253 2808 3341; x_wconf 90' lang='lat' dir='ltr'>ejus</span> <span class='ocrx_word' id='word_1_330' title='bbox 2840 3249 3143 3321; x_wconf 89' lang='lat' dir='ltr'>civitatis</span> 
     </span>
     <span class='ocr_line' id='line_1_35' title="bbox 579 3275 3138 3429; baseline 0.001 -22"><span class='ocrx_word' id='word_1_331' title='bbox 579 3348 647 3407; x_wconf 88' lang='lat' dir='ltr'>et</span> <span class='ocrx_word' id='word_1_332' title='bbox 696 3338 1017 3429; x_wconf 80' lang='lat' dir='ltr'>regioniS,</span> <span class='ocrx_word' id='word_1_333' title='bbox 1070 3348 1148 3409; x_wconf 93' lang='lat' dir='ltr'>ut</span> <span class='ocrx_word' id='word_1_334' title='bbox 1196 3338 1255 3409; x_wconf 89' lang='lat' dir='ltr'>si</span> <span class='ocrx_word' id='word_1_335' title='bbox 1301 3360 1476 3427; x_wconf 91' lang='lat' dir='ltr'>quos</span> <span class='ocrx_word' id='word_1_336' title='bbox 1528 3275 1855 3411; x_wconf 63' lang='lat' dir='ltr'>haberent</span> <span class='ocrx_word' id='word_1_337' title='bbox 1902 3339 2199 3409; x_wconf 89' lang='lat' dir='ltr'>infantes</span> <span class='ocrx_word' id='word_1_338' title='bbox 2251 3340 2508 3412; x_wconf 91' lang='lat' dir='ltr'>morbis</span> <span class='ocrx_word' id='word_1_339' title='bbox 2555 3341 2855 3418; x_wconf 82' lang='lat' dir='ltr'>affectos,</span> <span class='ocrx_word' id='word_1_340' title='bbox 2892 3361 3013 3409; x_wconf 91' lang='lat' dir='ltr'>eos</span> <span class='ocrx_word' id='word_1_341' title='bbox 3044 3339 3138 3409; x_wconf 87' lang='lat' dir='ltr'>ad</span> 
     </span>
     <span class='ocr_line' id='line_1_36' title="bbox 580 3425 3143 3499; baseline 0.002 -4"><span class='ocrx_word' id='word_1_342' title='bbox 580 3425 757 3497; x_wconf 91' lang='lat' dir='ltr'>illud</span> <span class='ocrx_word' id='word_1_343' title='bbox 809 3427 1303 3497; x_wconf 86' lang='lat' dir='ltr'>monasterium</span> <span class='ocrx_word' id='word_1_344' title='bbox 1352 3427 1776 3499; x_wconf 89' lang='lat' dir='ltr'>adducerent</span> <span class='ocrx_word' id='word_1_345' title='bbox 1803 3428 2171 3498; x_wconf 77' lang='lat' dir='ltr'>curandos,</span> <span class='ocrx_word' id='word_1_346' title='bbox 2218 3429 2579 3499; x_wconf 73' lang='lat' dir='ltr'>clarebant</span> <span class='ocrx_word' id='word_1_347' title='bbox 2616 3429 2802 3499; x_wconf 91' lang='lat' dir='ltr'>enim</span> <span class='ocrx_word' id='word_1_348' title='bbox 2835 3428 2995 3498; x_wconf 89' lang='lat' dir='ltr'>illae</span> <span class='ocrx_word' id='word_1_349' title='bbox 3025 3449 3143 3499; x_wconf 86' lang='lat' dir='ltr'>so-</span> 
     </span>
     <span class='ocr_line' id='line_1_37' title="bbox 578 3516 3140 3607; baseline 0 -23"><span class='ocrx_word' id='word_1_350' title='bbox 578 3536 769 3587; x_wconf 90' lang='lat' dir='ltr'>rores</span> <span class='ocrx_word' id='word_1_351' title='bbox 820 3516 1175 3586; x_wconf 86' lang='lat' dir='ltr'>miraculis</span> <span class='ocrx_word' id='word_1_352' title='bbox 1204 3570 1219 3597; x_wconf 91' lang='lat'>,</span> <span class='ocrx_word' id='word_1_353' title='bbox 1272 3528 1339 3587; x_wconf 90' lang='lat' dir='ltr'>et</span> <span class='ocrx_word' id='word_1_354' title='bbox 1385 3518 1745 3589; x_wconf 74' lang='lat' dir='ltr'>Abbatissa</span> <span class='ocrx_word' id='word_1_355' title='bbox 1790 3517 1948 3587; x_wconf 90' lang='lat' dir='ltr'>illos</span> <span class='ocrx_word' id='word_1_356' title='bbox 1995 3517 2295 3588; x_wconf 87' lang='lat' dir='ltr'>infantes</span> <span class='ocrx_word' id='word_1_357' title='bbox 2341 3517 2430 3588; x_wconf 91' lang='lat' dir='ltr'>ad</span> <span class='ocrx_word' id='word_1_358' title='bbox 2479 3539 2552 3587; x_wconf 90' lang='lat' dir='ltr'>se</span> <span class='ocrx_word' id='word_1_359' title='bbox 2603 3517 2992 3607; x_wconf 89' lang='lat' dir='ltr'>recipiens,</span> <span class='ocrx_word' id='word_1_360' title='bbox 3061 3517 3140 3585; x_wconf 91' lang='lat' dir='ltr'>in</span> 
     </span>
     <span class='ocr_line' id='line_1_38' title="bbox 579 3603 3135 3696; baseline 0 -22"><span class='ocrx_word' id='word_1_361' title='bbox 579 3603 953 3674; x_wconf 89' lang='lat' dir='ltr'>oratorium</span> <span class='ocrx_word' id='word_1_362' title='bbox 1001 3604 1301 3688; x_wconf 87' lang='lat' dir='ltr'>ferebat,</span> <span class='ocrx_word' id='word_1_363' title='bbox 1355 3604 1875 3694; x_wconf 86' lang='lat' dir='ltr'>fundebantque</span> <span class='ocrx_word' id='word_1_364' title='bbox 1937 3628 2060 3696; x_wconf 91' lang='lat' dir='ltr'>pro</span> <span class='ocrx_word' id='word_1_365' title='bbox 2106 3606 2207 3676; x_wconf 89' lang='lat' dir='ltr'>eis</span> <span class='ocrx_word' id='word_1_366' title='bbox 2257 3628 2493 3696; x_wconf 91' lang='lat' dir='ltr'>preces</span> <span class='ocrx_word' id='word_1_367' title='bbox 2558 3605 2645 3675; x_wconf 91' lang='lat' dir='ltr'>ad</span> <span class='ocrx_word' id='word_1_368' title='bbox 2713 3605 3083 3676; x_wconf 90' lang='lat' dir='ltr'>Dominum</span> <span class='ocrx_word' id='word_1_369' title='bbox 3117 3661 3135 3687; x_wconf 92' lang='lat'>,</span> 
     </span>
     <span class='ocr_line' id='line_1_39' title="bbox 580 3693 3141 3766; baseline 0.002 -5"><span class='ocrx_word' id='word_1_370' title='bbox 580 3703 647 3762; x_wconf 92' lang='lat' dir='ltr'>et</span> <span class='ocrx_word' id='word_1_371' title='bbox 693 3715 849 3763; x_wconf 88' lang='lat' dir='ltr'>mox</span> <span class='ocrx_word' id='word_1_372' title='bbox 894 3695 1342 3764; x_wconf 90' lang='lat' dir='ltr'>sanabantur.</span> <span class='ocrx_word' id='word_1_373' title='bbox 1397 3700 1526 3765; x_wconf 91' lang='lat' dir='ltr'>Eos</span> <span class='ocrx_word' id='word_1_374' title='bbox 1572 3708 1802 3765; x_wconf 89' lang='lat' dir='ltr'>autem</span> <span class='ocrx_word' id='word_1_375' title='bbox 1855 3706 2107 3765; x_wconf 88' lang='lat' dir='ltr'>matres</span> <span class='ocrx_word' id='word_1_376' title='bbox 2156 3694 2434 3765; x_wconf 90' lang='lat' dir='ltr'>illorum</span> <span class='ocrx_word' id='word_1_377' title='bbox 2488 3716 2693 3766; x_wconf 90' lang='lat' dir='ltr'>sanos</span> <span class='ocrx_word' id='word_1_378' title='bbox 2729 3693 3141 3765; x_wconf 87' lang='lat' dir='ltr'>reducentes</span> 
     </span>
     <span class='ocr_line' id='line_1_40' title="bbox 580 3782 3142 3874; baseline 0 -23"><span class='ocrx_word' id='word_1_379' title='bbox 580 3782 893 3864; x_wconf 88' lang='lat' dir='ltr'>domum,</span> <span class='ocrx_word' id='word_1_380' title='bbox 946 3782 1426 3874; x_wconf 79' lang='lat' dir='ltr'>glorificabant</span> <span class='ocrx_word' id='word_1_381' title='bbox 1475 3789 1713 3853; x_wconf 91' lang='lat' dir='ltr'>Deum.</span> <span class='ocrx_word' id='word_1_382' title='bbox 1769 3789 1973 3854; x_wconf 88' lang='lat' dir='ltr'>Porro</span> <span class='ocrx_word' id='word_1_383' title='bbox 2020 3785 2092 3853; x_wconf 93' lang='lat' dir='ltr'>in</span> <span class='ocrx_word' id='word_1_384' title='bbox 2141 3782 2295 3874; x_wconf 89' lang='lat' dir='ltr'>ipso</span> <span class='ocrx_word' id='word_1_385' title='bbox 2346 3783 2760 3854; x_wconf 88' lang='lat' dir='ltr'>monasterio</span> <span class='ocrx_word' id='word_1_386' title='bbox 2793 3783 3142 3870; x_wconf 87' lang='lat' dir='ltr'>quaedam</span> 
     </span>
     <span class='ocr_line' id='line_1_41' title="bbox 581 3871 3146 3964; baseline 0 -24"><span class='ocrx_word' id='word_1_387' title='bbox 581 3882 727 3941; x_wconf 91' lang='lat' dir='ltr'>erat</span> <span class='ocrx_word' id='word_1_388' title='bbox 772 3871 1045 3954; x_wconf 90' lang='lat' dir='ltr'>mulier,</span> <span class='ocrx_word' id='word_1_389' title='bbox 1099 3895 1141 3942; x_wconf 88' lang='lat' dir='ltr'>a</span> <span class='ocrx_word' id='word_1_390' title='bbox 1189 3873 1436 3964; x_wconf 89' lang='lat' dir='ltr'>primis</span> <span class='ocrx_word' id='word_1_391' title='bbox 1474 3871 1713 3942; x_wconf 90' lang='lat' dir='ltr'>aetatis</span> <span class='ocrx_word' id='word_1_392' title='bbox 1743 3872 1963 3945; x_wconf 89' lang='lat' dir='ltr'>initiis</span> <span class='ocrx_word' id='word_1_393' title='bbox 1996 3895 2034 3942; x_wconf 93' lang='lat' dir='ltr'>a</span> <span class='ocrx_word' id='word_1_394' title='bbox 2065 3873 2402 3943; x_wconf 90' lang='lat' dir='ltr'>daemone</span> <span class='ocrx_word' id='word_1_395' title='bbox 2433 3872 2859 3960; x_wconf 88' lang='lat' dir='ltr'>nequissimo</span> <span class='ocrx_word' id='word_1_396' title='bbox 2891 3884 2957 3942; x_wconf 89' lang='lat' dir='ltr'>et</span> <span class='ocrx_word' id='word_1_397' title='bbox 2997 3871 3146 3962; x_wconf 89' lang='lat' dir='ltr'>pri-</span> 
     </span>
     <span class='ocr_line' id='line_1_42' title="bbox 581 3961 3146 4053; baseline 0.001 -25"><span class='ocrx_word' id='word_1_398' title='bbox 581 3961 802 4030; x_wconf 90' lang='lat' dir='ltr'>mario</span> <span class='ocrx_word' id='word_1_399' title='bbox 848 3961 1151 4032; x_wconf 88' lang='lat' dir='ltr'>obsessa.</span> <span class='ocrx_word' id='word_1_400' title='bbox 1207 3967 1370 4031; x_wconf 91' lang='lat' dir='ltr'>Eam</span> <span class='ocrx_word' id='word_1_401' title='bbox 1421 3983 1723 4049; x_wconf 91' lang='lat' dir='ltr'>namque</span> <span class='ocrx_word' id='word_1_402' title='bbox 1778 3974 2096 4052; x_wconf 89' lang='lat' dir='ltr'>parentes</span> <span class='ocrx_word' id='word_1_403' title='bbox 2135 3962 2288 4053; x_wconf 88' lang='lat' dir='ltr'>ejus</span> <span class='ocrx_word' id='word_1_404' title='bbox 2325 3961 2982 4032; x_wconf 89' lang='lat' dir='ltr'>commendaverant</span> <span class='ocrx_word' id='word_1_405' title='bbox 3012 3961 3146 4030; x_wconf 82' lang='lat' dir='ltr'>Ab·</span> 
     </span>
     <span class='ocr_line' id='line_1_43' title="bbox 580 4048 3146 4141; baseline -0.001 -22"><span class='ocrx_word' id='word_1_406' title='bbox 580 4048 900 4131; x_wconf 88' lang='lat' dir='ltr'>batissae,</span> <span class='ocrx_word' id='word_1_407' title='bbox 953 4061 1018 4119; x_wconf 90' lang='lat' dir='ltr'>et</span> <span class='ocrx_word' id='word_1_408' title='bbox 1063 4062 1207 4120; x_wconf 89' lang='lat' dir='ltr'>erat</span> <span class='ocrx_word' id='word_1_409' title='bbox 1255 4051 1483 4121; x_wconf 88' lang='lat' dir='ltr'>vincta</span> <span class='ocrx_word' id='word_1_410' title='bbox 1530 4050 1815 4132; x_wconf 89' lang='lat' dir='ltr'>catenis,</span> <span class='ocrx_word' id='word_1_411' title='bbox 1869 4050 2377 4141; x_wconf 89' lang='lat' dir='ltr'>spumabatque</span> <span class='ocrx_word' id='word_1_412' title='bbox 2424 4062 2491 4121; x_wconf 90' lang='lat' dir='ltr'>et</span> <span class='ocrx_word' id='word_1_413' title='bbox 2536 4050 2868 4121; x_wconf 92' lang='lat' dir='ltr'>stridebat</span> <span class='ocrx_word' id='word_1_414' title='bbox 2913 4049 3146 4118; x_wconf 89' lang='lat' dir='ltr'>denti-</span> 
     </span>
     <span class='ocr_line' id='line_1_44' title="bbox 580 4137 3149 4226; baseline -0 -17"><span class='ocrx_word' id='word_1_415' title='bbox 580 4138 740 4220; x_wconf 91' lang='lat' dir='ltr'>bus,</span> <span class='ocrx_word' id='word_1_416' title='bbox 792 4150 1132 4226; x_wconf 86' lang='lat' dir='ltr'>tetrosque</span> <span class='ocrx_word' id='word_1_417' title='bbox 1180 4139 1426 4210; x_wconf 90' lang='lat' dir='ltr'>edebat</span> <span class='ocrx_word' id='word_1_418' title='bbox 1470 4138 1832 4222; x_wconf 80' lang='lat' dir='ltr'>clamoreS,</span> <span class='ocrx_word' id='word_1_419' title='bbox 1887 4139 1982 4209; x_wconf 87' lang='lat' dir='ltr'>ita</span> <span class='ocrx_word' id='word_1_420' title='bbox 2025 4151 2103 4209; x_wconf 92' lang='lat' dir='ltr'>ut</span> <span class='ocrx_word' id='word_1_421' title='bbox 2160 4139 2247 4210; x_wconf 93' lang='lat' dir='ltr'>iis</span> <span class='ocrx_word' id='word_1_422' title='bbox 2298 4139 2578 4222; x_wconf 80' lang='lat' dir='ltr'>auditiS,</span> <span class='ocrx_word' id='word_1_423' title='bbox 2623 4161 2866 4210; x_wconf 92' lang='lat' dir='ltr'>omnes</span> <span class='ocrx_word' id='word_1_424' title='bbox 2898 4137 3149 4208; x_wconf 87' lang='lat' dir='ltr'>timore</span> 
     </span>
     <span class='ocr_line' id='line_1_45' title="bbox 578 4226 3148 4318; baseline 0 -23"><span class='ocrx_word' id='word_1_425' title='bbox 578 4226 797 4298; x_wconf 91' lang='lat' dir='ltr'>nimio</span> <span class='ocrx_word' id='word_1_426' title='bbox 843 4228 1384 4318; x_wconf 90' lang='lat' dir='ltr'>corriperentur.</span> <span class='ocrx_word' id='word_1_427' title='bbox 1436 4233 1516 4298; x_wconf 87' lang='lat' dir='ltr'>Et</span> <span class='ocrx_word' id='word_1_428' title='bbox 1563 4228 1958 4316; x_wconf 88' lang='lat' dir='ltr'>frequenter</span> <span class='ocrx_word' id='word_1_429' title='bbox 2003 4228 2290 4315; x_wconf 92' lang='lat' dir='ltr'>quidem</span> <span class='ocrx_word' id='word_1_430' title='bbox 2339 4228 2700 4299; x_wconf 73' lang='lat' dir='ltr'>Abbatissa</span> <span class='ocrx_word' id='word_1_431' title='bbox 2744 4250 2903 4297; x_wconf 91' lang='lat' dir='ltr'>cum</span> <span class='ocrx_word' id='word_1_432' title='bbox 2957 4248 3148 4297; x_wconf 92' lang='lat' dir='ltr'>soro-</span> 
     </span>
     <span class='ocr_line' id='line_1_46' title="bbox 578 4315 3150 4406; baseline 0.001 -21"><span class='ocrx_word' id='word_1_433' title='bbox 578 4316 776 4387; x_wconf 90' lang='lat' dir='ltr'>ribus</span> <span class='ocrx_word' id='word_1_434' title='bbox 823 4338 947 4406; x_wconf 92' lang='lat' dir='ltr'>pro</span> <span class='ocrx_word' id='word_1_435' title='bbox 993 4337 1074 4386; x_wconf 88' lang='lat' dir='ltr'>ea</span> <span class='ocrx_word' id='word_1_436' title='bbox 1121 4318 1412 4387; x_wconf 90' lang='lat' dir='ltr'>Domino</span> <span class='ocrx_word' id='word_1_437' title='bbox 1460 4337 1705 4406; x_wconf 88' lang='lat' dir='ltr'>preces</span> <span class='ocrx_word' id='word_1_438' title='bbox 1751 4316 2117 4398; x_wconf 87' lang='lat' dir='ltr'>obtulerat,</span> <span class='ocrx_word' id='word_1_439' title='bbox 2172 4318 2290 4387; x_wconf 91' lang='lat' dir='ltr'>sed</span> <span class='ocrx_word' id='word_1_440' title='bbox 2339 4329 2578 4388; x_wconf 91' lang='lat' dir='ltr'>curata</span> <span class='ocrx_word' id='word_1_441' title='bbox 2626 4339 2763 4387; x_wconf 88' lang='lat' dir='ltr'>non</span> <span class='ocrx_word' id='word_1_442' title='bbox 2804 4315 2972 4385; x_wconf 90' lang='lat' dir='ltr'>fuit:</span> <span class='ocrx_word' id='word_1_443' title='bbox 3019 4337 3150 4387; x_wconf 81' lang='lat' dir='ltr'>nec</span> 
     </span>
     <span class='ocr_line' id='line_1_47' title="bbox 576 4404 3149 4496; baseline -0 -22"><span class='ocrx_word' id='word_1_444' title='bbox 576 4405 723 4475; x_wconf 89' lang='lat' dir='ltr'>ulla</span> <span class='ocrx_word' id='word_1_445' title='bbox 768 4426 940 4477; x_wconf 90' lang='lat' dir='ltr'>ausa</span> <span class='ocrx_word' id='word_1_446' title='bbox 987 4416 1135 4476; x_wconf 92' lang='lat' dir='ltr'>erat</span> <span class='ocrx_word' id='word_1_447' title='bbox 1179 4426 1333 4475; x_wconf 91' lang='lat' dir='ltr'>eam</span> <span class='ocrx_word' id='word_1_448' title='bbox 1382 4405 1731 4487; x_wconf 91' lang='lat' dir='ltr'>accedere,</span> <span class='ocrx_word' id='word_1_449' title='bbox 1783 4417 1863 4476; x_wconf 88' lang='lat' dir='ltr'>ut</span> <span class='ocrx_word' id='word_1_450' title='bbox 1901 4405 2005 4476; x_wconf 88' lang='lat' dir='ltr'>vel</span> <span class='ocrx_word' id='word_1_451' title='bbox 2035 4405 2277 4477; x_wconf 90' lang='lat' dir='ltr'>cibum</span> <span class='ocrx_word' id='word_1_452' title='bbox 2311 4406 2377 4477; x_wconf 90' lang='lat' dir='ltr'>ei</span> <span class='ocrx_word' id='word_1_453' title='bbox 2407 4407 2702 4478; x_wconf 79' lang='lat' dir='ltr'>offerret.</span> <span class='ocrx_word' id='word_1_454' title='bbox 2754 4404 3149 4496; x_wconf 81' lang='lat' dir='ltr'>Alligabant</span> 
     </span>
    </p>
   </div>
  </div>
 </body>
</html>
