3327 4999
747 287 877 354 692
1184 302 1263 348 nn
1309 301 1368 347 B.
1419 298 1649 346 JACOBO
1698 297 2050 373 mammio
2081 298 2225 345 oan.
2281 296 2649 345 PRAEDICAT.
2726 280 2830 346 Ex
2878 279 3050 346 OCT.
3111 281 3186 346 tt

662 383 1115 463 Holandinus,
1149 403 1268 472 per
1316 381 1812 450 monasterium
1844 379 2138 449 ducebat
2162 399 2493 469 magnum
2520 378 2890 467 quemdam
2923 380 3200 450 antisti-

666 489 825 543 tem.
860 471 1112 563 Incidit
1156 470 1322 540 forte
1351 470 1423 538 in
1448 470 1724 540 beatum
1754 471 2115 549 Jacobum,
2163 481 2227 539 et
2255 490 2625 541 conversus
2656 469 2741 538 ad
2774 468 3194 560 praesulem:

660 563 860 632 Vides
911 585 993 632 ne
1042 562 1267 632 hunc?
1315 559 1561 646 inquit.
1617 560 1787 628 Mira
1833 559 2006 628 vitae
2053 558 2440 649 integritate
2493 558 2669 627 inter
2705 581 2832 630 nos
2880 559 3194 652 effulget,

666 653 736 722 in
785 675 920 740 quo
970 649 1337 740 praecipua
1386 649 1714 719 virtutum
1762 647 1971 718 enitet
2016 647 2426 718 obedientia.
2481 648 2706 735 Hujus
2752 649 2849 716 rei
2901 671 3082 731 mox,
3143 649 3206 718 si

660 742 851 823 velis,
912 738 1292 824 periculum
1342 737 1614 807 faciam.
1668 737 1920 807 Annuit
1951 737 2247 828 praesul.
2301 736 2728 808 Praefectusi
2786 737 2934 807 itur·
2968 760 3210 808 accer-

665 831 793 902 sito
841 829 925 899 ad
980 851 1050 900 se
1097 829 1292 898 beato
1336 828 1621 898 Jacob0.
1669 826 1853 908 «Fili,
1892 826 2138 913 inquit,
2176 848 2351 917 opus
2384 838 2506 908 est,
2557 838 2630 896 ut
2669 849 2752 895 su
2805 825 2940 896 lata
3002 825 3206 897 omni

668 920 879 1001 mora,
927 940 1144 1006 usque
1194 917 1261 986 in
1299 916 1585 987 Galliam
1639 929 1698 986 te
1737 915 1821 985 ad
1872 915 2251 987 Parisinam
2300 915 2542 985 urbem
2592 915 2904 988 conferas
2955 916 3203 1008 magni

664 1009 848 1078 enim
900 1007 1225 1076 momenti
1273 1001 1504 1077 literae
1552 1005 1676 1075 tibi
1722 1028 1800 1075 eo
1848 1018 2010 1074 sunt
2062 1004 2544 1094 perferendae»
2602 1009 2844 1074 Laetus
2892 1004 3030 1087 ille,
3092 1029 3204 1075 re-

670 1108 908 1189 pente:
963 1102 1292 1167 «Praesto
1331 1095 1602 1176 adsum,
1658 1107 1869 1185 pater,
1897 1093 2143 1181 inquit.
2201 1093 2328 1162 Sed
2379 1092 2661 1164 licetne
2699 1095 2926 1165 statim
2979 1095 3206 1164 mein

667 1185 1065 1257 cubiculum
1118 1207 1350 1255 meum
1398 1183 1695 1264 tendere,
1749 1195 1823 1253 ut
1862 1182 2190 1254 baculum
2217 1205 2296 1252 ac
2323 1182 2586 1283 pileum
2639 1187 2953 1253 sumam?
2985 1213 3005 1246 υ
3046 1189 3207 1254 Stu-

672 1276 820 1366 puit
865 1276 1147 1346 antistes
1196 1274 1332 1356 ille,
1369 1295 1493 1343 nec
1542 1273 1708 1343 satis
1755 1272 1992 1342 mirari
2031 1284 2290 1362 poterat
2317 1271 2791 1343 incredibilem
2826 1273 2892 1341 in
2928 1295 3000 1341 re
3027 1274 3204 1343 tanti

670 1365 998 1434 momenti
1051 1363 1685 1455 promptitudinem.
1748 1361 1922 1433 Civis
1969 1360 2251 1449 quidam
2302 1361 2748 1431 Bononiensis
2809 1361 3074 1449 aliquot
3124 1385 3204 1432 ex

668 1453 1044 1523 coenobitis
1091 1453 1230 1522 divi
1265 1452 1598 1522 Dominici
1646 1450 1732 1520 ad
1764 1450 1997 1520 villam
2047 1450 2222 1533 urbi¹
2255 1450 2716 1542 propinquam
2766 1450 3195 1533 invitaverat,

670 1543 1171 1633 praecipueque
1227 1553 1601 1633 rogaverat,
1640 1552 1718 1610 ut
1756 1540 2028 1610 beatum
2069 1540 2405 1610 Jacobum
2456 1563 2688 1611 secum
2742 1540 3199 1611 adducerent.

668 1632 954 1702 Profecti
1001 1632 1233 1722 igitur,
1287 1653 1445 1701 cum
1495 1631 1638 1721 jam
1694 1630 1929 1721 pransi
1975 1642 2237 1712 essent,
2305 1652 2530 1712 unus,
2582 1652 2662 1699 ex
2711 1629 3021 1721 patribus
3073 1633 3206 1718 qui

718 1721 971 1791 rimum
1020 1720 1116 1790 ibi
1151 1721 1379 1790 locum
1414 1719 1704 1801 tenebat,
1737 1733 1814 1789 ut
1861 1741 2174 1789 summae
2223 1718 2411 1789 illius
2459 1718 2881 1790 obedientiae
2918 1720 3200 1810 pericu-

665 1745 811 1881 l'um
847 1810 1115 1891 faceret,
1147 1809 1358 1900 jussit
1403 1822 1479 1879 ut
1527 1813 1807 1900 accepta
1853 1808 2067 1878 funda
2102 1808 2238 1898 (est
2292 1822 2518 1879 autem
2568 1807 2637 1877 id
2688 1807 2856 1899 rete)
2901 1809 2989 1879 ad
3037 1833 3206 1900 pro-

669 1900 1013 1991 pinquum
1062 1898 1377 1969 Rhenum
1414 1898 1538 1968 iret
1571 1899 1936 1987 piscatum.
1972 1898 2203 1967 Paruit
2249 1897 2364 1967 ille
2394 1898 2745 1981 continuo,
2798 1910 2863 1967 et
2911 1920 3052 1968 uno
3074 1900 3192 1991 ja-

668 2002 784 2058 ctu
818 1987 1204 2058 mirandam
1238 1986 1726 2077 pisciculorum
1775 1987 1909 2056 vim
1961 1987 2162 2078 cepit,
2215 1986 2309 2057 ita
2353 1999 2431 2056 ut
2467 2009 2706 2057 omnes
2752 1987 3200 2078 obstupesce-

668 2090 840 2160 rent,
874 2078 988 2148 sed
1015 2076 1082 2146 id
1113 2075 1345 2146 cuncti
1374 2075 1561 2145 illius
1583 2075 2006 2146 obedientiae
2035 2075 2279 2146 adscri'
2315 2090 2572 2146 serunt.
2599 2076 3199 2160 Quemadmodum

667 2189 827 2237 cum
879 2165 1260 2257 praefectus
1299 2164 1696 2235 monasterii
1741 2165 2040 2253 quadam
2087 2165 2198 2234 die
2244 2165 2264 2233 i
2300 2164 2346 2233 li
2384 2166 2728 2255 jussisset,
2770 2179 2847 2236 ut
2870 2165 2957 2236 ad
2983 2188 3199 2253 quae-

665 2255 960 2326 rendum
1011 2277 1258 2347 panem
1306 2254 1676 2326 festinaret.
1730 2260 1894 2324 Nam
1947 2267 2091 2326 turn
2141 2254 2311 2325 forte
2357 2254 2730 2341 quamdam
2781 2255 2851 2324 in
2883 2255 3056 2326 vitro
3106 2255 3199 2325 es-

666 2345 899 2436 figiem
958 2344 1494 2437 pulcherrimam
1605 2345 1866 2414 inxerat
1918 2343 2222 2434 (vitreas
2288 2344 2472 2413 enim
2541 2343 2869 2416 fenestras
2933 2346 3190 2436 optime

664 2434 1185 2525 concinnabat),
1236 2446 1301 2505 et
1348 2446 1424 2504 ut
1468 2457 1547 2505 co
1578 2456 1730 2506 ores
1779 2433 1948 2505 vitro
2007 2433 2316 2505 tenacius
2363 2432 2819 2518 inhaererent,
2859 2434 2931 2504 in
2980 2457 3185 2527 parvo

662 2524 866 2595 furno
913 2549 993 2594 ex
1033 2547 1218 2595 more
1266 2537 1614 2615 posuerat:
1669 2546 1846 2612 quae
1893 2546 2000 2593 res
2047 2525 2197 2616 ejus
2247 2524 2629 2614 praesentia
2678 2524 2975 2594 maxime
3006 2525 3186 2595 indi—

664 2615 887 2706 gebat.
939 2619 1243 2684 Attamen
1296 2614 1521 2704 potius
1580 2635 1727 2683 esse
1778 2613 2156 2704 parendum
2208 2636 2333 2685 suo
2381 2612 2715 2704 praefecto
2764 2627 2976 2696 ratuS,
3028 2637 3181 2685 sac-

661 2704 898 2775 culum
932 2703 1246 2794 arripuit,
1298 2715 1363 2772 et
1408 2703 1493 2773 ad
1545 2702 2076 2773 mendicandum
2133 2725 2378 2792 panem
2412 2724 2555 2773 sese
2586 2703 2897 2773 contulit.
2936 2710 3188 2773 Rever-

664 2815 782 2862 sus
840 2806 991 2883 post
1050 2793 1300 2863 multas
1349 2792 1596 2866 horas.
1659 2803 1797 2861 tam
1854 2793 2027 2861 bene
2089 2790 2402 2862 decoctos
2469 2791 2539 2860 in
2605 2792 2874 2882 pictura
2919 2793 3186 2863 colores

663 2882 964 2963 offendit,
1002 2894 1077 2950 ut
1128 2903 1502 2967 numquam
1553 2880 1725 2952 alias
1773 2880 2022 2952 melius
2069 2879 2170 2949 illi
2218 2903 2331 2951 ars
2378 2881 2784 2953 successerit
2828 2882 2887 2951 ⁴³.

649 2996 659 3011 ’
753 2974 789 3058 ἓ
835 2975 930 3041 θ.
1000 2974 1155 3040 Erat
1218 2969 1647 3039 admirabilis
1702 2991 1972 3058 quoque
2025 2969 2091 3039 in
2141 2991 2218 3039 eo
2284 2969 2603 3040 charitaS.
2658 2970 2837 3040 Nihil
2908 2970 3193 3062 putabat

665 3059 1043 3147 antiquiuS‚
1087 3081 1296 3148 quam
1346 3059 1714 3150 praecipue
1748 3059 2258 3150 aegrotantibus
2289 3060 2362 3129 in
2394 3060 2804 3130 monasterio
2834 3060 3192 3131 inservire:

664 3148 784 3236 qui
832 3148 1111 3236 quidem
1162 3148 1351 3218 illius
1398 3149 1782 3239 praesentia
1828 3161 1892 3219 et
1941 3148 2321 3219 ministerio
2368 3149 2463 3220 ita
2509 3150 2996 3221 recreabantur
3029 3206 3047 3232 ,
3114 3163 3189 3220 ut

665 3260 802 3307 non
852 3238 1244 3309 dubitarent
1291 3259 1362 3309 se
1410 3260 1565 3309 mox
1612 3237 1802 3309 omni
1850 3238 2280 3331 aegritudine
2313 3238 2660 3310 levandos:
2712 3252 2777 3309 et
2824 3252 3002 3310 certe
3052 3239 3198 3330 ple-

666 3328 861 3415 rique
908 3327 1331 3398 levabantur.
1387 3327 1579 3411 Quod
1628 3329 1687 3398 si
1735 3328 1855 3416 qui
1902 3327 2069 3398 forte
2115 3328 2422 3411 obibant,
2460 3338 2525 3398 et
2554 3328 2701 3419 ipse
2748 3350 2865 3399 eos
2893 3352 2974 3399 ex
3008 3351 3197 3398 more

665 3417 955 3500 lavabat,
993 3430 1058 3488 et
1104 3416 1402 3518 propriis
1451 3418 1757 3488 humeris
1804 3418 2143 3488 efferebat.
2183 3422 2405 3500 Quare
2437 3440 2516 3487 ea
2548 3417 2797 3488 resedit
2827 3419 2897 3487 in
2932 3418 3192 3489 animis

664 3506 1025 3578 hominum
1073 3507 1326 3598 opinio,
1381 3517 1457 3578 ut
1504 3506 1789 3577 minime
1836 3506 2150 3577 dubitent
2213 3529 2401 3577 nunc
2449 3506 2584 3576 vita
2632 3506 2948 3579 functum
2997 3505 3199 3577 facile

664 3597 1199 3689 aegrotantibuS‚
1256 3596 1312 3668 si
1362 3596 1735 3678 invocetur,
1787 3595 2212 3679 adfuturum,
2265 3595 2448 3684 quod
2501 3608 2635 3665 tam
2688 3611 3079 3697 promptam
3113 3619 3238 3666 o·-

665 3706 897 3778 peram
928 3686 1233 3774 quolibet
1278 3685 1516 3755 morbo
1565 3685 2036 3755 laborantibus
2085 3684 2316 3755 vivens
2363 3684 2745 3756 exhibebat.
2785 3686 2862 3756 Id
2894 3701 2987 3755 ita
3015 3707 3194 3769 esse,

662 3775 900 3847 multis
947 3775 1227 3863 quidem
1275 3774 1604 3865 exemplis
1656 3774 2094 3865 postmodum
2157 3774 2789 3864 comprobabimus.
2862 3775 2954 3844 Ad
3009 3774 3196 3846 hanc

662 3887 819 3935 vero
866 3864 1185 3934 eximiam
1236 3864 1551 3933 virtutem
1603 3862 2128 3954 amplexandam
2178 3862 2553 3933 lenissimis
2583 3865 2805 3935 verbis
2851 3876 2916 3934 et
2961 3863 3200 3935 effica-

660 3953 960 4023 cissimis
1006 3953 1284 4024 assidue
1330 3951 1501 4024 alios
1547 3952 1970 4035 hortabatur,
2008 3962 2289 4041 eratque
2316 3952 2463 4043 ipse
2497 3953 2925 4043 praeclarum
2956 3954 3192 4023 omni-

660 4042 792 4112 bus
842 4042 1190 4132 specimen
1236 4054 1302 4112 et
1337 4043 1708 4132 exemplar.
1766 4043 1963 4114 Solus
2009 4042 2256 4112 deinde
2303 4042 2596 4113 orationi
2651 4055 2717 4112 et
2762 4042 3197 4143 contempla-

660 4131 829 4202 tioni
877 4143 1057 4203 totus
1115 4145 1259 4202 erat
1313 4133 1661 4214 intentuS‚
1727 4136 2077 4219 Deumque
2141 4131 2418 4203 assidue
2477 4154 2597 4223 pro
2647 4132 2816 4201 vivis
2863 4131 3198 4202 omnibus

657 4234 860 4308 atque
907 4219 1248 4290 defunctis
1297 4221 1727 4312 precabatur.
1782 4226 2194 4309 Frequenter
2240 4220 2510 4312 primus
2574 4221 2887 4291 omnium
2937 4219 3021 4290 ad
3073 4243 3222 4313 noa,

657 4323 984 4380 cturnum
1031 4309 1336 4379 officium
1388 4312 1752 4402 surgebat:
1805 4311 1989 4399 quod
2038 4311 2161 4381 ubi
2192 4309 2613 4382 celebratum
2646 4323 2813 4392 erat,
2852 4294 3210 4402 anguluni⁹

707 4432 733 4459 '⁸
761 4430 1001 4482 mncjure
1020 4432 1079 4475 ab
1096 4432 1354 4475 artificibus
1370 4432 1793 4484 imprimendorum
1809 4435 1935 4477 vitto
1954 4435 2169 4478 colorum
2186 4436 2420 4478 Patronus
2439 4435 2621 4478 eiectus
2639 4433 2732 4475 fust
2749 4436 2799 4476 ot
2815 4433 3005 4476 colitur.
