3327 4999
176 348 386 415 MART.
437 352 479 416 8
2522 355 2605 420 95

899 501 978 604 S.
1047 502 1477 603 JOANNIS
1549 502 1676 603 DE
1743 502 1934 606 DEO

588 745 886 793 murnum
933 744 1442 794 HosmTALITATts
1480 745 1876 794 FUNDATORIS
1925 745 2221 794 HISTORIA

224 851 288 898 n
329 852 529 899 BULLA
580 851 945 901 INNOCENTII
992 854 1088 899 PP.
1132 853 1223 901 xn
1270 852 1388 901 PRO
1434 853 1651 901 musn-
1704 853 1884 901 stuwi
1931 853 2035 901 nm
2082 852 2608 902 CANONIZATIONE.

640 991 834 1047 Vixit
874 1005 914 1047 a
952 994 1114 1047 1495
1155 993 1245 1048 aa
1285 992 1440 1064 15⁵0
1481 1020 1558 1033 --
1599 993 1758 1050 nat.
1804 966 2200 1050 Lusitanus.

226 1151 262 1236 ἓ
302 1157 376 1223 1.
432 1149 720 1220 Dudum
768 1148 984 1219 felicis
1032 1147 1524 1219 recordationis
1569 1148 1944 1219 Alexander
1981 1155 2100 1240 Pp.
2148 1154 2295 1218 VIII
2325 1149 2359 1184 ⁴*
2394 1149 2692 1241 praede-

157 1259 359 1308 cessor
406 1249 647 1309 noster
681 1238 795 1340 pia
826 1242 1068 1310 secura
1108 1237 1548 1307 meditatione
1588 1238 1971 1329 perpendit,
2006 1238 2191 1325 quod
2226 1243 2531 1308 Romana
2570 1261 2691 1309 ca-

158 1326 383 1398 tholica
431 1328 765 1408 Ecclesia,
816 1349 992 1415 quae
1040 1349 1255 1417 supra
1299 1327 1828 1396 fundamentum
1883 1326 2349 1416 apostolorum
2398 1339 2463 1397 et
2528 1350 2690 1418 pro-

157 1418 498 1505 phetarum
551 1418 707 1508 ipso
753 1437 1029 1485 summo
1076 1415 1396 1506 angulari
1446 1415 1673 1516 lapide
1720 1415 1983 1486 Christo
2029 1421 2197 1485 Jesu
2242 1415 2606 1485 aedificata
2646 1439 2688 1486 a

157 1509 269 1574 Deo
312 1512 506 1576 Patre
557 1504 1196 1574 misericordiarum
1245 1504 1669 1595 perennibus
1716 1503 1974 1595 gratiae
2019 1504 2331 1574 coelestis
2397 1504 2689 1574 benedi-

155 1595 478 1666 ctionibus
525 1592 973 1675 cumulatur,
1027 1594 1206 1663 sicut
1254 1605 1346 1663 tot
1393 1592 1965 1663 documentorum
2013 1606 2116 1664 est
2164 1593 2433 1663 munita
2483 1615 2683 1684 prae-

155 1682 354 1764 sidiis,
408 1686 499 1754 ite
549 1696 952 1753 sanctorum
998 1683 1302 1752 virorum
1352 1680 1422 1750 in
1458 1682 1604 1751 dics
1634 1682 2084 1751 confirmatur
2114 1683 2470 1773 exemplis,
2506 1705 2687 1770 quae

157 1793 296 1840 cum
340 1773 422 1842 ad
476 1773 806 1864 pietatem
847 1792 1261 1862 magnopere
1309 1782 1647 1851 moveant,
1689 1770 1961 1839 divinae
1997 1792 2144 1840 mos
2181 1783 2283 1842 est
2316 1771 2686 1863 providen-

161 1859 314 1939 tiae,
352 1863 554 1951 juxta
608 1861 914 1930 locorum
964 1873 1028 1928 et
1085 1871 1474 1950 temporum
1542 1860 2137 1951 opportunitateS,
2208 1883 2370 1932 suos
2429 1860 2683 1930 electos

169 1968 361 2019 servos
400 1951 487 2020 ad
513 1949 851 2020 eximium
880 1947 1258 2019 sanctitatis
1288 1948 1580 2039 gradum
1616 1948 2016 2028 sublimare,
2049 1961 2125 2019 ut
2158 1948 2420 2031 fideles,
2460 1972 2686 2019 exem-

177 2034 360 2121 plaria
382 2040 552 2110 haec
587 2039 956 2119 intuentes,
997 2037 1292 2107 habeant
1321 2036 1528 2107 simul
1559 2037 1727 2123 quid
1762 2049 2172 2107 venerentur
2200 2051 2266 2108 et
2297 2038 2675 2121 imitentur,

177 2143 244 2191 ac
284 2129 700 2199 veneratione
745 2127 1148 2213 obsequiose
1185 2124 1494 2206 demissi,
1529 2137 1804 2195 strenue
1833 2126 1920 2195 ad
1956 2126 2406 2196 imitationem
2438 2127 2668 2196 erecti.

181 2215 436 2302 Cumque
479 2216 924 2287 heroicarum
971 2215 1304 2285 virtutum
1355 2214 1757 2306 praesertim
1805 2236 1961 2283 vero
2007 2215 2264 2305 ignitae
2322 2215 2677 2286 charitatis

176 2305 473 2394 exemplar
522 2304 802 2395 insigne
852 2303 1229 2394 prodiderit
1274 2308 1347 2371 B.
1398 2309 1699 2372 Joannes
1747 2301 1831 2372 de
1880 2308 2012 2372 Deo
2052 2316 2521 2393 nuncupatuS,
2557 2304 2677 2391 qui

171 2391 439 2464 eamdem
491 2392 871 2464 Ecclesiam
921 2394 1097 2462 nova
1142 2393 1347 2461 etiam
1399 2390 1588 2482 prole
1636 2391 2028 2461 fecundavit
2075 2396 2385 2462 Fratrum
2437 2393 2702 2483 Hospi-'

167 2477 410 2553 talitatis
455 2497 523 2554 et
574 2481 874 2553 infirmis
921 2481 1439 2552 inservientium
1493 2479 1695 2572 longe
1741 2479 2010 2569 lateque
2069 2504 2190 2571 per
2246 2480 2478 2552 orbem
2546 2480 2685 2551 dif-

171 2565 468 2653 fusorum,
523 2584 592 2643 et
635 2571 884 2641 eximia
932 2571 1202 2662 pietatis
1249 2592 1455 2660 opera
1501 2593 1665 2663 erga
1697 2570 2014 2641 infirmos
2052 2570 2122 2639 in
2159 2592 2396 2640 eorum
2443 2571 2680 2660 hospi-

171 2655 382 2730 talibus
446 2661 776 2752 degentes
810 2715 825 2740 ,
893 2659 1244 2750 praeclaro
1303 2659 1696 2729 animarum
1754 2681 2262 2750 corporumque
2313 2659 2623 2748 profectu
2657 2713 2674 2740 ,
2743 2694 2753 2702 ·

168 2750 626 2830 exercentium;
678 2771 976 2835 aequum
1023 2749 1207 2817 idem
1238 2748 1613 2817 Alexander
1641 2748 2127 2838 praedecessor
2158 2748 2560 2817 existimans
2591 2759 2669 2816 ut

163 2838 349 2907 sancti
394 2838 609 2927 hujus
656 2839 785 2907 viri
832 2838 1236 2907 memoriam
1286 2848 1724 2907 veneraretur
1770 2836 2111 2918 Ecclesia,
2167 2836 2374 2925 cujus
2424 2836 2560 2905 vita
2606 2847 2675 2907 et

163 2942 321 2994 mors
361 2926 432 2995 in
482 2938 857 3016 conspectu
907 2926 1174 2996 Domini
1221 2936 1287 2994 et
1335 2925 1697 2994 hominum
1747 2924 1876 2994 fuit
1923 2926 2294 2996 virtutibus
2341 2937 2406 2995 et
2454 2926 2667 2994 mira-

160 3011 308 3082 culis
347 3015 667 3116 pretiosa,
706 3016 792 3085 ad
826 3014 975 3084 e'us
1004 3014 1377 3085 solemnem
1413 3014 2002 3085 canonizationem
2045 3014 2410 3105 processit;
2455 3027 2670 3102 utque

160 3098 684 3175 christifidelium
734 3116 845 3174 stu
899 3104 963 3173 ia
1009 3104 1328 3172 excitaret
1374 3102 1461 3171 ad
1512 3103 1987 3184 imitationem,
2040 3104 2141 3173 sic
2187 3105 2338 3194 ejus
2390 3103 2671 3174 virtutes

159 3199 211 3254 et
252 3192 578 3263 miracula
623 3193 1023 3262 summatim
1072 3213 1409 3282 exponere
1459 3213 1722 3278 suoque
1770 3193 2222 3281 comprobare
2283 3192 2674 3261 testimonio

163 3295 368 3348 secum
416 3282 564 3372 ipse
612 3281 1040 3362 decreverat;
1093 3281 1162 3350 id
1207 3281 1391 3368 quod
1435 3302 1597 3350 cum
1632 3291 1850 3350 morte
1881 3292 2289 3371 praeventus
2326 3292 2675 3371 praestare

162 3368 530 3453 nequiverit,
587 3369 846 3440 idcirco
894 3392 1020 3440 nos
1065 3369 1547 3461 praesentibus
1596 3368 1840 3439 litteris
1886 3369 2234 3438 declarare
2267 3369 2666 3440 statuimus.

230 3457 262 3540 ἓ
308 3461 390 3527 2.
445 3464 654 3529 Natus
699 3471 799 3528 est
845 3459 1075 3546 itaque
1123 3459 1364 3528 beatus
1409 3463 1713 3528 ‚Ioannes
1750 3479 1830 3527 ex
1864 3457 2222 3527 catholicis
2259 3459 2527 3548 piisque
2558 3481 2679 3550 pa-

164 3544 440 3616 rentibus
485 3569 667 3617 anno
717 3561 1065 3637 reparatae
1115 3547 1359 3617 salutis
1405 3568 1646 3617 ucnxcv
1694 3547 1766 3614 in
1816 3546 2072 3637 oppido
2122 3547 2365 3617 Montis
2402 3547 2675 3636 Majoris

160 3633 438 3704 Junioris
479 3637 715 3727 (vulqo
763 3642 976 3707 Monte
1022 3642 1162 3706 Mor
1206 3641 1242 3701 ὃ
1286 3635 1506 3725 novo),
1563 3636 1955 3726 nuncupati
2005 3636 2202 3726 regni
2260 3636 2672 3706 Lusitaniae.

164 3720 344 3792 Paulo
390 3726 666 3811 quidem
715 3725 1040 3795 laxiorem
1088 3724 1362 3794 vivendi
1410 3723 1753 3794 rationem
1789 3747 1830 3794 a
1861 3724 2205 3815 principio
2234 3723 2522 3805 inierat;
2575 3736 2667 3806 at,

165 3827 298 3878 cum
345 3813 646 3901 primum
693 3814 926 3883 divina
972 3826 1296 3906 operante
1344 3813 1590 3882 virtute
1644 3835 2016 3914 aggressus
2063 3825 2166 3882 est
2231 3834 2544 3882 revocare
2606 3835 2677 3884 se

163 3906 219 3993 et
236 3918 673 3993 compescere,
712 3925 1001 3993 magnae
1034 3902 1331 3993 profecto
1363 3903 1748 3971 sanctitatis
1779 3901 2099 3971 exhibere
2130 3901 2478 3992 specimen
2513 3923 2670 3972 coe-

195 3996 265 4080 ,1ῑ,
313 4011 388 4059 ac
428 3990 577 4079 jam
623 3991 711 4061 ab
760 3991 909 4082 ipso
958 3991 1320 4061 sanctioris
1354 3992 1526 4060 vitae
1561 3991 1958 4060 rudimento
1997 4003 2561 4061 consummatum
2600 4013 2676 4061 a-

194 4076 354 4159 tquid
404 4080 913 4169 perfectumque
958 4080 1148 4150 visus
1193 4091 1293 4150 est
1340 4080 1670 4170 attigisse.
1727 4081 1824 4150 Ob
1873 4079 2180 4149 auditam
2217 4079 2676 4180 praedicatio-

174 4178 297 4253 nem
340 4168 521 4239 verbi
573 4170 686 4239 Dei
736 4169 835 4239 sic
882 4168 1010 4239 fuit
1057 4169 1142 4238 ad
1193 4168 1475 4239 meliora
1520 4189 1915 4250 conversus,
1971 4180 2046 4237 ut
2094 4179 2322 4259 potius
2371 4181 2667 4238 veterem

179 4267 230 4315 ¹11
270 4274 335 4323 se
377 4256 724 4327 hominem
774 4258 1112 4349 deponere
1157 4257 1549 4340 decreverit,
1588 4279 1797 4344 seque
1832 4256 2108 4347 penitus
2136 4256 2221 4325 ad
2256 4257 2675 4348 apostolicae

218 4411 236 4435 ⁸
251 4412 405 4457 Beatus
423 4420 688 4461 declaratus
707 4420 800 4459 ruit
818 4421 874 4462 ab
893 4420 1078 4461 Urbano
1097 4420 1208 4460 vm
1225 4419 1301 4461 die
1330 4428 1416 4460 xxi
1451 4418 1735 4468 septembris
1769 4427 1999 4467 mmxxxz
2031 4419 2230 4461 Sanctus
2260 4427 2375 4460 vero
2404 4418 2463 4459 ab
2481 4419 2676 4458 Alexan·

182 4458 244 4504 ‘¹⁸⁰
258 4467 362 4517 Vm,
377 4473 449 4515 dio
468 4484 545 4516 xvi
566 4477 656 4515 oct.
680 4482 847 4514 uncxc.
