3327 4999
206 368 321 435 EX
369 366 589 433 SEPT.
641 366 682 431 3
1044 380 1123 431 nn
1169 383 1226 431 S.
1278 382 1563 433 uncto
1608 382 1913 433 ssmscoro
2442 428 2451 439 ,
2531 363 2663 432 633

206 489 350 538 non
409 488 518 536 me
571 464 853 536 illorum
906 464 1169 536 meritis
1227 487 1459 556 parem
1528 477 1781 537 temere
1826 467 2162 537 assevero
2215 465 2408 549 Quod
2460 465 2518 537 si
2582 487 2741 537 vero

206 556 631 629 successoris
682 575 934 626 nomen
984 554 1159 624 ferre
1203 576 1340 625 non
1392 556 1694 646 potestis,
1747 555 1836 626 sit
1874 576 2040 625 sane
2086 568 2485 645 cooperator
2516 576 2736 626 meus,

203 652 438 736 Neque
483 665 595 716 me
632 644 883 737 putetis
928 643 1123 714 vobis
1155 645 1502 716 absentem
1550 645 1696 715 fore
1718 645 1840 734 qui
1868 644 2139 714 tametsi
2186 643 2272 714 ad
2296 643 2493 721 .alios
2541 642 2743 715 insti-

205 734 500 807 tuendos
538 734 958 826 proficiscor,
1010 755 1147 803 non
1198 744 1425 804 tamen
1464 746 1653 805 extra
1700 735 1881 805 hanc
1928 733 2296 805 dioecesim
2336 755 2745 806 excessurus

203 847 390 898 sum.
445 829 585 895 Non
648 824 849 915 longe
894 844 934 893 a
999 822 1191 893 vobis
1237 824 1476 893 abero:
1546 824 1606 894 si
1652 825 1813 913 quis
1856 844 2062 894 casus
2107 822 2427 905 evenerit,
2500 823 2735 894 licebit

200 912 482 986 consilii
526 915 738 984 causa
773 911 862 983 ad
897 933 1008 983 me
1052 912 1409 983 accedere:
1460 914 1586 985 ubi
1630 926 1698 983 et
1744 935 1870 1004 pro
1914 912 2214 1005 peccatis
2251 912 2494 984 vestris
2524 912 2742 984 inter-

198 1024 573 1085 cessorem,
625 1014 690 1074 et
736 1002 1050 1073 omnium
1099 1023 1274 1091 quae
1319 1002 1511 1075 vobis
1571 1003 1958 1073 necessaria
2016 1003 2193 1084 sint,
2245 1022 2559 1091 quaeque
2620 1023 2741 1074 vos

198 1104 487 1186 angant,
533 1102 720 1163 tanto
767 1090 1104 1161 solicitius
1152 1113 1523 1162 memorem
1574 1091 1940 1173 habebitis,
1984 1103 2243 1180 quanto
2288 1112 2405 1163 ero
2452 1114 2493 1161 a
2552 1091 2742 1163 curis

197 1182 661 1275 popularibus
709 1180 1053 1263 remotior,
1105 1193 1170 1251 et
1208 1194 1563 1272 propterea
1621 1181 1709 1252 ad
1757 1182 1992 1252 divina
2038 1180 2573 1272 contemplanda
2618 1203 2735 1251 ex-

196 1273 502 1365 peditior
544 1285 611 1341 et
654 1269 1027 1340 studiosior
1070 1269 1125 1340 ⁴.
1180 1270 1355 1342 Olim
1397 1276 1659 1362 Moyses
1708 1272 1777 1342 in
1831 1282 2060 1342 monte
2099 1271 2341 1353 stabat,
2372 1283 2438 1341 et
2484 1270 2742 1341 Israele

190 1383 358 1433 cum
392 1359 833 1431 Amalechitis
880 1371 1254 1453 pugnante,
1309 1382 1445 1429 non
1480 1361 1718 1441 armis,
1760 1359 1880 1431 sed
1929 1360 2253 1451 precibus
2285 1359 2610 1443 certabat,
2646 1360 2743 1431 ef-

192 1452 633 1538 ficiebatque,
701 1460 779 1519 ut
824 1461 1013 1520 tanto
1058 1461 1237 1522 esset
1284 1449 1349 1520 in
1398 1450 1729 1521 conflictu
1779 1450 2202 1521 Israeliticus
2269 1448 2573 1541 populus
2623 1472 2741 1521 su-

191 1541 447 1634 perior,
502 1550 760 1629 quanto
813 1539 962 1630 ipse
1019 1543 1149 1609 Deo
1212 1539 1280 1608 in
1344 1539 1653 1610 oratione
1705 1539 1947 1632 propin
2003 1540 2179 1620 uior‚
2238 1550 2305 1609 et
2350 1561 2393 1609 a
2440 1540 2735 1631 strepitu

190 1630 688 1723 praeliantium
727 1628 1072 1698 remotior.
1107 1633 1184 1698 Et
1232 1628 1429 1711 mihi,
1481 1628 1900 1713 charissimi,
2004 1628 2412 1700 eliberatum
2459 1627 2740 1699 estillic

191 1721 474 1810 divinae
506 1717 1070 1809 contemplationi
1115 1719 1441 1790 attentius
1489 1718 1868 1801 inhaerere,
1907 1718 2027 1789 ubi
2078 1739 2185 1788 me
2233 1717 2580 1789 seculares
2627 1729 2740 1788 tu-

191 1809 464 1880 multus
522 1807 807 1877 minime
868 1807 1344 1879 interturbent.
1397 1807 1491 1878 Ad
1560 1807 1740 1878 hanc
1804 1830 1948 1878 rem
2007 1830 2118 1878 me
2181 1807 2422 1878 incitat
2484 1807 2729 1877 beatus

196 1900 516 1969 Joannes
561 1896 862 1988 Baptista
906 1896 1030 1985 qui
1075 1897 1278 1967 etiam
1330 1898 1403 1968 in
1452 1910 1682 1968 tenera
1749 1909 1965 1968 aetate
2028 1896 2275 1968 maluit
2335 1897 2515 1967 inter
2558 1895 2738 1967 feras

204 1988 484 2080 degere,
526 1998 592 2057 et
638 2007 878 2056 earum
927 1986 1083 2056 cibo
1122 1987 1326 2070 vesci,
1379 2008 1591 2076 quam
1632 1986 1820 2079 apud
1870 2008 2032 2059 suos
2078 2007 2358 2057 manere
2404 1986 2609 2068 cives,
2661 2006 2748 2056 ne

208 2077 313 2147 vel
352 2078 571 2147 otioso
619 2096 931 2148 sermone
979 2096 1052 2146 se
1097 2076 1617 2147 contaminaret.
1672 2077 1903 2148 Habeo
1949 2076 2156 2147 etiam
2202 2075 2289 2146 ad
2323 2076 2504 2146 hanc
2536 2074 2746 2145 vitam

206 2167 566 2269 egregium
615 2164 863 2236 ducem
916 2170 1234 2255 moysem,
1285 2165 1401 2236 cui
1445 2166 1750 2259 optatius
1795 2165 1924 2237 fuit
1970 2165 2042 2236 in
2102 2176 2294 2237 vasta
2354 2166 2585 2235 eremo
2639 2163 2746 2234 di-

204 2256 388 2327 vinis
435 2254 574 2325 frui
619 2254 1005 2343 colloquiiS,
1055 2276 1265 2343 quam
1315 2255 1796 2347 Aegyptiorum
1826 2255 2080 2347 opibus
2123 2267 2190 2326 et
2236 2254 2503 2325 deliciis
2548 2275 2746 2325 ener-

192 2344 377 2422 vari.
425 2342 607 2415 Elias
637 2366 912 2432 quoque
956 2358 1023 2414 ct
1068 2344 1354 2427 Eliseus,
1401 2345 1788 2433 caeterique
1846 2344 2243 2437 Prophetae,
2298 2343 2526 2417 studio
2572 2364 2742 2414 con-

203 2432 674 2525 templationis
722 2434 1031 2527 insignes
1056 2433 1259 2504 etiam
1293 2439 1508 2527 Reges
1539 2433 1983 2507 domuerunt.
2023 2433 2390 2517 Abraham,
2425 2431 2742 2505 omnium

206 2535 404 2617 pater
448 2522 876 2595 credentium
926 2524 1063 2595 fide
1108 2524 1409 2608 effectus,
1462 2524 1599 2595 huc
1648 2547 1760 2595 me
1790 2525 2053 2608 invitat,
2106 2525 2311 2616 cujus
2349 2524 2498 2613 jam
2546 2535 2748 2594 antea

200 2624 483 2684 secutus
520 2613 937 2705 exemplum,
991 2624 1381 2706 contempto
1429 2613 1642 2684 natali
1690 2612 1857 2696 solo,
1914 2636 2022 2684 res
2068 2612 2565 2702 facultatesque
2590 2633 2739 2683 om-

197 2725 323 2774 nes
370 2703 614 2794 abjeci.
670 2704 972 2791 Denique
1019 2703 1243 2795 ipsius
1290 2703 1562 2774 Domini
1612 2702 1980 2774 salvatoris
2020 2703 2334 2795 exemplo
2383 2723 2737 2795 provocor,

195 2792 318 2882 qui
366 2815 526 2864 cum
580 2793 923 2863 teterrimo
971 2793 1166 2864 hoste
1211 2793 1685 2875 conflicturuS,
1740 2792 2092 2864 solitarius
2129 2792 2214 2863 ad
2268 2813 2578 2864 eremum
2621 2791 2741 2861 ab·

197 2882 461 2954 scessit.
507 2884 716 2973 Cujus
767 2882 1239 2953 misericordia
1278 2894 1343 2952 et
1390 2881 1815 2974 benignitate
1862 2883 2131 2953 utinam
2181 2881 2324 2964 fiat,
2359 2893 2437 2953 ut
2482 2893 2549 2952 et
2609 2901 2736 2972 ego

195 2971 342 3041 illic
393 2972 694 3062 improbi
742 2970 958 3041 hostis
991 2970 1269 3042 fraudes
1320 2984 1685 3064 proterere,
1736 2971 1823 3042 de
1860 2972 2004 3042 illic
2052 2970 2497 3043 instituendis
2543 2969 2742 3040 lucra

193 3060 578 3141 cumulare,
630 3073 696 3130 et
742 3071 1002 3131 vestrae
1027 3060 1233 3131 saluti
1264 3062 1436 3131 meis
1518 3062 1792 3133 recibus
1824 3061 2089 3150 aliquid
2123 3060 2440 3134 utilitatis
2472 3059 2743 3130 adferre

191 3171 518 3237 queam.»
548 3153 651 3219 Ita
686 3150 929 3220 beatus
976 3149 1342 3221 Remaclus
1365 3151 1453 3220 do
1484 3173 1635 3222 ores
1675 3174 1963 3222 suorum
2006 3151 2265 3233 lenivit,
2299 3161 2365 3221 et
2391 3149 2738 3239 querimo-

197 3238 351 3307 nias
398 3237 682 3320 sedavit,
714 3260 815 3307 .ac
845 3237 1096 3309 deinde
1142 3261 1270 3309 suo
1320 3241 1612 3331 perrexit
1657 3241 1926 3311 itinere.

282 3327 322 3483 Ῠ
387 3330 526 3399 18.
578 3332 940 3415 Postquam
991 3340 1220 3398 autem
1269 3351 1348 3398 ea
1381 3351 1489 3399 res
1532 3329 1854 3410 innotuit,
1895 3341 2042 3400 tum
2094 3350 2332 3421 prope,
2382 3340 2531 3399 tum
2580 3349 2743 3420 pro-

194 3437 286 3485 cu
360 3414 769 3506 degentibus
818 3416 1161 3508 religiosis
1207 3418 1394 3499 viris,
1449 3439 1749 3506 quorum
1817 3424 1997 3488 Deus
2043 3419 2313 3490 animos
2372 3417 2734 3511 permovit,

193 3526 314 3574 coe
408 3514 569 3574 runt
614 3505 923 3606 undique
961 3506 1047 3576 ad
1095 3528 1252 3576 eum
1304 3529 1431 3577 ceu
1479 3529 1645 3598 apes
1677 3506 1761 3576 ad
1812 3506 2111 3577 alvearia
2157 3507 2528 3589 confluere,
2563 3529 2740 3577 non-

195 3592 316 3663 nul
357 3593 375 3663 i
424 3615 496 3665 se
541 3595 1033 3686 omnipotentis
1083 3595 1196 3665 Dei
1258 3597 1566 3667 servituti
1632 3595 1992 3677 addicere,
2060 3606 2128 3666 et
2182 3595 2312 3665 levi
2362 3594 2734 3666 Salvatoris

183 3683 359 3774 jugo
405 3682 580 3753 colla
630 3704 1059 3775 supponere:
1110 3684 1395 3773 quidam
1458 3685 1712 3757 liberos
1767 3706 1932 3755 suos
2002 3683 2448 3767 liberalibuS,
2514 3684 2732 3755 immo

193 3794 354 3873 vero
394 3773 791 3845 monasticis
837 3773 1253 3846 imbuendos
1298 3773 1713 3866 disciplinis,
1755 3785 1959 3863 atque
1988 3772 2131 3844 illic
2179 3772 2445 3844 Christo
2493 3795 2734 3876 perpe-

194 3872 317 3931 tim
368 3863 738 3934 servituros
783 3863 1060 3933 offerre:
1120 3863 1318 3934 multi
1366 3862 1452 3933 de
1499 3864 1647 3934 suis
1711 3862 2158 3935 facultatibus
2204 3875 2271 3933 et
2317 3862 2728 3945 redditibuS,

196 3952 455 4023 sanctis
505 3952 890 4024 necessaria
924 3952 1340 4024 ministrare.
1379 3958 1563 4023 Inter
1593 3975 1771 4042 quos
1817 3954 2022 4023 etiam
2073 3951 2403 4023 dominus
2432 3964 2498 4023 et
2546 3965 2740 4043 pater

196 4040 583 4132 Papolenus
630 4041 717 4111 ad
765 4063 925 4113 eum
960 4041 1302 4114 invisendi
1350 4042 1631 4131 quidem
1681 4046 1891 4112 causa
1922 4042 2127 4123 venit,
2176 4041 2295 4113 sed
2321 4041 2473 4132 ejus
2503 4042 2740 4113 inhae-

197 4150 344 4198 rere
395 4130 808 4222 magisterio,
909 4153 1070 4202 uam
1121 4130 1405 4202 domum
1475 4131 1721 4213 redire,
1795 4131 2059 4201 maluit.
2124 4135 2498 4222 Susceptus
2544 4142 2647 4202 est
2692 4154 2733 4201 a

195 4217 391 4289 beato
438 4221 760 4292 Remaclo
806 4243 846 4291 o
898 4221 1330 4302 iciosissime,
1382 4234 1449 4292 et
1495 4221 1659 4292 vixit
1705 4221 1893 4312 apud
1924 4242 2082 4291 eum
2133 4220 2284 4291 sine
2328 4221 2729 4291 offensione:

199 4307 456 4408 qui-que
485 4309 937 4382 instruendus
983 4332 1063 4382 eo
1102 4322 1398 4393 venerat,
1449 4332 1600 4381 com
1658 4310 1844 4381 lures
1891 4311 2037 4384 suis
2083 4309 2416 4403 exemplis
2463 4309 2549 4380 ad
2599 4309 2738 4379 vir-

202 4407 366 4466 tutis
413 4399 722 4471 studium
769 4400 1101 4471 incitavit.
1146 4404 1443 4471 Cernens
1488 4401 1557 4470 id
1741 4413 1850 4473 tus
1916 4399 2306 4483 Remaclus,
2358 4420 2735 4488 secumque

247 4512 273 4539 ⁸
300 4514 577 4559 &emmone
596 4519 722 4561 vitae
740 4519 789 4561 et
808 4520 1225 4572 contemplationis
1244 4519 1604 4563 commendato.
