3327 4999
626 315 759 389 476
1554 333 1633 380 na
1681 334 1737 382 S.
1790 331 2074 382 nii-aona
2732 312 2956 379 MART
2983 280 3092 380 '25

537 411 1123 503 quemadmodum
1152 413 1409 487 Paulus
1446 425 1822 503 utrumque
1854 412 2289 485 monstravit:
2344 414 2593 494 Omni&
2638 411 2883 499 inquit,
2923 416 3093 482 Pon·

540 506 719 594 tifeoe
754 506 876 596 qui
902 505 985 574 de
1012 504 1386 573 hominibus
1417 506 1772 593 accipitur,
1794 526 1929 661 ¹{wo
1961 503 2338 573 hominibus
2382 503 2711 571 statuitur
2746 500 2947 589 (Heb.
2979 499 3082 657 ‘U'

540 593 735 663 Unde
768 593 1236 665 necessarium
1283 603 1385 662 est
1421 603 1486 662 et
1531 592 1743 662 istum
1844 591 2047 662 abere
2077 590 2343 678 aliquid
2389 589 2576 678 quod
2624 590 2887 660 offerat.
2920 593 2996 657 Vl
3051 610 3087 657 e

532 692 1080 762 sacramentum,
1129 686 1295 751 Eece
1340 680 1489 771 ipse
1536 702 1609 751 se
1655 681 1873 750 offert.
1914 685 1991 749 Et
2037 679 2205 749 alibi
2250 679 2379 748 ait:
2432 681 2608 762 Quia
2638 679 2944 750 Christus
2979 700 3087 746 se-

538 772 675 839 mel
719 772 982 840 oblatus
1017 773 1384 839 multorum
1415 770 1694 839 abstulit
1715 779 2000 860 peccata
2023 768 2218 858 (Heb.
2256 767 2375 856 ιι).
2429 772 2599 837 Ecce
2648 767 2761 836 bie
2808 764 3085 836 oblatus

540 869 666 937 est,
723 858 819 927 ibi
879 880 951 927 se
996 857 1265 928 obtulit.
1321 856 1521 927 Vides
1565 856 2156 959 quemadmodum
2216 856 2347 926 fuit
2397 866 2465 926 et
2511 853 2960 935 sacrificium,
3020 864 3086 923 et

541 946 888 1029 sacerdos,
930 958 996 1017 et
1041 946 1257 1016 altare
1298 968 1468 1016 crux
1516 946 1696 1017 fuit?

628 1036 665 1121 ξ
725 1038 815 1106 8.
870 1039 947 1103 Et
1002 1056 1238 1122 quare,
1288 1034 1583 1122 inquies,
1644 1055 1782 1103 non
1831 1035 1903 1103 in
1953 1034 2210 1124 templo
2256 1032 2678 1105 sacrificium
2719 1030 2896 1101 illud
2931 1052 3085 1121 pro-

539 1121 928 1203 ferebatur,
993 1123 1112 1194 sed
1181 1122 1365 1194 foras
1411 1122 1801 1193 civitatem?
1867 1127 1949 1192 Ut
1993 1122 2170 1194 illud
2238 1121 2641 1212 impleretur
2673 1174 2689 1202 ‚
2752 1120 2920 1207 quia
2978 1119 3082 1187 in-

542 1223 645 1280 ter
708 1210 985 1299 iniquos
1049 1211 1419 1300 deputatus
1463 1224 1587 1281 est.
1655 1215 1733 1281 Et
1791 1212 1880 1281 ob
1936 1232 2146 1298 quam
2202 1231 2488 1280 causam
2556 1209 2626 1278 in
2686 1208 2955 1279 excelso
3005 1207 3079 1276 li·

545 1320 708 1390 gn0‚
752 1312 817 1369 et
869 1321 1006 1369 non
1074 1300 1203 1369 sub
1265 1310 1437 1370 tecto
1499 1299 1958 1370 immolatur?
2028 1303 2110 1369 Ut
2168 1299 2374 1370 etiam
2442 1298 2663 1389 ipsius
2727 1298 2909 1366 aeris
2967 1317 3086 1365 na·

542 1400 699 1459 tura
746 1387 1143 1458 mundetur.
1197 1393 1338 1459 Hac
1386 1389 1471 1458 de
1530 1410 1742 1459 causa
1788 1388 1859 1457 in
1906 1387 2171 1461 excelso
2217 1399 2283 1457 et
2331 1407 2469 1455 non
2518 1387 2652 1457 sub
2706 1397 2906 1468 tecto,
2964 1383 3081 1454 sed

545 1476 678 1547 sub
726 1476 937 1558 coelo,
1010 1488 1089 1546 ut
1153 1476 1522 1550 universus
1576 1479 1697 1547 aer
1749 1476 1820 1546 in
1867 1470 2132 1546 excelso
2193 1474 2590 1547 immolatae
2635 1474 2781 1544 ovis
2829 1495 2871 1543 a
2920 1485 3087 1542 tetro

542 1564 752 1636 odore
809 1565 1205 1636 mundetur.
1261 1564 1388 1635 Sed
1454 1576 1519 1635 et
1577 1577 1757 1636 terra
1814 1564 2039 1637 simile
2092 1563 2508 1634 beneficium
2571 1562 2909 1634 sentiebat
2972 1562 3088 1631 de·
3156 1595 3162 1599 ·

542 1654 732 1723 cursi
779 1653 863 1723 de
911 1653 1118 1724 latere
1165 1653 1528 1745 sanguinis
1563 1653 1935 1724 stillatione
1998 1653 2365 1723 mundata:
2419 1651 2572 1721 ideo
2619 1671 2755 1721 non
2808 1650 2941 1719 sub
2992 1663 3086 1720 te-

540 1752 673 1824 cto,
718 1763 855 1811 non
891 1742 961 1811 in
1013 1743 1267 1843 templo
1311 1741 1627 1823 Judaico,
1683 1763 1770 1811 ne
1815 1741 2064 1812 Judaei
2103 1741 2586 1812 subtraherent
2632 1739 3082 1820 sacrificium,

540 1841 607 1899 et
655 1830 932 1903 sibimet
978 1830 1440 1900 vendlcarent.
1494 1836 1587 1900 Ne
1633 1840 1914 1921 putares
1970 1850 2095 1920 pro
2156 1828 2278 1898 illa
2323 1839 2590 1898 tantum
2648 1827 2847 1917 plebe
2892 1826 3086 1897 obla-

546 1929 738 2000 tum,
815 1919 971 1988 ideo
1029 1918 1213 1989 foras
1256 1918 1599 1989 civitatem
1627 1974 1643 2001 ‚
1705 1918 1858 1989 ideo
1904 1917 2088 1987 foras
2134 1938 2406 1999 muroS,
2464 1928 2544 1986 ut
2589 1915 2773 1986 scias
2818 1914 3090 1985 sacrifl-

541 2006 731 2077 cium
781 2028 931 2078 esse
994 2027 1366 2077 commune
1397 2006 1582 2095 quod
1631 2007 1838 2077 totius
1896 2017 2114 2076 terrae
2159 2004 2415 2076 oblatio
2460 2003 2645 2092 quod
2694 2004 3091 2080 communis

541 2095 945 2185 deplorem,
982 2116 1119 2165 non
1166 2095 1404 2186 partiS‚
1469 2095 1651 2165 sicut
1692 2095 1978 2167 Judaeis
2023 2093 2549 2165 consuetudinis
2594 2091 2749 2163 fuit.
2799 2092 3087 2163 Judaeis

540 2184 796 2254 etenim
844 2183 997 2254 ideo
1034 2183 1246 2273 jussit
1276 2205 1552 2254 omnem
1588 2194 1839 2255 terram
1875 2188 2054 2253 Deus
2099 2182 2466 2263 dimittere,
2521 2191 2587 2251 et
2619 2203 2763 2251 uno
2807 2179 2882 2250 in
2933 2180 3086 2251 loco

542 2271 966 2342 sacrificium
1014 2284 1219 2360 atque
1277 2271 1696 2344 oblationem
1755 2271 2132 2342 celebrare:
2204 2270 2369 2359 quia
2418 2282 2581 2340 tunc
2627 2267 2859 2339 omnis
2909 2280 3091 2339 terra

542 2360 912 2430 immunda
957 2358 1088 2432 fuit
1133 2360 1325 2431 fumo
1352 2416 1367 2442 ,
1418 2372 1484 2431 et
1529 2361 1780 2443 odore,
1849 2371 1916 2431 et
1960 2359 2099 2429 alia
2142 2358 2730 2430 contaminatione
2776 2356 3083 2448 polluta,

540 2469 717 2538 quae
747 2470 828 2519 ex
875 2449 1235 2522 sacrificiis
1281 2449 1593 2541 gentium
1643 2470 1854 2542 super
1883 2448 2108 2540 ipsam
2141 2447 2691 2519 celebrabantur.
2727 2446 2937 2517 Nobis
2959 2469 3086 2518 au-

540 2549 675 2608 tem
725 2539 1055 2626 quoniam
1105 2539 1416 2612 Christus
1461 2538 1836 2609 adveniens
1881 2558 2157 2608 omnem
2194 2547 2443 2607 terram
2473 2536 2901 2617 emundavit,
2936 2557 3089 2606 om-

541 2627 653 2695 nis
690 2626 883 2698 locus
928 2626 1219 2698 orationi
1247 2639 1475 2698 vacat:
1514 2627 1665 2697 ideo
1690 2627 1945 2698 Paulus
1973 2646 2133 2697 cum
2175 2625 2367 2696 omni
2392 2624 2814 2694 confidentia
2845 2625 3091 2694 exhor-

541 2725 747 2795 tatur,
799 2714 1078 2785 dicens:
1144 2719 1296 2786 Volo
1324 2739 1481 2807 erqo
1511 2739 1708 2786 orare
1735 2718 1913 2786 viros
1947 2717 2018 2784 in
2067 2717 2251 2784 omni
2292 2718 2452 2793 loco,
2518 2717 2816 2783 levantes
2843 2735 3089 2782 manus

540 2814 810 2873 sanctas
842 2804 905 2893 (l
961 2805 1123 2873 Tim.
1175 2804 1277 2893 n).
1331 2810 1500 2874 Ecce
1540 2817 1719 2874 totus
1767 2803 2077 2874 mundus
2121 2801 2544 2873 emundatus
2575 2812 2700 2882 est,
2752 2800 3092 2870 elementa

543 2902 835 2982 purgata
881 2902 1067 2972 sunt,
1101 2902 1181 2962 ut
1228 2892 1486 2979 ubique
1533 2891 1735 2962 nobis
1784 2896 1999 2962 Deum
2047 2890 2248 2961 liceat
2275 2889 2691 2982 praedicare,
2744 2900 2811 2958 et
2857 2889 3088 2960 omnis

541 2993 718 3049 terra
768 2979 1068 3050 sanctior
1106 2979 1224 3049 illo
1250 2978 1399 3050 loco
1427 2991 1530 3050 est
1556 2980 1679 3068 qui
1704 2979 1823 3049 illo
1852 2980 1924 3049 in
1960 2990 2264 3069 tempore
2297 2976 2829 3070 praedicabatur
2851 2989 3092 3046 sancta

541 3077 964 3138 sanctorum.
1018 3072 1184 3140 Nam
1235 3068 1333 3139 ibi
1382 3090 1592 3158 pecus
1639 3067 2039 3138 irrationale
2085 3067 2421 3147 oblatum,
2456 3065 2569 3134 hic
2617 3063 2930 3154 spiritale
2956 3065 3088 3133 im·

541 3154 878 3224 molatum
937 3166 1079 3225 est:
1128 3168 1193 3226 et
1256 3167 1441 3226 tanto
1505 3156 1732 3226 ma'us
1790 3170 1895 3227 est
1960 3156 2427 3238 sacrificium,
2498 3164 2758 3242 quanto
2816 3165 2884 3222 et
2928 3174 3089 3222 san-

541 3243 742 3401 gtitas
806 3241 891 3312 de
948 3257 1378 3315 sacramento
1443 3265 1606 3335 prae
1635 3256 1865 3325 ertur‚
1926 3243 2056 3314 hac
2117 3244 2204 3313 de
2263 3264 2477 3314 causa
2534 3241 2792 3311 laetitia
2852 3253 3085 3311 nostra

592 3353 718 3402 rux
764 3339 889 3401 est.

629 3421 667 3506 ἓ
729 3424 815 3493 4.
869 3418 983 3489 Vis
1027 3430 1364 3506 quantum
1429 3420 1628 3491 nobis
1690 3419 2104 3511 praestiterit
2163 3430 2229 3489 et
2286 3417 2570 3488 aliunde
2633 3417 3092 3489 condiscere?

543 3507 947 3580 Paradisum
982 3508 1292 3596 quinque
1323 3521 1389 3578 et
1433 3530 1513 3578 eo
1558 3508 1865 3599 amplius
1911 3529 2254 3577 annorum
2284 3506 2598 3578 millibus
2647 3506 3089 3597 praeclusum

542 3596 746 3666 hodie
794 3597 993 3667 nobis
1042 3597 1389 3687 patefecit:
1443 3597 1574 3667 hac
1618 3598 1808 3666 enim
1855 3594 1990 3676 die,
2034 3596 2166 3666 hac
2196 3597 2364 3664 hora
2394 3595 2728 3665 latronem
2780 3595 3092 3664 Christus

543 3684 615 3753 in
668 3684 1066 3775 paradisum
1116 3685 1516 3766 introduxit,
1578 3697 1644 3756 et
1705 3686 1856 3774 ejus
1919 3683 2367 3755 amoenitates
2431 3683 2752 3754 ostendit.
2821 3688 2899 3753 Et
2951 3704 3093 3753 uno

544 3784 848 3863 tempore
893 3773 1033 3844 duo
1063 3773 1396 3844 beneficia
1447 3774 1748 3843 vidimus
1779 3795 1929 3844 esse
1958 3794 2308 3843 concessa.
2352 3776 2604 3852 Unum,
2655 3770 2837 3857 quod
2893 3792 3093 3862 para-

543 3860 741 3931 disus
790 3861 1169 3951 patefactus
1203 3874 1342 3932 est:
1394 3861 1611 3942 aliud,
1665 3861 1849 3950 quod
1903 3860 2073 3932 latro
2104 3861 2175 3930 in
2202 3883 2364 3930 eum
2417 3859 2668 3930 meruit
2713 3858 3085 3930 introduci.

542 3949 890 4018 Hodierna
934 3949 1084 4019 dies
1130 3951 1485 4037 antiquam
1522 3950 1724 4021 nobis
1764 3949 2057 4039 patriam
2094 3947 2416 4030 reddidit,
2450 3960 2804 4038 paternam
2857 3947 3093 4016 eivita-

543 4048 677 4105 tem
724 4036 1045 4116 extendit,
1100 4037 1385 4108 domum
1452 4038 1816 4128 pristinam
1864 4037 2242 4108 redonavit.
2295 4037 2543 4116 Hodie,
2609 4055 2908 4122 namque
2968 4035 3085 4114 ait,

545 4147 804 4194 mecum
836 4128 967 4194 eris
1005 4128 1076 4194 in
1094 4127 1446 4216 paradiso.

635 4219 675 4294 ἓ
734 4217 825 4285 ὅ.
878 4213 1053 4296 Quid
1103 4213 1255 4283 ais?
1303 4213 1686 4285 Crucifixus
1732 4234 1846 4295 eS‚
1896 4214 2112 4284 clavis
2176 4211 2519 4295 retineris,
2570 4222 2637 4281 et
2687 4210 3090 4302 paradisum

547 4311 687 4371 tam
735 4300 935 4402 facile
982 4301 1384 4392 polliceris?
1443 4302 1644 4383 volo,
1698 4301 1966 4459 intluit,
2027 4315 2103 4372 ut
2150 4301 2220 4370 in
2271 4323 2476 4371 cruce
2535 4299 2805 4392 possint
2850 4320 3093 4369 omnes

548 4410 773 4460 meam
805 4390 1113 4460 invenire
1159 4389 1503 4471 virtutem,
1547 4402 1626 4460 ut
1673 4390 1743 4459 in
1821 4390 1985 4481 igno
2034 4411 2184 4460 mea
2224 4389 2507 4480 largitas
2553 4388 3086 4459 demonstretur.
