3327 4999
162 332 366 399 MART.
417 334 497 399 40
835 353 914 399 Μ.
962 352 1055 401 ss.
1108 351 1393 401 conano
1440 353 1518 400 m·
1563 351 1766 401 socns
1812 354 1929 403 un.
2460 341 2591 406 ’113

163 429 421 519 profanis
454 452 591 501 non
642 429 828 514 licet,
883 431 1134 518 inquit,
1176 432 1546 502 Codratus:
1602 454 1728 502 nec
1777 435 1930 524 eJus
1957 435 2262 526 cognitio
2310 460 2523 527 parva
2550 449 2677 520 est,

163 530 258 586 aut
295 518 480 588 facile
516 533 1002 609 comparatur:
1057 540 1280 606 neque
1332 541 1460 589 nos
1521 522 2023 610 permittemus,
2068 535 2147 594 ut
2195 523 2513 598 homines
2551 526 2687 594 im-

163 606 289 694 puri
329 606 539 676 sacris
604 607 1109 698 perspiciendis
1157 607 1638 678 admittantur.
1702 610 1826 679 His
1888 632 1960 681 se
2018 612 2232 684 Filius
2280 614 2400 682 Dei
2447 627 2691 705 sponte

165 694 433 782 subjecit,
489 706 568 764 ut
621 700 799 764 Deus
847 695 1029 766 idem
1062 707 1269 783 atque
1307 697 1516 766 homo
1548 709 1749 780 esset,
1785 709 1851 768 et
1897 711 1975 768 ut
2024 721 2150 770 nos
2182 722 2220 771 e
2266 700 2693 772 daemonum

163 783 413 872 eriperet
461 784 817 854 servitute.
881 790 981 853 Tu
1018 795 1249 864 autem
1298 785 1433 854 ista
1484 787 1601 854 tua
1652 790 1974 875 perversa
2031 788 2328 860 audacia
2376 790 2698 882 impieta-

167 868 235 939 tis
283 870 613 941 indicium
668 871 738 940 in
791 885 852 941 te
899 894 1157 941 moveS.
1201 877 1433 959 Neque
1479 874 1667 943 enim
1718 875 1814 943 im
1874 875 2163 946 robitate
2214 891 2331 947 tua
2383 879 2698 949 studium

162 969 432 1029 nostrum
484 960 906 1060 corrumpis.
960 966 1215 1030 Natura
1263 962 1447 1030 enim
1491 962 1755 1050 ubique
1860 963 2238 1046 ominatur,
2278 977 2344 1036 et
2390 967 2698 1038 actiones

155 1047 422 1116 serviunt
453 1047 817 1117 voluntati.
860 1071 896 1114 »
944 1048 1337 1119 Praefectus
1366 1062 1623 1132 autem,
1666 1062 1743 1120 ut
1790 1073 1831 1120 a
1865 1051 2116 1122 virtute
2149 1053 2443 1135 alienuS,
2484 1066 2552 1124 et
2592 1076 2702 1124 ve-

155 1133 341 1203 ritatis
386 1136 727 1205 rationem
779 1158 915 1205 non
966 1136 1188 1206 intelli
1240 1158 1387 1217 ens,
1443 1138 1804 1228 egregium
1857 1140 2112 1210 Christi
2165 1163 2439 1212 servum
2483 1142 2697 1243 virgis

152 1223 313 1291 caedi
349 1224 587 1312 jussit.
657 1224 952 1294 Ministri
998 1247 1158 1294 vero
1257 1225 1526 1295 omines
1581 1227 2045 1316 ignavissimi,
2102 1229 2314 1320 virgis
2362 1230 2686 1313 admotis,

152 1310 559 1381 cruciatuum
611 1312 1048 1383 immanitate
1095 1313 1515 1383 saeviebant.
1570 1319 1646 1384 At
1696 1315 2028 1386 Codratus
2061 1328 2559 1387 tormentorum
2589 1319 2694 1387 vi-

152 1409 295 1478 ctor,
346 1405 702 1490 «Ignoras,
739 1401 989 1487 inquit,
1015 1400 1379 1483 Praefecte‚
1416 1402 1749 1489 quicquid
1783 1426 1823 1472 a
1849 1403 2170 1474 violentia
2198 1406 2685 1496 proficiscitur,

149 1507 271 1556 osse
315 1488 743 1557 contrarium
796 1488 1120 1571 libertati,
1177 1511 1302 1559 nec
1350 1488 1570 1559 ullam
1621 1491 1709 1560 ad
1764 1492 2328 1581 persuadendum
2378 1494 2518 1564 vim
2566 1495 2692 1564 ob-

151 1574 385 1645 tinere?
432 1575 567 1658 Qui
597 1576 788 1645 enim
837 1578 1046 1667 cogit,
1102 1600 1174 1649 se
1222 1578 1559 1667 injustum
1610 1593 1817 1666 atque
1864 1580 2263 1671 improbum
2298 1604 2448 1652 csse
2478 1582 2696 1673 signi-

147 1661 322 1732 ficat:
363 1666 483 1750 qui
535 1686 697 1733 vero
746 1664 993 1734 suadet
1032 1677 1098 1734 et
1146 1664 1481 1747 hortatur,
1532 1667 1594 1736 is
1643 1688 1717 1738 se
1773 1683 2218 1739 mansuetum
2269 1671 2696 1740 humanum-

149 1772 264 1836 que
287 1751 611 1822 declarat.
654 1753 1114 1833 Quamobrem
1149 1776 1309 1823 cum
1360 1766 1423 1824 te
1473 1754 1747 1824 virtutis
1794 1769 2138 1847 expertem
2174 1758 2461 1839 indices,
2515 1759 2695 1828 indi·

149 1861 340 1927 gnum
387 1839 699 1911 ostendis
737 1841 852 1910 cui
900 1841 1074 1911 fides
1123 1841 1482 1912 habeatur.
1553 1848 1647 1912 Ne
1697 1857 1896 1933 putes
1954 1868 2079 1916 nos
2131 1859 2319 1916 metu
2371 1848 2695 1918 virtutem

151 1937 328 2014 atque
374 1928 803 1999 honestatem
851 1929 1272 2010 deserturos,
1326 1943 1447 2000 aut
1495 1952 1769 2001 morum
1824 1933 2215 2022 abjecturos
2262 1935 2690 2024 gravitatem.

152 2019 293 2084 Cum
349 2018 535 2085 enim
596 2015 847 2086 Christi
894 2017 1195 2088 studiosi
1244 2030 1696 2104 amantesque
1745 2020 1992 2103 simuS,
2046 2042 2205 2091 eum
2256 2022 2482 2091 solum
2534 2044 2698 2092 con-

151 2101 440 2174 fessionis
487 2105 909 2176 habebimus
956 2105 1371 2194 adjutorem.
1426 2111 1493 2174 Is
1542 2107 1744 2175 nobis
1791 2129 2164 2178 aerumnas
2211 2131 2450 2179 omnes
2502 2132 2697 2201 prae-

153 2191 422 2263 miorum
473 2214 601 2282 spe
640 2191 850 2262 leniet
880 2215 961 2262 ac
995 2193 1364 2284 mitigabit,
1405 2193 1818 2281 docebitque
1866 2217 2015 2276 nOS,
2054 2218 2193 2266 non
2242 2218 2394 2269 esse
2441 2197 2692 2266 ceden—

156 2278 296 2348 dum
341 2280 829 2350 adversariis.»
878 2287 1175 2351 Tantum
1226 2281 1297 2350 in
1346 2281 1679 2372 periculis
1728 2282 1945 2353 virtus
1976 2283 2173 2366 valet,
2201 2297 2266 2354 et
2314 2284 2479 2355 viris
2528 2307 2693 2356 con-

157 2369 466 2438 stantibus
516 2367 874 2458 praeclara
912 2370 1267 2459 proposita
1301 2382 1465 2439 sunt
1495 2371 1828 2459 praemia.

230 2457 263 2543 ἓ
320 2462 409 2529 Β.
463 2462 642 2526 Tum
707 2456 1098 2528 Praefectus
1164 2457 1374 2549 primi
1428 2457 1831 2528 fortitudine
1897 2459 2200 2540 territus,
2262 2460 2349 2530 ad
2397 2461 2694 2531 alterum

159 2564 281 2612 sese
330 2546 689 2626 convertit,
751 2556 816 2615 et
862 2545 1124 2616 blanda
1169 2546 1500 2634 dulcique
1548 2548 1861 2617 oratione
1909 2548 1982 2616 in
2034 2550 2443 2618 sententiam
2495 2570 2697 2620 suam

156 2630 464 2703 adducere
504 2634 915 2703 conabatur.
955 2634 1343 2724 Cyprianus
1383 2646 1613 2705 autem
1651 2635 2082 2717 adolescenS,
2120 2637 2439 2724 quamvis
2476 2638 2701 2726 primo

156 2719 532 2808 pubesceret
560 2722 803 2791 aetatis
855 2722 1044 2805 flore,
1099 2734 1330 2791 tamen
1382 2722 1722 2793 libertatis
1771 2723 2182 2812 dignitatem
2223 2724 2698 2805 considerans,

159 2828 285 2877 sese
307 2811 387 2879 ad
441 2810 890 2900 perferendos
919 2811 1618 2901 cruciatusparabat.
1657 2817 1737 2880 Et
1766 2812 2099 2882 Codratus
2129 2812 2242 2882 hic
2276 2813 2438 2882 item
2468 2812 2706 2882 animo

158 2895 230 2964 ad
273 2898 617 2967 Christum
668 2900 1074 2988 properans,
1129 2898 1337 2969 sociis
1378 2900 1755 2988 generosis,
1811 2913 2132 2987 recteque
2178 2922 2415 2971 secum
2461 2923 2540 2970 ac
2591 2901 2707 2991 pie

159 2985 588 3057 sentientibus
654 2985 949 3056 consilia
1008 2987 1301 3077 tempori
1349 2987 1830 3056 convenientia
1878 2990 2332 3089 suggerebat:
2388 2994 2697 3069 «MoneO,

157 3070 476 3159 inquiens,
532 3095 677 3154 vos,
743 3095 784 3142 o
846 3096 1081 3143 rerum
1132 3074 1767 3165 pulcherrimarum
1825 3077 2017 3156 socii,
2074 3089 2153 3147 ut
2214 3077 2696 3158 memineritiS,

159 3179 341 3245 quam
388 3160 614 3231 multa
662 3162 856 3231 vobis
911 3163 1095 3232 bona
1144 3163 1497 3253 proposita
1544 3164 1707 3243 sint,
1750 3175 1896 3233 tum
1947 3165 2208 3265 gloriae
2268 3176 2547 3255 propter
2595 3187 2703 3234 re-

160 3244 488 3337 ligionem,
544 3262 693 3318 tum
743 3250 1051 3330 honoris,
1105 3272 1311 3338 quem
1361 3273 1402 3320 a
1450 3255 1582 3320 Deo
1641 3253 2179 3339 consequimini,
2227 3264 2377 3323 tum
2424 3252 2693 3333 auxilii,

161 3336 322 3421 quod
351 3338 545 3407 vobis
593 3360 635 3406 a
683 3338 949 3409 Christo
997 3337 1082 3406 de
1114 3338 1325 3409 coelis
1354 3361 1680 3429 praesens
1714 3339 1956 3421 aderit,
1996 3341 2068 3409 in
2105 3341 2485 3429 primisque
2514 3340 2701 3427 quod

162 3428 305 3493 Jesu
347 3425 828 3495 misericordia
874 3425 1073 3516 digni
1120 3426 1636 3497 existimemini.
1698 3434 1893 3497 Nunc
1942 3428 2155 3518 igitur
2201 3429 2420 3498 virtus
2466 3427 2703 3529 explo-

164 3512 358 3582 randa
401 3525 534 3583 est:
592 3535 779 3583 nunc
811 3525 1086 3605 tempus
1136 3514 1461 3605 postulat,
1499 3528 1576 3585 ut
1626 3537 1743 3585 vos
1792 3515 2052 3603 majore
2101 3516 2350 3607 dignos
2397 3516 2702 3587 admira-

166 3597 325 3669 tione
369 3601 779 3692 praebeatiS,
832 3613 911 3672 ut
960 3603 1177 3672 alacri
1224 3603 1459 3672 animo
1509 3603 1731 3695 legem
1773 3603 2237 3761 adimpleatis,
2301 3617 2379 3676 ut
2426 3626 2704 3675 morum

165 3701 520 3759 vestrorum
571 3690 926 3779 specimen
985 3690 1187 3772 detis,
1238 3704 1319 3761 ut
1365 3713 1440 3761 re
1487 3691 1638 3782 ipsa
1702 3703 1906 3779 atque
1987 3694 2159 3762 actis
2208 3692 2704 3783 professionem

166 3788 433 3846 vestram
464 3778 973 3868 comprobetis:
1029 3801 1218 3849 nunc
1264 3778 1428 3848 boni
1477 3802 1519 3847 a
1571 3780 1774 3848 malis
1821 3780 2341 3851 discernentur:
2396 3803 2583 3851 nunc
2633 3780 2705 3849 in

168 3865 615 3935 conservanda
665 3866 913 3957 pietate
951 3866 1270 3937 custodia
1307 3867 1529 3955 major
1575 3867 1995 3939 adhibenda.
2029 3875 2286 3952 Cavete,
2325 3892 2409 3940 ne
2442 3868 2709 3959 dispari

171 3970 416 4022 morum
465 3955 731 4023 ratione
778 3954 1226 4046 discrepetis:
1281 3955 1400 4025 sed
1450 3956 1767 4026 eamdem
1807 3956 2083 4045 pietatis
2131 3979 2448 4028 normam
2482 3956 2711 4057 sequi-

173 4039 347 4117 mini,
389 4054 467 4111 ut
510 4042 633 4129 qui
663 4064 704 4111 a
750 4042 873 4111 tali
922 4048 1053 4113 Deo
1093 4042 1467 4132 Judicandi
1497 4043 1673 4113 sitis.
1714 4044 2002 4116 Virtutis
2042 4046 2225 4116 viam
2262 4068 2345 4117 ne
2374 4045 2708 4115 deseratis

175 4128 277 4210 qui
293 4129 578 4220 jamjam
614 4151 777 4200 cum
827 4129 1093 4200 Christo
1145 4130 1427 4221 perfecti
1473 4133 1639 4201 estis
1689 4131 1933 4202 futuri.
1974 4139 2188 4204 Deum
2240 4135 2500 4205 bonum
2526 4134 2712 4203 bona

179 4230 379 4286 mente
405 4219 868 4307 comprobate.
906 4218 1121 4288 Nolite
1144 4232 1423 4311 propter
1462 4220 1999 4292 adolescentiam
2037 4223 2708 4315 ignaviaesuccum-

181 4296 336 4373 bere.
358 4306 653 4396 Cogitate
676 4307 744 4375 in
769 4305 1036 4376 foribus
1052 4330 1201 4379 esse
1222 4320 1595 4391 certamen,
1623 4321 1691 4378 et
1709 4310 2061 4398 juventuti
2087 4333 2207 4402 pro
2230 4311 2500 4402 pietate,
2529 4330 2709 4397 quae

187 4405 289 4461 nos
305 4397 434 4462 Deo
452 4416 578 4464 con
575 4394 707 4486 jun
715 4394 781 4485 gi
795 4406 836 4474 t,
848 4395 1155 4484 pericula
1163 4397 1486 4486 jucunda
1502 4419 1654 4468 esse
1674 4397 1946 4483 debere,
1960 4400 2077 4473 cui
2099 4401 2277 4471 vires
2301 4421 2433 4489 sup
2443 4408 2704 4488 petunt,

316 4512 548 4571 surius
579 4541 607 4557 -
657 4509 816 4572 Vitae
842 4508 951 4573 88.
985 4542 1010 4557 -
1036 4511 1163 4571 Vol.
1212 4513 1312 4574 ῘΠ.
2514 4515 2553 4575 8
