3327 4999
616 335 747 399 256
1509 350 1590 397 nn
1638 350 1696 397 s.
1748 347 2128 398 ‘rusornANss
2716 327 2965 392 MART.
3022 326 3107 393 42

528 430 1025 501 duodecimum
1055 440 1323 499 tantum
1351 430 1591 499 aetatis
1620 449 1888 499 annum
1910 427 2257 518 exegerat)
2286 424 2628 496 illustrem
2656 425 2961 516 puellam
2992 447 3107 495 ac·

524 519 709 611 cepit
737 541 1048 589 uxorem.
1084 518 1212 588 Sed
1248 539 1410 587 cum
1442 540 1685 588 omnes
1711 516 1798 586 ad
1830 516 2270 596 hilaritatem,
2312 514 2780 600 laetitiamque
2859 513 3100 595 rosusi‚

529 609 936 698 nuptiarum
986 605 1381 676 convivium
1456 606 1930 686 celebrarent,
1985 625 2182 673 mens
2225 616 2452 672 tamen
2502 601 2819 701 illius-re
2868 624 2952 673 us
3000 601 3108 671 di-

526 696 709 767 vinis
744 717 997 765 vacans
1043 706 1109 764 et
1156 692 1375 763 animi
1424 695 1862 784 propositum
1909 693 2184 781 explere
2248 691 2583 781 cupiens,
2639 690 2931 759 minime
2977 692 3107 762 ob-

526 785 972 854 tundebatur.
1029 788 1232 853 Nocte
1273 792 1504 850 autem
1538 803 1703 851 cum
1753 782 1824 850 in
1864 780 2190 851 cubiculo
2236 793 2416 849 esset
2463 801 2620 847 cum
2675 800 2933 869 sponsa
2974 799 3106 848 sua

526 885 594 941 et
625 874 695 941 in
747 871 998 941 lectulo
1046 869 1433 940 consideret
1481 882 1545 939 et
1581 880 1717 941 toto
1766 870 2000 938 animo
2049 890 2158 938 res
2191 868 2464 936 divinas
2505 867 2817 956 agitaret,
2872 867 3105 957 suspi-

529 961 634 1031 rio
683 960 1002 1029 indicans
1050 958 1473 1028 desiderium
1528 980 1738 1027 suum
1770 1012 1785 1038 ‚
1842 958 1940 1029 sic
1987 978 2141 1027 eam
2217 956 2480 1041 alloqui
2550 977 2938 1055 aggressus·
2969 967 3096 1026 est:

532 1048 781 1118 «Vitae
828 1047 1260 1117 curriculum
1298 1100 1313 1128 ,
1367 1046 1619 1136 conjux
1653 1100 1670 1127 ,
1742 1057 1819 1116 ut
1872 1046 2201 1115 omnibus
2250 1058 2456 1135 patet,
2508 1065 2838 1131 exiguum
2885 1055 2989 1113 est
3032 1055 3101 1114 et

536 1137 906 1205 incertum.
961 1140 1171 1205 Nemo
1217 1134 1403 1203 enim
1452 1134 1850 1205 mortalium
1902 1134 2111 1213 novit,
2167 1132 2449 1219 quando
2499 1154 2685 1202 mors
2733 1131 2822 1202 sit
2867 1153 3103 1202 acces-

535 1247 723 1305 sura,
772 1245 1036 1310 nosque
1083 1224 1247 1292 hinc
1296 1223 1383 1291 ad
1432 1223 1746 1292 futurum
1798 1221 1974 1291 illud
1995 1221 2346 1311 judicium
2393 1220 2580 1307 quod
2628 1220 2954 1290 omnibus
2998 1231 3102 1290 est

534 1334 932 1393 commune,
988 1311 1393 1380 dimissura:
1431 1310 1501 1378 in
1543 1332 1682 1397 quo
1713 1332 1944 1379 rerum
1972 1323 2321 1400 gestarum
2371 1309 2546 1379 ratio
2595 1310 2849 1380 severis
2884 1330 3100 1395 quae-

536 1400 880 1471 stionibus
919 1399 1272 1469 reddenda
1319 1400 1488 1475 erit,
1540 1421 1705 1469 cum
1754 1398 2077 1489 imparati
2131 1419 2663 1484 nonnumquam
2711 1410 2777 1467 et
2827 1397 3100 1487 magnis

535 1502 976 1579 peccatorum
1024 1487 1331 1557 cumulis
1377 1487 1677 1567 onerati,
1732 1486 1899 1556 illuc
1947 1487 2264 1555 homines
2314 1487 2697 1575 rapiantur,
2753 1498 2819 1555 et
2863 1506 3101 1555 rerum

587 1590 1052 1646 rocreatarum
1105 1575 1628 1666 pulchritudine
1691 1574 2008 1665 spoliati,
2062 1575 2380 1643 omnium
2419 1574 2858 1643 cruciatuum
2908 1595 3103 1643 acer-

535 1600 770 1745 finale,
817 1675 1022 1750 atque
1050 1664 1207 1754 igne
1234 1663 1694 1733 conficientur
1740 1663 2298 1753 sempiternotet
2329 1684 2493 1731 cum
2543 1662 2725 1731 bona
2757 1661 3102 1749 quaedam

534 1753 808 1843 exigua,
863 1755 923 1821 si
974 1765 1202 1820 tamen
1252 1751 1547 1820 dicenda
1595 1764 1759 1820 sunt
1793 1752 1973 1821 bona
2022 1773 2199 1837 quae
2248 1752 2477 1840 specie
2526 1763 2794 1821 tantum
2843 1762 2910 1819 et
2955 1750 3104 1841 opi·

538 1842 747 1911 nione
794 1851 958 1909 sunt
1002 1839 1372 1929 ejusmodi,
1427 1840 1902 1929 possederint,
1957 1839 2592 1908 innumerabilibus
2652 1851 3107 1925 torqueantur

538 1928 1054 2000 calamitatibus
1100 1949 1277 2015 quae
1339 1940 1557 1998 morte
1621 1941 1786 1997 sunt
1834 1928 1988 2019 ipsa
2052 1927 2254 2016 longe
2323 1927 2696 2017 graviores.
2749 1934 2963 2012 Atque
3027 1938 3106 1996 ut

539 2018 817 2087 interim
856 2027 1115 2085 taceam
1161 2037 1373 2101 quam
1425 2015 1658 2086 brevia
1707 2017 1875 2086 haec
1925 2016 2065 2086 sint
2110 2028 2313 2101 atque
2364 2015 2737 2096 instabilia,
2792 2015 3099 2095 divitiae,

539 2106 677 2176 nisi
727 2115 906 2174 recte
952 2103 1092 2174 illis
1141 2104 1382 2184 utaris,
1434 2105 1761 2174 vitiorum
1826 2105 2050 2193 magis
2098 2126 2308 2191 quam
2359 2105 2695 2173 virtutum
2744 2103 3108 2174 ministrae

543 2206 707 2265 sunt
753 2205 819 2262 et
852 2192 1231 2262 multorum
1283 2192 1558 2263 insidiis
1588 2193 1926 2262 obnoxiae
1964 2205 2029 2261 et
2076 2206 2448 2279 antequam
2498 2205 2735 2282 partae
2783 2192 2946 2272 sint,
3000 2192 3108 2260 di·

541 2282 897 2351 labuntur.
943 2280 1121 2363 Quid
1173 2280 1325 2369 ipsa
1371 2282 1681 2371 corporis
1746 2280 2194 2371 pulchritudo
2242 2302 2421 2367 quae
2468 2292 2737 2351 constat
2800 2302 2882 2350 ex
2928 2302 3106 2368 qua-

541 2370 704 2439 dam
752 2369 1004 2440 coloris
1078 2369 1451 2448 suavitate,
1509 2383 1715 2455 atque
1761 2381 1923 2458 apta
1986 2369 2214 2459 figura
2273 2368 2774 2450 membrorum,
2830 2389 2969 2437 non
3020 2389 3110 2439 ne

540 2458 646 2528 vel
696 2471 1002 2549 tempore
1061 2457 1512 2548 extinguitur,
1570 2457 1672 2526 vel
1752 2457 1991 2527 morbo
2061 2457 2497 2528 deflorescit?
2564 2464 2718 2528 ,lam
2795 2456 3112 2528 humana

541 2546 764 2639 gloria
809 2547 977 2634 quid
1029 2546 1307 2615 inanius
1338 2600 1358 2625 ,
1420 2567 1460 2614 o
1509 2546 1763 2635 conjux
1833 2547 2293 2627 charissima,
2362 2546 2767 2636 praesertim
2816 2546 2875 2616 si
2941 2568 3110 2616 cum

542 2649 819 2705 aeterna
859 2634 978 2704 illa
1023 2656 1235 2719 quam
1281 2655 1404 2703 nec
1452 2634 1700 2703 oculus
1748 2633 1940 2715 vidit,
1990 2656 2117 2703 nec
2165 2635 2358 2703 auris
2404 2635 2691 2715 audivit,
2743 2656 2896 2704 com
2955 2657 3110 2704 are-

542 2728 703 2795 tur?
740 2729 930 2792 Hanc
978 2723 1100 2808 qui
1152 2743 1353 2790 mane
1399 2721 1693 2811 adeptus
1740 2735 1878 2804 est,
1934 2723 2254 2812 ignorat,
2309 2745 2399 2791 an
2449 2723 2538 2792 sit
2583 2745 2807 2809 usque
2853 2746 2894 2792 a
2992 2745 3111 2793 ve-

541 2834 817 2903 speram
849 2830 1328 2901 permansura.
1365 2811 1828 2892 Quamobrem
1872 2810 2046 2880 nihil
2094 2822 2218 2892 est,
2257 2834 2384 2881 cur
2422 2824 2827 2882 numeretur
2873 2811 2944 2880 in
2983 2812 3110 2881 bo·

542 2901 677 2969 nis.
731 2904 917 2981 Quae
962 2920 1125 2967 cum
1158 2898 1249 2966 ita
1274 2898 1436 2978 sint,
1485 2899 1542 2967 si
1568 2898 1862 2980 videtur,
1917 2912 2207 2969 naturae
2256 2898 2526 2989 legibus
2581 2899 3103 2978 renunciantes,

542 2988 762 3058 nostri
800 2986 985 3076 juris
1031 2985 1276 3064 simus,
1312 2986 1772 3073 coelestiaque
1809 3000 2241 3077 spectemus:
2276 3002 2342 3058 et
2387 3009 2565 3074 quae
2602 3001 2933 3079 perpetuo
2969 3010 3111 3058 non

547 3086 978 3167 permanent,
1032 3075 1372 3164 promptis
1421 3075 1677 3145 animis
1715 3074 2114 3161 reficiamus
2145 3090 2211 3146 et
2257 3098 2735 3166 aspernemur.
2762 3100 2798 3143 »

632 3166 669 3251 ξ
715 3169 805 3235 5.
860 3168 1040 3232 Haec
1073 3176 1280 3249 atque
1309 3163 1445 3232 alia
1473 3163 1693 3233 multa
1741 3098 1857 3232 ille
1904 3185 2190 3253 corpore
2226 3165 2531 3252 juvenis,
2568 3165 2687 3235 sed
2739 3164 3115 3256 prudentia

550 3273 756 3321 senex
806 3252 1241 3337 loquebatur,
1295 3275 1460 3321 cum
1524 3274 1703 3341 pura
1772 3265 1976 3339 atque
2041 3252 2308 3342 integra
2374 3253 2624 3323 Christi
2668 3253 2997 3324 columba
3044 3265 3114 3321 et

548 3352 778 3411 turtur
824 3339 1224 3410 solitudinis
1253 3351 1319 3408 et
1355 3339 1690 3410 castitatis
1736 3340 2057 3430 cupidior
2102 3362 2314 3428 quam
2364 3342 2794 3431 nuptiarum,
2860 3340 3115 3410 Christi

546 3449 782 3497 amore
829 3449 1163 3499 succensa
1207 3440 1274 3497 et
1312 3428 1723 3498 muliebrem
1774 3450 2116 3519 superans
2176 3428 2673 3509 infirmitatem,
2710 3452 2791 3501 ac
2840 3451 2990 3500 sese
3036 3429 3111 3499 in

551 3516 903 3596 omnibus,
960 3538 1137 3603 quae
1203 3516 1490 3587 honesta
1536 3528 1791 3592 essent.
1843 3539 2100 3608 sponso
2148 3539 2276 3587 suo
2324 3518 2584 3588 sociam
2634 3518 2777 3588 sore
2823 3517 3114 3618 promit-

546 3616 719 3685 tenS‚
774 3605 867 3673 ita
923 3604 1317 3694 respondit:
1366 3627 1401 3671 «
1436 3605 1645 3675 Multo
1675 3605 2139 3696 praestantius
2184 3617 2309 3686 est,
2363 3628 2615 3697 sponse
2644 3607 3059 3677 charissime
3090 3661 3109 3687 ,

545 3692 961 3782 virginitatis
1026 3692 1622 3783 pulchritudinem
1701 3715 1974 3784 semper
2021 3694 2360 3784 integram
2422 3716 2830 3765 conservare
2896 3715 3114 3782 quam

543 3803 695 3850 eam
750 3783 1052 3851 maxima
1095 3804 1177 3851 ex
1226 3794 1419 3871 parte
1450 3803 1918 3872 corrumpere.
1972 3783 2142 3864 Quis
2174 3796 2408 3853 autem
2442 3783 2584 3853 fore
2632 3783 2994 3874 spondeat,
3031 3795 3113 3854 ut

544 3869 666 3955 qui
716 3869 881 3938 huic
931 3869 1105 3939 vitae
1181 3871 1490 3941 serviunt
1534 3884 1599 3940 et
1646 3870 1886 3940 liberis
1933 3892 2218 3960 operam
2282 3870 2451 3940 dant
2483 3927 2500 3953 ‚
2572 3872 2704 3941 voti
2760 3882 3117 3962 compotes

546 3958 686 4027 sint
732 3956 996 4026 futuri?
1043 3964 1187 4028 Non
1239 3980 1324 4027 ne
1372 3959 1590 4029 satius
1635 3972 1760 4041 est,
1793 3972 1871 4029 ut
1917 3958 2113 4028 inani
2147 3980 2270 4049 spe
2316 3959 2679 4050 repudiata
2723 3981 2905 4047 quae
2930 3972 3118 4030 certa

546 4058 735 4125 sunt,
788 4068 939 4115 com
1000 4045 1383 4116 lectamur?
1432 4052 1657 4137 Longe
1721 4046 2146 4118 laudabilius
2192 4059 2327 4129 est,
2391 4060 2468 4117 ut
2515 4049 2660 4118 leve
2707 4049 2957 4118 Christi
2997 4048 3118 4137 ju·

548 4156 718 4224 gum
749 4135 837 4203 ab
886 4157 925 4202 a
979 4134 1349 4206 olescentia
1398 4136 1798 4217 subeuntes,
1867 4135 2292 4206 beatitudine
2339 4157 2517 4223 quae
2563 4137 2725 4206 inde
2772 4138 3116 4224 sequitur,

549 4243 675 4291 nos
722 4220 973 4312 dignos
1022 4236 1454 4313 praestemus
1499 4245 1715 4310 quam
1759 4236 1838 4294 ut
1886 4225 2093 4293 rebus
2134 4224 2284 4293 istis
2336 4225 2621 4295 caducis
2668 4237 2735 4295 et
2781 4226 3120 4295 inanibus

548 4309 740 4379 omni
790 4311 1021 4380 studio
1096 4310 1619 4388 incumbentes,
1685 4312 1970 4402 pessimi
2030 4313 2534 4402 reperiamur.»
2570 4318 2750 4383 Haec
2797 4313 2919 4383 illa
2952 4334 3121 4384 cum

547 4398 857 4482 dixisset,
911 4400 1271 4490 obstupuit
1326 4398 1774 4470 adolescens:
1839 4413 2282 4492 superaverat
2349 4402 2536 4472 enim
2585 4423 2863 4473 omnem
2912 4424 3119 4475 suam
