3327 4999
723 283 852 347 698
1162 300 1241 347 na
1286 299 1349 347 a.
1398 297 1629 348 sacono
1677 299 2012 349 Aramo
2058 299 2204 348 om).
2257 297 2622 348 mammen.
2694 282 2801 349 EX
2846 282 3021 350 OCT.
3081 286 3173 352 Η»

635 405 936 473 cumque
988 383 1454 476 perquisisset,
1508 385 1875 475 cujusnam
1929 397 2129 468 esset,
2167 383 2430 456 audivit
2473 407 2624 455 esse
2672 385 2852 456 beati
2889 386 3171 470 Jacobi,

635 473 978 544 Bononiae
1032 495 1254 565 nuper
1298 473 1617 555 extincti,
1683 474 2071 545 admirabili
2139 474 2492 546 sanctitate
2544 473 2691 546 viri.
2757 477 2958 566 cujus
3019 499 3181 546 me-

635 563 788 635 ritis
829 564 1045 634 multa
1084 562 1397 654 prodigia
1431 568 1606 634 Deus
1634 563 1884 634 ederet.
1932 568 1998 634 Is
2021 565 2171 656 jam
2204 563 2441 633 multis
2488 564 2689 634 annis
2735 563 3002 656 ingenti
3045 565 3182 636 do—

638 652 783 724 lore
828 652 1074 744 capitis
1122 653 1567 734 laboraverat,
1604 664 1792 724 tanto
1820 653 2125 742 quidem,
2178 665 2253 724 ut
2295 675 2500 745 saepe
2529 652 3024 745 suspicaretur,
3081 677 3181 726 ne

636 752 932 813 mentem
979 742 1341 813 amitteret.
1386 743 1605 845 Igitur
1651 743 1800 834 spei
1854 741 2101 835 plenus
2146 755 2211 818 et
2255 741 2442 824 fidei,
2495 743 2770 813 beatum
2814 746 3171 816 Iacobum

641 845 961 923 precatus
1004 843 1127 913 est,
1181 843 1258 902 ut
1315 831 1446 903 sib1
1513 831 1911 923 adjumento
1957 843 2155 904 esset.
2217 831 2444 903 Adfuit
2492 831 2636 912 ille,
2690 855 2769 901 ac
2826 832 3173 904 diuturna

638 920 1030 991 valetudine
1062 943 1193 1011 sup
1247 920 1446 992 licem
1501 944 1707 992 suum
1767 922 2099 992 liberavit.
2151 920 2516 1011 Dionysius
2565 922 2848 1009 quidam
2899 927 3174 993 Lucen-

650 1011 747 1080 sis
819 944 1404 1110 filiumthassebat
1464 1010 1806 1081 Bononiae
1851 1011 2148 1103 graviter
2192 1021 2653 1101 aegrotantem
2689 1065 2705 1093 ‚
2757 1020 2834 1081 ut
2878 1010 2963 1081 de
3010 1014 3171 1102 ejus

639 1099 859 1169 salute
909 1098 1156 1169 medici
1201 1100 1663 1191 desperarent.
1726 1099 1820 1169 Ad
1876 1100 2267 1192 sepulcrum
2322 1098 2501 1171 beati
2545 1100 2783 1170 Jacobi
2843 1103 3160 1182 accessit,

637 1203 703 1258 et
750 1187 972 1257 filium
1023 1188 1124 1258 illi
1171 1211 1378 1260 suum
1425 1189 1949 1261 commendavit.
2003 1194 2214 1273 Quem
2265 1188 2551 1260 domum
2590 1211 2927 1270 reversuS‚
2977 1191 3171 1261 inco-

639 1277 894 1347 lumem
945 1278 1233 1369 reperit,
1285 1288 1350 1350 et
1394 1301 1555 1348 cum
1604 1278 1867 1370 ingenti
1912 1279 2165 1371 gaudio
2212 1276 2300 1347 ad
2347 1278 2583 1350 aedem
2635 1278 2776 1352 divi
2824 1280 3171 1350 Dominici

636 1366 936 1450 redienS‚
988 1379 1053 1438 et
1100 1390 1351 1459 magna
1399 1389 1557 1439 voce
1606 1373 1819 1439 Deum
1875 1368 2189 1449 laudans,
2246 1367 2484 1439 multis
2522 1367 2970 1440 audientibus
3033 1369 3169 1438 im-

638 1469 972 1548 petratam
1033 1478 1233 1548 opem
1282 1467 1565 1528 testatus
1618 1469 1742 1528 est.

726 1548 763 1633 §
807 1550 959 1619 1¹).
1018 1545 1251 1616 Puella
1303 1546 1573 1618 Antonii
1633 1546 1927 1618 tonsoris
1995 1547 2064 1616 in
2130 1544 2368 1616 eadem
2422 1545 2690 1617 civitate
2748 1546 2955 1616 vitam
3006 1568 3168 1616 -mo-

639 1635 977 1705 nasticam
1039 1636 1106 1705 in
1157 1635 1566 1706 monasterio
1624 1636 1819 1706 divae
1876 1636 2149 1727 Agnetis
2202 1657 2437 1725 agenS,
2474 1637 2622 1725 jam
2681 1635 2903 1707 tribus
2952 1635 3165 1708 annis

640 1747 917 1817 gravem
952 1724 1197 1816 eapitis
1244 1725 1546 1795 dolorem
1596 1748 1801 1815 passa
1847 1724 2089 1795 fuerat.
2144 1724 2322 1794 Beati
2380 1725 2620 1795 Jacobi
2663 1746 2860 1815 opem
2912 1724 3169 1827 implo-

642 1814 860 1894 ravit,
914 1826 981 1884 et
1044 1824 1282 1884 sanata
1352 1827 1475 1885 est.
1551 1813 1808 1885 Nobilis
1862 1814 1930 1883 in
1988 1815 2225 1885 eadem
2280 1814 2547 1884 civitate
2598 1828 2954 1897 matrona,
3013 1836 3162 1905 Jam

639 1902 815 1974 duos
854 1902 1000 1974 dies
1050 1914 1287 1993 partus
1346 1904 1699 1974 doloribus
1750 1925 1908 1974 cum
1965 1926 2214 1995 magno
2273 1903 2443 1973 vitae
2493 1903 2893 1973 discrimine
2928 1915 3167 1973 vexata

638 1991 881 2062 suerat.
920 1992 1364 2063 Hortantibus
1410 1993 1913 2073 obstetricibus,
1953 2004 2028 2062 ut
2075 1993 2348 2063 beatum
2394 1993 2734 2062 Jacobum
2786 1992 3160 2074 invocaret,

640 2095 898 2169 quanta
946 2082 1165 2184 potuit
1211 2103 1371 2152 voce
1417 2081 1829 2173 imploravit,
1865 2093 1931 2152 et
1959 2082 2275 2152 exaudita
2323 2095 2444 2151 est.
2492 2082 2816 2151 Eamdem
2855 2103 3055 2183 opem
3093 2083 3162 2151 in

641 2170 854 2241 simili
898 2170 1299 2241 discrimine
1349 2171 1649 2262 plebejae
1699 2171 1974 2243 mulieri
2019 2172 2266 2252 attulit,
2325 2182 2390 2240 et
2435 2171 2810 2241 Calcaresio
2855 2171 2988 2240 civi
3041 2176 3166 2241 Bo-

644 2260 985 2341 noniensi,
1037 2260 1156 2348 qui
1205 2273 1447 2352 captus
1495 2260 1713 2332 oculis
1743 2315 1759 2342 ,
1814 2260 1984 2330 nihil
2035 2262 2374 2341 cernebat,
2428 2261 2654 2331 visum
2704 2260 3043 2330 restituit:
3097 2272 3160 2331 et

644 2349 1008 2420 Mutinensi
1060 2350 1334 2420 cuidam
1369 2404 1384 2432 ,
1436 2351 1556 2437 qui
1595 2350 1766 2420 tanti
1814 2349 2132 2422 beneficii
2183 2372 2466 2431 memor,
2524 2362 2882 2442 argenteos
2927 2350 3162 2422 oculos

643 2438 926 2531 ipsemet
962 2439 1047 2510 ad
1099 2441 1247 2530 eJus
1296 2439 1688 2532 sepulcrum
1742 2440 2113 2510 Bononiam
2168 2438 2467 2532 pertulit:
2518 2453 2585 2511 et
2628 2438 2908 2510 cuidam
2948 2439 3159 2512 caleis

641 2529 911 2612 artifici,
945 2530 1063 2619 qui
1111 2530 1389 2602 oculum
1442 2530 1532 2601 ita
1575 2529 1761 2600 calce
1807 2528 2219 2621 oppleverat,
2260 2543 2336 2600 ut
2375 2552 2495 2620 per
2525 2529 2778 2601 multos
2810 2529 2959 2600 dies
2992 2529 3159 2601 nihil

644 2619 804 2689 inde
855 2642 1136 2712 prorsus
1180 2632 1508 2690 cerneret.
1563 2624 1629 2689 Is
1675 2619 1858 2689 enim
1907 2619 1992 2689 ad
2033 2619 2213 2690 beati
2260 2620 2500 2689 Jacobi
2552 2619 2952 2711 sepulcrum
3004 2643 3154 2711 pro-

641 2707 882 2792 fectuS,
939 2709 1341 2800 priusquam
1397 2708 1729 2799 templum
1780 2708 2273 2799 ingrederetur,
2329 2707 2641 2800 depulsis
2689 2709 3026 2791 tenebriS‚
3060 2700 3152 2778 vi-

642 2822 795 2869 sum
849 2798 1124 2900 recepit.
1179 2797 1433 2868 Ancilla
1484 2796 1848 2887 cujusdam
1895 2810 2248 2867 matronae
2286 2797 2757 2881 BononiensiS,
2794 2798 3156 2871 brachium

638 2887 763 2957 diu
810 2887 1191 2958 invalidum
1235 2910 1312 2957 ac
1344 2887 1585 2956 inutile
1638 2886 1990 2957 habuerat.
2043 2888 2338 2958 Accessit
2377 2887 2461 2956 ad
2493 2888 2643 2958 e'us
2675 2888 3047 2967 tumulum,
3091 2899 3155 2956 et

639 2976 923 3047 brachio
958 2976 1197 3066 tetigit:
1254 2989 1596 3045 momento
1654 2977 1980 3065 temporis
2029 2976 2395 3064 pristinum
2450 2999 2523 3047 ro
2574 2999 2660 3047 ur
2707 2976 3150 3068 recuperavit.

640 3064 931 3148 Quidam
985 3065 1431 3136 Bononiensis
1477 3064 1955 3147 aromatarius‚
1999 3065 2407 3136 diuturnum
2443 3067 2514 3136 in
2550 3066 2790 3158 lingua
2835 3065 3152 3135 morbum

640 3176 891 3245 passus
935 3151 1179 3234 fuerat,
1233 3154 1333 3224 sic
1382 3167 1456 3223 ut
1502 3151 1914 3226 difficillime
1960 3166 2023 3225 et
2070 3177 2229 3225 cum
2282 3177 2534 3247 magno
2581 3155 2897 3225 cruciatu
2929 3154 3162 3225 cibum

638 3255 935 3334 caperet.
982 3243 1169 3314 Vovit
1218 3243 1277 3313 is
1323 3256 1715 3335 argenteam
1751 3244 1946 3315 beato
1991 3245 2247 3315 Iacobo
2295 3243 2632 3336 linguam,
2666 3245 2726 3315 si
2774 3245 2971 3314 dirus
3015 3244 3165 3332 ejus

640 3332 969 3425 suffragio
1018 3333 1302 3404 morbus
1333 3355 1372 3402 a
1421 3356 1493 3403 se
1535 3334 1620 3403 de
1672 3332 2010 3406 elleretur.
2067 3340 2212 3405 Mox
2263 3333 2590 3406 liberatus
2635 3345 2758 3415 est,
2812 3346 2881 3404 et
2924 3333 3160 3404 eodem

638 3421 772 3505 die,
831 3422 1014 3510 quod
1066 3435 1357 3505 voverat,
1427 3445 1622 3514 perso
1654 3423 1769 3494 vit.
2305 3463 2323 3489 .

726 3515 762 3602 ξ
812 3516 980 3585 81).
1036 3516 1224 3582 Anno
1277 3512 1641 3585 millesimo
1689 3512 2260 3605 quingentesimo,
2319 3534 2555 3584 mense
2617 3512 3012 3595 Februario,
3065 3514 3155 3581 vir

638 3602 922 3690 quidam
972 3602 1395 3693 hydropicus
1442 3602 1527 3672 ad
1579 3603 1760 3673 idem
1810 3603 2204 3694 sepulcrum
2256 3625 2415 3672 cum
2465 3624 2676 3673 uxore
2723 3602 2931 3686 venit,
2961 3614 3038 3672 ut
3073 3598 3150 3671 ibi

634 3704 787 3761 vota
840 3692 1283 3782 persolveret:
1336 3692 1457 3779 qui
1525 3692 1915 3763 affirmabat
1961 3715 2032 3762 se
2081 3692 2445 3783 implorata
2492 3692 2673 3763 beati
2718 3692 2959 3762 Jacobi
3007 3712 3147 3783 ope,

636 3780 989 3868 quatridui
1022 3782 1263 3872 spatio,
1303 3780 1454 3851 diro
1487 3791 1550 3850 et
1597 3781 1853 3851 exitiali
1897 3782 2134 3851 morbo
2174 3793 2518 3851 sanatum.
2576 3782 2812 3850 Finem
2865 3780 3152 3870 profecto

639 3892 773 3938 non
825 3870 1174 3940 inveniam
1214 3870 1273 3940 si
1320 3882 1569 3941 cuncta
1601 3869 1918 3962 persequi
1948 3870 2174 3941 velim.
2217 3872 2342 3941 Sed
2380 3871 2572 3950 haec,
2615 3870 2683 3939 ni
2736 3869 2960 3952 fallor,
2999 3871 3155 3940 satis

638 3981 787 4028 esse
833 3959 1048 4029 videri
1090 3974 1401 4050 possunt,
1437 3982 1613 4047 quae
1659 3959 1788 4029 viri
1836 3960 2005 4030 tanti
2046 3960 2233 4050 apud
2284 3966 2494 4030 Deum
2549 3960 2788 4030 merita
2820 3972 2886 4029 et
2916 3959 3156 4029 sancti-

645 4059 846 4119 tatem
881 4049 1202 4121 eximiam
1245 4049 1521 4121 abunde
1562 4050 1794 4122 testari
1829 4061 2108 4139 queant.
