<?xml version="1.0" encoding="UTF-8"?>
<!DOCTYPE html PUBLIC "-//W3C//DTD XHTML 1.0 Transitional//EN"
    "http://www.w3.org/TR/xhtml1/DTD/xhtml1-transitional.dtd">
<html xmlns="http://www.w3.org/1999/xhtml" xml:lang="en" lang="en">
 <head>
  <title>
</title>
<meta http-equiv="Content-Type" content="text/html;charset=utf-8" />
  <meta name='ocr-system' content='tesseract 3.04.00' />
  <meta name='ocr-capabilities' content='ocr_page ocr_carea ocr_par ocr_line ocrx_word'/>
</head>
<body>
  <div class='ocr_page' id='page_1' title='image "./historiaeseuvit04lippgoog_0352.png"; bbox 0 0 3327 4999; ppageno 0'>
   <div class='ocr_carea' id='block_1_1' title="bbox 693 289 3164 356">
    <p class='ocr_par' dir='ltr' id='par_1_1' title="bbox 693 289 3164 356">
     <span class='ocr_line' id='line_1_1' title="bbox 693 289 3164 356; baseline -0 0"><span class='ocrx_word' id='word_1_1' title='bbox 693 289 820 356; x_wconf 89' lang='grc'><strong>338</strong></span> <span class='ocrx_word' id='word_1_2' title='bbox 1489 307 1570 353; x_wconf 70' lang='lat' dir='ltr'><strong>nn</strong></span> <span class='ocrx_word' id='word_1_3' title='bbox 1617 307 1674 353; x_wconf 90' lang='lat' dir='ltr'><strong>s.</strong></span> <span class='ocrx_word' id='word_1_4' title='bbox 1730 305 2057 354; x_wconf 64' lang='lat' dir='ltr'><strong>cnm-nnnc</strong></span> <span class='ocrx_word' id='word_1_5' title='bbox 2105 306 2274 354; x_wconf 74' lang='lat' dir='ltr'><strong>vnio.</strong></span> <span class='ocrx_word' id='word_1_6' title='bbox 2769 289 3019 355; x_wconf 73' lang='lat' dir='ltr'><strong>MART.</strong></span> <span class='ocrx_word' id='word_1_7' title='bbox 3081 291 3164 355; x_wconf 81' lang='grc' dir='ltr'><strong>Π</strong></span> 
     </span>
    </p>
   </div>
   <div class='ocr_carea' id='block_1_2' title="bbox 601 389 3176 4393">
    <p class='ocr_par' dir='ltr' id='par_1_2' title="bbox 601 389 3165 1636">
     <span class='ocr_line' id='line_1_2' title="bbox 601 389 3155 477; baseline 0 -15"><span class='ocrx_word' id='word_1_8' title='bbox 601 414 777 474; x_wconf 88' lang='lat' dir='ltr'><strong>eam,</strong></span> <span class='ocrx_word' id='word_1_9' title='bbox 833 402 909 462; x_wconf 89' lang='lat' dir='ltr'><strong>ut</strong></span> <span class='ocrx_word' id='word_1_10' title='bbox 955 391 1089 461; x_wconf 87' lang='lat' dir='ltr'><strong>sibi</strong></span> <span class='ocrx_word' id='word_1_11' title='bbox 1134 404 1199 461; x_wconf 90' lang='lat' dir='ltr'><strong>et</strong></span> <span class='ocrx_word' id='word_1_12' title='bbox 1245 389 1451 471; x_wconf 83' lang='lat' dir='ltr'><strong>filiae,</strong></span> <span class='ocrx_word' id='word_1_13' title='bbox 1488 390 1872 477; x_wconf 81' lang='lat' dir='ltr'><strong>Christique</strong></span> <span class='ocrx_word' id='word_1_14' title='bbox 1920 390 2222 460; x_wconf 87' lang='lat' dir='ltr'><strong>familiae</strong></span> <span class='ocrx_word' id='word_1_15' title='bbox 2251 390 2662 460; x_wconf 90' lang='lat' dir='ltr'><strong>coenobium</strong></span> <span class='ocrx_word' id='word_1_16' title='bbox 2693 405 3155 462; x_wconf 80' lang='lat' dir='ltr'><strong>construeret.</strong></span> 
     </span>
     <span class='ocr_line' id='line_1_3' title="bbox 602 479 3155 571; baseline 0 -20"><span class='ocrx_word' id='word_1_17' title='bbox 602 488 973 568; x_wconf 88' lang='lat' dir='ltr'><strong>Postquam</strong></span> <span class='ocrx_word' id='word_1_18' title='bbox 1022 480 1235 571; x_wconf 90' lang='lat' dir='ltr'><strong>igitur</strong></span> <span class='ocrx_word' id='word_1_19' title='bbox 1281 504 1321 549; x_wconf 85' lang='lat' dir='ltr'><strong>a</strong></span> <span class='ocrx_word' id='word_1_20' title='bbox 1369 493 1605 549; x_wconf 89' lang='lat' dir='ltr'><strong>sancto</strong></span> <span class='ocrx_word' id='word_1_21' title='bbox 1655 479 1990 570; x_wconf 81' lang='lat' dir='ltr'>Episcopo</span> <span class='ocrx_word' id='word_1_22' title='bbox 2040 502 2183 549; x_wconf 90' lang='lat' dir='ltr'><strong>rem</strong></span> <span class='ocrx_word' id='word_1_23' title='bbox 2241 480 2327 549; x_wconf 93' lang='lat' dir='ltr'><strong>ad</strong></span> <span class='ocrx_word' id='word_1_24' title='bbox 2394 480 2789 549; x_wconf 87' lang='lat' dir='ltr'><strong>animarum</strong></span> <span class='ocrx_word' id='word_1_25' title='bbox 2853 480 3155 551; x_wconf 87' lang='lat' dir='ltr'><strong>salutem</strong></span> 
     </span>
     <span class='ocr_line' id='line_1_4' title="bbox 604 567 3156 663; baseline -0 -23"><span class='ocrx_word' id='word_1_26' title='bbox 604 572 1060 663; x_wconf 81' lang='lat' dir='ltr'><strong>pertinentem</strong></span> <span class='ocrx_word' id='word_1_27' title='bbox 1110 568 1372 649; x_wconf 86' lang='lat' dir='ltr'><strong>didicit,</strong></span> <span class='ocrx_word' id='word_1_28' title='bbox 1422 590 1575 638; x_wconf 80' lang='lat' dir='ltr'><strong>mox</strong></span> <span class='ocrx_word' id='word_1_29' title='bbox 1625 591 1818 639; x_wconf 88' lang='lat' dir='ltr'><strong>sacro</strong></span> <span class='ocrx_word' id='word_1_30' title='bbox 1866 591 2023 638; x_wconf 91' lang='lat' dir='ltr'><strong>acce</strong></span> <span class='ocrx_word' id='word_1_31' title='bbox 2079 581 2143 638; x_wconf 93' lang='lat' dir='ltr'><strong>to</strong></span> <span class='ocrx_word' id='word_1_32' title='bbox 2192 567 2553 649; x_wconf 88' lang='lat' dir='ltr'><strong>velamine,</strong></span> <span class='ocrx_word' id='word_1_33' title='bbox 2597 568 2954 638; x_wconf 81' lang='lat' dir='ltr'><strong>facultates</strong></span> <span class='ocrx_word' id='word_1_34' title='bbox 2986 592 3156 639; x_wconf 87' lang='lat' dir='ltr'><strong>suas</strong></span> 
     </span>
     <span class='ocr_line' id='line_1_5' title="bbox 604 657 3158 745; baseline -0.001 -15"><span class='ocrx_word' id='word_1_35' title='bbox 604 681 867 741; x_wconf 77' lang='lat' dir='ltr'><strong>ornneS,</strong></span> <span class='ocrx_word' id='word_1_36' title='bbox 904 680 1114 745; x_wconf 89' lang='lat' dir='ltr'><strong>seque</strong></span> <span class='ocrx_word' id='word_1_37' title='bbox 1162 663 1293 728; x_wconf 91' lang='lat' dir='ltr'><strong>Deo</strong></span> <span class='ocrx_word' id='word_1_38' title='bbox 1340 658 1610 727; x_wconf 89' lang='lat' dir='ltr'><strong>obtulit.</strong></span> <span class='ocrx_word' id='word_1_39' title='bbox 1647 663 1778 728; x_wconf 87' lang='lat' dir='ltr'><strong>Res</strong></span> <span class='ocrx_word' id='word_1_40' title='bbox 1802 680 1882 727; x_wconf 87' lang='lat' dir='ltr'><strong>ea</strong></span> <span class='ocrx_word' id='word_1_41' title='bbox 1913 679 2021 726; x_wconf 91' lang='lat' dir='ltr'><strong>ma</strong></span> <span class='ocrx_word' id='word_1_42' title='bbox 2051 680 2088 727; x_wconf 93' lang='lat' dir='ltr'><strong>e</strong></span> <span class='ocrx_word' id='word_1_43' title='bbox 2119 657 2412 727; x_wconf 87' lang='lat' dir='ltr'><strong>habebat</strong></span> <span class='ocrx_word' id='word_1_44' title='bbox 2441 658 2806 744; x_wconf 91' lang='lat' dir='ltr'><strong>antiquum</strong></span> <span class='ocrx_word' id='word_1_45' title='bbox 2858 658 3158 728; x_wconf 88' lang='lat' dir='ltr'><strong>humani</strong></span> 
     </span>
     <span class='ocr_line' id='line_1_6' title="bbox 606 746 3162 842; baseline -0.001 -25"><span class='ocrx_word' id='word_1_46' title='bbox 606 748 880 842; x_wconf 89' lang='lat' dir='ltr'><strong>generis</strong></span> <span class='ocrx_word' id='word_1_47' title='bbox 945 747 1211 817; x_wconf 85' lang='lat' dir='ltr'><strong>hostem</strong></span> <span class='ocrx_word' id='word_1_48' title='bbox 1269 746 1623 816; x_wconf 90' lang='lat' dir='ltr'><strong>diabolum</strong></span> <span class='ocrx_word' id='word_1_49' title='bbox 1675 746 1794 834; x_wconf 88' lang='lat' dir='ltr'><strong>qui</strong></span> <span class='ocrx_word' id='word_1_50' title='bbox 1843 748 1928 816; x_wconf 92' lang='lat' dir='ltr'><strong>ab</strong></span> <span class='ocrx_word' id='word_1_51' title='bbox 1977 747 2174 816; x_wconf 88' lang='lat' dir='ltr'><strong>initio</strong></span> <span class='ocrx_word' id='word_1_52' title='bbox 2222 768 2494 837; x_wconf 76' lang='lat' dir='ltr'><strong>semper</strong></span> <span class='ocrx_word' id='word_1_53' title='bbox 2544 747 2693 836; x_wconf 90' lang='lat' dir='ltr'><strong>pios</strong></span> <span class='ocrx_word' id='word_1_54' title='bbox 2741 768 2983 818; x_wconf 89' lang='lat' dir='ltr'><strong>omnes</strong></span> <span class='ocrx_word' id='word_1_55' title='bbox 3031 747 3162 817; x_wconf 89' lang='lat' dir='ltr'><strong>sti-</strong></span> 
     </span>
     <span class='ocr_line' id='line_1_7' title="bbox 606 835 3165 921; baseline -0.001 -14"><span class='ocrx_word' id='word_1_56' title='bbox 606 838 915 907; x_wconf 88' lang='lat' dir='ltr'><strong>mulante</strong></span> <span class='ocrx_word' id='word_1_57' title='bbox 962 835 1245 913; x_wconf 71' lang='lat' dir='ltr'><strong>invidia,</strong></span> <span class='ocrx_word' id='word_1_58' title='bbox 1285 836 1658 905; x_wconf 89' lang='lat' dir='ltr'><strong>insectatus</strong></span> <span class='ocrx_word' id='word_1_59' title='bbox 1707 847 1829 905; x_wconf 88' lang='lat' dir='ltr'><strong>est.</strong></span> <span class='ocrx_word' id='word_1_60' title='bbox 1866 841 2102 921; x_wconf 90' lang='lat' dir='ltr'><strong>Itaque</strong></span> <span class='ocrx_word' id='word_1_61' title='bbox 2135 835 2444 904; x_wconf 81' lang='lat' dir='ltr'><strong>incitavit</strong></span> <span class='ocrx_word' id='word_1_62' title='bbox 2490 835 2955 921; x_wconf 87' lang='lat' dir='ltr'><strong>quorumdam</strong></span> <span class='ocrx_word' id='word_1_63' title='bbox 3008 836 3165 905; x_wconf 88' lang='lat' dir='ltr'><strong>ani-</strong></span> 
     </span>
     <span class='ocr_line' id='line_1_8' title="bbox 609 922 3165 1011; baseline -0.001 -16"><span class='ocrx_word' id='word_1_64' title='bbox 609 949 759 995; x_wconf 88' lang='lat' dir='ltr'><strong>mos</strong></span> <span class='ocrx_word' id='word_1_65' title='bbox 807 926 878 994; x_wconf 92' lang='lat' dir='ltr'><strong>in</strong></span> <span class='ocrx_word' id='word_1_66' title='bbox 915 924 1128 1005; x_wconf 88' lang='lat' dir='ltr'><strong>illam,</strong></span> <span class='ocrx_word' id='word_1_67' title='bbox 1168 924 1374 1011; x_wconf 92' lang='lat' dir='ltr'><strong>idque</strong></span> <span class='ocrx_word' id='word_1_68' title='bbox 1422 926 1615 1005; x_wconf 87' lang='lat' dir='ltr'><strong>ade0,</strong></span> <span class='ocrx_word' id='word_1_69' title='bbox 1654 937 1729 993; x_wconf 90' lang='lat' dir='ltr'><strong>ut</strong></span> <span class='ocrx_word' id='word_1_70' title='bbox 1777 924 1862 993; x_wconf 93' lang='lat' dir='ltr'><strong>ab</strong></span> <span class='ocrx_word' id='word_1_71' title='bbox 1911 924 2051 995; x_wconf 93' lang='lat' dir='ltr'><strong>illis</strong></span> <span class='ocrx_word' id='word_1_72' title='bbox 2098 924 2218 1011; x_wconf 90' lang='lat' dir='ltr'><strong>qui</strong></span> <span class='ocrx_word' id='word_1_73' title='bbox 2266 923 2352 993; x_wconf 90' lang='lat' dir='ltr'><strong>ad</strong></span> <span class='ocrx_word' id='word_1_74' title='bbox 2387 922 2856 1010; x_wconf 81' lang='lat' dir='ltr'><strong>exequendam</strong></span> <span class='ocrx_word' id='word_1_75' title='bbox 2895 923 3010 993; x_wconf 88' lang='lat' dir='ltr'><strong>Dei</strong></span> <span class='ocrx_word' id='word_1_76' title='bbox 3042 947 3165 993; x_wconf 91' lang='lat' dir='ltr'><strong>vo-</strong></span> 
     </span>
     <span class='ocr_line' id='line_1_9' title="bbox 607 1013 3157 1102; baseline -0 -19"><span class='ocrx_word' id='word_1_77' title='bbox 607 1015 941 1084; x_wconf 88' lang='lat' dir='ltr'><strong>luntatem</strong></span> <span class='ocrx_word' id='word_1_78' title='bbox 992 1014 1339 1102; x_wconf 87' lang='lat' dir='ltr'><strong>adjutores</strong></span> <span class='ocrx_word' id='word_1_79' title='bbox 1380 1035 1450 1083; x_wconf 89' lang='lat' dir='ltr'><strong>se</strong></span> <span class='ocrx_word' id='word_1_80' title='bbox 1496 1013 1559 1083; x_wconf 91' lang='lat' dir='ltr'><strong>ei</strong></span> <span class='ocrx_word' id='word_1_81' title='bbox 1651 1014 1926 1082; x_wconf 87' lang='lat' dir='ltr'><strong>raebere</strong></span> <span class='ocrx_word' id='word_1_82' title='bbox 1973 1013 2377 1091; x_wconf 83' lang='lat' dir='ltr'><strong>debuerant,</strong></span> <span class='ocrx_word' id='word_1_83' title='bbox 2448 1034 2584 1082; x_wconf 89' lang='lat' dir='ltr'><strong>non</strong></span> <span class='ocrx_word' id='word_1_84' title='bbox 2684 1034 2886 1081; x_wconf 89' lang='lat' dir='ltr'><strong>arum</strong></span> <span class='ocrx_word' id='word_1_85' title='bbox 2937 1013 3157 1082; x_wconf 89' lang='lat' dir='ltr'><strong>mole-</strong></span> 
     </span>
     <span class='ocr_line' id='line_1_10' title="bbox 610 1035 3161 1203; baseline 0 -31"><span class='ocrx_word' id='word_1_86' title='bbox 610 1103 779 1173; x_wconf 88' lang='lat' dir='ltr'><strong>stiae</strong></span> <span class='ocrx_word' id='word_1_87' title='bbox 828 1115 1193 1193; x_wconf 89' lang='lat' dir='ltr'><strong>pateretur,</strong></span> <span class='ocrx_word' id='word_1_88' title='bbox 1230 1103 1444 1171; x_wconf 89' lang='lat' dir='ltr'><strong>immo</strong></span> <span class='ocrx_word' id='word_1_89' title='bbox 1479 1035 1729 1173; x_wconf 62' lang='lat' dir='ltr'><strong>mullas</strong></span> <span class='ocrx_word' id='word_1_90' title='bbox 1781 1102 2103 1203; x_wconf 88' lang='lat' dir='ltr'><strong>perferret</strong></span> <span class='ocrx_word' id='word_1_91' title='bbox 2153 1102 2473 1189; x_wconf 81' lang='lat' dir='ltr'><strong>inJ&#39;urias,</strong></span> <span class='ocrx_word' id='word_1_92' title='bbox 2514 1124 2631 1170; x_wconf 91' lang='lat' dir='ltr'><strong>mu</strong></span> <span class='ocrx_word' id='word_1_93' title='bbox 2670 1115 2734 1170; x_wconf 88' lang='lat' dir='ltr'><strong>ta</strong></span> <span class='ocrx_word' id='word_1_94' title='bbox 2766 1100 3161 1172; x_wconf 84' lang='lat' dir='ltr'><strong>afficeretur</strong></span> 
     </span>
     <span class='ocr_line' id='line_1_11' title="bbox 608 1191 3163 1291; baseline 0 -31"><span class='ocrx_word' id='word_1_95' title='bbox 608 1192 1015 1283; x_wconf 76' lang='lat' dir='ltr'><strong>ignominia,</strong></span> <span class='ocrx_word' id='word_1_96' title='bbox 1070 1204 1133 1260; x_wconf 92' lang='lat' dir='ltr'><strong>et</strong></span> <span class='ocrx_word' id='word_1_97' title='bbox 1180 1193 1387 1260; x_wconf 89' lang='lat' dir='ltr'><strong>rebus</strong></span> <span class='ocrx_word' id='word_1_98' title='bbox 1435 1192 1842 1260; x_wconf 82' lang='lat' dir='ltr'><strong>necessariis</strong></span> <span class='ocrx_word' id='word_1_99' title='bbox 1893 1191 2276 1291; x_wconf 85' lang='lat' dir='ltr'><strong>privaretur</strong></span> <span class='ocrx_word' id='word_1_100' title='bbox 2311 1213 2451 1260; x_wconf 92' lang='grc'><strong>333</strong></span> <span class='ocrx_word' id='word_1_101' title='bbox 2493 1213 2655 1259; x_wconf 91' lang='lat' dir='ltr'><strong>cum</strong></span> <span class='ocrx_word' id='word_1_102' title='bbox 2712 1203 2952 1260; x_wconf 90' lang='lat' dir='ltr'><strong>sancta</strong></span> <span class='ocrx_word' id='word_1_103' title='bbox 2999 1196 3163 1260; x_wconf 88' lang='lat' dir='ltr'><strong>Ger-</strong></span> 
     </span>
     <span class='ocr_line' id='line_1_12' title="bbox 610 1279 3156 1370; baseline -0.001 -19"><span class='ocrx_word' id='word_1_104' title='bbox 610 1281 810 1351; x_wconf 87' lang='lat' dir='ltr'><strong>trude</strong></span> <span class='ocrx_word' id='word_1_105' title='bbox 859 1280 1003 1349; x_wconf 83' lang='lat' dir='ltr'><strong>filia</strong></span> <span class='ocrx_word' id='word_1_106' title='bbox 1059 1302 1206 1350; x_wconf 91' lang='lat' dir='ltr'><strong>sua.</strong></span> <span class='ocrx_word' id='word_1_107' title='bbox 1266 1285 1451 1362; x_wconf 85' lang='lat' dir='ltr'><strong>Quae</strong></span> <span class='ocrx_word' id='word_1_108' title='bbox 1511 1280 1792 1367; x_wconf 89' lang='lat' dir='ltr'><strong>quidem</strong></span> <span class='ocrx_word' id='word_1_109' title='bbox 1855 1303 1914 1350; x_wconf 83' lang='lat' dir='ltr'><strong>st</strong></span> <span class='ocrx_word' id='word_1_110' title='bbox 1964 1302 2087 1350; x_wconf 88' lang='lat' dir='ltr'><strong>nos</strong></span> <span class='ocrx_word' id='word_1_111' title='bbox 2136 1279 2538 1370; x_wconf 89' lang='lat' dir='ltr'><strong>singulatim</strong></span> <span class='ocrx_word' id='word_1_112' title='bbox 2606 1300 3156 1349; x_wconf 87' lang='lat' dir='ltr'><strong>commemorare</strong></span> 
     </span>
     <span class='ocr_line' id='line_1_13' title="bbox 607 1368 3154 1458; baseline -0.001 -19"><span class='ocrx_word' id='word_1_113' title='bbox 607 1370 925 1449; x_wconf 84' lang='lat' dir='ltr'><strong>velimus,</strong></span> <span class='ocrx_word' id='word_1_114' title='bbox 981 1369 1276 1437; x_wconf 90' lang='lat' dir='ltr'><strong>nimium</strong></span> <span class='ocrx_word' id='word_1_115' title='bbox 1329 1369 1574 1458; x_wconf 84' lang='lat' dir='ltr'><strong>prolixi</strong></span> <span class='ocrx_word' id='word_1_116' title='bbox 1624 1368 1839 1438; x_wconf 88' lang='lat' dir='ltr'><strong>futuri</strong></span> <span class='ocrx_word' id='word_1_117' title='bbox 1888 1391 2157 1438; x_wconf 80' lang='lat' dir='ltr'><strong>sumus,</strong></span> <span class='ocrx_word' id='word_1_118' title='bbox 2204 1375 2472 1451; x_wconf 89' lang='lat' dir='ltr'><strong>Quanta</strong></span> <span class='ocrx_word' id='word_1_119' title='bbox 2519 1389 2676 1436; x_wconf 88' lang='lat' dir='ltr'><strong>vero</strong></span> <span class='ocrx_word' id='word_1_120' title='bbox 2732 1368 2883 1456; x_wconf 86' lang='lat' dir='ltr'><strong>ejus</strong></span> <span class='ocrx_word' id='word_1_121' title='bbox 2932 1368 3154 1437; x_wconf 86' lang='lat' dir='ltr'><strong>animi</strong></span> 
     </span>
     <span class='ocr_line' id='line_1_14' title="bbox 606 1456 3152 1548; baseline -0.001 -20"><span class='ocrx_word' id='word_1_122' title='bbox 606 1458 812 1528; x_wconf 85' lang='lat' dir='ltr'><strong>fuerit</strong></span> <span class='ocrx_word' id='word_1_123' title='bbox 858 1480 931 1527; x_wconf 88' lang='lat' dir='ltr'><strong>er</strong></span> <span class='ocrx_word' id='word_1_124' title='bbox 982 1482 1021 1527; x_wconf 93' lang='lat' dir='ltr'><strong>a</strong></span> <span class='ocrx_word' id='word_1_125' title='bbox 1083 1464 1290 1526; x_wconf 88' lang='lat' dir='ltr'><strong>Deum</strong></span> <span class='ocrx_word' id='word_1_126' title='bbox 1342 1457 1631 1540; x_wconf 90' lang='lat' dir='ltr'><strong>devotio,</strong></span> <span class='ocrx_word' id='word_1_127' title='bbox 1676 1480 1886 1545; x_wconf 90' lang='lat' dir='ltr'><strong>quam</strong></span> <span class='ocrx_word' id='word_1_128' title='bbox 1947 1457 2202 1527; x_wconf 91' lang='lat' dir='ltr'><strong>divinis</strong></span> <span class='ocrx_word' id='word_1_129' title='bbox 2251 1457 2560 1548; x_wconf 85' lang='lat' dir='ltr'><strong>flagrarit</strong></span> <span class='ocrx_word' id='word_1_130' title='bbox 2613 1456 3003 1539; x_wconf 85' lang='lat' dir='ltr'><strong>desideriis,</strong></span> <span class='ocrx_word' id='word_1_131' title='bbox 3042 1479 3152 1526; x_wconf 89' lang='lat' dir='ltr'><strong>se·-</strong></span> 
     </span>
     <span class='ocr_line' id='line_1_15' title="bbox 612 1540 3050 1636; baseline -0.001 -19"><span class='ocrx_word' id='word_1_132' title='bbox 612 1540 896 1636; x_wconf 82' lang='lat' dir='ltr'><strong>queritia</strong></span> <span class='ocrx_word' id='word_1_133' title='bbox 977 1547 1402 1616; x_wconf 83' lang='lat' dir='ltr'><strong>eclarabunt.</strong></span> <span class='ocrx_word' id='word_1_134' title='bbox 3045 1599 3050 1603; x_wconf 84' lang='lat'><strong>.</strong></span> 
     </span>
    </p>

    <p class='ocr_par' dir='ltr' id='par_1_3' title="bbox 613 1633 3171 3762">
     <span class='ocr_line' id='line_1_16' title="bbox 702 1633 3164 1725; baseline -0.002 -19"><span class='ocrx_word' id='word_1_135' title='bbox 702 1639 738 1723; x_wconf 80' lang='lat'>§</span> <span class='ocrx_word' id='word_1_136' title='bbox 784 1640 877 1707; x_wconf 63' lang='grc' dir='ltr'><strong>Β.</strong></span> <span class='ocrx_word' id='word_1_137' title='bbox 932 1641 1021 1704; x_wconf 89' lang='lat' dir='ltr'><strong>Ne</strong></span> <span class='ocrx_word' id='word_1_138' title='bbox 1068 1635 1249 1704; x_wconf 92' lang='lat' dir='ltr'><strong>enim</strong></span> <span class='ocrx_word' id='word_1_139' title='bbox 1286 1635 1673 1704; x_wconf 87' lang='lat' dir='ltr'><strong>animorum</strong></span> <span class='ocrx_word' id='word_1_140' title='bbox 1711 1645 2169 1725; x_wconf 78' lang='lat' dir='ltr'><strong>corruptores,</strong></span> <span class='ocrx_word' id='word_1_141' title='bbox 2208 1634 2322 1703; x_wconf 89' lang='lat' dir='ltr'><strong>Dei</strong></span> <span class='ocrx_word' id='word_1_142' title='bbox 2370 1633 2704 1704; x_wconf 88' lang='lat' dir='ltr'><strong>famulam</strong></span> <span class='ocrx_word' id='word_1_143' title='bbox 2755 1633 3164 1705; x_wconf 85' lang='lat' dir='ltr'><strong>Gertrudem</strong></span> 
     </span>
     <span class='ocr_line' id='line_1_17' title="bbox 614 1723 3158 1814; baseline -0.001 -20"><span class='ocrx_word' id='word_1_144' title='bbox 614 1724 700 1794; x_wconf 89' lang='lat' dir='ltr'><strong>ad</strong></span> <span class='ocrx_word' id='word_1_145' title='bbox 754 1723 1189 1793; x_wconf 87' lang='lat' dir='ltr'><strong>illecebrosas</strong></span> <span class='ocrx_word' id='word_1_146' title='bbox 1237 1724 1446 1809; x_wconf 80' lang='lat' dir='ltr'><strong>hujus</strong></span> <span class='ocrx_word' id='word_1_147' title='bbox 1476 1724 1725 1793; x_wconf 91' lang='lat' dir='ltr'><strong>mundi</strong></span> <span class='ocrx_word' id='word_1_148' title='bbox 1773 1723 2152 1814; x_wconf 87' lang='lat' dir='ltr'><strong>voluptates</strong></span> <span class='ocrx_word' id='word_1_149' title='bbox 2203 1723 2266 1792; x_wconf 89' lang='lat' dir='ltr'><strong>vi</strong></span> <span class='ocrx_word' id='word_1_150' title='bbox 2314 1724 2625 1793; x_wconf 88' lang='lat' dir='ltr'><strong>adhibita</strong></span> <span class='ocrx_word' id='word_1_151' title='bbox 2661 1723 3158 1812; x_wconf 82' lang='lat' dir='ltr'><strong>pertraherent,</strong></span> 
     </span>
     <span class='ocr_line' id='line_1_18' title="bbox 613 1810 3159 1903; baseline -0.002 -20"><span class='ocrx_word' id='word_1_152' title='bbox 613 1826 882 1903; x_wconf 88' lang='lat' dir='ltr'><strong>arrepta</strong></span> <span class='ocrx_word' id='word_1_153' title='bbox 934 1813 1188 1893; x_wconf 82' lang='lat' dir='ltr'><strong>forfice,</strong></span> <span class='ocrx_word' id='word_1_154' title='bbox 1243 1812 1530 1903; x_wconf 86' lang='lat' dir='ltr'><strong>capillos</strong></span> <span class='ocrx_word' id='word_1_155' title='bbox 1577 1815 1729 1900; x_wconf 81' lang='lat' dir='ltr'><strong>ejus</strong></span> <span class='ocrx_word' id='word_1_156' title='bbox 1782 1812 1877 1881; x_wconf 90' lang='lat' dir='ltr'><strong>ita</strong></span> <span class='ocrx_word' id='word_1_157' title='bbox 1932 1812 2246 1893; x_wconf 82' lang='lat' dir='ltr'><strong>abscidit,</strong></span> <span class='ocrx_word' id='word_1_158' title='bbox 2288 1824 2363 1882; x_wconf 90' lang='lat' dir='ltr'><strong>ut</strong></span> <span class='ocrx_word' id='word_1_159' title='bbox 2410 1833 2701 1882; x_wconf 88' lang='lat' dir='ltr'><strong>coronae</strong></span> <span class='ocrx_word' id='word_1_160' title='bbox 2749 1810 3159 1882; x_wconf 86' lang='lat' dir='ltr'><strong>similitudi-</strong></span> 
     </span>
     <span class='ocr_line' id='line_1_19' title="bbox 613 1899 3166 1972; baseline -0 -2"><span class='ocrx_word' id='word_1_161' title='bbox 613 1924 772 1971; x_wconf 85' lang='lat' dir='ltr'><strong>nem</strong></span> <span class='ocrx_word' id='word_1_162' title='bbox 825 1900 1072 1972; x_wconf 86' lang='lat' dir='ltr'><strong>referre</strong></span> <span class='ocrx_word' id='word_1_163' title='bbox 1126 1902 1542 1971; x_wconf 88' lang='lat' dir='ltr'><strong>viderentur.</strong></span> <span class='ocrx_word' id='word_1_164' title='bbox 1597 1902 1879 1971; x_wconf 88' lang='lat' dir='ltr'><strong>Interim</strong></span> <span class='ocrx_word' id='word_1_165' title='bbox 1939 1901 2319 1972; x_wconf 88' lang='lat' dir='ltr'><strong>laetabatur</strong></span> <span class='ocrx_word' id='word_1_166' title='bbox 2381 1912 2620 1971; x_wconf 87' lang='lat' dir='ltr'><strong>sancta</strong></span> <span class='ocrx_word' id='word_1_167' title='bbox 2694 1899 3052 1970; x_wconf 90' lang='lat' dir='ltr'><strong>Gertrudis</strong></span> <span class='ocrx_word' id='word_1_168' title='bbox 3097 1911 3166 1969; x_wconf 90' lang='lat' dir='ltr'><strong>et</strong></span> 
     </span>
     <span class='ocr_line' id='line_1_20' title="bbox 614 1988 3165 2082; baseline -0.001 -23"><span class='ocrx_word' id='word_1_169' title='bbox 614 1990 872 2082; x_wconf 88' lang='lat' dir='ltr'><strong>gratias</strong></span> <span class='ocrx_word' id='word_1_170' title='bbox 922 1992 1165 2081; x_wconf 86' lang='lat' dir='ltr'><strong>agebat</strong></span> <span class='ocrx_word' id='word_1_171' title='bbox 1236 1997 1389 2071; x_wconf 89' lang='lat' dir='ltr'><strong>De0,</strong></span> <span class='ocrx_word' id='word_1_172' title='bbox 1442 1990 1626 2077; x_wconf 91' lang='lat' dir='ltr'><strong>quod</strong></span> <span class='ocrx_word' id='word_1_173' title='bbox 1695 1991 1764 2059; x_wconf 90' lang='lat' dir='ltr'><strong>in</strong></span> <span class='ocrx_word' id='word_1_174' title='bbox 1843 1990 1969 2059; x_wconf 90' lang='lat' dir='ltr'><strong>hac</strong></span> <span class='ocrx_word' id='word_1_175' title='bbox 2019 1991 2154 2059; x_wconf 88' lang='lat' dir='ltr'><strong>vita</strong></span> <span class='ocrx_word' id='word_1_176' title='bbox 2222 2003 2699 2061; x_wconf 89' lang='lat' dir='ltr'><strong>momentanea</strong></span> <span class='ocrx_word' id='word_1_177' title='bbox 2747 2011 2870 2079; x_wconf 91' lang='lat' dir='ltr'><strong>pro</strong></span> <span class='ocrx_word' id='word_1_178' title='bbox 2911 1988 3165 2058; x_wconf 85' lang='lat' dir='ltr'><strong>Christi</strong></span> 
     </span>
     <span class='ocr_line' id='line_1_21' title="bbox 617 2077 3162 2170; baseline -0.001 -22"><span class='ocrx_word' id='word_1_179' title='bbox 617 2101 849 2149; x_wconf 90' lang='lat' dir='ltr'><strong>amore</strong></span> <span class='ocrx_word' id='word_1_180' title='bbox 882 2102 1206 2149; x_wconf 91' lang='lat' dir='ltr'><strong>coronam</strong></span> <span class='ocrx_word' id='word_1_181' title='bbox 1257 2079 1324 2147; x_wconf 90' lang='lat' dir='ltr'><strong>in</strong></span> <span class='ocrx_word' id='word_1_182' title='bbox 1363 2080 1584 2170; x_wconf 89' lang='lat' dir='ltr'><strong>capite</strong></span> <span class='ocrx_word' id='word_1_183' title='bbox 1631 2103 1758 2149; x_wconf 92' lang='lat' dir='ltr'><strong>suo</strong></span> <span class='ocrx_word' id='word_1_184' title='bbox 1811 2091 2320 2170; x_wconf 88' lang='lat' dir='ltr'><strong>repraesentare</strong></span> <span class='ocrx_word' id='word_1_185' title='bbox 2366 2078 2750 2158; x_wconf 86' lang='lat' dir='ltr'><strong>meruisset,</strong></span> <span class='ocrx_word' id='word_1_186' title='bbox 2806 2090 2881 2147; x_wconf 89' lang='lat' dir='ltr'><strong>ut</strong></span> <span class='ocrx_word' id='word_1_187' title='bbox 2926 2078 2997 2146; x_wconf 92' lang='lat' dir='ltr'><strong>in</strong></span> <span class='ocrx_word' id='word_1_188' title='bbox 3044 2077 3162 2146; x_wconf 87' lang='lat' dir='ltr'><strong>illa</strong></span> 
     </span>
     <span class='ocr_line' id='line_1_22' title="bbox 614 2165 3163 2259; baseline -0.001 -22"><span class='ocrx_word' id='word_1_189' title='bbox 614 2168 747 2237; x_wconf 89' lang='lat' dir='ltr'><strong>vita</strong></span> <span class='ocrx_word' id='word_1_190' title='bbox 787 2169 1204 2259; x_wconf 87' lang='lat' dir='ltr'><strong>sempiterna</strong></span> <span class='ocrx_word' id='word_1_191' title='bbox 1252 2190 1574 2238; x_wconf 90' lang='lat' dir='ltr'><strong>coronam</strong></span> <span class='ocrx_word' id='word_1_192' title='bbox 1627 2181 2023 2259; x_wconf 86' lang='lat' dir='ltr'><strong>perpetuam</strong></span> <span class='ocrx_word' id='word_1_193' title='bbox 2076 2170 2162 2238; x_wconf 92' lang='lat' dir='ltr'><strong>ob</strong></span> <span class='ocrx_word' id='word_1_194' title='bbox 2210 2173 2518 2257; x_wconf 89' lang='lat' dir='ltr'><strong>corporis</strong></span> <span class='ocrx_word' id='word_1_195' title='bbox 2564 2179 2629 2236; x_wconf 93' lang='lat' dir='ltr'><strong>et</strong></span> <span class='ocrx_word' id='word_1_196' title='bbox 2676 2167 2952 2235; x_wconf 89' lang='lat' dir='ltr'><strong>animae</strong></span> <span class='ocrx_word' id='word_1_197' title='bbox 2986 2165 3163 2235; x_wconf 91' lang='lat' dir='ltr'><strong>inte-</strong></span> 
     </span>
     <span class='ocr_line' id='line_1_23' title="bbox 615 2255 3160 2358; baseline -0.001 -33"><span class='ocrx_word' id='word_1_198' title='bbox 615 2258 930 2348; x_wconf 89' lang='lat' dir='ltr'><strong>gritatem</strong></span> <span class='ocrx_word' id='word_1_199' title='bbox 980 2258 1191 2358; x_wconf 87' lang='lat' dir='ltr'><strong>digna</strong></span> <span class='ocrx_word' id='word_1_200' title='bbox 1227 2268 1403 2327; x_wconf 88' lang='lat' dir='ltr'><strong>esset</strong></span> <span class='ocrx_word' id='word_1_201' title='bbox 1452 2256 1821 2348; x_wconf 81' lang='lat' dir='ltr'><strong>percipere.</strong></span> <span class='ocrx_word' id='word_1_202' title='bbox 1876 2257 2214 2327; x_wconf 86' lang='lat' dir='ltr'><strong>Praestitit</strong></span> <span class='ocrx_word' id='word_1_203' title='bbox 2241 2269 2469 2326; x_wconf 75' lang='lat' dir='ltr'><strong>autern</strong></span> <span class='ocrx_word' id='word_1_204' title='bbox 2503 2262 2681 2325; x_wconf 89' lang='lat' dir='ltr'><strong>Deus</strong></span> <span class='ocrx_word' id='word_1_205' title='bbox 2727 2255 2880 2346; x_wconf 73' lang='lat' dir='ltr'><strong>ejus</strong></span> <span class='ocrx_word' id='word_1_206' title='bbox 2915 2277 3160 2346; x_wconf 88' lang='lat' dir='ltr'><strong>pacem</strong></span> 
     </span>
     <span class='ocr_line' id='line_1_24' title="bbox 613 2345 3162 2435; baseline -0.001 -20"><span class='ocrx_word' id='word_1_207' title='bbox 613 2345 700 2415; x_wconf 89' lang='lat' dir='ltr'><strong>ab</strong></span> <span class='ocrx_word' id='word_1_208' title='bbox 748 2347 1159 2416; x_wconf 80' lang='lat' dir='ltr'><strong>adversariis</strong></span> <span class='ocrx_word' id='word_1_209' title='bbox 1205 2358 1270 2415; x_wconf 89' lang='lat' dir='ltr'><strong>et</strong></span> <span class='ocrx_word' id='word_1_210' title='bbox 1305 2368 1462 2435; x_wconf 91' lang='lat' dir='ltr'><strong>pars</strong></span> <span class='ocrx_word' id='word_1_211' title='bbox 1510 2346 1766 2415; x_wconf 91' lang='lat' dir='ltr'><strong>diaboli</strong></span> <span class='ocrx_word' id='word_1_212' title='bbox 1818 2345 1992 2416; x_wconf 89' lang='lat' dir='ltr'><strong>victa</strong></span> <span class='ocrx_word' id='word_1_213' title='bbox 2039 2358 2160 2417; x_wconf 91' lang='lat' dir='ltr'><strong>est.</strong></span> <span class='ocrx_word' id='word_1_214' title='bbox 2218 2345 2472 2415; x_wconf 90' lang='lat' dir='ltr'><strong>Deinde</strong></span> <span class='ocrx_word' id='word_1_215' title='bbox 2525 2367 2679 2413; x_wconf 90' lang='lat' dir='ltr'><strong>vero</strong></span> <span class='ocrx_word' id='word_1_216' title='bbox 2729 2357 2945 2413; x_wconf 84' lang='lat' dir='ltr'><strong>mater</strong></span> <span class='ocrx_word' id='word_1_217' title='bbox 3007 2345 3162 2433; x_wconf 87' lang='lat' dir='ltr'><strong>ejus</strong></span> 
     </span>
     <span class='ocr_line' id='line_1_25' title="bbox 615 2433 3165 2522; baseline -0.001 -17"><span class='ocrx_word' id='word_1_218' title='bbox 615 2434 864 2505; x_wconf 86' lang='lat' dir='ltr'><strong>Christi</strong></span> <span class='ocrx_word' id='word_1_219' title='bbox 912 2435 1381 2507; x_wconf 74' lang='lat' dir='ltr'><strong>sacerdotibus</strong></span> <span class='ocrx_word' id='word_1_220' title='bbox 1410 2457 1559 2504; x_wconf 84' lang='lat' dir='ltr'><strong>earn</strong></span> <span class='ocrx_word' id='word_1_221' title='bbox 1604 2434 1904 2514; x_wconf 87' lang='lat' dir='ltr'><strong>tradidit,</strong></span> <span class='ocrx_word' id='word_1_222' title='bbox 1941 2458 1979 2505; x_wconf 97' lang='grc'><strong>3</strong></span> <span class='ocrx_word' id='word_1_223' title='bbox 2011 2435 2267 2522; x_wconf 89' lang='lat' dir='ltr'><strong>quibus</strong></span> <span class='ocrx_word' id='word_1_224' title='bbox 2301 2456 2458 2503; x_wconf 90' lang='lat' dir='ltr'><strong>cum</strong></span> <span class='ocrx_word' id='word_1_225' title='bbox 2489 2433 2843 2506; x_wconf 88' lang='lat' dir='ltr'><strong>sodalibus</strong></span> <span class='ocrx_word' id='word_1_226' title='bbox 2879 2456 3165 2504; x_wconf 88' lang='lat' dir='ltr'><strong>sacrum</strong></span> 
     </span>
     <span class='ocr_line' id='line_1_26' title="bbox 614 2522 3168 2623; baseline -0.002 -29"><span class='ocrx_word' id='word_1_227' title='bbox 614 2525 954 2614; x_wconf 87' lang='lat' dir='ltr'><strong>acciperet</strong></span> <span class='ocrx_word' id='word_1_228' title='bbox 1002 2525 1333 2594; x_wconf 74' lang='lat' dir='ltr'><strong>velamen:</strong></span> <span class='ocrx_word' id='word_1_229' title='bbox 1365 2546 1654 2610; x_wconf 89' lang='lat' dir='ltr'><strong>eamque</strong></span> <span class='ocrx_word' id='word_1_230' title='bbox 1698 2524 1811 2593; x_wconf 89' lang='lat' dir='ltr'><strong>toti</strong></span> <span class='ocrx_word' id='word_1_231' title='bbox 1846 2524 1946 2593; x_wconf 91' lang='lat' dir='ltr'><strong>illi</strong></span> <span class='ocrx_word' id='word_1_232' title='bbox 1981 2522 2613 2594; x_wconf 86' lang='lat' dir='ltr'><strong>sanctimonialium</strong></span> <span class='ocrx_word' id='word_1_233' title='bbox 2644 2523 3168 2623; x_wconf 82' lang='lat' dir='ltr'><strong>congregationi</strong></span> 
     </span>
     <span class='ocr_line' id='line_1_27' title="bbox 613 2611 3165 2704; baseline -0 -23"><span class='ocrx_word' id='word_1_234' title='bbox 613 2613 830 2683; x_wconf 87' lang='lat' dir='ltr'><strong>voluit</strong></span> <span class='ocrx_word' id='word_1_235' title='bbox 876 2636 1023 2685; x_wconf 90' lang='lat' dir='ltr'><strong>esse</strong></span> <span class='ocrx_word' id='word_1_236' title='bbox 1073 2613 1506 2703; x_wconf 86' lang='lat' dir='ltr'><strong>praesectam.</strong></span> <span class='ocrx_word' id='word_1_237' title='bbox 1548 2618 1704 2681; x_wconf 88' lang='lat' dir='ltr'><strong>Erat</strong></span> <span class='ocrx_word' id='word_1_238' title='bbox 1735 2614 1920 2681; x_wconf 90' lang='lat' dir='ltr'><strong>enim</strong></span> <span class='ocrx_word' id='word_1_239' title='bbox 1970 2628 2208 2683; x_wconf 89' lang='lat' dir='ltr'><strong>sancta</strong></span> <span class='ocrx_word' id='word_1_240' title='bbox 2255 2614 2443 2704; x_wconf 88' lang='lat' dir='ltr'><strong>virgo</strong></span> <span class='ocrx_word' id='word_1_241' title='bbox 2499 2611 2854 2682; x_wconf 77' lang='lat' dir='ltr'><strong>Gertrudis</strong></span> <span class='ocrx_word' id='word_1_242' title='bbox 2905 2633 3165 2700; x_wconf 80' lang='lat' dir='ltr'><strong>magna</strong></span> 
     </span>
     <span class='ocr_line' id='line_1_28' title="bbox 614 2700 3167 2791; baseline -0.001 -20"><span class='ocrx_word' id='word_1_243' title='bbox 614 2723 889 2771; x_wconf 89' lang='lat' dir='ltr'><strong>morum</strong></span> <span class='ocrx_word' id='word_1_244' title='bbox 953 2703 1370 2772; x_wconf 71' lang='lat' dir='ltr'><strong>continentia</strong></span> <span class='ocrx_word' id='word_1_245' title='bbox 1421 2700 1729 2791; x_wconf 88' lang='lat' dir='ltr'><strong>praedita</strong></span> <span class='ocrx_word' id='word_1_246' title='bbox 1762 2757 1776 2784; x_wconf 95' lang='lat'><strong>,</strong></span> <span class='ocrx_word' id='word_1_247' title='bbox 1850 2716 2076 2772; x_wconf 86' lang='lat' dir='ltr'><strong>mente</strong></span> <span class='ocrx_word' id='word_1_248' title='bbox 2125 2702 2393 2783; x_wconf 91' lang='lat' dir='ltr'><strong>sobria,</strong></span> <span class='ocrx_word' id='word_1_249' title='bbox 2459 2701 2683 2770; x_wconf 90' lang='lat' dir='ltr'><strong>verbis</strong></span> <span class='ocrx_word' id='word_1_250' title='bbox 2729 2712 2794 2769; x_wconf 93' lang='lat' dir='ltr'><strong>et</strong></span> <span class='ocrx_word' id='word_1_251' title='bbox 2842 2722 3167 2769; x_wconf 90' lang='lat' dir='ltr'><strong>sermone</strong></span> 
     </span>
     <span class='ocr_line' id='line_1_29' title="bbox 613 2789 3169 2880; baseline -0.001 -20"><span class='ocrx_word' id='word_1_252' title='bbox 613 2791 988 2871; x_wconf 87' lang='lat' dir='ltr'><strong>moderata,</strong></span> <span class='ocrx_word' id='word_1_253' title='bbox 1054 2803 1339 2859; x_wconf 88' lang='lat' dir='ltr'><strong>aetatem</strong></span> <span class='ocrx_word' id='word_1_254' title='bbox 1390 2790 1676 2859; x_wconf 89' lang='lat' dir='ltr'><strong>senilem</strong></span> <span class='ocrx_word' id='word_1_255' title='bbox 1715 2791 1865 2879; x_wconf 87' lang='lat' dir='ltr'><strong>jam</strong></span> <span class='ocrx_word' id='word_1_256' title='bbox 1928 2791 2236 2860; x_wconf 89' lang='lat' dir='ltr'><strong>moribus</strong></span> <span class='ocrx_word' id='word_1_257' title='bbox 2289 2790 2779 2880; x_wconf 79' lang='lat' dir='ltr'><strong>praeseferens.</strong></span> <span class='ocrx_word' id='word_1_258' title='bbox 2838 2789 3169 2859; x_wconf 87' lang='lat' dir='ltr'><strong>Fervebat</strong></span> 
     </span>
     <span class='ocr_line' id='line_1_30' title="bbox 614 2878 3163 2970; baseline -0.002 -22"><span class='ocrx_word' id='word_1_259' title='bbox 614 2901 848 2948; x_wconf 88' lang='lat' dir='ltr'><strong>amore</strong></span> <span class='ocrx_word' id='word_1_260' title='bbox 897 2879 1143 2947; x_wconf 89' lang='lat' dir='ltr'><strong>Christi</strong></span> <span class='ocrx_word' id='word_1_261' title='bbox 1185 2878 1418 2969; x_wconf 90' lang='lat' dir='ltr'><strong>sponsi</strong></span> <span class='ocrx_word' id='word_1_262' title='bbox 1462 2879 1594 2959; x_wconf 90' lang='lat' dir='ltr'><strong>sui,</strong></span> <span class='ocrx_word' id='word_1_263' title='bbox 1647 2879 1842 2948; x_wconf 89' lang='lat' dir='ltr'><strong>vultu</strong></span> <span class='ocrx_word' id='word_1_264' title='bbox 1906 2879 2219 2970; x_wconf 84' lang='lat' dir='ltr'><strong>pulchra,</strong></span> <span class='ocrx_word' id='word_1_265' title='bbox 2292 2879 2411 2949; x_wconf 89' lang='lat' dir='ltr'><strong>sed</strong></span> <span class='ocrx_word' id='word_1_266' title='bbox 2460 2878 2816 2968; x_wconf 88' lang='lat' dir='ltr'><strong>pulchrior</strong></span> <span class='ocrx_word' id='word_1_267' title='bbox 2874 2891 3163 2947; x_wconf 88' lang='lat' dir='ltr'><strong>mente:</strong></span> 
     </span>
     <span class='ocr_line' id='line_1_31' title="bbox 613 2965 3169 3060; baseline 0 -26"><span class='ocrx_word' id='word_1_268' title='bbox 613 2968 919 3037; x_wconf 87' lang='lat' dir='ltr'><strong>castitate</strong></span> <span class='ocrx_word' id='word_1_269' title='bbox 953 2967 1238 3056; x_wconf 84' lang='lat' dir='ltr'><strong>integra,</strong></span> <span class='ocrx_word' id='word_1_270' title='bbox 1312 2968 1503 3058; x_wconf 88' lang='lat' dir='ltr'><strong>larga</strong></span> <span class='ocrx_word' id='word_1_271' title='bbox 1548 2968 2044 3058; x_wconf 82' lang='lat' dir='ltr'><strong>eleemosynis,</strong></span> <span class='ocrx_word' id='word_1_272' title='bbox 2090 2969 2380 3060; x_wconf 84' lang='lat' dir='ltr'><strong>jejuniis</strong></span> <span class='ocrx_word' id='word_1_273' title='bbox 2425 2980 2491 3036; x_wconf 88' lang='lat' dir='ltr'><strong>et</strong></span> <span class='ocrx_word' id='word_1_274' title='bbox 2545 2965 2976 3037; x_wconf 90' lang='lat' dir='ltr'><strong>orationibus</strong></span> <span class='ocrx_word' id='word_1_275' title='bbox 3043 2966 3169 3035; x_wconf 90' lang='lat' dir='ltr'><strong>de-</strong></span> 
     </span>
     <span class='ocr_line' id='line_1_32' title="bbox 613 3055 3167 3213; baseline 0.001 -91"><span class='ocrx_word' id='word_1_276' title='bbox 613 3055 779 3135; x_wconf 89' lang='lat' dir='ltr'><strong>dita,</strong></span> <span class='ocrx_word' id='word_1_277' title='bbox 814 3077 1200 3146; x_wconf 91' lang='lat' dir='ltr'><strong>pauperum</strong></span> <span class='ocrx_word' id='word_1_278' title='bbox 1231 3065 1295 3124; x_wconf 90' lang='lat' dir='ltr'><strong>et</strong></span> <span class='ocrx_word' id='word_1_279' title='bbox 1327 3057 1845 3213; x_wconf 68' lang='lat' dir='ltr'><strong>peregrinorum</strong></span> <span class='ocrx_word' id='word_1_280' title='bbox 1888 3056 2149 3127; x_wconf 86' lang='lat' dir='ltr'><strong>solicite</strong></span> <span class='ocrx_word' id='word_1_281' title='bbox 2190 3079 2432 3127; x_wconf 90' lang='lat' dir='ltr'><strong>curam</strong></span> <span class='ocrx_word' id='word_1_282' title='bbox 2463 3079 2729 3157; x_wconf 85' lang='lat' dir='ltr'><strong>gerens:</strong></span> <span class='ocrx_word' id='word_1_283' title='bbox 2766 3078 2932 3146; x_wconf 88' lang='lat' dir='ltr'><strong>erga</strong></span> <span class='ocrx_word' id='word_1_284' title='bbox 2962 3078 3167 3126; x_wconf 83' lang='lat' dir='ltr'><strong>senes</strong></span> 
     </span>
     <span class='ocr_line' id='line_1_33' title="bbox 613 3145 3165 3237; baseline 0 -24"><span class='ocrx_word' id='word_1_285' title='bbox 613 3145 894 3232; x_wconf 89' lang='lat' dir='ltr'><strong>quidem</strong></span> <span class='ocrx_word' id='word_1_286' title='bbox 943 3156 1008 3213; x_wconf 92' lang='lat' dir='ltr'><strong>et</strong></span> <span class='ocrx_word' id='word_1_287' title='bbox 1039 3166 1278 3234; x_wconf 88' lang='lat' dir='ltr'><strong>aegros</strong></span> <span class='ocrx_word' id='word_1_288' title='bbox 1377 3168 1632 3214; x_wconf 69' lang='grc'>331333</span> <span class='ocrx_word' id='word_1_289' title='bbox 1679 3158 1742 3215; x_wconf 92' lang='lat' dir='ltr'><strong>et</strong></span> <span class='ocrx_word' id='word_1_290' title='bbox 1791 3146 1927 3237; x_wconf 90' lang='lat' dir='ltr'><strong>pia,</strong></span> <span class='ocrx_word' id='word_1_291' title='bbox 1984 3169 2184 3237; x_wconf 89' lang='lat' dir='ltr'><strong>porro</strong></span> <span class='ocrx_word' id='word_1_292' title='bbox 2250 3146 2627 3235; x_wconf 78' lang='lat' dir='ltr'><strong>juvenibus</strong></span> <span class='ocrx_word' id='word_1_293' title='bbox 2687 3157 3046 3214; x_wconf 87' lang='lat' dir='ltr'><strong>strenuam</strong></span> <span class='ocrx_word' id='word_1_294' title='bbox 3090 3166 3165 3214; x_wconf 89' lang='lat' dir='ltr'><strong>se</strong></span> 
     </span>
     <span class='ocr_line' id='line_1_34' title="bbox 614 3233 3166 3325; baseline -0.001 -22"><span class='ocrx_word' id='word_1_295' title='bbox 614 3233 947 3303; x_wconf 84' lang='lat' dir='ltr'><strong>exhibens</strong></span> <span class='ocrx_word' id='word_1_296' title='bbox 996 3256 1157 3324; x_wconf 89' lang='lat' dir='ltr'><strong>erga</strong></span> <span class='ocrx_word' id='word_1_297' title='bbox 1199 3255 1304 3304; x_wconf 86' lang='lat' dir='ltr'><strong>res</strong></span> <span class='ocrx_word' id='word_1_298' title='bbox 1352 3233 1642 3304; x_wconf 89' lang='lat' dir='ltr'><strong>divinas.</strong></span> <span class='ocrx_word' id='word_1_299' title='bbox 1699 3240 1910 3321; x_wconf 79' lang='lat' dir='ltr'><strong>Atque</strong></span> <span class='ocrx_word' id='word_1_300' title='bbox 1958 3236 2085 3305; x_wconf 90' lang='lat' dir='ltr'><strong>hoc</strong></span> <span class='ocrx_word' id='word_1_301' title='bbox 2135 3249 2357 3325; x_wconf 76' lang='lat' dir='ltr'><strong>pacm,</strong></span> <span class='ocrx_word' id='word_1_302' title='bbox 2413 3256 2686 3305; x_wconf 91' lang='lat' dir='ltr'><strong>summo</strong></span> <span class='ocrx_word' id='word_1_303' title='bbox 2737 3233 2969 3303; x_wconf 88' lang='lat' dir='ltr'><strong>studio</strong></span> <span class='ocrx_word' id='word_1_304' title='bbox 3018 3255 3166 3302; x_wconf 87' lang='lat' dir='ltr'><strong>cre-</strong></span> 
     </span>
     <span class='ocr_line' id='line_1_35' title="bbox 615 3321 3171 3424; baseline 0 -34"><span class='ocrx_word' id='word_1_305' title='bbox 615 3322 839 3391; x_wconf 88' lang='lat' dir='ltr'><strong>ditum</strong></span> <span class='ocrx_word' id='word_1_306' title='bbox 901 3322 1033 3391; x_wconf 92' lang='lat' dir='ltr'><strong>sibi</strong></span> <span class='ocrx_word' id='word_1_307' title='bbox 1081 3322 1388 3393; x_wconf 78' lang='lat' dir='ltr'><strong>officium</strong></span> <span class='ocrx_word' id='word_1_308' title='bbox 1454 3323 1933 3410; x_wconf 88' lang='lat' dir='ltr'><strong>exequebatur.</strong></span> <span class='ocrx_word' id='word_1_309' title='bbox 1988 3330 2193 3394; x_wconf 92' lang='lat' dir='ltr'><strong>Porro</strong></span> <span class='ocrx_word' id='word_1_310' title='bbox 2242 3347 2362 3424; x_wconf 88' lang='lat' dir='ltr'><strong>per</strong></span> <span class='ocrx_word' id='word_1_311' title='bbox 2419 3323 2708 3393; x_wconf 89' lang='lat' dir='ltr'><strong>nuncios</strong></span> <span class='ocrx_word' id='word_1_312' title='bbox 2756 3344 2945 3403; x_wconf 83' lang='lat' dir='ltr'><strong>suoS‚</strong></span> <span class='ocrx_word' id='word_1_313' title='bbox 3002 3321 3171 3392; x_wconf 90' lang='lat' dir='ltr'><strong>boni</strong></span> 
     </span>
     <span class='ocr_line' id='line_1_36' title="bbox 614 3411 3164 3502; baseline -0.001 -20"><span class='ocrx_word' id='word_1_314' title='bbox 614 3411 989 3482; x_wconf 83' lang='lat' dir='ltr'><strong>testimonii</strong></span> <span class='ocrx_word' id='word_1_315' title='bbox 1026 3411 1226 3494; x_wconf 77' lang='lat' dir='ltr'><strong>virOS,</strong></span> <span class='ocrx_word' id='word_1_316' title='bbox 1281 3425 1427 3481; x_wconf 89' lang='lat' dir='ltr'><strong>tum</strong></span> <span class='ocrx_word' id='word_1_317' title='bbox 1478 3417 1884 3482; x_wconf 89' lang='lat' dir='ltr'><strong>Sanctorum</strong></span> <span class='ocrx_word' id='word_1_318' title='bbox 1933 3414 2348 3502; x_wconf 84' lang='lat' dir='ltr'><strong>patrocinia,</strong></span> <span class='ocrx_word' id='word_1_319' title='bbox 2406 3424 2550 3480; x_wconf 89' lang='lat' dir='ltr'><strong>tum</strong></span> <span class='ocrx_word' id='word_1_320' title='bbox 2601 3434 2833 3482; x_wconf 90' lang='lat' dir='ltr'><strong>sacros</strong></span> <span class='ocrx_word' id='word_1_321' title='bbox 2887 3411 3164 3482; x_wconf 88' lang='lat' dir='ltr'><strong>codices</strong></span> 
     </span>
     <span class='ocr_line' id='line_1_37' title="bbox 614 3500 3166 3602; baseline -0.001 -32"><span class='ocrx_word' id='word_1_322' title='bbox 614 3501 702 3570; x_wconf 88' lang='lat' dir='ltr'><strong>ab</strong></span> <span class='ocrx_word' id='word_1_323' title='bbox 732 3502 902 3571; x_wconf 90' lang='lat' dir='ltr'><strong>urbe</strong></span> <span class='ocrx_word' id='word_1_324' title='bbox 936 3506 1149 3571; x_wconf 87' lang='lat' dir='ltr'><strong>Roma</strong></span> <span class='ocrx_word' id='word_1_325' title='bbox 1177 3513 1242 3570; x_wconf 88' lang='lat' dir='ltr'><strong>et</strong></span> <span class='ocrx_word' id='word_1_326' title='bbox 1289 3501 1688 3602; x_wconf 82' lang='lat' dir='ltr'><strong>regionibus</strong></span> <span class='ocrx_word' id='word_1_327' title='bbox 1738 3503 2242 3581; x_wconf 87' lang='lat' dir='ltr'><strong>transmarinis,</strong></span> <span class='ocrx_word' id='word_1_328' title='bbox 2296 3523 2548 3592; x_wconf 87' lang='lat' dir='ltr'><strong>gnaros</strong></span> <span class='ocrx_word' id='word_1_329' title='bbox 2595 3522 2870 3587; x_wconf 92' lang='lat' dir='ltr'><strong>quoque</strong></span> <span class='ocrx_word' id='word_1_330' title='bbox 2933 3500 3166 3569; x_wconf 87' lang='lat' dir='ltr'><strong>homi—</strong></span> 
     </span>
     <span class='ocr_line' id='line_1_38' title="bbox 614 3588 3166 3691; baseline -0 -33"><span class='ocrx_word' id='word_1_331' title='bbox 614 3612 739 3662; x_wconf 90' lang='lat' dir='ltr'><strong>nes</strong></span> <span class='ocrx_word' id='word_1_332' title='bbox 777 3590 898 3677; x_wconf 92' lang='lat' dir='ltr'><strong>qui</strong></span> <span class='ocrx_word' id='word_1_333' title='bbox 930 3590 1218 3691; x_wconf 79' lang='lat' dir='ltr'><strong>divinae</strong></span> <span class='ocrx_word' id='word_1_334' title='bbox 1261 3590 1320 3658; x_wconf 91' lang='lat' dir='ltr'><strong>le</strong></span> <span class='ocrx_word' id='word_1_335' title='bbox 1374 3614 1434 3690; x_wconf 79' lang='lat' dir='ltr'><strong>is</strong></span> <span class='ocrx_word' id='word_1_336' title='bbox 1476 3591 1766 3671; x_wconf 87' lang='lat' dir='ltr'><strong>cantica,</strong></span> <span class='ocrx_word' id='word_1_337' title='bbox 1824 3590 1956 3662; x_wconf 89' lang='lat' dir='ltr'><strong>sibi</strong></span> <span class='ocrx_word' id='word_1_338' title='bbox 2006 3592 2288 3679; x_wconf 90' lang='lat' dir='ltr'><strong>suisque</strong></span> <span class='ocrx_word' id='word_1_339' title='bbox 2340 3588 2758 3669; x_wconf 88' lang='lat' dir='ltr'><strong>meditanda,</strong></span> <span class='ocrx_word' id='word_1_340' title='bbox 2817 3589 3166 3679; x_wconf 90' lang='lat' dir='ltr'><strong>interpre-</strong></span> 
     </span>
     <span class='ocr_line' id='line_1_39' title="bbox 616 3689 1626 3762; baseline 0.001 -14"><span class='ocrx_word' id='word_1_341' title='bbox 616 3689 947 3762; x_wconf 87' lang='lat' dir='ltr'><strong>tarentur,</strong></span> <span class='ocrx_word' id='word_1_342' title='bbox 1001 3691 1252 3749; x_wconf 77' lang='lat' dir='ltr'><strong>meruit</strong></span> <span class='ocrx_word' id='word_1_343' title='bbox 1298 3702 1337 3748; x_wconf 95' lang='lat' dir='ltr'><strong>o</strong></span> <span class='ocrx_word' id='word_1_344' title='bbox 1394 3692 1626 3749; x_wconf 75' lang='lat' dir='ltr'><strong>tinere.</strong></span> 
     </span>
    </p>

    <p class='ocr_par' dir='ltr' id='par_1_4' title="bbox 614 3766 3176 4393">
     <span class='ocr_line' id='line_1_40' title="bbox 702 3766 3172 3857; baseline -0.002 -15"><span class='ocrx_word' id='word_1_345' title='bbox 702 3771 739 3855; x_wconf 67' lang='grc' dir='ltr'>ἓ</span> <span class='ocrx_word' id='word_1_346' title='bbox 786 3773 870 3842; x_wconf 70' lang='grc'><strong>4.</strong></span> <span class='ocrx_word' id='word_1_347' title='bbox 924 3773 1273 3838; x_wconf 91' lang='lat' dir='ltr'><strong>Caeterum</strong></span> <span class='ocrx_word' id='word_1_348' title='bbox 1329 3780 1541 3837; x_wconf 85' lang='lat' dir='ltr'><strong>mater</strong></span> <span class='ocrx_word' id='word_1_349' title='bbox 1568 3768 1723 3857; x_wconf 85' lang='lat' dir='ltr'><strong>ejus</strong></span> <span class='ocrx_word' id='word_1_350' title='bbox 1755 3773 1905 3850; x_wconf 88' lang='lat' dir='ltr'><strong>Itta,</strong></span> <span class='ocrx_word' id='word_1_351' title='bbox 1965 3769 2171 3838; x_wconf 87' lang='lat' dir='ltr'><strong>rebus</strong></span> <span class='ocrx_word' id='word_1_352' title='bbox 2203 3768 2312 3838; x_wconf 91' lang='lat' dir='ltr'><strong>his</strong></span> <span class='ocrx_word' id='word_1_353' title='bbox 2343 3767 2424 3837; x_wconf 92' lang='lat' dir='ltr'><strong>ad</strong></span> <span class='ocrx_word' id='word_1_354' title='bbox 2477 3768 2616 3836; x_wconf 91' lang='lat' dir='ltr'><strong>huc</strong></span> <span class='ocrx_word' id='word_1_355' title='bbox 2649 3766 2936 3836; x_wconf 90' lang='lat' dir='ltr'><strong>modum</strong></span> <span class='ocrx_word' id='word_1_356' title='bbox 2972 3790 3172 3837; x_wconf 90' lang='lat' dir='ltr'><strong>com-</strong></span> 
     </span>
     <span class='ocr_line' id='line_1_41' title="bbox 614 3855 3168 3958; baseline -0.001 -30"><span class='ocrx_word' id='word_1_357' title='bbox 614 3858 883 3950; x_wconf 80' lang='lat' dir='ltr'><strong>positiS,</strong></span> <span class='ocrx_word' id='word_1_358' title='bbox 939 3858 1140 3948; x_wconf 88' lang='lat' dir='ltr'><strong>plena</strong></span> <span class='ocrx_word' id='word_1_359' title='bbox 1178 3859 1324 3948; x_wconf 85' lang='lat' dir='ltr'><strong>jam</strong></span> <span class='ocrx_word' id='word_1_360' title='bbox 1359 3857 1654 3941; x_wconf 89' lang='lat' dir='ltr'><strong>dierum,</strong></span> <span class='ocrx_word' id='word_1_361' title='bbox 1709 3881 1869 3927; x_wconf 91' lang='lat' dir='ltr'><strong>cum</strong></span> <span class='ocrx_word' id='word_1_362' title='bbox 1917 3858 2122 3927; x_wconf 90' lang='lat' dir='ltr'><strong>etiam</strong></span> <span class='ocrx_word' id='word_1_363' title='bbox 2167 3869 2445 3958; x_wconf 90' lang='lat' dir='ltr'><strong>nepotes</strong></span> <span class='ocrx_word' id='word_1_364' title='bbox 2479 3879 2642 3927; x_wconf 90' lang='lat' dir='ltr'><strong>suos</strong></span> <span class='ocrx_word' id='word_1_365' title='bbox 2683 3855 2990 3938; x_wconf 87' lang='lat' dir='ltr'><strong>vidisset,</strong></span> <span class='ocrx_word' id='word_1_366' title='bbox 3025 3879 3168 3926; x_wconf 88' lang='lat' dir='ltr'><strong>non</strong></span> 
     </span>
     <span class='ocr_line' id='line_1_42' title="bbox 617 3946 3172 4036; baseline 0 -21"><span class='ocrx_word' id='word_1_367' title='bbox 617 3947 846 4016; x_wconf 88' lang='lat' dir='ltr'><strong>minor</strong></span> <span class='ocrx_word' id='word_1_368' title='bbox 893 3947 1095 4017; x_wconf 87' lang='lat' dir='ltr'><strong>annis</strong></span> <span class='ocrx_word' id='word_1_369' title='bbox 1125 3953 1207 4017; x_wconf 84' lang='lat'><strong>60</strong></span> <span class='ocrx_word' id='word_1_370' title='bbox 1242 3947 1327 4016; x_wconf 88' lang='lat' dir='ltr'><strong>ab</strong></span> <span class='ocrx_word' id='word_1_371' title='bbox 1376 3947 1565 4016; x_wconf 89' lang='lat' dir='ltr'><strong>obitu</strong></span> <span class='ocrx_word' id='word_1_372' title='bbox 1608 3948 1835 4016; x_wconf 89' lang='lat' dir='ltr'><strong>mariti</strong></span> <span class='ocrx_word' id='word_1_373' title='bbox 1883 3946 1991 4016; x_wconf 90' lang='lat' dir='ltr'><strong>sui</strong></span> <span class='ocrx_word' id='word_1_374' title='bbox 2052 3946 2276 4036; x_wconf 85' lang='lat' dir='ltr'><strong>Pipim</strong></span> <span class='ocrx_word' id='word_1_375' title='bbox 2335 3968 2517 4015; x_wconf 89' lang='lat' dir='ltr'><strong>anno</strong></span> <span class='ocrx_word' id='word_1_376' title='bbox 2569 3951 2649 4014; x_wconf 66' lang='lat'><strong>42</strong></span> <span class='ocrx_word' id='word_1_377' title='bbox 2701 3950 2833 4013; x_wconf 90' lang='lat' dir='ltr'><strong>Deo</strong></span> <span class='ocrx_word' id='word_1_378' title='bbox 2881 3956 2948 4013; x_wconf 87' lang='lat' dir='ltr'><strong>et</strong></span> <span class='ocrx_word' id='word_1_379' title='bbox 3012 3968 3172 4017; x_wconf 89' lang='lat' dir='ltr'><strong>san·</strong></span> 
     </span>
     <span class='ocr_line' id='line_1_43' title="bbox 616 4033 3164 4125; baseline -0.001 -20"><span class='ocrx_word' id='word_1_380' title='bbox 616 4036 746 4105; x_wconf 89' lang='lat' dir='ltr'><strong>ctis</strong></span> <span class='ocrx_word' id='word_1_381' title='bbox 793 4035 1057 4125; x_wconf 89' lang='lat' dir='ltr'><strong>angelis</strong></span> <span class='ocrx_word' id='word_1_382' title='bbox 1106 4036 1423 4123; x_wconf 89' lang='lat' dir='ltr'><strong>spiritum</strong></span> <span class='ocrx_word' id='word_1_383' title='bbox 1468 4059 1674 4105; x_wconf 92' lang='lat' dir='ltr'><strong>suum</strong></span> <span class='ocrx_word' id='word_1_384' title='bbox 1706 4035 2221 4116; x_wconf 89' lang='lat' dir='ltr'><strong>commendans,</strong></span> <span class='ocrx_word' id='word_1_385' title='bbox 2273 4034 2590 4125; x_wconf 87' lang='lat' dir='ltr'><strong>migravit</strong></span> <span class='ocrx_word' id='word_1_386' title='bbox 2638 4033 2721 4103; x_wconf 92' lang='lat' dir='ltr'><strong>ad</strong></span> <span class='ocrx_word' id='word_1_387' title='bbox 2758 4033 3164 4118; x_wconf 88' lang='lat' dir='ltr'><strong>Dominum,</strong></span> 
     </span>
     <span class='ocr_line' id='line_1_44' title="bbox 616 4122 3176 4214; baseline -0.001 -19"><span class='ocrx_word' id='word_1_388' title='bbox 616 4136 821 4212; x_wconf 86' lang='lat' dir='ltr'><strong>atque</strong></span> <span class='ocrx_word' id='word_1_389' title='bbox 861 4123 930 4191; x_wconf 91' lang='lat' dir='ltr'><strong>in</strong></span> <span class='ocrx_word' id='word_1_390' title='bbox 981 4124 1342 4196; x_wconf 89' lang='lat' dir='ltr'><strong>Nivellensi</strong></span> <span class='ocrx_word' id='word_1_391' title='bbox 1377 4125 1788 4194; x_wconf 87' lang='lat' dir='ltr'><strong>monasterio</strong></span> <span class='ocrx_word' id='word_1_392' title='bbox 1836 4125 1966 4196; x_wconf 89' lang='lat' dir='ltr'><strong>sub</strong></span> <span class='ocrx_word' id='word_1_393' title='bbox 2015 4130 2084 4193; x_wconf 92' lang='lat' dir='ltr'><strong>B.</strong></span> <span class='ocrx_word' id='word_1_394' title='bbox 2140 4125 2315 4193; x_wconf 88' lang='lat' dir='ltr'><strong>Petri</strong></span> <span class='ocrx_word' id='word_1_395' title='bbox 2355 4123 2652 4214; x_wconf 78' lang='lat' dir='ltr'><strong>Apostoli</strong></span> <span class='ocrx_word' id='word_1_396' title='bbox 2700 4122 3006 4213; x_wconf 90' lang='lat' dir='ltr'><strong>tegmine</strong></span> <span class='ocrx_word' id='word_1_397' title='bbox 3048 4124 3176 4193; x_wconf 88' lang='lat' dir='ltr'><strong>ho-</strong></span> 
     </span>
     <span class='ocr_line' id='line_1_45' title="bbox 621 4212 3174 4284; baseline -0.001 -1"><span class='ocrx_word' id='word_1_398' title='bbox 621 4214 1268 4283; x_wconf 84' lang='lat' dir='ltr'><strong>norificetumulata</strong></span> <span class='ocrx_word' id='word_1_399' title='bbox 1305 4214 1488 4283; x_wconf 72' lang='lat' dir='ltr'><strong>est*.</strong></span> <span class='ocrx_word' id='word_1_400' title='bbox 1542 4219 1709 4282; x_wconf 90' lang='lat' dir='ltr'><strong>Cum</strong></span> <span class='ocrx_word' id='word_1_401' title='bbox 1760 4225 1988 4284; x_wconf 90' lang='lat' dir='ltr'><strong>autem</strong></span> <span class='ocrx_word' id='word_1_402' title='bbox 2041 4226 2255 4283; x_wconf 89' lang='lat' dir='ltr'><strong>matre</strong></span> <span class='ocrx_word' id='word_1_403' title='bbox 2320 4212 2640 4283; x_wconf 81' lang='lat' dir='ltr'><strong>defuncta</strong></span> <span class='ocrx_word' id='word_1_404' title='bbox 2691 4216 2756 4281; x_wconf 89' lang='lat' dir='ltr'><strong>S.</strong></span> <span class='ocrx_word' id='word_1_405' title='bbox 2811 4213 3174 4282; x_wconf 86' lang='lat' dir='ltr'><strong>Gertrudis</strong></span> 
     </span>
     <span class='ocr_line' id='line_1_46' title="bbox 623 4301 3176 4393; baseline -0.001 -18"><span class='ocrx_word' id='word_1_406' title='bbox 623 4316 841 4375; x_wconf 88' lang='lat' dir='ltr'><strong>totum</strong></span> <span class='ocrx_word' id='word_1_407' title='bbox 892 4302 1252 4393; x_wconf 89' lang='lat' dir='ltr'><strong>regiminis</strong></span> <span class='ocrx_word' id='word_1_408' title='bbox 1301 4302 1572 4392; x_wconf 90' lang='lat' dir='ltr'><strong>pondus</strong></span> <span class='ocrx_word' id='word_1_409' title='bbox 1598 4303 1669 4371; x_wconf 90' lang='lat' dir='ltr'><strong>in</strong></span> <span class='ocrx_word' id='word_1_410' title='bbox 1721 4324 1793 4372; x_wconf 89' lang='lat' dir='ltr'><strong>se</strong></span> <span class='ocrx_word' id='word_1_411' title='bbox 1832 4303 2045 4374; x_wconf 88' lang='lat' dir='ltr'><strong>solam</strong></span> <span class='ocrx_word' id='word_1_412' title='bbox 2098 4302 2487 4393; x_wconf 85' lang='lat' dir='ltr'><strong>recepisset,</strong></span> <span class='ocrx_word' id='word_1_413' title='bbox 2545 4301 2888 4393; x_wconf 87' lang='lat' dir='ltr'><strong>cogitabat</strong></span> <span class='ocrx_word' id='word_1_414' title='bbox 2928 4324 3176 4372; x_wconf 86' lang='lat' dir='ltr'><strong>secum</strong></span> 
     </span>
    </p>
   </div>
   <div class='ocr_carea' id='block_1_3' title="bbox 680 4429 2594 4481">
    <p class='ocr_par' dir='ltr' id='par_1_5' title="bbox 680 4429 2594 4481">
     <span class='ocr_line' id='line_1_47' title="bbox 680 4429 2594 4481; baseline -0.002 -9"><span class='ocrx_word' id='word_1_415' title='bbox 680 4433 706 4454; x_wconf 79' lang='lat'><em>⁰</em></span> <span class='ocrx_word' id='word_1_416' title='bbox 736 4431 919 4472; x_wconf 81' lang='lat' dir='ltr'><strong>Colitur</strong></span> <span class='ocrx_word' id='word_1_417' title='bbox 940 4430 1218 4472; x_wconf 73' lang='lat' dir='ltr'><strong>solemniter</strong></span> <span class='ocrx_word' id='word_1_418' title='bbox 1235 4429 1405 4470; x_wconf 64' lang='lat' dir='ltr'><strong>Beatae</strong></span> <span class='ocrx_word' id='word_1_419' title='bbox 1421 4431 1495 4474; x_wconf 81' lang='lat' dir='ltr'><strong>tit.</strong></span> <span class='ocrx_word' id='word_1_420' title='bbox 1516 4431 1612 4471; x_wconf 73' lang='lat' dir='ltr'><strong>Itta</strong></span> <span class='ocrx_word' id='word_1_421' title='bbox 1628 4432 1679 4471; x_wconf 80' lang='lat' dir='ltr'><strong>in</strong></span> <span class='ocrx_word' id='word_1_422' title='bbox 1695 4431 1866 4481; x_wconf 79' lang='lat' dir='ltr'><strong>oppido</strong></span> <span class='ocrx_word' id='word_1_423' title='bbox 1887 4431 2166 4472; x_wconf 63' lang='lat' dir='ltr'><strong>Brabtntiae</strong></span> <span class='ocrx_word' id='word_1_424' title='bbox 2179 4432 2345 4472; x_wconf 67' lang='lat' dir='ltr'><strong>Moeno</strong></span> <span class='ocrx_word' id='word_1_425' title='bbox 2364 4440 2449 4472; x_wconf 76' lang='lat' dir='ltr'><strong>vm</strong></span> <span class='ocrx_word' id='word_1_426' title='bbox 2468 4431 2594 4481; x_wconf 61' lang='lat' dir='ltr'><strong>maji.</strong></span> 
     </span>
    </p>
   </div>
  </div>
 </body>
</html>
