3327 4999
173 370 267 438 Ex
317 370 541 440 SEPT.
598 371 637 439 3
1004 391 1083 439 nn
1130 391 1188 439 s,
1243 390 1527 441 nancto
1574 390 1871 441 nmscoro
2407 439 2414 446 .
2486 377 2614 444 627

249 477 284 564 ξ
356 479 451 546 θ.
506 475 759 545 Deinde
805 497 965 545 cum
1014 477 1076 545 ei
1108 476 1278 546 bene
1327 489 1643 568 precatus
1687 488 1887 559 esset,
1924 477 2112 548 dedit
2157 479 2221 547 ei
2270 479 2501 551 literas
2531 503 2696 551 suas

171 564 249 636 ad
300 566 614 657 Metensis
659 564 855 635 urbis
905 567 1316 657 Episcopum
1366 568 1488 654 qui
1535 588 1722 649 eum,
1756 581 1833 636 ut
1878 566 2209 639 divinitus
2257 569 2392 658 ipsi
2441 570 2700 640 revela-

171 668 309 725 tum
356 666 521 736 erat,
560 654 946 726 institueret
991 678 1070 724 ac
1099 656 1424 727 erudiret.
1478 660 1790 726 Praeerat
1839 668 1985 726 tum
2036 657 2315 727 Metensi
2365 658 2696 732 ecclesiae

170 743 609 835 ClodulphuS‚
652 743 832 814 beati
878 743 1238 835 Arnulphi,
1291 758 1370 815 ut
1414 767 1621 815 carne
1653 745 1866 825 filius,
1918 746 2011 815 ita
2058 746 2389 817 virtutum
2431 746 2696 818 meritis

170 834 236 903 in
284 833 692 904 Pontificatu
767 854 1123 905 successor
1197 834 1676 926 dignissimus,
1730 839 1796 904 Is
1843 834 2350 907 humanissime
2414 836 2691 908 beatum

172 923 550 993 Trudonem
597 922 946 1014 excipiens
980 977 996 1002 ,
1050 945 1185 993 non
1259 923 1484 993 solum
1532 924 1684 1014 ejus
1731 924 1957 1015 ipsius
2003 927 2264 1007 causa,
2319 926 2438 998 sed
2492 926 2700 998 etiam

173 1024 444 1103 propter
491 1012 711 1084 sancti
773 1011 1074 1082 Remacli
1130 1012 1476 1113 egregiam
1527 1012 2240 1096 commendationem,
2293 1016 2524 1088 causis
2572 1015 2698 1085 ad-

170 1116 407 1172 ventus
445 1102 599 1191 ejus
645 1101 962 1192 cognitis,
1016 1124 1229 1172 sacris
1297 1124 1457 1171 eum
1508 1101 1722 1171 literis
1780 1115 1847 1171 et
1892 1102 2125 1172 divina
2175 1101 2322 1195 lege
2376 1104 2697 1176 erudien-

170 1191 330 1261 dum
381 1190 668 1272 curavit,
723 1202 788 1261 et
832 1213 1005 1278 quas
1051 1191 1298 1261 obtulit
1347 1202 1584 1261 sancto
1645 1191 1988 1283 Stephano
2038 1194 2527 1283 possessiones,
2584 1219 2698 1266 su-

170 1279 401 1372 scepit.
455 1280 683 1350 Multis
712 1301 870 1350 vero
916 1280 1119 1350 annis
1159 1280 1300 1349 illic
1349 1303 1578 1352 moras
1620 1281 2000 1350 trahentem
2050 1282 2223 1353 bene
2272 1283 2536 1365 habuit,
2592 1283 2698 1352 di-

171 1370 586 1461 ligenterque
635 1370 1045 1440 instructum
1097 1383 1163 1439 et
1208 1369 1585 1440 sacerdotio
1632 1369 2005 1451 initiatum,
2060 1382 2293 1442 sancto
2342 1373 2521 1474 patri
2569 1377 2699 1443 Re-

160 1457 387 1529 'maclo
433 1458 720 1529 remisit.
795 1464 862 1528 Is
909 1471 1321 1550 percontans
1374 1482 1454 1529 ex
1501 1481 1579 1528 eo
1626 1458 1792 1548 quid
1850 1460 2180 1530 Dominus
2227 1460 2363 1552 ipsi
2413 1462 2698 1552 praesti-

171 1548 353 1620 tisset
399 1558 463 1618 et
510 1569 678 1618 num
756 1569 1083 1639 prospero
1156 1547 1399 1618 itinere
1443 1548 1625 1618 ultro
1701 1549 2008 1636 citroque
2085 1572 2257 1621 usus
2303 1564 2518 1633 esset,
2575 1551 2697 1621 ubi

169 1638 497 1740 comperit
565 1659 723 1707 eum
773 1637 844 1706 in
907 1636 1123 1708 sacris
1194 1637 1407 1707 literis
1480 1638 1652 1708 bene
1700 1637 2073 1719 eruditum,
2143 1638 2518 1711 immensas
2565 1645 2700 1710 Deo

168 1740 418 1818 gratias
463 1726 627 1818 agit,
680 1726 775 1795 ita
819 1726 1082 1797 dicens:
1111 1732 1330 1797 «Laus
1378 1726 1501 1797 tibi
1547 1731 1765 1805 Pater,
1798 1727 2083 1797 Domine
2118 1728 2291 1797 coeli
2333 1741 2397 1799 et
2449 1742 2689 1811 terrae,
2743 1728 2750 1733 ’

167 1817 346 1904 quod
380 1815 724 1906 complere
772 1814 1096 1908 dignatus
1144 1837 1217 1885 es
1263 1838 1340 1885 ea
1388 1838 1563 1903 quae
1612 1815 1785 1885 mihi
1831 1816 1917 1886 de
1966 1829 2081 1887 tuo
2133 1816 2393 1887 famulo
2443 1818 2699 1889 revela-

168 1927 299 1986 ηις,
352 1925 648 1993 eumque
695 1905 780 1974 ad
830 1927 963 1988 me,
1017 1904 1155 1975 tuis
1204 1906 1583 1996 praeceptis
1618 1916 1912 1993 tuaeque
1960 1904 2131 1996 legis
2169 1906 2553 1978 eruditione
2590 1908 2700 1976 in-

165 2007 500 2065 structum
530 2006 594 2064 et
621 2006 965 2077 ornatum,
1004 1993 1420 2064 incolumem
1453 1995 1856 2075 revocasti.»
1889 1995 2207 2065 Permisit
2230 2008 2463 2066 autem
2503 1999 2700 2069 beato

167 2082 492 2165 Trudoni‚
526 2083 596 2152 in
629 2105 757 2153 sua
800 2083 1101 2155 dioecesi
1150 2083 1545 2177 praedicare
1591 2084 1878 2154 verbum
1934 2084 2066 2165 Dei,
2123 2085 2361 2156 Missas
2426 2086 2496 2156 in
2547 2087 2700 2172 qui-

169 2173 298 2243 hus
337 2172 538 2242 vellet
580 2172 887 2245 ecclesiis
916 2172 1283 2253 celebrare,
1335 2173 1632 2262 denique
1679 2173 2076 2253 oratorium,
2139 2186 2211 2243 ut
2260 2175 2690 2266 promiserat,

164 2262 229 2330 in
282 2261 558 2354 proprio
629 2262 846 2333 fundo
901 2273 1250 2332 extruere.
1302 2262 1683 2332 Permansit
1753 2262 1965 2353 igitur
2035 2261 2450 2350 aliquandiu
2502 2265 2692 2354 apud

165 2372 348 2433 eum,
400 2351 633 2422 vivens
680 2351 1131 2433 sanctissime,
1183 2374 1262 2422 ac
1311 2351 1583 2421 tandem
1618 2350 2003 2442 Episcopali
2055 2365 2372 2443 percepta
2415 2352 2700 2423 benedi-

164 2440 408 2522 ctione,
462 2441 687 2511 natale
733 2440 964 2513 revisit
1010 2441 1262 2521 solum,
1303 2452 1369 2511 et
1412 2440 1592 2529 quod
1638 2440 2059 2533 Jampridem
2094 2441 2326 2513 animo
2359 2464 2693 2534 concepe-

166 2542 289 2613 rat,
344 2553 416 2601 re
462 2531 615 2623 ipsa
659 2530 901 2612 effecit,
945 2531 1315 2602 oratorium
1365 2544 1686 2601 extruens
1734 2532 1804 2599 in
1855 2530 2133 2622 praedio
2163 2552 2311 2614 suo,
2366 2532 2692 2602 ubimul-

165 2634 267 2691 tos
314 2626 446 2691 Deo
493 2621 862 2693 servituros
900 2620 1194 2711 collegit,
1245 2631 1449 2707 atque
1496 2620 1577 2689 ad
1616 2633 1994 2690 extremum
2045 2642 2086 2690 a
2132 2620 2327 2691 beato
2376 2621 2698 2691 Remaclo

162 2711 309 2799 ejus
406 2710 685 2780 oratorii
747 2711 1329 2781 consecrationem
1409 2710 1818 2801 impetravit.
1895 2714 1973 2778 In
2051 2730 2189 2797 quo
2279 2711 2485 2780 etiam
2551 2723 2703 2812 post

161 2798 589 2873 multivarios
623 2800 833 2891 huJus
889 2801 1061 2871 vitae
1109 2799 1376 2871 labores
1417 2799 1802 2869 tumulatus
1848 2811 1993 2880 est,
2046 2810 2109 2869 et
2157 2799 2503 2890 permulta
2548 2799 2692 2869 illic

162 2902 564 2980 perpetrans
596 2889 956 2971 miracula,
1012 2911 1233 2977 usque
1290 2889 1359 2958 in
1439 2888 1854 2959 hodiernum
1914 2886 2095 2958 diem
2145 2889 2506 2958 commoda
2556 2888 2697 2958 illic

161 2976 372 3048 efficit
418 2978 810 3049 habitacula
849 2978 1369 3049 monachorum.

247 3069 285 3155 ἓ
340 3071 499 3141 11).
552 3067 741 3137 Libet
787 3066 899 3136 hic
946 3068 1187 3158 paucis
1232 3066 1670 3138 considerare
1720 3089 1930 3155 quam
1983 3066 2050 3135 in
2091 3066 2289 3137 beato
2325 3066 2644 3138 Remaclo
2674 3123 2690 3149 ‚

158 3167 237 3225 ut
268 3155 597 3238 diximuS,
649 3155 1105 3247 cupiditatum
1156 3157 1464 3227 omnium
1527 3157 1712 3248 ignis
1759 3160 2155 3246 consopltus
2202 3155 2428 3239 fuerit,
2481 3178 2693 3244 quarn

158 3243 280 3313 ille
326 3244 638 3314 omnium
692 3256 961 3314 nostrae
1006 3244 1246 3315 aetatis
1316 3246 1748 3317 sacerdotum
1799 3246 2040 3315 merita
2099 3245 2486 3327 excesserim
2586 3246 2694 3316 ui-

157 3334 294 3402 bus
343 3331 399 3401 si
434 3332 603 3402 forte
649 3333 711 3402 is
755 3356 959 3405 casus
1007 3334 1363 3404 offerretur
1391 3334 1511 3420 qui
1561 3334 1957 3406 beatissimo
2012 3334 2154 3404 viro
2216 3334 2489 3406 oblatus
2564 3336 2689 3416 uit,

156 3442 362 3491 secus
410 3421 865 3512 proculdubio
913 3421 1159 3493 facturi
1208 3421 1563 3493 videntur:
1619 3446 1753 3494 non
1814 3423 2038 3493 solum
2088 3423 2424 3493 hortaturi
2475 3424 2698 3494 homi-

158 3531 287 3580 nes
335 3510 509 3601 piOS‚
543 3521 622 3580 ut
650 3509 1006 3582 facultates
1054 3533 1217 3581 suas
1250 3533 1387 3581 non
1418 3534 1606 3593 suae,
1661 3512 1778 3583 sed
1829 3511 2023 3581 alteri
2056 3510 2384 3583 ecclesiae
2413 3512 2693 3582 donent:

153 3600 274 3672 sed
328 3600 557 3681 etiam,
612 3599 670 3668 si
716 3600 836 3688 qui
868 3600 1049 3671 ultro
1098 3601 1167 3669 id
1216 3599 1435 3670 facere
1490 3601 1720 3681 velint,
1774 3623 1890 3671 eos
1946 3600 2373 3670 dehortaturi
2425 3602 2691 3691 potiuS,

154 3703 366 3778 atque
412 3700 488 3761 ut
528 3688 658 3761 sibi
692 3711 809 3760 eas
856 3690 1258 3781 largiantur,
1294 3691 1717 3780 persuasuri,
1756 3712 1889 3759 non
1930 3689 2080 3759 sine
2112 3687 2353 3758 fraude
2401 3690 2698 3761 aliorum

150 3779 343 3867 quod
394 3801 560 3872 pace
607 3800 847 3849 eorum
896 3779 1209 3850 dixerim.
1265 3778 1457 3863 Quod
1506 3802 1671 3851 sane
1717 3791 1973 3867 quanto
2022 3778 2090 3847 in
2143 3778 2342 3849 nobis
2397 3791 2498 3849 est
2545 3779 2697 3849 cul-

150 3868 467 3960 pandum
517 3868 763 3960 magiS,
820 3881 1004 3939 tanto
1040 3867 1374 3939 ‘meritum
1424 3868 1603 3939 beati
1637 3868 1963 3950 Remacli‚
2000 3867 2066 3936 id
2114 3866 2316 3959 plane
2364 3890 2694 3940 recusan-

152 3958 270 4040 tis,
328 3958 570 4049 majori
617 3969 721 4029 est
769 3958 968 4028 laude
1014 3971 1079 4028 et
1128 3958 1633 4050 praedicatione
1697 3956 2143 4027 efferendum.
2203 3961 2279 4027 Et
2329 3956 2495 4028 haec
2542 3960 2697 4045 qui-

149 4046 313 4115 dem
364 4047 447 4117 de
478 4059 714 4120 sancto
747 4048 1063 4118 Trudone
1110 4047 1463 4135 aliquanto
1496 4047 1719 4118 fusius
1749 4067 2286 4117 commemorare
2321 4047 2689 4128 voluimuS,

84 4179 97 4188 ι
147 4149 234 4204 ιιι
288 4137 490 4206 etiam
541 4137 938 4230 prophetiae
983 4137 1246 4207 donum
1312 4136 1507 4207 beato
1556 4136 1875 4212 Remaclo
1923 4157 2060 4205 non
2109 4134 2411 4208 defuisse
2464 4148 2691 4207 osten-

147 4224 504 4297 deremus.
557 4231 725 4299 Cum
797 4227 982 4297 enim
1033 4226 1260 4300 Trudo
1307 4226 1393 4296 ab
1442 4225 1591 4318 ipso
1657 4225 1961 4317 primum
2024 4224 2415 4308 recederet,
2470 4226 2695 4295 Metim

146 4312 521 4415 petiturus,
569 4328 846 4408 propter
876 4316 1185 4388 viliorem
1218 4315 1531 4386 habitum
1571 4316 1745 4406 ejuS,
1786 4314 2145 4386 domestici
2179 4314 2358 4385 beati
2393 4314 2697 4385 Remacli

148 4401 363 4473 illum
412 4418 950 4489 contemnentes,
1014 4405 1295 4477 moleste
1332 4404 1639 4475 ferebant
1685 4405 1867 4493 quod
1932 4404 2277 4475 hominem
2331 4416 2467 4473 tam
2521 4403 2699 4471 male

143 4492 504 4578 vestitum,
558 4496 742 4587 apud
795 4518 867 4566 se
931 4495 1319 4587 collegisset
1374 4495 1776 4587 Episcopus.
1830 4494 1907 4564 Id
1956 4515 2113 4565 vero
2162 4492 2277 4563 ille
2324 4514 2405 4563 ex
2465 4491 2700 4562 divina
