3327 4999
242 343 347 409 Ex
394 341 580 408 ΑΗΘ.
637 340 720 405 16
1059 357 1142 404 nn
1189 357 1245 405 s.
1300 355 1614 406 uAcLovxo
1662 357 1961 406 ariscoro
2565 342 2637 408 64
2653 344 2694 407 9

330 448 367 532 §
431 449 584 517 19.
637 440 1060 512 Venerabilis
1108 443 1430 512 Leontius
1469 443 1710 515 videns
1758 443 2033 513 beatum
2061 441 2467 515 Maclovium
2517 443 2782 514 meritis
2865 520 2872 529 ,

248 547 315 606 et
363 532 729 602 virtutibus
777 529 1175 621 glorificari,
1213 532 1435 621 coepit
1482 533 1717 603 animo
1764 555 1998 603 secum
2051 553 2185 602 non
2240 533 2505 603 modice
2543 533 2785 604 laetari

246 622 432 711 quod
480 621 717 691 divina
768 619 981 709 pietas
1027 643 1184 690 eum
1237 633 1422 691 tanto
1480 635 1547 692 et
1594 621 1710 691 tali
1759 621 2028 712 hospite
2073 621 2363 692 voluerit
2409 621 2776 693 consolari.

250 711 441 782 Unde
489 731 686 780 suam
729 709 1094 780 dioecesim
1148 709 1590 791 lustraturus,
1651 732 1809 780 eum
1870 721 1948 780 ut
1995 732 2227 780 secum
2281 724 2610 801 pergeret,
2665 712 2787 781 ob-

247 801 426 870 nixis
473 802 591 869 coe'
644 798 693 868 it
735 798 1079 887 precibus.
1120 804 1464 869 Venerunt
1501 800 1733 886 itaque
1780 797 1862 869 ad
1917 798 2173 880 villam,
2223 820 2432 886 quam
2482 800 2780 886 antiqui-

247 902 351 960 tas
398 888 597 989 appel
631 886 767 956 avit
817 892 1079 969 Bream,
1133 888 1430 978 geminis
1475 888 1785 958 ecclesiis
1836 888 1902 956 in
1944 887 2271 958 honorem
2303 889 2416 957 Dei
2468 888 2785 958 nobiliter

244 978 676 1067 insignitam.
716 976 1038 1046 Leontius
1081 992 1157 1046 ut
1206 977 1608 1047 Maelovium
1659 976 1918 1047 arctius
1964 975 2343 1068 applicaret
2375 976 2530 1058 sibi,
2567 998 2784 1046 unam

241 1088 478 1136 earum
513 1064 824 1135 attribuit
854 1064 1004 1155 ejus
1052 1065 1481 1146 habitationi,
1536 1067 1819 1136 alteram
1884 1065 2166 1136 retinuit
2213 1087 2339 1137 suo
2375 1066 2546 1157 juri.
2586 1065 2780 1148 Quod

194 1174 199 1179 ·
244 1167 584 1243 quantum
637 1158 768 1222 Deo
816 1153 1171 1243 placuerit,
1217 1177 1295 1224 ex
1334 1177 1413 1225 eo
1462 1156 1627 1226 satis
1675 1154 1998 1246 apparuit
2033 1154 2213 1242 quod
2270 1156 2611 1245 praesenti
2653 1154 2783 1223 mi-

243 1243 481 1315 raculo
528 1241 783 1312 ibidem
827 1264 943 1311 eos
994 1242 1322 1313 Dominus
1371 1244 1782 1313 laetificavit.
1831 1244 2276 1313 Illucescente
2322 1243 2433 1313 die
2479 1266 2637 1314 cum
2677 1242 2779 1312 la-

241 1333 386 1402 vari
436 1331 633 1402 vellet
682 1330 1081 1421 Episcopus,
1137 1354 1309 1422 puer
1346 1332 1708 1403 familiaris
1755 1332 1840 1402 ad
1893 1331 2344 1402 hauriendam
2373 1355 2623 1421 aquam
2655 1354 2781 1402 cu-

241 1421 458 1491 currit
503 1441 741 1509 ocyus.
796 1420 921 1502 Qui
982 1419 1149 1490 dum
1210 1421 1483 1490 incaute
1530 1421 2066 1522 haurit,'elapso
2116 1421 2309 1512 pede,
2367 1422 2437 1491 in
2489 1433 2773 1513 puteum

240 1510 520 1589 corruit,
575 1521 641 1578 et
687 1530 1025 1595 aquarum
1078 1509 1257 1580 mole
1303 1532 1677 1600 oppressus
1731 1511 2012 1581 interiit.
2066 1515 2352 1581 Exortus
2398 1525 2501 1581 est
2548 1510 2777 1581 subito

242 1599 505 1668 clamor
562 1609 627 1667 et
673 1598 993 1687 gemitus,
1053 1598 1128 1667 fit
1176 1598 1484 1686 undique
1530 1597 1853 1686 frequens
1901 1598 2141 1689 populi
2196 1621 2602 1669 concursus.
2656 1603 2777 1668 Ac-

242 1688 458 1757 currit
554 1698 697 1757 ater
747 1686 1084 1777 lugubris,
1142 1708 1273 1757 non
1321 1700 1625 1758 moratur
1670 1689 1910 1758 adesse
1943 1702 2160 1757 mater
2193 1688 2633 1769 miserabiliS,
2669 1687 2783 1756 in-

187 1855 198 1869 ,
242 1777 427 1847 culta
513 1775 660 1844 acie
719 1787 786 1844 et
831 1775 1195 1845 seminudo
1232 1798 1539 1866 corpore,
1592 1779 1990 1868 sparsisque
2037 1776 2309 1865 capillis
2358 1775 2782 1867 compassio·

242 1887 399 1934 nem
453 1863 796 1933 incutiens
843 1865 1207 1934 universis
1246 1871 1460 1934 Movet
1504 1878 1814 1947 cunctOS,
1858 1880 1923 1935 et
1955 1865 2248 1935 maxime
2274 1879 2615 1965 parentes,
2656 1865 2784 1935 ssos

242 1953 483 2023 aetatis
530 1952 993 2023 delectabilis:
1058 1967 1202 2023 erat
1241 1956 1500 2045 quippe
1537 1976 1705 2044 puer
1741 1955 1886 2046 jam
1937 1954 2351 2023 duodennis.
2405 1958 2619 2044 Auget
2667 1965 2778 2022 tu-

242 2042 541 2111 multum
588 2041 1145 2112 concurrentium
1190 2042 1568 2129 frequentia
1596 2042 2161 2113 innumerabilis:
2211 2043 2570 2111 eratenim
2607 2063 2780 2132 puer

245 2128 630 2221 parentelae
694 2129 965 2199 nobiliS.
1020 2133 1339 2201 Leontius
1386 2133 1590 2201 corde
1640 2154 1960 2224 premens
2007 2130 2347 2210 dolorem,
2415 2142 2479 2199 et
2528 2131 2597 2198 in
2649 2134 2777 2199 Do·-

246 2219 437 2289 mino
486 2219 785 2290 retinens
831 2240 1021 2309 spem
1070 2232 1136 2288 et
1185 2220 1430 2289 bonam
1499 2221 1740 2303 fidem,
1783 2221 1995 2312 jussit
2041 2219 2285 2288 deferri
2338 2218 2611 2310 glebam
2661 2219 2780 2287 de-

244 2307 463 2377 functi
504 2307 573 2375 in
624 2306 959 2397 templum
993 2308 1172 2396 quod
1208 2308 1662 2378 destinaverat
1698 2309 1784 2379 ad
1836 2308 2054 2380 sancti
2115 2307 2418 2377 Maelovii
2482 2320 2770 2399 partem.

248 2400 470 2484 Usque
517 2395 598 2464 ad
642 2417 959 2465 auroram
1012 2397 1358 2484 sequentis
1389 2397 1550 2477 diei,
1604 2409 1920 2489 parentes
1950 2398 2133 2467 circa
2166 2418 2420 2487 corpus
2448 2396 2774 2467 excubias

244 2486 681 2556 celebrarunt
727 2485 863 2555 ritu
909 2485 1225 2556 solemni.
1264 2491 1340 2557 At
1387 2488 1562 2557 servi
1614 2487 1728 2556 Dei
1780 2499 2251 2578 pernoctantes
2311 2485 2380 2555 in
2440 2485 2772 2565 oratione,

246 2597 382 2650 non
432 2574 836 2644 diffidebant
882 2575 966 2644 de
1011 2576 1162 2664 ojus
1208 2577 1530 2646 bonitate.
1580 2582 1773 2646 Mane
1819 2576 2020 2658 fact0‚
2074 2588 2355 2644 sanctus
2405 2575 2776 2644 Maclovius

242 2685 483 2734 omnes
529 2664 839 2732 eliminat
896 2687 936 2733 a
999 2665 1276 2756 templO,
1329 2665 1504 2736 duos
1554 2679 1818 2735 tantum
1889 2665 2259 2736 monachos
2307 2665 2610 2733 retinens
2660 2686 2768 2732 se-

240 2774 426 2833 cum,
497 2775 656 2822 cum
720 2753 978 2840 quibus
1027 2754 1439 2825 familiarius
1486 2755 1952 2844 interpellaret
1999 2753 2391 2822 Dominum.
2447 2758 2613 2823 Cum
2665 2752 2774 2822 liis

243 2863 404 2934 ergo
452 2842 702 2932 septies
752 2843 943 2914 flexis
981 2844 1299 2933 genibus,
1337 2844 1553 2913 oravit
1583 2844 1665 2913 ad
1705 2850 1913 2912 Deum
1945 2864 2151 2930 quam
2188 2842 2408 2932 potuit
2453 2841 2777 2911 affectuo-

244 2931 413 3010 siuS,
452 2931 669 3000 donec
703 2932 917 3002 sensit
963 2932 1264 3001 animam
1307 2933 1689 3002 innocentis
1739 2931 1935 3023 pueri
1982 2930 2257 3002 refundi
2305 2929 2636 3001 membris
2685 2929 2775 2997 ri-

240 3019 585 3109 gentibus,
623 3025 834 3088 Assur
881 3034 1033 3089 ente
1078 3043 1310 3110 puero,
1362 3033 1428 3090 et
1460 3034 1723 3091 astante
1769 3021 1855 3090 ad
1908 3019 2375 3091 testimonium
2428 3018 2770 3099 miraculi,

243 3107 408 3195 quid
458 3107 830 3178 alacritatis
908 3107 1225 3178 abuerint
1256 3111 1595 3201 Episcopi,
1626 3110 1792 3198 quid
1829 3110 2131 3198 stuporis
2163 3109 2347 3199 passi
2383 3108 2521 3179 sint
2544 3120 2777 3176 astan-

244 3209 342 3264 tes
393 3217 477 3285 po
531 3195 654 3277 uli,
705 3217 879 3281 quas
927 3209 1150 3287 grates
1182 3219 1421 3269 omnes
1460 3222 1596 3268 una
1628 3220 1789 3269 voce
1824 3198 2248 3268 reddiderint
2279 3196 2770 3288 omnipotenti,

243 3305 452 3372 super
510 3305 675 3351 uum
722 3299 824 3353 est
880 3284 1229 3354 inculcare
1286 3308 1603 3357 sermone
1649 3286 2043 3374 multiplici.
2087 3286 2489 3355 Miraculum
2540 3286 2770 3367 enim,

243 3372 426 3458 quod
457 3394 579 3462 pro
609 3373 1157 3442 commendanda
1185 3373 1427 3444 famuli
1460 3376 1568 3444 sui
1595 3376 1952 3445 sanctitate
1986 3387 2480 3445 monstraverat
2519 3373 2776 3442 divini-

247 3474 372 3540 taS,
412 3459 618 3529 latius
648 3460 1047 3530 diffamabat
1074 3464 1454 3533 resuscitati
1493 3463 1690 3554 pueri
1718 3463 2064 3543 nobilitaS,
2099 3476 2163 3532 et
2193 3462 2458 3553 gratius
2484 3462 2774 3552 accipie-

241 3549 358 3618 bat
405 3548 773 3618 affectuosa
833 3565 1187 3639 parentum
1240 3552 1562 3621 charitas.
1618 3557 1749 3621 Nec
1807 3551 1976 3622 illud
2005 3551 2406 3620 subtraham
2438 3550 2522 3619 de
2558 3563 2777 3620 tanta-

242 3661 398 3709 rum
448 3637 781 3706 virtutum.
812 3638 1120 3730 catalogo
1165 3641 1346 3727 quod
1380 3641 1608 3710 adbuc
1635 3652 1906 3731 gestum
1934 3652 2034 3710 est
2064 3640 2132 3708 in
2170 3660 2343 3729 pago
2376 3639 2769 3709 Santonico,

242 3728 484 3796 Mulier
508 3727 870 3813 quaedam,
909 3729 1187 3798 nomine
1224 3734 1425 3811 Bona,
1463 3752 1642 3816 quae
1677 3729 1882 3797 vitam
1914 3749 2111 3797 suam
2145 3727 2585 3798 laudabiliter
2613 3750 2778 3818 age-

236 3815 354 3885 bat
402 3816 470 3884 in
523 3815 872 3885 viduitatis
901 3818 1341 3899 continentia,
1381 3819 1584 3887 annis
1630 3817 2158 3904 quatuordecim
2200 3815 2421 3886 fuerat
2449 3818 2775 3887 caecitate

237 3905 505 3976 obruta.
542 3910 728 3987 Quae
760 3907 1115 3976 obtutibus
1162 3906 1383 3977 sancti
1427 3907 1552 3976 viri
1600 3907 1894 3977 fideliter
1940 3916 2392 3997 praesentata,
2439 3904 2580 3976 luci
2637 3906 2780 3998 pri-

249 3995 470 4064 stinae
499 4007 601 4064 est
631 3994 920 4064 reddita.

284 4090 368 4166 ,ἓ
436 4088 605 4155 26.
658 4088 865 4153 Porro
912 4084 1225 4154 homines
1273 4084 1373 4154 illi
1423 4084 1546 4173 qui
1585 4084 1653 4153 in
1699 4082 2052 4153 Britannia
2083 4083 2306 4152 virum
2341 4083 2458 4153 Dei
2506 4105 2782 4153 exacer-

241 4171 599 4252 baverunt,
651 4186 718 4241 et
760 4172 1194 4263 improbitate
1239 4173 1720 4244 obstinationis
1769 4194 1935 4242 suae
1982 4194 2087 4253 se,
2134 4185 2523 4260 terramque
2579 4193 2786 4242 suam

239 4260 327 4329 ab
365 4282 444 4330 eo
493 4261 811 4331 maledici
863 4261 1313 4352 pertulerunt,
1362 4262 1865 4333 maledictionis
1900 4261 2277 4331 vindictam
2303 4261 2603 4354 effugere
2644 4283 2785 4330 non

240 4362 633 4506 potuerunt.
699 4357 902 4420 Terra
965 4350 1151 4421 enim
1220 4351 1290 4420 in
1356 4374 1561 4454 opere
1626 4351 2004 4443 impiorum
2075 4349 2462 4430 maledicta,
2520 4363 2658 4419 tam
2712 4348 2784 4418 in

271 4438 586 4528 rugibuS,
623 4461 835 4529 quam
866 4439 938 4510 in
972 4440 1198 4532 pomis
1230 4462 1547 4511 omnium
1578 4462 1940 4533 generum,
1976 4439 2228 4511 sterilis
2257 4451 2320 4510 et
2352 4438 2789 4508 infructuosa
