3327 4999
224 309 473 386 MART}
527 320 612 384 20
837 339 916 383 ΒΕ
965 338 1019 384 s.
1073 336 1438 385 cumanam
1486 337 1685 385 muso.
1741 338 2141 385 Linmsmnn.
2557 322 2687 391 393

222 442 306 488 ac
359 418 790 487 remotiorem
841 417 928 485 ab
976 416 1381 486 hominibus
1430 417 1659 487 locum
1710 417 2113 486 certaminis
2145 419 2360 507 petiit.
2409 424 2623 488 Farne
2671 420 2780 488 di-

223 507 408 577 citur
461 506 716 585 insula,
780 506 1004 575 medio
1055 506 1126 574 in
1180 506 1354 573 mari
1406 505 1666 595 posita:
1721 528 1899 592 quae
1949 527 2110 586 non,
2178 507 2357 575 sicut
2407 508 2784 577 Lindissar-

220 594 548 664 nensium
600 593 986 663 incolarum
1038 594 1250 684 regiO,
1308 594 1415 664 bis
1463 593 1810 679 quotidie,
1866 594 2233 662 accedente
2287 606 2480 663 aestu
2529 596 2782 665 Oceani

220 705 431 770 quem
481 682 773 751 rheuma
833 694 1080 750 vocant
1128 683 1388 762 Graeci,
1451 682 1528 750 fit
1575 682 1831 763 insula,
1895 683 2004 751 bis
2050 682 2431 762 renudatiS,
2490 684 2786 753 abeunte

221 773 606 851 rheumate,
654 770 994 849 litoribuS,
1049 770 1374 860 contigua
1415 783 1634 840 terrae
1684 770 2035 840 redditur:
2090 771 2208 839 sed
2260 770 2523 856 aliquot
2571 772 2782 840 milli-

220 861 358 929 bus
406 881 740 948 passuum
792 859 880 927 ab
920 859 1050 926 hac
1086 858 1495 928 semiinsula
1528 858 1617 927 ad
1666 864 1926 927 Eurum
1971 871 2251 939 secreta,
2294 872 2359 928 et
2393 860 2551 928 hinc
2593 861 2785 929 altis-
2859 910 2864 915 ·

227 948 430 1027 sim0,
475 960 540 1016 et
587 947 749 1015 inde
789 947 1060 1015 infinito
1109 946 1462 1016 clauditur
1519 969 1797 1016 ocean0.
1852 946 2098 1016 Nullus
2151 948 2329 1016 hanc
2378 947 2577 1017 facile
2626 960 2784 1017 ante

225 1035 571 1105 famulum
624 1035 896 1103 Domini
948 1035 1425 1105 Cuthbertum„
1460 1035 1650 1104 solus
1699 1036 1967 1104 valebat
2026 1035 2416 1105 inhabitare
2465 1036 2778 1117 colonuS‚

227 1135 512 1224 propter
552 1123 865 1191 videlicet
910 1123 1423 1192 demorantium
1461 1123 1554 1191 ibi
1585 1124 1987 1212 phantasias
2034 1123 2496 1193 daemonum:
2537 1147 2780 1193 verum

233 1224 531 1281 mtrante
579 1233 728 1280 eam
774 1211 992 1280 milite
1040 1210 1312 1290 Christi,
1371 1224 1634 1279 armato
1697 1211 1891 1301 galea
1936 1211 2200 1291 salutis,
2265 1224 2473 1281 scuto
2508 1212 2670 1281 fidei
2719 1224 2784 1282 et

231 1300 466 1390 gladio
500 1300 787 1389 spiritus
820 1300 1000 1385 quod
1038 1313 1139 1369 est
1187 1299 1473 1368 verbum
1528 1299 1666 1379 Dei,
1720 1300 1956 1369 omnia
1985 1299 2115 1369 tela
2145 1301 2552 1385 nequissimi
2586 1301 2786 1391 ignea

230 1389 553 1466 extincta,
606 1401 671 1456 et
717 1387 865 1476 ipse
897 1389 1367 1473 nequissimus
1416 1409 1573 1456 cum
1628 1389 1820 1459 omni
1855 1388 2228 1456 satellitum
2260 1411 2543 1458 suorum
2585 1391 2787 1459 turba

234 1499 440 1568 porro
496 1474 775 1565 fugatus
835 1489 936 1544 est
984 1477 1222 1545 hostiS.
1277 1476 1409 1558 Qui
1456 1476 1772 1545 videlicet
1821 1476 2022 1545 miles
2072 1476 2344 1555 Christi,
2397 1490 2474 1545 ut
2521 1477 2788 1547 devicta

228 1577 684 1652 tyrannorum
735 1564 903 1643 acie,
945 1566 1322 1633 monarcha
1374 1578 1612 1645 terrae,
1640 1586 1850 1649 quam
1885 1565 2168 1645 adierat,
2208 1562 2429 1633 factus
2455 1579 2578 1646 est,
2623 1587 2787 1635 con-

231 1636 412 1722 didit
459 1652 798 1719 civitatem
834 1674 961 1721 suo
1007 1666 1237 1742 aptam
1290 1653 1606 1741 imperio,
1647 1664 1714 1721 et
1761 1653 2003 1721 domos
2054 1651 2124 1720 in
2176 1653 2303 1721 hac
2353 1675 2567 1739 aeque
2615 1654 2784 1722 civi-

227 1741 352 1811 tati
401 1762 745 1830 congruas
793 1740 1025 1809 erexit.
1078 1746 1193 1810 Est
1239 1754 1468 1809 autem
1520 1741 1916 1809 aedilicium
1967 1740 2106 1809 situ
2154 1762 2328 1827 pene
2375 1741 2780 1822 rotundum,

224 1852 268 1898 a
305 1850 504 1897 muro
550 1850 775 1914 usque
835 1828 921 1896 ad
973 1850 1252 1898 murum
1306 1833 1633 1898 mensura
1682 1842 1980 1915 quatuor
2028 1828 2239 1897 ferme
2287 1829 2428 1897 sive
2475 1829 2785 1915 quinque

228 1917 648 2008 perticarum
718 1916 1122 1987 distentum.
1192 1922 1430 1985 Murus
1497 1917 1644 2007 ipse
1706 1917 1791 1986 de
1856 1917 2021 1987 soris
2086 1916 2288 1985 altior
2350 1916 2784 2007 longitudine

226 2005 478 2075 stantis
524 2005 852 2073 hominis.
898 2010 1064 2075 Nam
1115 2005 1536 2074 intrinsecus
1589 2005 1807 2073 vivam
1858 2005 2210 2074 caedendo
2251 2027 2522 2093 rupem,
2565 2005 2781 2075 multo

233 2093 438 2162 illum
475 2091 633 2163 fecit
679 2092 1017 2172 altiorem,
1071 2106 1416 2179 quatenus
1465 2093 1553 2161 ad
1602 2093 2062 2163 cohibendam
2113 2092 2473 2162 oculorum
2512 2092 2775 2162 siveco-

228 2182 645 2273 gitationum
697 2180 1075 2262 lasciviam,
1129 2193 1194 2250 et
1241 2181 1326 2249 ad
1377 2181 1775 2270 erigendam
1828 2182 1900 2250 in
1955 2203 2257 2270 superna
2306 2181 2647 2250 desideria
2691 2193 2787 2251 to-

230 2283 373 2341 tam
424 2269 676 2338 mentis
709 2269 1183 2351 intentionem,
1221 2269 1380 2359 pius
1429 2269 1654 2338 incola
1703 2269 1799 2337 nil
1850 2269 1934 2337 de
1965 2291 2093 2338 sua
2132 2269 2490 2338 mansione
2521 2281 2790 2359 praeter

232 2358 504 2428 coelum
558 2370 786 2447 posset
834 2358 1112 2427 intueri.
1172 2364 1389 2440 Quem
1440 2358 1756 2426 videlicet
1803 2379 2085 2426 murum
2137 2379 2272 2426 non
2325 2357 2408 2425 de
2456 2369 2638 2426 secto
2689 2358 2789 2426 la-

233 2446 421 2539 pide,
462 2445 566 2515 vel
602 2445 811 2515 latere
857 2459 923 2517 et
968 2460 1359 2517 caemento:
1414 2446 1532 2516 sed
1592 2445 1927 2536 impolitis
1988 2467 2275 2536 prorsus
2329 2445 2682 2536 lapidibus
2727 2457 2793 2516 et

236 2536 519 2625 cespite,
558 2557 766 2622 quem
807 2535 891 2603 de
940 2536 1168 2604 medio
1219 2535 1349 2604 loci
1398 2535 1719 2604 fodiendo
1770 2534 2038 2614 tulerat,
2091 2535 2505 2634 composuit.

323 2632 361 2704 ἓ
424 2630 569 2696 21.
622 2629 701 2692 At
749 2645 904 2693 vero
946 2624 1098 2713 ipsa
1144 2624 1297 2714 ejus
1330 2624 1598 2693 mansio
1655 2645 1878 2709 aquae
1935 2635 2079 2692 erat
2125 2623 2387 2712 indiga,
2427 2633 2661 2711 utpote
2711 2622 2783 2690 in

233 2711 618 2781 durissima
662 2723 728 2780 et
777 2734 990 2801 prope
1041 2734 1242 2781 saxea
1291 2734 1463 2801 rupe
1510 2712 1812 2780 condita.
1869 2711 2112 2780 Accitis
2158 2732 2320 2800 ergo
2369 2710 2472 2777 vir
2518 2709 2793 2779 Domini

232 2799 563 2870 fratribus
619 2800 951 2888 (necdum
1002 2801 1188 2868 enim
1242 2822 1313 2869 se
1365 2801 1452 2869 ab
1501 2800 2016 2869 advenientium
2069 2800 2441 2868 secluserat
2497 2798 2792 2888 aspecti-

230 2889 420 2975 bus),
468 2914 493 2951 «
535 2888 848 2967 CernitiS,
893 2888 1145 2973 inquit,
1197 2889 1364 2973 quia
1411 2888 1616 2958 sontis
1667 2888 1868 2977 inops
1907 2888 1995 2956 sit
2023 2887 2290 2957 mansio
2343 2909 2552 2972 quam
2605 2886 2790 2954 adii?

229 2976 359 3045 Sed
403 2997 731 3066 rogemus
774 2976 1118 3064 (obsecro)
1156 2975 1352 3044 illum
1405 2977 1527 3062 qui
1562 2977 1894 3046 convertit
1924 2975 2215 3046 solidam
2253 2988 2514 3065 petram
2550 2974 2620 3043 in
2653 2987 2790 3045 sta-

229 3085 371 3153 gna
420 3086 663 3149 aquae,
717 3076 781 3132 et
830 3086 1040 3153 rupes
1089 3065 1157 3132 in
1213 3063 1431 3133 sontes
1479 3086 1859 3150 aquarum:
1912 3075 1991 3133 ut
2029 3085 2165 3132 non
2212 3064 2438 3142 nobis,
2496 3063 2615 3131 sed
2667 3086 2790 3134 no-

233 3152 414 3220 mini
462 3174 587 3223 suo
637 3152 814 3222 dans
862 3152 1179 3252 gloriam,
1218 3152 1304 3220 de
1350 3152 1480 3222 hac
1528 3174 1804 3238 quoque
1834 3175 1917 3221 ru
1971 3175 2007 3220 e
2038 3173 2278 3222 saxosa
2313 3151 2513 3220 nobis
2545 3173 2792 3221 venam

234 3238 446 3309 fontis
510 3240 778 3329 aperire
826 3240 1175 3330 d1gnetur.
1232 3239 1601 3309 Fodiamus
1658 3242 1727 3308 in
1795 3262 1901 3316 me
1959 3241 2021 3308 io
2071 3239 2553 3329 tuguriunculi
2621 3239 2781 3319 mei,

236 3327 467 3409 credo,
540 3340 837 3397 torrente
899 3328 1270 3417 voluptatis
1319 3350 1483 3399 suae
1533 3328 1795 3418 potabit
1845 3350 2044 3399 nos.»
2094 3332 2426 3397 Fecerunt
2471 3349 2632 3417 ergo
2680 3327 2782 3396 fo-

236 3437 458 3495 veam,
513 3439 721 3502 quam
775 3416 845 3483 in
897 3418 1304 3497 crastinum,
1340 3429 1708 3485 emanante
1756 3415 1843 3485 ab
1885 3415 2177 3486 internis
2205 3416 2421 3496 unda,
2462 3416 2793 3506 repletam

233 3504 671 3573 invenerunt.
713 3504 905 3574 Unde
953 3505 1247 3574 dubium
1301 3525 1438 3573 non
1490 3516 1656 3585 erat,
1704 3505 1884 3573 hanc
1930 3504 2362 3574 orationibus
2393 3503 2519 3571 viri
2560 3504 2677 3572 Dei
2707 3502 2793 3571 de

234 3591 633 3661 aridissima
684 3614 764 3661 ac
811 3592 1191 3664 durissima
1241 3593 1438 3682 prius
1473 3605 1646 3662 terra
1679 3593 1976 3662 elicitam
2031 3592 2243 3662 fuisse
2291 3612 2566 3675 aquam.
2608 3596 2796 3672 Quae

230 3680 551 3749 videlicet
597 3702 779 3766 aqua
812 3681 1067 3749 mirum
1103 3682 1190 3750 'in
1228 3680 1517 3750 modum
1567 3681 1820 3770 primis
1867 3692 2188 3749 contenta
2219 3678 2417 3766 ripis,
2457 3700 2582 3747 nec
2612 3679 2794 3747 foras

228 3767 631 3838 ebulliendo
694 3768 1167 3858 pavimentum
1231 3768 1576 3848 invadere,
1634 3791 1760 3838 nec
1794 3767 2185 3838 hauriendo
2225 3766 2413 3835 novit
2458 3766 2788 3836 delicere:

225 3857 324 3926 ita
373 3857 727 3926 moderata
756 3857 977 3946 gratia
1011 3857 1382 3937 laritoris,
1435 3867 1512 3924 ut
1561 3878 1686 3925 nec
1729 3855 2121 3926 necessitati
2152 3854 2518 3943 accipienti
2554 3875 2796 3945 super-

227 3944 498 4021 flueret,
563 3967 688 4016 nec
738 3957 1092 4014 sustentari
1150 3966 1230 4014 ae
1293 3944 1690 4013 necessitati
1749 3944 1949 4033 copia
1997 3943 2285 4011 deesset.
2350 3946 2551 4010 Facta
2598 3964 2785 4032 erg0,

236 4032 636 4102 'uvantibus
685 4055 757 4102 se
806 4031 1159 4115 fratribuS‚
1222 4032 1585 4102 mansione
1641 4054 1721 4102 ac
1770 4031 2097 4100 domibus
2145 4028 2491 4121 praefatiS‚
2547 4030 2793 4121 incipit

283 4121 549 4192 abitare
598 4121 788 4193 solus
836 4122 940 4189 vir
987 4120 1259 4191 Domini
1308 4121 1747 4190 cuthbertus.

318 4211 357 4295 ξ
428 4216 588 4282 22.
645 4215 723 4278 Et
771 4210 999 4299 primo
1046 4209 1331 4295 quidem
1381 4208 1820 4280 venientibus
1868 4207 1954 4276 ad
2004 4228 2077 4276 se
2125 4205 2478 4287 fratribus,
2532 4206 2619 4275 de
2666 4229 2794 4275 sua

233 4298 409 4367 cella
457 4298 716 4389 egredi,
758 4299 996 4385 eisque
1044 4296 1442 4366 ministrare
1489 4296 1784 4367 solebat:
1823 4317 2122 4382 quorum
2153 4296 2323 4365 dum
2376 4295 2584 4384 pedes
2613 4296 2795 4379 aqua

234 4385 465 4457 calida
525 4386 812 4457 devotus
862 4386 1166 4464 lavaret,
1241 4391 1520 4456 coactus
1578 4396 1682 4455 est
1751 4384 2116 4473 aliquoties
2172 4384 2259 4454 ab
2319 4383 2419 4454 eis
2465 4381 2674 4452 etiam
2724 4402 2796 4449 se
