3327 4999
622 336 749 403 374
1229 353 1308 400 nn
1356 353 1411 400 s.
1464 348 1839 400 vuLFRANNo
1887 349 2084 398 Errsc.
2138 348 2361 398 simon.
2679 334 2927 400 MART.
2982 336 3073 399 20

538 438 796 530 populo
859 436 982 524 qui
1047 449 1324 506 satanae
1370 435 1670 507 vinculis
1735 436 2040 505 irretitus
2103 446 2291 514 erat,
2359 434 2639 506 flectens
2685 458 2933 526 genua,
2988 436 3078 505 ad

539 527 909 597 Dominum
945 525 1121 595 fudit
1146 526 1567 595 orationem:
1619 547 1757 613 qua
1790 523 2131 614 completa
2179 522 2337 591 ilico
2383 523 2700 616 disrupta
2744 526 3080 593 suntvin·

538 616 719 697 cula,
773 615 1029 702 quibus
1076 614 1387 683 semivivi
1437 614 1633 704 pueri
1701 625 1938 704 guttur
1983 612 2323 713 illigatum
2374 611 2633 682 suerat:
2704 613 2944 700 sicque
2992 613 3081 682 il-

539 704 770 775 laesus
802 704 872 771 in
925 715 1171 772 terram
1224 703 1384 771 ruit.
1422 702 1793 773 Videbatur
1838 714 2064 771 autem
2098 701 2224 780 illi,
2262 712 2340 769 ut
2370 713 2520 790 post
2549 702 2697 791 ipse
2722 703 3072 784 narrabat,

538 793 738 881 quasi
789 813 1031 881 sopore
1077 790 1269 881 gravi
1319 803 1661 861 teneretur
1708 812 2103 881 oppressus,
2156 789 2512 876 sanctique
2539 790 2884 880 pontificis
2908 812 3086 860 zona

539 894 812 973 pectore
853 879 1420 971 circumligatus.
1473 880 1947 951 sublevaretur
2007 878 2236 948 omnis
2281 879 2432 967 ejus
2478 879 2786 970 corporis
2828 892 3076 951 status.

536 970 1115 1060 Apprehensaque
1180 969 1330 1069 ejus
1380 992 1617 1051 manu,
1685 968 1986 1059 pontifex
2033 981 2314 1037 sanctus
2373 967 2504 1036 ait:
2578 990 2613 1033 «
2666 973 2742 1036 In
2796 969 3084 1038 nomine

537 1058 810 1128 Domini
869 1064 1035 1127 Jesu
1084 1057 1332 1128 Christi
1377 1079 1632 1149 exurge
1679 1057 1943 1127 concite
1981 1078 2280 1126 sanus»
2330 1060 2475 1138 Quo
2521 1056 2728 1137 dicto,
2771 1056 2929 1127 ilico
2971 1059 3083 1127 in-

536 1146 834 1218 columis
883 1145 1199 1225 surrexit,
1256 1145 1529 1215 nullum
1591 1146 1821 1216 illatae
1869 1146 2002 1216 sibi
2061 1166 2319 1236 poenae
2366 1144 2668 1214 sentiens
2717 1145 3076 1215 dolorem:

536 1248 742 1322 atque
774 1258 855 1305 ex
902 1236 1031 1304 hoc
1078 1234 1254 1304 sacto
1302 1234 1604 1325 plurima
1651 1234 2014 1304 Frisonum
2051 1232 2420 1304 multitudo
2467 1256 2794 1304 conversa
2840 1248 2943 1304 est
2988 1235 3082 1305 ad

536 1325 947 1394 Dominum:
1000 1323 1506 1410 credebantque
1537 1336 1604 1393 et
1642 1324 2192 1414 baptizabantur,
2235 1334 2568 1410 quotquot
2608 1324 3082 1412 praeordinati

534 1426 729 1483 erant
759 1413 840 1482 ad
893 1413 1102 1482 vitam
1152 1426 1522 1482 aeternam.
1562 1412 1959 1484 Praedictus
2005 1424 2233 1487 autem
2269 1415 2427 1490 Ovo,
2469 1410 2719 1482 lavacri
2751 1413 3082 1485 salutaris

535 1501 725 1571 unda
774 1500 1119 1592 perfusus,
1175 1513 1379 1587 atque
1409 1523 1448 1571 a
1477 1501 1781 1591 praefato
1816 1500 2138 1591 pontifice
2167 1499 2633 1571 Fontanellam
2663 1501 3071 1591 perductuS‚

534 1590 890 1678 literisque
939 1589 1154 1659 sacris
1200 1589 1553 1670 eruditus,
1606 1603 1841 1681 postea
1888 1589 2224 1659 diaconus
2270 1601 2709 1660 consecratus
2743 1644 2758 1670 ,
2819 1590 3080 1660 deinde
3144 1618 3148 1622 ’

535 1679 849 1767 sequenti
901 1692 1203 1768 tempore
1251 1700 1292 1747 a
1337 1679 1724 1747 venerando
1775 1678 2098 1768 pontifice
2148 1678 2524 1768 Reginaldo
2569 1678 2768 1747 urbis
2822 1679 3082 1749 Rotho—

534 1768 886 1859 magensis
971 1767 1275 1856 resbyter
1320 1767 1701 1837 ordinatur.
1965 1834 1972 1839 ,

621 1859 658 1943 ξ
722 1862 816 1927 θ.
870 1789 1050 1925 Afios
1095 1877 1370 1942 quoque
1415 1856 1590 1925 duos
1619 1855 2085 1925 adolescentes
2118 1875 2196 1923 ex
2245 1856 2392 1944 ipsa
2427 1855 2786 1925 Frisonum
2837 1867 3068 1947 gente,

531 1945 652 2032 qui
701 1943 1019 2015 similiter
1050 1943 1188 2012 ritu
1238 1943 1522 2035 profano
1561 1945 2014 2014 daemonibus
2051 1954 2245 2012 erant
2278 1943 2709 2025 immolandi,
2762 1966 3068 2030 quorum

531 2056 718 2103 unus
766 2034 1136 2104 vocabatur
1183 2033 1521 2113 TurinuS‚
1582 2033 1890 2120 alterque
1937 2037 2368 2122 Ingomarus,
2427 2033 2834 2123 deprecante
2881 2033 3075 2103 claro

531 2122 853 2212 pontifice
900 2120 1299 2203 vulfranno,
1339 2122 1687 2212 praefatus
1714 2122 1854 2192 dux
1889 2121 2061 2190 vitae
2086 2121 2386 2201 donavit,
2424 2133 2489 2190 et
2517 2121 2737 2190 eidem
2768 2122 3072 2212 gratuito

531 2232 818 2280 munere
866 2210 1305 2280 contradidit.
1360 2210 1489 2293 Qui
1547 2211 1802 2280 divinis
1859 2208 2204 2300 mysteriis
2265 2209 2511 2279 imbuti
2560 2222 2763 2297 atque
2810 2211 2880 2280 in
2936 2211 3074 2280 side

530 2299 942 2380 confirmati,
1000 2300 1069 2367 in
1132 2311 1545 2386 sanctaeque
1592 2299 1939 2369 Trinitatis
1989 2298 2268 2367 nomine
2313 2297 2659 2388 baptizati,
2695 2312 2760 2368 et
2805 2322 2846 2367 a
2907 2298 3073 2368 dae·

530 2387 888 2457 moniacae
934 2387 1282 2457 servitutis
1320 2388 1494 2478 jugo
1542 2389 1798 2478 erepti,
1874 2387 2182 2457 libertate
2249 2388 2530 2477 perenni
2588 2387 2822 2456 donati
2882 2401 3068 2458 sunt.

533 2476 776 2564 Sicque
824 2501 864 2546 a
913 2476 1261 2568 praedicto
1302 2476 1623 2567 pontifice
1652 2475 2114 2548 Fontanellam
2147 2476 2483 2567 perducti,
2523 2476 2914 2546 Hildeberto
2944 2477 3073 2547 Ab-

531 2566 673 2636 bati
719 2566 1063 2636 educandi
1114 2567 1346 2635 traditi
1394 2579 1579 2637 sunt.
1634 2567 1772 2647 Qui
1821 2566 2035 2637 sacris
2066 2565 2280 2635 literis
2306 2578 2371 2635 et
2399 2565 2668 2635 coelesti
2703 2566 3075 2656 disciplina

529 2655 806 2736 eruditi,
846 2654 977 2724 sub
1010 2656 1347 2756 regimine
1401 2668 1466 2723 et
1520 2655 1830 2723 dominio
1878 2654 2186 2744 ejusdem
2223 2654 2435 2745 patris
2481 2667 2546 2723 et
2593 2676 3074 2725 successorum

530 2743 707 2829 ejus,
763 2766 884 2835 per
933 2743 1237 2835 plurima
1286 2755 1561 2813 strenue
1594 2742 2060 2813 militaverunt
2088 2755 2416 2833 tempora,
2457 2743 2687 2830 ibique
2719 2744 2786 2811 in
2814 2743 3074 2815 ditione

529 2833 840 2923 ejusdem
893 2832 1206 2901 coenobii
1252 2853 1472 2919 usque
1520 2832 1604 2900 ad
1656 2832 1831 2902 vitae
1879 2854 2042 2901 suae
2091 2845 2306 2902 metas
2355 2844 2904 2920 permanserunt.

619 2923 656 3008 ἓ
719 2926 795 2993 ἵ.
852 2920 1027 2990 Illud
1080 2942 1352 3007 quoque
1385 2920 1803 3022 stupendum
1839 2933 1903 2991 et
1931 2933 2130 2991 antea
2179 2920 2597 3003 inauditum,
2641 2934 2705 2990 et
2737 2921 2868 2990 nisi
2897 2926 3068 3011 Apo·

531 3009 704 3079 stolo
751 3015 967 3088 Petr0‚
1023 3008 1371 3078 rarissime
1436 3009 1648 3078 alicui
1715 3023 2110 3080 sanctorum
2161 3031 2566 3080 concessum
2618 3009 3062 3089 miraculum,

528 3099 731 3167 verax
780 3098 1144 3167 scribentis
1192 3098 1410 3186 stylus
1459 3098 1717 3188 pandat
1764 3099 2055 3167 auribus
2109 3097 2446 3167 fidelium.
2510 3104 2648 3167 Mos
2696 3099 3064 3188 pessimuS,

529 3184 873 3256 diabolica
919 3186 1157 3255 fraude
1206 3186 1566 3269 inventus,
1621 3187 1971 3277 praedicto
2024 3186 2543 3256 incredulorum
2593 3186 2754 3256 duci
2815 3187 3058 3267 inerat,

528 3287 608 3345 ut
654 3297 941 3364 corpora
990 3275 1349 3344 hominum
1401 3276 1912 3358 damnatorum,
1958 3276 2027 3344 in
2068 3297 2350 3345 suorum
2394 3275 2748 3346 solemniis
2791 3276 3070 3345 daemo-

528 3385 700 3432 num
748 3377 814 3432 et
863 3385 998 3432 non
1048 3364 1333 3434 deorum
1368 3364 1841 3434 execrabiliter
1892 3365 2295 3465 saepissime
2330 3363 2631 3433 'diversis
2671 3364 2893 3434 litaret
2927 3387 3070 3433 rno-

527 3452 673 3523 dis:
726 3452 1062 3539 quosdam
1094 3452 1404 3521 videlicet
1430 3453 1890 3544 gladiatorum
1920 3453 2635 3522 animadversionibus
2664 3454 3068 3523 interimens

527 3541 700 3611 alios
750 3541 1058 3631 patibulo
1106 3541 1864 3632 appendens,.aliorum
1917 3542 2121 3612 vitam
2155 3541 2418 3627 laqueis
2456 3542 2923 3612 acerbissimis
2955 3565 3066 3611 ex-

529 3641 897 3715 torquens:
970 3635 1315 3717 praeterea
1361 3644 1427 3700 et
1472 3630 1644 3700 alios
1692 3631 2118 3700 marinorum
2162 3631 2303 3700 sive
2350 3650 2683 3715 aquarum
2739 3631 3068 3700 fluctibus

525 3717 863 3803 instinctu
911 3718 1251 3788 diabolico
1299 3718 1805 3809 submergebat.
1861 3725 2017 3789 Erat
2061 3719 2131 3788 in
2184 3718 2531 3808 praedicta
2578 3733 2776 3810 gente
2817 3718 3071 3788 mulier

526 3807 866 3893 quaedam
920 3808 1149 3890 vidua,
1169 3808 1346 3877 duos
1373 3808 1822 3879 charissimos
1862 3808 2125 3878 habens
2154 3808 2335 3879 filios
2360 3807 2482 3893 qui
2511 3829 2588 3876 ex
2620 3820 2798 3878 sorte
2826 3808 3063 3881 missa.

525 3895 983 3965 daemonibus
1023 3896 1439 3966 immolandi
1470 3897 1762 3978 fuerant,
1799 3911 1862 3967 et
1908 3896 2180 3987 gurgite
2226 3898 2440 3966 maris
2478 3896 2832 3966 enecandi.
2873 3895 3068 3966 Ducti

526 4005 829 4071 namque
876 3998 1039 4054 sunt
1087 3985 1172 4054 ad
1221 3985 1590 4072 quemdam
1643 3985 1914 4056 locum.
1970 3985 2330 4056 bithalassi
2379 4007 2564 4054 more
2611 3989 2791 4073 aqua
2839 3984 3069 4055 inclu-

526 4094 706 4154 sum,
759 4085 836 4142 ut
883 4073 1049 4142 dum
1100 4074 1393 4143 rheuma
1453 4074 1663 4144 maris
1725 4073 2047 4145 eumdem
2115 4073 2344 4144 locum
2395 4075 2795 4165 cooperiret,
2855 4074 3069 4142 mise-

522 4161 831 4232 rabiliter
861 4161 1190 4232 fluctibus
1221 4162 1775 4233 absorberentur.
1830 4168 1985 4232 Erat
2031 4184 2211 4244 vero,
2255 4175 2332 4232 ut
2357 4162 2594 4244 fertur,
2635 4185 2818 4233 unus
2847 4173 3069 4232 aetate

521 4251 898 4341 septennis,
951 4250 1259 4338 alterque
1303 4251 1797 4339 quinquennis,
1853 4256 2157 4338 Cumque
2183 4251 2474 4321 rheuma
2515 4252 2727 4322 maris
2759 4263 3070 4341 tempore

520 4340 852 4409 malaciae
918 4339 1341 4430 praedictum
1399 4340 1716 4431 impleret
1783 4340 2036 4420 locum,
2091 4340 2172 4422 is,
2227 4339 2348 4428 qui
2397 4340 2618 4432 major
2666 4353 2831 4410 natu
2878 4352 3053 4420 erat,

518 4429 854 4518 puerulus
903 4429 1239 4498 minorem
1288 4428 1565 4498 fratrem
1612 4427 1803 4500 ulnis
1855 4429 2198 4500 nitebatur
2245 4428 2626 4510 sustollere,
2691 4427 2860 4499 dum
2900 4427 3055 4519 jam

3213 120 3226 251 ’τ
3269 119 3297 281 l

3259 286 3282 359 ¹<l

3245 418 3258 467 1
