3327 4999
728 273 854 337 1148
1527 286 1606 332 ms
1653 285 1710 331 S.
1763 283 2071 332 caesonio
2120 285 2278 333 mm
2784 268 3010 332 MART.
3058 267 3124 331 ⁴2
3232 98 3258 368 1

639 381 914 441 aeterna
945 370 1369 438 damnatio-ne
1398 388 1513 435 nos
1546 366 1740 455 eripi,
1776 375 1836 432 et
1869 367 1938 433 in
1967 369 2323 434 electorum
2374 376 2637 435 tuorum
2674 367 2908 455 jubeas
2954 387 3129 455 φερε

636 461 1004 529 numerari.
1045 457 1375 528 Stationes
1419 453 1526 544 (a)
1564 475 1686 544 per
1730 452 2049 525 basilicas
2081 453 2177 523 vel
2217 455 2572 524 beatorum
2609 468 2974 544 martyrum
3001 476 3129 522 coe·

638 547 944 628 meteria,
1009 544 1391 616 secundum
1453 541 1635 629 quod
1704 542 2037 613 hactenus
2112 542 2305 633 plebs
2355 548 2663 612 Romana
2707 543 2899 630 quasi
2941 563 3014 612 eo
3055 542 3133 609 vi-

634 649 832 705 vente
859 635 1164 705 certatim
1213 632 1561 714 discurrit,
1618 630 1877 701 solicite
1914 631 2281 703 ordinavit.
2321 637 2444 701 Per
2480 653 2658 718 quas
2685 646 2750 701 et
2781 632 2921 720 ipse
2952 628 3131 701 simul

637 725 1058 805 discurrenS,
1091 722 1257 790 dum
1307 719 1534 789 adhuc
1582 719 1811 807 eloqui
1844 720 2281 810 praevaleret,
2317 720 2561 811 viginti
2590 721 2917 790 Homilias
2946 725 3133 788 Evan-

638 813 799 905 gelii
847 833 1076 881 coram
1125 809 1413 880 ecclesia
1462 808 1730 878 diverso
1792 820 2096 900 tempore
2158 809 2589 879 declamavit.
2648 809 2963 896 Reliquas
3007 829 3137 876 vero

635 901 949 993 ejusdem
1000 899 1270 968 numeri
1318 896 1599 966 dictavit
1641 896 1949 984 quidem,
2012 897 2127 968 sed
2181 898 2591 969 lassescente
2622 897 2966 970 stomacho
3010 896 3132 966 lan-

638 1013 851 1082 guore
899 989 1247 1067 continuo,
1293 986 1448 1056 aliis
1499 986 2058 1076 pronunciandas
2098 987 2466 1057 commisit.
2518 988 2938 1075 Sequebatur
2977 1008 3138 1055 exer-

637 1079 818 1150 citus
869 1077 1135 1148 Domini
1182 1077 1362 1146 ultra
1409 1075 1716 1161 citraque
1764 1080 1834 1145 B.
1898 1076 2298 1233 Gregorium
2351 1088 2816 1167 praeeuntem,
2869 1089 2933 1145 et
2974 1074 3137 1144 audi-

637 1169 830 1239 tur'ae
885 1168 1160 1236 verbum
1220 1165 1593 1243 doctrinae,
1659 1164 2026 1233 innumera
2079 1164 2203 1234 iles
2269 1165 2575 1252 undique
2635 1165 2884 1235 diversi
2935 1185 3126 1241 sexuS,

637 1256 875 1328 aetatis
922 1280 999 1326 ac
1065 1253 1505 1347 professionis
1571 1251 1951 1322 voluntarie
2008 1254 2448 1323 confluebant
2512 1254 2849 1325 cohortes.
2902 1253 3134 1336 Quibus

636 1347 778 1428 ille,
829 1357 1064 1437 utpote
1110 1343 1354 1414 ductor
1401 1341 1710 1412 coelestis
1760 1341 2065 1423 militiae,
2100 1343 2367 1411 cunctis
2415 1342 2768 1413 dumtaxat
2798 1365 2987 1412 arma
3030 1339 3139 1431 spi-

638 1436 865 1507 ritalia
912 1433 1342 1524 suggerebat.
1389 1430 1811 1520 Pauperibus
1861 1453 2016 1500 vero
2065 1443 2129 1500 et
2176 1431 2456 1500 advenis
2481 1432 2602 1518 qui
2637 1454 2759 1522 pro
2787 1431 3137 1500 conditione

637 1535 1023 1615 temporum
1077 1527 1327 1590 Romae
1377 1519 1812 1600 influxerant,
1864 1519 2267 1607 quotidiana
2316 1519 2656 1608 stipendia
2705 1519 3133 1590 ministrabat.

727 1615 762 1701 ξ
828 1618 956 1684 11.
1014 1615 1231 1699 Super
1277 1630 1556 1698 corpora
1608 1621 1836 1677 autem
1890 1611 2241 1678 beatorum
2292 1608 2467 1677 Petri
2531 1622 2595 1678 et
2660 1609 2855 1678 Pauli
2905 1614 3141 1699 Aposto-

638 1701 889 1781 lorum,
930 1699 1286 1768 Missarum
1339 1696 1673 1767 solemnia
1711 1697 2038 1767 celebrari
2091 1696 2408 1777 decrevit,
2447 1698 2807 1784 acquisitis
2856 1716 3139 1767 numero-

639 1789 938 1860 sissimis
984 1787 1268 1867 olivetis,
1310 1808 1600 1872 quorum
1639 1808 1983 1866 summam
2029 1787 2095 1854 in
2150 1785 2403 1855 tabulis
2453 1787 2861 1856 marmoreis
2912 1807 3025 1877 pro
3066 1783 3139 1852 fo·

637 1878 834 1949 ribus
880 1876 1183 1968 ejusdem
1222 1875 1546 1944 Basilicae
1575 1875 1945 1944 annotavit.
1993 1874 2385 1944 Luminaria
2417 1875 2916 1965 superaddidit,
2954 1871 3141 1943 officia

637 1966 878 2038 sedula
926 1965 1297 2054 deputavit,
1342 1964 1426 2032 de
1476 1962 1829 2054 sepultura
1872 1966 2062 2056 juxta
2109 1963 2494 2044 ecclesiam,
2547 1965 2991 2033 commodum
3020 1981 3141 2050 spe·

636 2078 788 2125 rare
832 2053 1202 2144 prohibuit,
1253 2065 1511 2143 septem
1560 2074 1638 2121 ex
1702 2052 2178 2123 defensoribus
2228 2052 2482 2121 honore
2532 2052 2921 2143 regio2ario
2966 2051 3137 2119 deco-

637 2143 891 2215 randos
939 2141 1204 2211 indixit.
1261 2143 1560 2232 Alleluja
1619 2155 1801 2209 extra
1870 2148 2292 2211 Pentecostes
2342 2152 2648 2231 tempora
2695 2141 2836 2211 dici
2887 2139 2968 2210 ad
3016 2139 3141 2208 Mis-

638 2255 750 2303 sas
797 2231 974 2312 fecit,
1016 2231 1483 2300 subdiaconos
1510 2230 1883 2319 expoliatos
1933 2230 2296 2320 procedere
2343 2230 2598 2311 statuit,
2664 2232 2886 2319 Kyrie
2933 2230 3139 2300 eleison

637 2320 901 2392 cantari
955 2320 1314 2411 praecepit,
1379 2332 1441 2388 et
1490 2317 1863 2387 orationem
1918 2320 2343 2389 Dominicam
2406 2341 2561 2388 mox
2631 2332 2784 2409 post
2835 2324 3133 2388 Cauoncm

639 2431 850 2501 super
895 2409 1184 2478 hostiam
1235 2407 1499 2478 censuit
1548 2408 1842 2476 recitari.
1905 2412 1989 2476 De
2034 2408 2291 2495 quibus
2339 2430 2497 2477 cum
2601 2420 2787 2477 ostea
2838 2405 3136 2495 quosdam

638 2520 1075 2568 murmurare
1124 2497 1422 2576 sentiret,
1479 2508 1807 2582 tanquam
1858 2496 1978 2583 qui
2028 2496 2555 2587 Constantinopo
2590 2498 2813 2569 itanae
2854 2492 3143 2567 ecclesiae

636 2587 1170 2658 consuetudines
1237 2596 1670 2672 sequeretur,
1736 2585 2093 2676 piissimus
2212 2599 2354 2655 ater
2418 2608 2553 2655 non
2603 2586 3015 2678 dedignatus
3065 2590 3146 2650 est

637 2677 923 2747 reddere
954 2676 1308 2755 rationem,
1353 2674 1631 2743 dicens:
1685 2696 1718 2740 «
1746 2680 1874 2746 Nos
1925 2674 1990 2743 in
2042 2674 2161 2743 nul
2195 2698 2234 2745 o
2283 2674 2528 2744 horum
2560 2675 2766 2744 aliam
2817 2671 3143 2745 ecclesiam

638 2765 855 2838 secuti
904 2786 1173 2833 sumuS.
1227 2768 1393 2832 Nam
1445 2775 1509 2830 et
1556 2764 1909 2855 alleluja*
1954 2764 2065 2832 hic
2101 2777 2173 2834 ut
2206 2763 2570 2843 diceretur,
2612 2763 2695 2833 de
2720 2764 3145 2851 Jerosolymo·

636 2875 794 2924 rum
843 2851 1131 2922 ecclesia
1177 2873 1254 2921 ex
1304 2851 1485 2920 beati
1532 2852 1887 2943 Jeronymi
1943 2852 2326 2932 traditione,
2390 2865 2689 2943 tempore
2749 2854 2984 2923 beatae
3029 2868 3145 2919 me·

635 2941 897 3011 moriac
950 2940 1216 3010 Damasi
1266 2945 1486 3030 Papae
1534 2940 1829 3011 traditur
1894 2954 2208 3011 tractum.
2281 2946 2356 3010 Et
2421 2940 2571 3010 ideo
2635 2942 2861 3032 magis
2916 2942 2986 3010 in
3046 2939 3146 3006 hac

638 3028 799 3100 sede
838 3028 1031 3097 illam
1080 3029 1644 3099 consuetudinem
1683 3032 2194 3120 amputavimus
2240 3052 2415 3118 quae
2470 3030 2579 3100 hic
2632 3053 2669 3098 a
2721 3031 2996 3100 Graecis
3027 3026 3146 3095 sue·

636 3129 744 3188 rat
802 3117 1071 3187 tradita.
1128 3118 1596 3189 Subdiaconos
1657 3130 1880 3188 autem
1931 3132 2008 3189 ut
2068 3144 2098 3187 s
2151 3118 2392 3189 oliatos
2442 3119 2807 3209 procedere
2856 3118 3143 3191 facerem,

635 3205 924 3294 antiqua
969 3206 1392 3277 consuetudo
1425 3206 1761 3277 Ecclesiae
1794 3207 1945 3277 luit.
1992 3213 2071 3278 Se
2153 3207 2409 3297 placuit
2434 3207 2711 3278 cuidam
2745 3220 2976 3278 nostro
3005 3225 3148 3297 pon·

633 3295 830 3377 tisici,
878 3296 1106 3365 nescio
1153 3296 1266 3365 cui
1313 3296 1432 3384 qui
1465 3318 1579 3366 eos
1628 3297 1901 3367 vestitos
1952 3296 2311 3387 procedere
2364 3296 2732 3388 praecepit.
2786 3303 2957 3368 Nam
3012 3289 3150 3363 Sici·

634 3384 770 3454 liae
826 3383 1151 3455 ecclesiae
1204 3386 1520 3472 nunquid
1571 3409 1610 3454 a
1674 3386 1947 3456 Graecis
1989 3385 2419 3455 traditionem
2469 3389 2935 3477 acceperunt?
2983 3378 3149 3475 Unde

632 3472 892 3543 habent
920 3495 1082 3564 ergo
1129 3474 1354 3555 hodie,
1398 3486 1470 3543 ut
1502 3474 1918 3543 Subdiaconi
1968 3474 2039 3543 in
2087 3474 2288 3544 lineis
2325 3475 2574 3544 tunicis
2607 3475 3003 3565 procedant,
3041 3468 3151 3538 nis1

631 3562 799 3650 quia
825 3561 952 3631 hoc
1000 3586 1040 3631 a
1088 3578 1304 3633 matre
1337 3585 1461 3632 sua
1497 3569 1804 3632 Romana
1833 3563 2132 3633 Ecclesia
2171 3568 2659 3653 perceperunt?
2688 3565 2755 3632 K
2756 3567 2911 3656 yrie
2932 3562 3151 3655 eleison

635 3663 865 3720 autem
917 3674 1039 3720 nos
1086 3674 1308 3740 neque
1356 3651 1682 3731 diximus,
1739 3674 1958 3738 neque
2004 3650 2327 3733 dicimus,
2377 3653 2555 3722 sicut
2601 3676 2643 3722 a
2689 3652 2966 3723 Graecis
3000 3647 3152 3717 dict-

632 3748 781 3808 tur:
833 3740 994 3826 quia
1036 3741 1105 3809 in
1156 3740 1428 3811 Graecis
1459 3763 1701 3810 omnes
1749 3740 1956 3810 simul
2006 3741 2286 3810 dicunt:
2339 3742 2529 3833 Apud
2583 3763 2708 3811 nos
2749 3763 2906 3810 vero
2952 3762 2991 3808 a
3037 3735 3154 3805 cle·
3248 3748 3249 3771 *

632 3827 799 3929 ricis
831 3829 1038 3898 simul
1088 3829 1366 3910 dicitur,
1415 3851 1457 3899 a
1504 3828 1760 3921 populo
1807 3829 2280 3921 respondetur.
2318 3835 2393 3899 Et
2440 3831 2717 3900 totidem
2766 3830 3033 3899 vicibus
3072 3833 3153 3892 et-
3248 3824 3249 3837 ¹

632 3939 775 3985 lam
810 3918 1065 3988 Christe
1086 3922 1332 3989 eleison
1361 3917 1638 4000 dicitur,
1676 3919 1854 4005 quod
1891 3918 2077 4010 apud
2110 3924 2398 3989 Graecos
2428 3918 2620 3989 nullo
2652 3918 2854 3989 modo
2894 3915 3147 3987 dicitur.

634 4009 714 4075 In
763 4007 1188 4093 quotidianis
1236 4019 1462 4077 autem
1516 4008 1780 4089 MissiS,
1833 4006 1990 4087 alia,
2044 4029 2218 4094 quae
2282 4006 2418 4076 dici
2485 4008 2743 4089 solent,
2823 4017 3148 4076 tacemus:

630 4096 1113 4165 tantummodo
1164 4097 1362 4197 Kyrie
1391 4096 1647 4167 eleison
1680 4110 1745 4166 et
1778 4097 2037 4167 Christe
2067 4095 2321 4167 eleison
2354 4096 2677 4178 dicimus,
2709 4107 2783 4165 ut
2813 4097 2885 4164 in
2922 4093 3025 4163 his
3048 4090 3151 4158 de-

634 4184 1049 4274 precationis
1098 4187 1381 4256 vocibus
1430 4186 1636 4276 paulo
1670 4186 1936 4255 diutius
1967 4207 2407 4276 occupemur.
2446 4186 2835 4255 Orationem
2868 4204 3019 4252 vero
3046 4184 3152 4247 Do-

632 4272 961 4343 minicam
997 4272 1253 4342 idcirco
1287 4296 1442 4343 mox
1476 4286 1626 4366 post
1658 4297 1928 4366 precem
1960 4273 2281 4355 dicimus,
2317 4275 2479 4362 quia
2515 4297 2663 4344 mos
2693 4271 3144 4365 Apostolorum

684 4385 755 4440 (a)
782 4390 1050 4430 Etiamnum
1069 4390 1120 4430 in
1138 4391 1317 4431 Miseni
1337 4392 1465 4433 Rom.
1483 4394 1783 4433 annotantur.
1862 4393 1885 4416 ⁶
1916 4392 1965 4433 V.
1990 4392 2047 4433 de
2066 4393 2259 4442 alleluja
2278 4392 2329 4432 in
2347 4392 2627 4433 marram..
2656 4392 2874 4432 Innusrn.
2898 4388 3092 4429 adDiem
3111 4389 3148 4420 v-
