3327 4999
190 341 440 406 MART.
496 342 569 406 2⁴
1030 362 1107 407 ne
1156 362 1212 408 s.
1267 360 1610 409 nemmem
1658 361 1901 409 Annam
2524 343 2656 408 429

185 439 398 508 modo
463 440 879 509 consentiret
938 440 1009 508 in
1071 442 1600 542 congregatione
1649 442 2032 532 persistere,
2069 450 2272 526 atque
2322 439 2739 528 importunis

198 527 553 617 precibuS‚
591 539 668 596 ut
701 528 1122 596 relaxaretur
1168 530 1589 599 imnuneret:
1642 528 1943 615 quadam
1978 528 2089 596 die
2119 528 2300 596 idem
2337 529 2751 598 venerabilis

191 627 415 703 pater,
470 615 846 686 nimietatis
894 615 1044 701 ejus
1093 616 1315 686 taedio
1363 618 1669 697 affectus,
1723 617 1941 687 iratus
1960 617 2178 715 jussit
2224 627 2301 684 ut
2338 616 2742 685 discederet.

194 702 331 783 Qui
374 724 529 771 mox
561 714 639 771 ut
678 704 1173 772 monasterium
1205 706 1389 785 exiit,
1435 715 1671 773 contra
1719 727 1791 773 se
1839 715 2155 773 asslstere
2184 716 2417 793 aperto
2447 726 2561 772 ore
2587 705 2749 773 dra-

192 810 442 858 conem
494 791 561 857 in
614 790 855 858 itinere
895 790 1177 860 invenit.
1233 797 1538 877 Cumque
1567 814 1724 860 eum
1779 792 1957 859 idem
2010 792 2217 860 draco
2247 793 2365 877 qui
2401 813 2748 882 apparue-

190 890 324 955 rat,
362 877 688 946 devorare
739 878 959 957 vellet,
1017 879 1242 968 eoepit
1287 880 1435 969 ipse
1485 893 1783 949 tremens
1812 891 1876 947 et
1909 879 2254 969 palpitans
2303 881 2577 969 magnis
2623 901 2745 948 vo—

191 965 397 1035 cibus
445 965 770 1045 clamare,
824 967 1099 1035 dicens:
1155 990 1190 1033 «
1227 968 1619 1036 Succurrite
1667 966 2093 1035 succurrite:
2146 967 2310 1053 quia
2359 968 2567 1035 draco
2616 967 2744 1035 iste

195 1075 312 1121 me
358 1053 684 1121 devorare
733 1053 958 1121 vult.»
1009 1059 1402 1123 currentem
1446 1067 1675 1123 autem
1711 1053 1975 1134 fratres,
2032 1055 2398 1123 draconem
2460 1054 2749 1123 minime

190 1140 540 1222 viderunt,
601 1140 717 1209 sed
783 1153 1181 1211 trementem
1236 1157 1441 1228 atque
1491 1142 1938 1232 palpitantem
1991 1142 2410 1211 monachum
2458 1142 2543 1210 ad
2596 1163 2744 1210 mo-

104 1257 115 1262 ·
192 1229 576 1298 nasterium
632 1228 1074 1298 reduxerunt.
1130 1230 1261 1311 Qui
1310 1231 1537 1299 statim
1591 1230 1908 1319 promisit
1957 1250 2341 1314 numquam
2393 1251 2466 1297 se
2510 1250 2660 1298 esse
2709 1252 2751 1297 a

194 1316 618 1386 monasterio
652 1337 1113 1396 recessurum,
1167 1330 1370 1404 atque
1416 1339 1495 1386 ex
1545 1319 1713 1386 hora
1758 1316 1994 1385 eadem
2026 1318 2098 1384 in
2129 1339 2257 1385 sua
2291 1317 2751 1405 promissione

196 1404 621 1492 permansit:
675 1404 935 1493 quippe
980 1405 1100 1490 qui
1141 1406 1358 1474 sancti
1407 1405 1530 1473 viri
1582 1405 2013 1474 orationibus
2048 1419 2286 1473 contra
2326 1425 2397 1473 se
2423 1404 2746 1473 assistere

196 1490 570 1559 draconem
624 1491 907 1571 viderat,
961 1513 1170 1577 quem
1221 1493 1414 1582 prius
1454 1514 1592 1562 non
1628 1492 1921 1561 videndo
1970 1491 2406 1577 sequebatur.

284 1579 321 1663 ξ
382 1583 531 1650 81.
587 1579 712 1646 Sed
770 1600 988 1664 neque
1037 1579 1167 1647 hoc
1214 1580 1559 1649 silendum
1598 1594 1764 1669 puto
1797 1579 1981 1667 quod
2033 1579 2281 1649 illustri
2347 1579 2490 1647 viro
2540 1582 2747 1647 Anto-

196 1664 316 1734 nio
366 1678 688 1734 narrante
734 1666 1023 1755 cognovi
1087 1668 1208 1753 qui
1256 1669 1479 1757 ajebat
1540 1668 1757 1757 patris
1806 1668 1912 1735 sui
1969 1688 2264 1757 puerum
2326 1666 2564 1734 morbo
2611 1666 2747 1734 ele-

196 1753 537 1843 phantino
586 1753 798 1822 fuisse
842 1767 1263 1843 correptum,
1317 1757 1410 1823 ita
1458 1767 1535 1825 ut
1572 1756 1720 1844 jam
1772 1755 1932 1844 pilis
1963 1754 2392 1833 cadentibuS‚
2431 1754 2611 1822 cutis
2641 1753 2751 1821 in-

196 1853 629 1920 tumesceret,
672 1853 875 1926 atque
915 1842 1407 1912 increscentem
1458 1844 1726 1911 saniem
1774 1843 2117 1911 occultare
2150 1862 2285 1909 non
2323 1852 2575 1929 posset.
2617 1840 2752 1922 Qui

196 1927 286 1996 ad
338 1927 560 1997 virum
601 1929 711 1997 Dei
764 1928 852 1997 ab
898 1928 1135 1998 eodem
1188 1943 1379 2020 patre
1410 1930 1561 2020 ejus
1610 1931 1870 1999 missus
1918 1944 2041 2011 est,
2073 1941 2138 1998 et
2176 1928 2383 1997 saluti
2417 1928 2753 2017 pristinae

198 2014 333 2084 sub
362 2016 574 2083 ‘omni
621 2015 964 2085 eeleritate
1004 2018 1382 2087 restitutus.

283 2104 321 2188 ξ
382 2107 545 2173 8².
604 2104 832 2189 Neque
892 2103 1066 2172 illud
1119 2116 1373 2173 taceam
1439 2102 1625 2189 quod
1674 2104 1825 2204 ejus
1885 2102 2296 2192 discipuluS‚
2335 2101 2750 2191 Peregrinus

197 2189 505 2269 nomine,
559 2211 841 2259 narrare
887 2205 1373 2260 consueverat:
1443 2192 1609 2278 quia
1657 2191 1769 2259 dte
1821 2190 2123 2277 quadam
2174 2189 2400 2259 fidelis
2448 2190 2553 2257 vir
2597 2189 2753 2274 qui-

195 2277 358 2345 dam
393 2278 794 2347 necessitate
825 2278 1037 2347 debiti
1071 2278 1500 2368 compulsu3‚
1539 2299 1763 2347 unum
1795 2278 1936 2347 sore
1986 2278 2118 2346 sibi
2169 2277 2554 2367 remedium
2595 2297 2747 2344 cre-

198 2361 399 2443 didit,
453 2365 512 2433 si
559 2365 645 2434 ad
699 2366 814 2434 Dei
865 2366 1089 2435 virum
1139 2378 1472 2466 pergeret,
1525 2377 1590 2435 et
1635 2387 1812 2451 quae
1850 2386 2012 2433 eum
2059 2377 2337 2454 urgeret
2382 2364 2596 2433 debiti
2631 2385 2754 2432 ne-

196 2451 507 2535 cessitas,
562 2453 919 2525 indicaret.
995 2460 1187 2525 Venit
1240 2455 1473 2541 itaque
1534 2453 1620 2522 ad
1686 2452 2204 2535 monasterium,
2257 2450 2752 2543 omnipotentis

199 2539 318 2608 Dei
368 2539 709 2610 famulum
760 2542 1050 2632 reperit:
1103 2543 1268 2629 quia
1306 2565 1347 2611 a
1394 2542 1731 2612 creditore
1771 2563 1897 2610 suo
1925 2562 2050 2640 pro
2091 2540 2457 2610 duodecim
2510 2539 2753 2610 solidis

199 2628 499 2718 graviter
545 2629 983 2719 affligeretur,
1050 2631 1412 2699 intimavit.
1450 2630 1571 2698 Cui
1617 2629 2035 2699 venerabilis
2074 2640 2262 2716 pater
2313 2649 2755 2714 nequaquam

199 2736 273 2786 se
320 2715 572 2785 habere
618 2716 984 2786 duodecim
1031 2718 1311 2798 solidos,
1369 2716 1747 2807 respondit,
1795 2716 1914 2784 sed
1957 2730 2184 2784 tamen
2236 2716 2388 2786 e‘us
2441 2715 2754 2803 inopiam

200 2802 461 2872 blanda
511 2802 854 2873 locutione
893 2806 1309 2884 consolatu3‚
1365 2806 1497 2874 ait:
1551 2827 1586 2870 «
1617 2805 1818 2882 Vade,
1864 2814 1929 2872 et
1982 2817 2134 2892 post
2182 2804 2250 2872 bi
2306 2823 2476 2871 uum
2526 2822 2755 2870 rever-

178 2901 379 2980 tere:
432 2892 599 2978 quia
646 2892 835 2961 deest
883 2893 1108 2973 bodie,
1142 2893 1327 2979 quod
1378 2892 1501 2961 tibi
1549 2892 1838 2961 debeam
1879 2891 2135 2959 dare.»
2185 2896 2263 2960 In
2313 2891 2466 2980 ipso
2514 2901 2753 2958 autem

199 2976 414 3047 biduo
477 2997 667 3048 more
715 3001 841 3048 suo
889 2980 961 3048 in
1029 2981 1337 3050 oratione
1384 2980 1514 3048 suit
1560 2990 1967 3069 occupatus.
2034 2984 2342 3064 Cumque
2387 2977 2500 3047 die
2547 2976 2749 3046 tertio

198 3064 265 3136 is
308 3065 429 3151 qui
477 3067 878 3135 necessitate
925 3067 1138 3137 debiti
1187 3068 1642 3157 affligebatur,
1702 3065 1927 3144 rediit,
1968 3087 2178 3154 super
2225 3083 2459 3134 arcam
2510 3086 2757 3134 mona-

200 3152 393 3221 sterii
440 3175 617 3238 quae
663 3166 809 3222 erat
856 3154 1202 3223 frumento
1264 3155 1488 3245 plena,
1530 3153 1761 3223 subito
1813 3152 2141 3222 tredecim
2192 3152 2396 3222 solidi
2445 3164 2611 3221 sunt
2653 3152 2760 3220 in-

198 3239 409 3308 venti.
455 3246 640 3322 Quos
686 3242 792 3311 vir
840 3242 954 3310 Dei
1003 3242 1255 3311 deferri
1294 3242 1530 3332 jussit,
1587 3253 1652 3309 et
1692 3240 1944 3309 afflicto
2006 3240 2278 3329 petitori
2326 3238 2594 3319 tribuit,
2649 3238 2757 3306 di-

198 3348 387 3408 cenS,
424 3340 503 3397 ut
533 3327 899 3397 duodecim
935 3329 1268 3410 redderet,
1298 3343 1363 3399 et
1396 3348 1616 3399 unum
1649 3328 1720 3395 in
1752 3328 2075 3416 expensis
2160 3327 2410 3416 ropriis
2439 3327 2745 3396 haberet.

200 3413 330 3484 Sed
371 3414 458 3483 ad
506 3436 586 3484 ea
633 3437 822 3485 nunc
873 3416 1145 3485 redeam
1186 3438 1365 3503 quae
1395 3417 1546 3506 eJus
1573 3414 1745 3485 disci
1810 3415 1967 3493 ulis,
2013 3415 2083 3482 in
2146 3413 2533 3503 ibrihujus
2558 3434 2756 3482 exor-

198 3501 315 3570 dio
349 3502 740 3602 praedictis,
781 3504 1234 3574 referentibus
1282 3504 1554 3595 agnovi.
1602 3436 1898 3584 Quitfam
1931 3502 2036 3571 vir
2067 3501 2479 3591 gravissima
2507 3501 2758 3568 adver-

198 3589 372 3660 sarii
419 3591 529 3661 sui
576 3591 1039 3660 aemulatione
1074 3592 1451 3672 laborabat,
1496 3591 1701 3678 cujus
1749 3588 1836 3658 ad
1879 3589 2008 3658 hoc
2047 3610 2268 3675 usque
2300 3587 2542 3656 odium
2588 3609 2756 3687 pro-

196 3677 413 3765 rupit,
451 3688 528 3746 ut
573 3678 635 3747 ei
685 3679 1017 3747 nescienti
1049 3680 1116 3747 in
1172 3693 1337 3769 potu
1371 3699 1716 3748 venenum
1757 3676 1973 3745 daret.
2010 3677 2140 3758 Qui
2187 3675 2509 3762 quamvis
2540 3687 2758 3744 vltam

198 3765 471 3833 auferre
519 3786 655 3833 non
692 3765 926 3845 valuit,
970 3767 1150 3836 eutis
1200 3778 1427 3835 tamen
1477 3763 1780 3835 colorem
1817 3764 2127 3842 mutavit,
2164 3763 2260 3832 ita
2284 3774 2359 3831 ut
2391 3762 2649 3831 diffusa
2682 3762 2757 3830 in

199 3873 487 3941 corpore
533 3853 683 3941 ejus
731 3853 1044 3932 varietas,
1109 3853 1338 3943 leprae
1406 3873 1668 3921 morem
1736 3852 1996 3919 imitari
2043 3850 2414 3920 videretur.
2477 3849 2607 3919 Sed
2670 3847 2758 3918 ad

204 3939 323 4008 Dei
372 3940 723 4009 hominem
774 3940 1159 4021 deductuS,
1221 3941 1516 4010 salutem
1568 3939 1936 4030 pristinam
1994 3937 2202 4008 citius
2261 3938 2538 4029 recepit,
2594 3959 2759 4006 nam

205 4048 365 4096 mox
411 4039 489 4096 ut
535 4049 698 4097 eum
749 4028 989 4118 tetigit,
1026 4050 1306 4097 omnem
1354 4028 1536 4097 cutis
1584 4026 1776 4095 illius
1825 4026 2219 4094 varietatem
2253 4024 2538 4126 fugavit.

292 4117 329 4200 ἓ
394 4120 558 4184 88.
615 4120 706 4183 Eo
753 4137 1029 4202 quoque
1079 4128 1384 4204 tempore
1432 4137 1570 4214 quo
1628 4113 2117 4182 alimentorum
2181 4113 2420 4202 inopia
2475 4117 2762 4202 Campa·

204 4202 395 4271 niam
445 4203 744 4292 graviter
790 4203 1157 4292 affligebat,
1197 4203 1302 4271 vir
1352 4207 1466 4272 Del
1515 4201 1807 4270 diversis
1856 4200 2329 4291 indigentibus
2360 4198 2762 4271 monasterii

207 4289 319 4358 sui
359 4304 610 4360 cuncta
660 4291 1012 4371 tribuerat,
1075 4302 1152 4359 ut
1202 4311 1374 4380 pene
1432 4288 1604 4357 nihil
1657 4289 1727 4356 in
1772 4288 2075 4370 cellario,
2116 4290 2252 4359 nisi
2302 4309 2548 4378 parum
2587 4285 2760 4372 quid

206 4376 340 4445 olei
370 4377 443 4446 in
476 4380 688 4448 vitreo
735 4401 895 4450 vase
930 4388 1335 4449 remaneret.
1379 4382 1570 4450 Tunc
1602 4376 1888 4466 quidam
1929 4378 2403 4450 subdiaconus
2432 4378 2762 4465 Agapitus
