3327 4999
218 325 467 391 MART.
522 326 595 391 21
1072 345 1152 391 nr.
1202 345 1257 391 s,
1312 344 1654 391 assnnmcro
1703 344 1944 390 Anaua
2558 325 2689 389 415

212 427 606 496 eminebat:
644 426 759 496 sed
793 449 872 495 ex
899 427 1137 495 eadem
1165 450 1339 516 rupe
1371 428 1439 496 in
1475 428 1883 518 longissimo
1909 425 2074 495 fune
2102 426 2388 516 ligatum
2416 433 2769 497 Romanus

213 514 300 583 de
352 537 560 583 onere
611 537 854 603 panem
905 529 1388 585 consueverat:
1443 516 1513 585 in
1556 539 1695 603 qua
1740 515 1945 585 etiam
2000 516 2161 583 resti
2205 537 2491 604 parvum
2527 516 2766 584 tintin-

212 538 554 671 nabulum
585 603 918 672 inseruit:
971 617 1048 673 ut
1093 604 1179 673 ad
1228 605 1379 694 ejus
1427 626 1676 673 sonum
1712 605 1816 672 vir
1849 603 1962 671 Dei
1993 616 2454 694 cognosceret,
2487 603 2769 688 quando

211 690 348 759 sibi
398 696 752 762 Romanus
802 713 1050 781 panem
1153 696 1479 772 raeberet,
1517 713 1723 778 quem
1774 692 2008 763 exiens
2068 692 2431 779 acciperet.
2473 691 2602 761 Sed
2644 713 2770 759 an-

211 779 450 865 tiquus
514 779 728 849 hostis
790 779 1002 848 unius
1058 803 1095 849 c
1150 781 1376 849 aritati
1426 780 1766 859 invidens,
1821 779 2108 848 alterius
2158 779 2546 850 refectioni:
2601 802 2762 849 cum

213 866 515 953 quadam
569 867 679 936 die
743 867 1057 937 submitti
1128 891 1378 958 panem
1445 868 1914 957 conspiceret,
1972 868 2260 957 jactavit
2324 869 2652 958 lapidem,
2707 878 2772 936 et

216 954 764 1025 tintinnabulum
814 954 1016 1047 fregit
1063 962 1417 1027 Romanus
1468 969 1697 1025 tamen
1735 955 1921 1025 horis
1970 957 2516 1046 congruentibus
2568 955 2776 1024 mini-

215 1056 435 1113 strare
467 1065 599 1113 non
653 1044 880 1113 desiit.

304 1135 343 1217 ἓ
410 1137 503 1203 8.
558 1137 723 1200 Cum
774 1155 930 1203 vero
972 1133 1119 1220 jam
1174 1138 1348 1202 Deus
1412 1133 1851 1223 omnipotens
1899 1144 1965 1201 et
2012 1136 2405 1204 Romanum
2473 1131 2674 1200 vellet
2722 1154 2763 1200 a

218 1219 456 1288 labore
502 1220 877 1306 quiescere,
922 1235 987 1291 et
1034 1221 1379 1289 Benedicti
1412 1221 1621 1288 vitam
1663 1221 1733 1289 in
1785 1220 2181 1309 exemplum
2214 1221 2618 1289 hominibus
2649 1220 2769 1288 de-

217 1321 626 1386 monstrare,
681 1321 757 1377 ut
807 1309 1023 1398 posita
1058 1332 1139 1377 su
1194 1331 1268 1377 ra
1294 1308 1789 1378 candelabrum
1821 1307 2101 1377 lucerna
2140 1308 2566 1389 claresceret,
2604 1330 2774 1394 qua-

216 1407 421 1464 tenus
461 1396 791 1464 omnibus
837 1398 958 1483 qui
1007 1398 1077 1465 in
1178 1419 1333 1466 omo
1386 1398 1500 1466 Dei
1548 1409 1736 1477 sunt,
1803 1395 2105 1465 luceret:
2158 1397 2434 1465 cuidam
2487 1398 2773 1486 presby-

212 1494 358 1554 tero
407 1483 685 1573 longius
720 1485 1026 1553 manenti
1076 1485 1191 1571 qui
1246 1486 1680 1573 resectionem
1735 1484 1866 1553 sibi
1930 1485 1999 1552 in
2052 1485 2362 1574 paschali
2411 1483 2772 1553 festivitate

214 1584 613 1661 paraverat,
684 1595 805 1661 per
866 1574 1091 1643 visum
1145 1575 1477 1643 Dominus
1526 1595 1859 1664 apparere
1906 1572 2234 1662 dignatus
2293 1585 2426 1656 est,
2490 1573 2764 1642 dicens:

214 1683 253 1726 «
291 1666 390 1727 Tu
443 1661 562 1728 tibi
614 1660 900 1730 delicias
963 1683 1374 1751 praeparas,
1436 1674 1503 1730 et
1548 1683 1791 1731 servus
1842 1683 2039 1729 meus
2091 1660 2210 1729 illo
2266 1662 2336 1729 in
2390 1660 2536 1729 loco
2586 1660 2768 1729 fame

211 1747 595 1818 cruciatur.
651 1749 779 1830 Qui
831 1750 1145 1838 protinus
1194 1750 1530 1829 surrexit,
1596 1761 1802 1835 atque
1847 1749 1920 1817 in
1971 1750 1988 1816 i
2046 1772 2120 1817 sa
2170 1748 2598 1818 solemnitate
2651 1771 2772 1838 pa-

214 1835 440 1905 schali
480 1859 637 1904 cum
692 1837 1040 1905 alimentis
1087 1858 1264 1923 quae
1312 1838 1443 1906 sibi
1497 1851 1873 1926 paraverat,
1930 1772 2039 1905 ad)
2067 1837 2296 1905 locum
2355 1836 2660 1916 tetendit,
2706 1846 2772 1904 et

211 1924 447 1992 virum
502 1925 616 1993 Dei
676 1946 797 2014 per
853 1927 1147 2013 abrupta
1190 1926 1555 2007 montium,
1610 1947 1733 2015 per
1783 1924 2063 1993 vallium
2115 1946 2436 2005 concava,
2482 1947 2604 2014 per
2650 1925 2770 1992 de-

212 2013 401 2081 fossa
453 2024 788 2081 terrarum
842 2013 1201 2099 quaesivit,
1247 2035 1544 2099 eumque
1595 2013 1803 2081 latere
1852 2013 1921 2079 in
1973 2035 2184 2101 specu
2242 2014 2514 2101 reperit.
2570 2017 2771 2080 Cum-

211 2122 350 2187 que
382 2101 691 2169 oratione
740 2100 941 2178 sacta,
986 2100 1465 2169 benedicentes
1513 2101 1884 2169 Dominum
1934 2101 2472 2189 omnipotentem
2531 2120 2773 2168 conse-

212 2188 506 2268 dissent,
556 2201 708 2276 post
755 2188 987 2257 dulcia
1040 2189 1213 2257 vitae
1262 2188 1605 2275 colloquia
1654 2189 1714 2256 is
1761 2188 1880 2274 qui
1930 2186 2342 2269 advenerat,
2411 2189 2768 2287 presbyter

211 2276 426 2345 dixit:
481 2281 774 2375 «Surge,
820 2298 1183 2346 sumamus
1211 2277 1488 2346 cibum:
1542 2276 1706 2362 quia
1744 2275 1945 2344 hodie
1980 2276 2232 2364 pascha
2282 2288 2469 2345 est.»
2520 2281 2640 2345 Cui
2667 2275 2771 2343 vir

211 2364 334 2433 Dei
383 2365 761 2454 respondit,
801 2365 1072 2435 dicens:
1128 2366 1362 2446 «Scio,
1415 2364 1580 2450 quia
1623 2364 1880 2453 pascha
1928 2377 2068 2433 est:
2113 2364 2278 2449 quia
2312 2365 2514 2433 hodie
2542 2364 2770 2432 videre

211 2466 277 2523 te
326 2453 625 2522 merui.»
676 2458 901 2542 Longe
942 2453 1202 2542 quippe
1252 2455 1339 2524 ab
1389 2453 1794 2522 bominibus
1846 2452 2132 2542 posituS‚
2169 2452 2332 2539 quia
2366 2453 2477 2522 die
2523 2452 2766 2521 eodem

211 2541 567 2632 paschalis
600 2542 1001 2611 solemnitas
1039 2554 1238 2622 esset,
1276 2542 1659 2632 ignorabat.
1700 2541 2120 2610 Venerabilis
2147 2555 2373 2609 autem
2413 2542 2770 2630 presbyter

211 2652 464 2699 rursus
512 2631 827 2708 asseruit,
883 2630 1154 2698 dicens:
1201 2630 1602 2699 «veraciter
1634 2629 1840 2698 hodie
1890 2629 2412 2698 resurrectionis
2460 2628 2766 2697 Domini-

211 2739 336 2788 cae
385 2718 733 2806 paschalis
779 2719 926 2786 dies
974 2731 1115 2786 est:
1169 2717 1512 2787 abstinere
1552 2718 1677 2787 tibi
1726 2717 2014 2786 minime
2073 2717 2432 2806 congruit:
2486 2716 2650 2803 quia
2698 2727 2764 2785 et

208 2827 339 2896 ego
387 2806 474 2874 ad
525 2808 652 2875 hoc
695 2807 952 2876 missus
1002 2828 1183 2886 sum,
1237 2817 1314 2875 ut
1362 2806 1854 2895 omnipotentis
1917 2805 2033 2873 Dei
2099 2805 2280 2873 dona
2340 2805 2596 2895 pariter
2643 2827 2762 2873 su-

208 2916 578 2964 mamus.»
626 2894 1111 2963 Benedicentes
1148 2894 1359 2983 igitur
1405 2895 1803 2974 Dominum,
1860 2904 2311 2982 sumpserunt
2357 2893 2619 2962 cibum:
2656 2914 2767 2960 ex-

207 2983 397 3073 pleta
445 2982 672 3068 itaque
722 2983 1086 3051 resectione
1134 2995 1199 3050 et
1234 2983 1602 3068 colloquio,
1641 2982 1725 3051 ad
1779 2982 2140 3050 ecclesiam
2174 3003 2370 3050 suam
2408 2982 2765 3071 presbyter

208 3071 513 3140 recessit.
552 3071 798 3139 Eodem
850 3092 1124 3156 quoque
1173 3082 1477 3161 tempore
1527 3070 1715 3139 hunc
1763 3069 1831 3136 in
1885 3092 2095 3159 specu
2131 3069 2506 3138 latitantem
2557 3070 2761 3139 etiam

210 3171 523 3248 pastores
579 3159 1025 3227 invenerunt:
1080 3180 1283 3244 quem
1336 3158 1507 3227 dum
1564 3158 1884 3227 vestitum
1941 3157 2240 3246 pellibus
2287 3158 2467 3226 inter
2514 3158 2765 3227 fruteta

205 3258 588 3327 cernerent,
650 3246 955 3332 aliquam
1006 3247 1296 3316 bestiam
1361 3269 1510 3316 esse
1557 3245 2039 3314 crediderunt:
2095 3246 2211 3314 sed
2264 3259 2758 3346 cognoscentes

210 3334 328 3404 Dei
378 3333 743 3414 famulum,
782 3357 1022 3403 eorum
1073 3333 1274 3402 multi
1323 3335 1411 3402 ad
1464 3334 1734 3425 pietatis
1784 3334 2076 3423 gratiam
2127 3356 2168 3401 a
2215 3334 2487 3404 bestiali
2538 3347 2765 3403 mente

209 3422 458 3491 mutati
507 3435 694 3492 sunt.
733 3429 988 3491 Nomen
1039 3422 1272 3508 itaque
1309 3423 1460 3512 ejus
1505 3444 1621 3512 per
1667 3422 1896 3490 vicina
1930 3421 2078 3490 loca
2113 3421 2414 3491 innotuit
2463 3422 2756 3492 cunctis.

210 3516 633 3595 Factumque
664 3523 789 3602 esst,
830 3523 904 3579 ut
940 3533 1020 3579 ex
1068 3510 1188 3578 illo
1228 3510 1372 3599 jam
1428 3523 1733 3600 tempore
1766 3533 1806 3577 a
1847 3510 2085 3579 multis
2131 3509 2553 3596 frequentari
2606 3532 2762 3578 coe-

207 3599 465 3689 pisset:
516 3599 637 3684 qui
668 3621 826 3667 cum
878 3599 940 3668 ei
988 3598 1222 3667 eibum
1274 3599 1594 3668 afferrent
1637 3597 1972 3688 corporis,
2013 3598 2100 3666 ab
2160 3599 2311 3688 ejus
2351 3619 2467 3667 ore
2516 3598 2587 3666 in
2638 3620 2764 3667 suo

208 3698 486 3777 pectore
535 3686 863 3756 alimenta
911 3687 1296 3755 referebant
1342 3687 1539 3755 vitae.

299 3778 338 3860 ἓ
399 3777 486 3845 4.
540 3775 849 3856 Quadam
901 3796 1058 3843 vero
1105 3774 1215 3843 die
1263 3775 1430 3843 dum
1484 3775 1674 3845 solus
1729 3785 1928 3853 esset,
1970 3784 2262 3842 tentator
2320 3773 2539 3842 affuit.
2592 3778 2763 3843 Nam

207 3862 413 3951 nigra
462 3865 804 3952 parvaque
851 3863 997 3932 avis
1045 3885 1221 3949 quae
1283 3862 1491 3952 vulgo
1559 3863 1828 3931 merula
1891 3861 2311 3941 nominatur,
2374 3863 2558 3930 circa
2609 3862 2763 3948 ejus

206 3950 456 4019 faciem
507 3950 787 4020 volitare
833 3951 1081 4042 coepit,
1119 3951 1407 4038 ejusque
1455 3950 1674 4019 vultui
1724 3950 2120 4037 importune
2169 3949 2507 4031 insistere,
2563 3949 2658 4017 ita
2686 3959 2764 4018 ut

206 4060 428 4108 manu
476 4039 631 4139 capi
681 4051 930 4129 posset,
986 4039 1043 4110 si
1096 4040 1273 4108 hanc
1323 4039 1424 4107 vir
1480 4051 1763 4108 sanctus
1812 4051 2039 4106 tenere
2088 4037 2456 4106 voluisset:
2502 4038 2620 4106 scd
2673 4037 2763 4107 si-

208 4148 348 4218 gno
381 4150 611 4198 crucis
659 4127 863 4206 edito,
931 4127 1210 4196 recessit
1266 4127 1433 4195 avis,
1480 4132 1688 4195 Tanta
1732 4138 1961 4194 autem
2012 4126 2243 4194 carnis
2293 4126 2597 4205 tentati0,
2652 4124 2761 4193 avi

208 4216 451 4284 eadem
486 4216 864 4296 recedente,
905 4227 1137 4286 secuta
1184 4225 1307 4294 est,
1346 4228 1677 4300 quantam
1729 4215 1832 4282 vir
1865 4226 2146 4283 sanctus
2198 4235 2578 4300 numquam
2614 4212 2762 4281 fue-

210 4316 316 4372 rat
378 4318 723 4394 expertus.
787 4304 1171 4386 Quamdam
1240 4324 1541 4388 namque
1596 4301 1974 4388 aliquando
2031 4302 2403 4371 foeminam
2463 4301 2754 4380 viderat,

209 4413 420 4479 quam
454 4392 808 4485 malignus
837 4392 1125 4482 spiritus
1158 4404 1314 4460 ante
1346 4391 1497 4481 ejus
1529 4391 1781 4462 mentis
1818 4390 2055 4463 oculos
2086 4390 2398 4460 reduxit:
2435 4401 2760 4477 tantoque
