3327 4999
218 344 471 411 MART.
527 345 611 409 42
1132 366 1213 411 nii
1259 365 1318 413 S.
1372 365 1687 414 cancoaio
1738 366 1898 415 mim
2568 354 2698 418 223

216 443 669 512 venundandi
717 443 1010 515 facultas
1057 445 1168 514 sit.
1224 444 1418 517 Sedis
1464 446 1586 532 qui
1626 446 1712 516 ad
1745 447 2202 518 Christianam
2238 448 2540 519 converti
2571 449 2790 519 fidem

214 531 589 613 desiderat,
642 531 1040 602 defensione
1090 546 1312 603 vestra
1339 534 1410 602 in
1453 534 1837 604 libertatem
1873 535 2098 605 modis
2126 537 2453 606 omnibus
2487 538 2785 606 vindice-

216 634 354 690 tur.
408 621 496 690 Hi
542 642 701 690 vero
747 642 922 708 quos
970 622 1454 721 hujuscemodi
1503 633 1769 713 oportet
1815 645 2045 694 servos
2094 625 2430 706 amittere,
2487 647 2573 694 ne
2641 626 2780 695 sor-

212 709 397 779 sitan
448 709 778 779 utilitates
827 732 990 779 suas
1065 710 1628 781 irrationabiliter
1675 711 2037 781 aestiment
2085 712 2460 802 impediri,
2517 713 2785 784 solicita

214 819 337 866 vos
398 797 530 866 hoc
599 799 917 867 convenit
990 798 1540 868 consideratione
1601 820 1913 869 servare:
1977 810 2054 870 ut
2121 801 2178 872 si
2247 823 2557 891 paganos
2603 824 2779 889 quos

214 886 661 955 mercimonii
689 890 899 956 causa
931 886 1017 956 de
1066 888 1313 958 exteris
1362 888 1623 959 finibus
1678 888 1994 968 emerint,
2064 888 2245 958 intra
2296 902 2429 958 tres
2479 911 2776 972 menses,

214 972 388 1042 dum
439 987 734 1063 emptor,
790 976 904 1044 cui
943 975 1148 1045 vendi
1185 976 1501 1056 debeant,
1555 976 1973 1056 inveniatur,
2005 975 2240 1066 fugere
2280 977 2367 1046 ad
2416 977 2782 1048 ecclesiam

212 1062 390 1131 forte
436 1063 802 1151 contigerit
858 1076 923 1133 et
970 1063 1142 1134 velle
1188 1087 1261 1134 se
1333 1064 1631 1133 dixerint
1678 1064 1825 1133 fieri
1892 1062 2353 1145 Christianos,
2407 1065 2511 1133 vel
2570 1066 2780 1136 etiam

210 1162 408 1219 extra
438 1150 802 1220 ecclesiam
852 1152 1032 1222 hanc
1075 1152 1278 1222 talem
1330 1152 1748 1222 voluntatem
1800 1152 2266 1242 prodiderint,
2321 1155 2617 1242 pretium
2667 1176 2782 1225 eo-

214 1259 377 1307 rum
425 1260 465 1307 a
517 1238 901 1309 Christiano
929 1240 1192 1310 scilicet
1220 1253 1527 1331 emptore
1577 1241 1983 1330 percipiant.
2014 1242 2081 1309 Si
2128 1254 2361 1311 autem
2398 1254 2552 1331 post
2586 1263 2784 1331 prae-

213 1325 450 1397 finitos
500 1339 635 1396 tres
685 1349 957 1398 menses
1002 1328 1372 1416 quisquam
1413 1328 1893 1418 hujuscemodi
1928 1350 2280 1400 servorum
2314 1330 2776 1399 Judaicorum

215 1413 391 1483 velle
438 1437 648 1484 suum
697 1416 983 1486 edixerit
1028 1429 1094 1486 et
1142 1416 1293 1487 fieri
1339 1417 1630 1487 voluerit
1661 1416 2119 1501 ChristianUS,
2151 1438 2276 1486 nec
2324 1417 2581 1504 aliquis
2609 1440 2774 1487 eum

214 1502 658 1592 postmodum
708 1525 957 1585 eruere,
1012 1526 1137 1574 nec
1201 1505 1530 1575 dominus
1576 1505 1886 1592 qualibet
1942 1505 2326 1576 occasionis
2375 1505 2603 1596 specie
2651 1529 2780 1575 au-

209 1591 371 1660 deat
420 1592 837 1674 venundare,
877 1593 992 1662 sed
1045 1593 1132 1662 ad
1178 1592 1509 1663 libertatis
1560 1591 2022 1683 proculdubio
2081 1594 2386 1682 praemia
2437 1594 2778 1683 perduca-

211 1692 366 1748 tur:
417 1680 585 1765 quia
632 1681 820 1750 hunc
870 1701 1006 1749 non
1055 1680 1144 1751 ad
1192 1681 1658 1764 vendendum,
1699 1681 1818 1751 sed
1868 1681 1955 1750 ad
2006 1682 2447 1752 serviendum
2497 1682 2631 1754 sibi
2671 1682 2779 1750 in-

216 1766 558 1857 telligitur
606 1790 1060 1839 reservasse.»
2137 1802 2152 1811 ·

300 1858 338 1942 §
384 1860 539 1927 88.
593 1862 867 1947 Pagana
900 1856 1249 1948 mancipia
1292 1857 1623 1937 Judaeos,
1680 1857 1997 1928 videlicet
2055 1856 2376 1927 dominos
2425 1879 2613 1939 sum,
2681 1858 2769 1928 ad

211 1943 420 2013 fidem
479 1945 977 2033 praecedentia,
1041 1947 1113 2014 in
1159 1967 1400 2015 eorum
1478 1946 1833 2015 servitium
1870 2000 1885 2018 .
1939 1946 2147 2015 etiam
2210 1946 2269 2014 si
2335 1946 2471 2013 i'si
2518 1967 2634 2014 eos
2683 1946 2771 2015 ad

210 2031 793 2103 Christianitatem
853 2034 1497 2120 subsequebantur,
1578 2033 1775 2103 nullo
1839 2033 2043 2102 modo
2122 2055 2360 2101 revoca
2412 2046 2502 2102 at.
2579 2033 2771 2102 Unde

207 2120 471 2189 Joanni
522 2126 956 2211 Syracusano
985 2123 1351 2212 episcopo:
1408 2120 1672 2201 «Felix,
1706 2121 1952 2207 inquit,
1993 2121 2456 2210 praesentium
2493 2120 2779 2220 portitor

209 2223 501 2294 questus
552 2210 751 2279 nobis
798 2223 944 2291 est,
997 2232 1159 2280 cum
1226 2209 1314 2280 sit
1372 2209 1459 2279 de-
1525 2209 1930 2278 Christianis
1990 2221 2196 2278 natus
2248 2209 2675 2298 parentibuS,
2731 2231 2774 2277 a

207 2296 513 2382 quodam
567 2298 973 2378 Christiano,
1028 2304 1391 2368 Samaraeo
1432 2319 1505 2366 se
1551 2298 1735 2383 quod
1786 2297 1925 2365 dici
1973 2295 2200 2366 scelus
2260 2310 2399 2376 est,
2453 2318 2604 2365 esse
2652 2297 2773 2366 do-

204 2397 479 2454 natum:
530 2398 600 2454 et
645 2385 817 2456 dum
892 2386 1375 2476 hujuscemodi
1432 2385 1943 2476 superstitionis
1995 2384 2313 2453 homines
2380 2384 2770 2454 Christiana

200 2473 517 2559 quolibet
564 2474 768 2544 modo
808 2475 1158 2566 mancipia
1191 2474 1566 2566 possidere,
1621 2495 1748 2543 nec
1788 2474 1960 2544 ratio
1995 2472 2190 2563 legis,
2233 2494 2357 2542 nec
2392 2471 2772 2543 reverentia

201 2560 565 2652 religionis
621 2562 959 2642 admittat,
1016 2586 1088 2634 se
1136 2576 1363 2633 tamen
1424 2584 1545 2652 per
1589 2562 1829 2632 decem
1896 2574 1961 2633 et
2026 2573 2177 2631 octo
2223 2583 2446 2631 annos
2496 2561 2564 2629 in
2616 2562 2769 2652 ejus

198 2650 451 2720 asserit
499 2652 771 2722 servitio
819 2652 1325 2742 permansisse:
1378 2651 1496 2722 sed
1556 2663 2012 2741 cognoscente
2067 2650 2196 2718 hoc
2244 2648 2604 2719 decessore
2656 2671 2768 2749 tse-

200 2750 347 2808 stro
387 2751 664 2809 sanctae
715 2741 1088 2810 memoriae
1134 2739 1570 2819 Maximiano,
1623 2741 1712 2809 ab
1759 2760 1839 2808 eo
1887 2761 1960 2808 se
2021 2737 2202 2818 zelo,
2257 2737 2437 2807 sicut
2483 2737 2762 2819 decuit,

197 2827 613 2896 sacerdotali
644 2842 1010 2908 commoto,
1048 2828 1133 2897 de
1170 2827 1521 2897 Samaraei
1555 2827 1815 2897 nefario
1855 2826 2130 2898 servitio
2163 2825 2333 2895 dicit
2363 2825 2761 2896 liberatum.

197 2914 331 2984 Sed
382 2917 549 3001 quia
594 2917 907 3005 ejusdem
957 2917 1304 2987 Samaraei
1352 2916 1543 2986 filius
1595 2927 1746 3005 post
1782 2916 2093 3002 quinque
2139 2935 2361 2984 annos
2410 2912 2634 2983 factus
2663 2914 2769 2982 di-

197 3002 389 3072 citur
453 3003 905 3084 ChristianuS,
956 3018 1023 3075 et
1081 3006 1633 3094 suprascriptum
1688 3003 1976 3073 Felicem
2030 3003 2102 3071 in
2165 3003 2317 3093 ejus
2379 3001 2765 3083 servitium,

196 3102 543 3178 quantum
597 3093 742 3182 ipse
787 3092 979 3174 dicit,
1040 3092 1326 3181 quidam
1377 3093 1694 3162 nituntur
1740 3092 2092 3181 redigere,
2167 3091 2496 3160 sanctitas
2545 3102 2771 3166 vestra

196 3180 412 3259 haec,
474 3201 653 3266 quae
697 3181 921 3251 edocti
969 3202 1256 3261 sumuS,
1309 3180 1677 3271 diligenter
1746 3180 2090 3266 inquirat:
2143 3193 2209 3248 et
2243 3178 2315 3247 -si
2364 3178 2457 3247 ita
2507 3179 2568 3247 ei
2616 3200 2768 3248 esse

192 3268 608 3350 constiterit,
664 3289 825 3338 eum
875 3270 1052 3339 tueri
1101 3269 1370 3340 studeat
1425 3281 1491 3339 et
1527 3290 1568 3337 a
1619 3267 1815 3337 nullo
1873 3267 2005 3337 sub
2052 3266 2362 3355 qualibet
2408 3267 2772 3336 occasione

192 3357 475 3449 gravari
524 3359 894 3447 permittat:
941 3359 1109 3445 quia
1155 3356 1323 3426 dum
1375 3356 1895 3446 superstitiosae
1941 3369 2164 3425 sectae
2212 3355 2588 3443 mancipia,
2643 3354 2769 3453 do-

196 3445 433 3513 minos
480 3467 646 3515 suos
675 3445 760 3515 ad
813 3446 1020 3515 fidem
1071 3444 1572 3535 praecedentia,
1636 3443 1911 3514 servitio
1958 3465 2198 3514 eorum
2249 3453 2510 3531 aperte*
2545 3443 2769 3532 redigi

180 3534 361 3624 jura
397 3534 828 3623 prohibeant,
880 3544 1139 3621 quanto
1190 3534 1413 3623 magis
1459 3533 1574 3602 hic
1621 3532 1710 3604 de
1757 3531 2163 3602 Christianis
2213 3530 2617 3630 parentibus
2646 3552 2771 3599 na-

198 3634 319 3691 tus
367 3633 433 3690 et
480 3621 703 3692 factus
751 3645 793 3692 a
825 3621 1107 3712 parvulo
1150 3622 1602 3702 Christianus,
1639 3621 1821 3690 hanc
1869 3642 2007 3689 non
2049 3619 2248 3690 debet
2293 3631 2771 3705 quaestionem

190 3708 441 3797 aliquo
491 3710 695 3780 modo
743 3710 1135 3780 sustinere?
1182 3710 1480 3779 maxime
1526 3708 1693 3795 quia
1743 3730 1868 3777 nec
1919 3708 2133 3798 patris
2181 3717 2331 3776 esse
2380 3728 2618 3775 servus
2652 3729 2771 3796 po-

189 3799 358 3877 tuit,
410 3819 621 3884 quem
670 3798 887 3884 liquet
916 3819 996 3867 ex
1049 3820 1258 3888 prava
1306 3798 1536 3888 potius
1583 3796 2149 3888 praesumptione
2216 3817 2510 3886 poenam
2567 3816 2771 3884 posse

188 3886 591 3974 venie-ntem
642 3887 727 3956 de
774 3885 1046 3977 legibus
1107 3887 1473 3956 sustinere.

279 3976 321 4063 ξ
380 3979 547 4047 89.
602 3974 1018 4045 Circumcldi
1066 3975 1313 4046 saltem
1348 3995 1781 4066 paganorum
1817 3972 2168 4042 neminem
2200 3971 2572 4071 Gregorius
2607 3992 2763 4071 per-

188 4063 535 4134 mittebat.
588 4062 1053 4147 Quamobrem
1104 4064 1309 4135 Leoni
1356 4062 1719 4133 catanensi
1765 4063 2134 4151 episcopo:
2201 4083 2237 4126 «
2285 4066 2436 4140 ReS,
2503 4071 2765 4159 inquit,-

185 4151 277 4221 ad
332 4173 458 4224 nos
505 4152 792 4223 omniuo
847 4151 1272 4223 detestabilis
1327 4165 1394 4221 et
1453 4151 1725 4242 legibus
1774 4150 2061 4219 inimica
2111 4148 2420 4239 pervenit
2476 4169 2657 4234 quae
2706 4170 2769 4216 si

182 4262 354 4311 vera
416 4253 560 4321 est,
612 4240 1113 4310 fraternitatem
1161 4252 1352 4309 tuam
1404 4241 1841 4309 vehementer
1888 4250 2192 4318 accusat,
2255 4238 2423 4324 quia
2471 4258 2624 4304 eam
2676 4234 2765 4303 de

184 4329 448 4400 minori
479 4328 926 4399 solicitudine
974 4329 1218 4420 probat
1264 4350 1414 4398 esse
1460 4326 1910 4418 culpabilem.
1966 4327 2446 4416 Comperimus
2494 4335 2755 4421 autem,

180 4415 381 4506 quod
422 4417 675 4488 Judaei
724 4416 825 4486 vel
877 4418 1225 4487 Samaraei
1282 4417 1607 4508 degentes
1673 4420 2004 4496 Catanae,
2077 4436 2351 4505 pagana
2402 4430 2758 4498 mancipia
