3327 4999
170 352 274 423 EX
322 355 507 424 NOV.
563 354 646 422 112
2482 361 2610 426 699

636 510 870 612 VITA
940 511 1016 614 S.
1091 511 1514 628 LEBUlNI
1579 512 2231 616 PRESBYTERI

167 756 422 807 SCRIPTA
477 756 557 804 AB
619 755 946 804 HUCBALnu
1017 756 1366 805 ELNONRNSI
1421 756 1741 806 mommio,
1807 758 2003 806 Exul·
2069 759 2135 808 IN
2193 758 2490 816 ANTIQUIS
2551 759 2692 806 MSS.

256 861 751 923 EXEHPLARIBUS,
804 861 1186 918 uULTuuQUE
1233 859 1697 910 couussNnA‘rUR
1742 863 1783 908 A
1829 861 2026 909 PETRO
2071 861 2542 912 AncmmAcoNo
2588 861 2702 909 CA-

254 963 629 1012 MERACENSI.

471 1146 744 1206 muniit
784 1146 1056 1204 saeculo
1096 1146 1287 1205 vm.
1334 1175 1410 1189 —
1451 1143 1722 1204 Saxona
1760 1149 1962 1217 gente
1999 1147 2394 1206 Britannus.

247 1334 288 1420 ξ
353 1337 430 1404 1.
486 1328 815 1399 Dominus
862 1341 1090 1399 noster
1150 1335 1353 1401 Jesus
1401 1328 1709 1401 Christus
1757 1340 2032 1421 propter
2094 1329 2379 1400 nimiam
2454 1329 2690 1400 chari-

164 1435 372 1493 tatem
433 1440 654 1499 suam,
738 1440 870 1506 qua
919 1417 1154 1488 dilexit
1200 1441 1323 1488 nos
1382 1419 1452 1487 in
1504 1418 1738 1489 secula
1790 1418 2178 1490 seculorum
2214 1474 2229 1500 ,
2282 1441 2420 1488 non
2470 1419 2694 1489 solum

164 1532 292 1614 pro
324 1508 546 1589 nobis,
586 1507 703 1578 sed
758 1509 965 1578 etiam
1011 1529 1091 1577 ex
1139 1507 1336 1578 nobis
1392 1507 1611 1578 factus
1675 1508 1879 1579 homo
1914 1564 1930 1590 ,
1987 1530 2184 1579 verus
2242 1519 2306 1578 et
2357 1509 2702 1599 perfectus
2800 1567 2806 1573 .

162 1602 350 1670 ldem
400 1603 617 1679 Deus,
673 1603 807 1667 Rex
869 1609 1096 1667 noster
1148 1607 1306 1667 ante
1353 1596 1616 1679 secula,
1670 1619 1828 1667 cum
1904 1620 2023 1689 per
2070 1597 2461 1689 passionem
2532 1603 2700 1667 Cru-

164 1690 307 1769 cis,
388 1686 1088 1774 resurrectionemque
1136 1709 1173 1755 a
1224 1686 1536 1768 mortuis,
1602 1685 1984 1758 secundum
2035 1708 2283 1760 nomen
2352 1709 2556 1757 suum
2622 1708 2698 1756 o-

168 1790 449 1870 peratus
494 1787 670 1848 esset
739 1774 1029 1846 salutem
1102 1788 1403 1846 nostram
1452 1776 1522 1844 in
1592 1774 1819 1846 medio
1880 1790 2092 1847 terrae
2126 1831 2141 1856 ,
2214 1787 2697 1847 consummato

167 1867 387 1938 divini
437 1864 741 1955 mysterii
792 1887 1016 1955 opere,
1068 1864 1250 1953 quod
1301 1864 1782 1936 absconditum
1828 1863 1960 1936 fuit
2006 1888 2045 1935 a
2094 1865 2347 1936 seculis
2385 1876 2452 1936 et
2497 1886 2701 1955 gene-

170 1954 597 2035 rationibus,
652 1975 837 2023 nunc
885 1964 1109 2024 autem
1185 1953 1695 2025 manifestatum
1744 1966 1846 2024 est
1892 1954 2147 2024 sanctis
2194 1955 2341 2026 suis
2372 2009 2388 2036 ‚
2445 1954 2704 2041 quibus

174 2044 387 2115 voluit
436 2056 631 2112 notas
662 2042 883 2113 facere
910 2043 1182 2113 divitias
1209 2043 1619 2113 sacramenti
1650 2044 1883 2134 hujus,
1931 2043 2307 2116 ascendens
2343 2043 2412 2113 in
2452 2043 2696 2125 altum,

169 2134 510 2225 captivam
558 2132 753 2203 duxit
798 2132 1253 2224 captivitatem
1311 2145 1376 2203 et
1441 2143 1518 2203 ut
1575 2132 1670 2202 ait
1716 2133 2113 2224 ApostoluS,
2169 2132 2359 2202 dedit
2404 2133 2696 2226 gratiam

167 2223 548 2309 unicuique
621 2220 928 2292 fidelium
978 2221 1321 2294 Ecclesiae
1383 2221 1764 2293 secundum
1844 2244 2239 2294 mensuram
2306 2221 2700 2293 donationis

172 2335 361 2394 suae,
415 2311 586 2382 alios
632 2309 1005 2402 ApostolOS,
1058 2310 1228 2380 alios
1290 2311 1683 2402 Prophetae,
1750 2310 1923 2381 alios
1971 2310 2474 2403 Evangelistas,
2528 2312 2702 2382 alios

175 2412 483 2493 pastores
540 2401 961 2471 constituens
1009 2411 1074 2471 et
1120 2399 1451 2470 doctores
1505 2405 1691 2470 Inter
1735 2422 1910 2488 quae
1957 2400 2321 2472 innumera
2366 2401 2517 2492 ejus
2584 2401 2705 2471 be-

177 2489 426 2561 neficia
460 2546 475 2572 ‚
528 2512 703 2577 quae
753 2489 898 2580 ipse
945 2489 1180 2582 largus
1228 2488 1423 2561 dator
1484 2513 1603 2582 per
1648 2490 1970 2562 universa
2044 2501 2379 2562 terrarum
2429 2490 2709 2561 diffudit

174 2580 420 2672 spatia,
473 2579 541 2647 in
612 2584 1026 2650 Francorum
1091 2601 1364 2667 quoque
1424 2585 1905 2668 Saxonumque
1962 2580 2047 2651 de
2111 2580 2298 2651 coelo
2364 2581 2709 2672 prospexit

171 2669 456 2761 patrias:
509 2668 766 2755 quibus
805 2667 1152 2738 salvandis
1197 2667 1263 2739 'et
1309 2669 1455 2760 lege
1494 2670 1643 2757 ejus
1691 2669 2116 2752 imbuendis,
2184 2682 2387 2758 atque
2434 2669 2504 2739 in
2558 2692 2708 2762 per-

174 2757 553 2832 severantia
589 2758 748 2828 boni
795 2757 1023 2848 operis
1068 2758 1586 2840 confirmandiS,
1641 2771 1794 2850 post
1839 2759 2025 2828 clara
2075 2759 2532 2850 plurimorum
2595 2759 2705 2830 lu-

174 2849 363 2918 mina
410 2848 792 2928 doctorum,
844 2869 1019 2935 quae
1076 2847 1255 2917 idem
1308 2848 1413 2917 Sol
1469 2847 1802 2938 justitiae,
1857 2860 1932 2917 ut
1979 2848 2364 2918 Occidentis
2401 2847 2704 2940 depelle-

174 2950 328 3007 rent
373 2937 710 3017 tenebraS,
760 2937 1037 3028 proprio
1085 2936 1526 3011 irradiaverat
1573 2937 1860 3029 fulgore,
1913 2950 2088 3007 utet
2137 2938 2267 3029 ipsi
2317 2937 2435 3009 lux
2481 2950 2711 3009 essent

173 3027 386 3116 hujus
422 3026 687 3096 mundi:
733 3048 954 3096 unum
1003 3048 1274 3114 quoque
1331 3027 1525 3099 sidus
1570 3027 1923 3108 eximium,
1967 3028 2113 3118 jam
2165 3049 2337 3118 pene
2385 3026 2706 3117 advespe-

172 3129 481 3184 rascente
530 3115 731 3185 istius
776 3115 992 3185 seculi
1024 3115 1157 3198 die,
1211 3116 1322 3186 sui
1368 3115 1756 3207 splendoris
1795 3116 2014 3207 gratia
2065 3116 2419 3206 perfusum
2469 3139 2548 3188 co
2602 3116 2703 3187 io-

174 3204 470 3283 sissime‚
524 3204 606 3272 ad
658 3225 891 3273 eorum
932 3204 1505 3275 illuminationem
1555 3206 1882 3307 dignatus
1927 3218 2027 3276 est
2070 3208 2402 3297 promere,
2461 3210 2545 3277 Le
2596 3206 2706 3275 ui-

176 3314 343 3362 num
387 3291 698 3361 videlicet
748 3292 1034 3363 charum
1087 3294 1220 3364 sibi
1272 3294 1598 3376 amicum,
1642 3305 1840 3385 Juxta
1899 3294 2155 3365 idioma
2205 3295 2509 3366 nominis
2572 3295 2704 3366 sibi

175 3381 432 3483 optime
486 3382 950 3471 congruentis
1012 3387 1249 3452 Fertur
1306 3384 1488 3452 enim
1548 3406 1585 3453 a
1635 3405 1802 3455 suae
1851 3385 2085 3474 peritis
2162 3383 2463 3476 linguae,
2517 3386 2703 3473 quod

174 3469 467 3559 Liefwyn
517 3470 866 3559 patriotice
914 3469 1001 3541 sit
1045 3483 1370 3551 vocatus,
1425 3471 1606 3559 quod
1652 3473 1979 3544 Romanis
2036 3486 2273 3554 sonat,
2339 3475 2586 3544 charus
2633 3500 2707 3545 a·

173 3562 408 3629 micus.
454 3559 754 3650 Demptis
792 3578 948 3628 vero
996 3559 1095 3628 vel
1128 3561 1496 3632 demutatis
1541 3560 1627 3630 ad
1679 3562 2104 3632 Latinitatem
2149 3562 2564 3650 quibusdam
2623 3564 2706 3633 li-

176 3649 363 3729 teris,
416 3647 644 3718 dictus
669 3660 770 3717 est
818 3648 1185 3718 LebuinuS.
1232 3649 1357 3719 Sed
1388 3672 1544 3720 ecce
1588 3672 1796 3737 quam
1826 3650 2153 3741 dignitate
2198 3652 2478 3742 plenum
2507 3652 2708 3723 istius

174 3737 492 3838 vocabuli
544 3738 1020 3828 praesagium,
1092 3738 1260 3808 dum
1326 3739 1506 3826 quod
1559 3739 1834 3810 futurus
1880 3752 2025 3809 erat
2069 3762 2313 3841 opere,
2357 3741 2503 3831 jam
2553 3742 2706 3831 ejus

177 3841 691 3920 praesignatum
726 3839 827 3897 est
877 3828 1174 3898 nomine.
1231 3828 1297 3897 Si
1343 3828 1524 3897 enim
1575 3840 1970 3915 quaeratur,
2022 3851 2224 3919 cujus
2271 3829 2374 3899 vir
2421 3829 2546 3900 iste
2592 3854 2706 3902 ex-

178 3916 384 3988 titerit
431 3916 723 3996 amicus,
777 3938 1209 4004 nequaquam
1260 3917 1800 3999 mundanorum,
1857 3919 1954 3987 vel
2009 3918 2252 3989 mundi
2312 3918 2532 4001 istius,
2588 3921 2706 3991 cui

176 4029 312 4076 non
353 4005 574 4075 solum
611 4003 739 4075 fuit
787 4005 1134 4088 inimicuS,
1190 4005 1309 4076 sed
1356 4007 1561 4076 etiam
1620 4007 2018 4088 crucifixus,
2071 4008 2249 4079 sicut
2295 4007 2491 4079 docet
2536 4014 2708 4101 Apo-

175 4096 415 4175 stolus,
470 4094 600 4177 Qui
630 4094 916 4164 voluerit
960 4096 1228 4166 amicus
1274 4117 1423 4167 esse
1471 4096 1680 4187 hujus
1727 4096 1966 4179 seculi,
2003 4097 2331 4168 inimicus
2374 4098 2488 4167 Dei
2536 4121 2703 4168 con-

177 4185 520 4255 stituitur:
576 4182 688 4254 sed
757 4183 984 4275 potius
1041 4185 1283 4255 mundi
1329 4185 1707 4256 conditoris
1751 4208 1989 4257 servus
2043 4186 2329 4274 quidam
2387 4186 2707 4259 fidelissi-

179 4295 360 4343 mus:
414 4273 590 4343 inter
634 4293 749 4343 eos
784 4295 939 4343 vero
983 4273 1103 4361 qui
1148 4273 1388 4344 audire
1444 4287 1877 4345 meruerunt:
1927 4282 2083 4346 Jam
2132 4299 2261 4347 non
2316 4277 2536 4347 dicam
2593 4301 2708 4349 vos

176 4386 418 4444 servm,
477 4364 593 4433 sed
642 4365 888 4433 amicos
948 4386 1144 4445 mem,
1208 4364 1448 4434 merito
1509 4387 1676 4435 suae
1730 4364 2076 4436 servitutis
2139 4378 2699 4436 connumeratus.

181 4456 310 4522 Nec
356 4454 443 4521 ab
486 4474 557 4521 re
586 4453 906 4541 cuiquam
959 4451 1288 4535 videatur,
1338 4453 1524 4540 quod
1564 4454 1864 4525 nominis
1909 4453 2110 4529 istius
2153 4454 2618 4547 interpretatio
2665 4480 2704 4527 a
