3327 4999
1370 0 1561 91 Rs

662 301 792 366 568
1421 318 1625 367 santio
1672 321 1751 368 DE
1797 318 2000 368 coam
2046 316 2269 366 nomm
2858 301 3113 369 MART.

569 398 1036 481 dulcedinem,
1074 408 1139 468 et
1168 399 1608 487 postmodum
1643 422 1779 469 non
1817 398 2065 479 melliS,
2119 398 2235 468 sed
2276 397 2409 467 olei
2444 397 2849 488 praebuisse
2880 399 3120 470 suavi-

568 501 801 566 tatem,
856 488 986 557 nisi
1037 487 1216 576 quod
1271 488 1688 579 Redemptor
1744 503 1972 558 noster
2019 509 2372 558 sacrarum
2406 487 2720 556 omnium
2772 502 3013 558 auctor
3045 500 3114 559 et

568 576 884 647 conditor
922 578 1452 668 scripturarum,
1505 600 1708 664 quern
1746 577 2060 647 videlicet
2109 575 2281 645 illud
2332 598 2588 645 manna
2636 577 3119 733 principaliter

567 666 935 757 figurabat,
976 678 1042 735 et
1073 680 1232 735 ante
1279 666 1672 756 passionem
1708 665 1892 736 velut
1924 665 2053 735 mel
2089 664 2523 735 dulcedinem
2558 686 2636 733 ex
2666 665 2869 734 tibuit
2905 666 3118 734 mira-

567 754 913 833 culorum,
959 766 1024 824 et
1122 767 1228 824 ost
1264 754 1743 825 Ascensionem
1790 776 2012 835 suam,
2068 766 2416 842 tamquam
2467 753 2722 834 oleum,
2779 754 2847 822 in
2897 754 3117 824 disci-

567 843 773 934 pulos
819 864 983 912 suos
1029 866 1065 911 e
1125 843 1271 913 udit
1319 844 1650 935 Spiritum
1704 846 2066 913 Sanctum?
2114 848 2277 913 Nam
2328 843 2530 929 quasi
2572 841 2795 911 mellis
2845 842 3121 913 videtur

568 932 976 1024 propinasse
1022 931 1502 1002 dulcedinem:
1541 932 1708 1002 dum
1763 932 1983 1023 signis
2033 944 2237 1019 atque
2273 932 2644 1002 virtutibus
2692 932 3112 1001 coruscavit:

566 1021 699 1090 olei
744 1042 899 1089 vero
952 1034 1115 1090 tunc
1167 1022 1568 1092 suavitatem
1621 1020 1918 1102 dedisse,
1972 1042 2128 1089 cum
2166 1020 2232 1088 in
2286 1021 2640 1111 Apostolos
2678 1042 2843 1091 suos
2878 1021 3116 1090 Sancti

571 1109 869 1200 Spiritus
918 1110 1246 1180 Paracleti
1295 1110 1477 1180 dona
1523 1109 1823 1179 diffudit.
1860 1116 2074 1192 Quem
2126 1108 2439 1180 videlicet
2484 1109 2798 1178 ordinem
2847 1115 3115 1201 Moyses

570 1219 877 1289 congrue
927 1199 1166 1281 tenuit,
1220 1222 1379 1269 cum
1430 1199 1500 1271 in
1557 1198 2077 1268 Deuteronomio
2125 1198 2210 1267 de
2262 1213 2479 1290 petra,
2518 1219 2696 1285 quae
2742 1210 2808 1268 et
2848 1198 3114 1268 nibilo-

571 1288 808 1357 minus
856 1308 1108 1358 manna
1157 1301 1322 1360 erat.
1380 1288 1604 1378 typice
1651 1287 2063 1357 decantavit:
2121 1291 2200 1356 Ut
2258 1298 2564 1378 sugeret,
2620 1286 2889 1373 inquit,
2948 1287 3108 1367 mel,

572 1375 658 1444 de
730 1389 957 1466 petra,
1009 1389 1075 1446 et
1122 1377 1347 1447 oleum
1405 1377 1489 1445 de
1546 1376 1745 1444 firma
1798 1389 2011 1467 petra.
2068 1379 2155 1443 De
2205 1376 2332 1445 boc
2383 1376 2713 1465 mysticae
2762 1375 3113 1445 unctionis

570 1464 719 1536 oleo
767 1487 1020 1554 sponsa
1075 1466 1157 1533 ad
1212 1487 1544 1557 sponsum
1615 1464 1784 1535 dicit
1854 1466 1922 1532 in
1976 1464 2304 1534 Canticis:
2365 1470 2787 1555 Unquentum
2830 1465 3114 1554 effusum

569 1577 807 1625 nomen
860 1565 1050 1623 tuum
1097 1555 1323 1645 (Cant.
1378 1554 1452 1644 ι).
1508 1559 1949 1643 Unguentum
2013 1552 2291 1640 quidem
2341 1553 2636 1622 effusum
2705 1554 2939 1641 sponsi
2992 1575 3115 1634 noss

573 1663 727 1712 men
781 1644 1134 1724 asseritur,
1189 1642 1352 1729 quia
1403 1642 1581 1713 sicut
1628 1665 1666 1710 a
1715 1642 2094 1711 Chrismate
2142 1642 2475 1725 Christus,
2549 1643 2642 1710 ita
2690 1663 3115 1730 consequen-

572 1743 673 1801 ter
720 1754 754 1799 a
809 1732 1072 1800 Christo
1117 1730 1373 1801 dicitur
1421 1731 1875 1801 Christianus,

661 1822 696 1907 ξ
755 1824 833 1890 2.
889 1820 1060 1903 Quia
1113 1819 1362 1921 igitur,
1429 1819 1904 1901 dilectissimi,
1968 1841 2089 1910 per
2134 1818 2423 1910 gratiam
2478 1818 2848 1888 Salvatoris
2898 1818 3114 1887 nostri

560 1909 707 2000 jam
759 1908 970 1992 hujus
1001 1908 1403 1978 Cltrismatis
1455 1909 1889 1999 percepimus
1937 1921 2470 1988 sacramentum,
2501 1908 2661 1995 quia
2717 1922 2850 1977 tam
2889 1929 2960 1976 re
3013 1908 3115 1977 ‘ae

570 1997 929 2086 dignitatis
961 2019 1358 2097 expressum
1412 1996 1867 2087 praeferimus
1920 1996 1985 2065 in
2046 1997 2268 2066 fronte
2315 1996 2782 2087 signaculum,
2836 2009 2941 2065 stu
3000 2019 3113 2065 ea-

571 2108 731 2155 mus
766 2086 856 2154 ita
896 2085 1215 2156 nobiliter
1246 2087 1488 2167 vivere,
1528 2099 1605 2156 ut
1651 2085 2076 2155 conversatio
2110 2098 2337 2154 nostra
2377 2097 2511 2153 tam
2546 2084 2801 2153 divinis
2835 2098 3112 2172 tamque

573 2173 966 2265 magnificis
1019 2175 1362 2265 mysteriis
1395 2174 1611 2244 valeat
1643 2174 2084 2243 concordare.
2139 2179 2270 2243 Nos
2318 2173 2501 2242 enim
2554 2196 2820 2253 sumuS,
2857 2174 3114 2260 quibus

573 2284 695 2353 per
747 2264 1046 2353 primum
1099 2263 1571 2354 Apostolorum
1624 2263 1917 2332 dicitur:
1979 2268 2097 2331 Vos
2137 2286 2349 2364 qenus
2406 2267 2710 2343 electum,
2740 2266 2977 2352 reqale
3006 2286 3115 2331 sa-

571 2352 962 2432 cerdotium,
998 2376 1161 2442 qens
1211 2364 1469 2433 sancta,
1498 2355 1791 2442 populus
1835 2352 2319 2443 acquisitioni&
2354 2362 2431 2441 ut
2485 2353 2801 2420 virtutem
2850 2374 3114 2420 annun·
3181 2413 3193 2426 ,

570 2442 759 2510 ciens
819 2442 964 2532 ejus
1019 2444 1141 2534 qui
1193 2442 1273 2511 dc
1325 2443 1608 2511 tenebris
1652 2464 1767 2510 vos
1808 2443 2068 2511 vocavit
2111 2442 2180 2510 in
2234 2441 2637 2511 admirabile
2669 2444 2891 2509 lumen
2916 2463 3117 2510 suum

569 2531 631 2620 (1
680 2535 816 2600 Pet.
850 2529 950 2619 u).
994 2535 1069 2600 Et
1102 2544 1282 2600 certe
1313 2530 1479 2601 satis
1528 2530 1830 2620 ignobile
1877 2544 1980 2600 est
2028 2531 2158 2600 sub
2210 2529 2528 2599 vitiorum
2579 2529 2967 2598 carnalium
3019 2531 3118 2598 vi-

571 2641 725 2688 vere
766 2618 1115 2700 servitute,
1172 2620 1316 2707 qui,
1371 2625 1504 2689 Deo
1565 2640 1690 2689 nos
1737 2620 2127 2708 adoptante,
2169 2619 2335 2709 regii
2386 2618 2779 2688 obtinemus
2839 2619 3115 2708 generis

571 2707 1005 2797 dignitatem.
1068 2708 1286 2779 Nimis
1336 2720 1533 2798 turpe
1579 2721 1705 2787 est,
1767 2721 1844 2776 ut
1891 2720 2197 2777 terrenae
2244 2707 2467 2777 simus
2514 2706 3117 2798 concupiscentiae

571 2795 785 2865 dediti
831 2796 954 2884 qui
1000 2810 1064 2865 et
1098 2797 1214 2866 Dei
1262 2817 1590 2865 vocamur
1619 2794 1770 2875 filii,
1825 2809 1889 2865 et
1936 2796 2019 2864 ad
2071 2796 2513 2865 obtinendam
2556 2794 2915 2865 coelestem
2954 2796 3117 2864 bae-

571 2885 926 2954 reditatem
980 2907 1101 2975 per
1134 2884 1382 2954 Christi
1429 2884 1718 2975 gratiam
1772 2906 2118 2954 meremur
2167 2884 2442 2954 ascribi.
2483 2885 2686 2953 Plane
2733 2884 2898 2972 quia
2947 2891 3116 2954 Cru-

569 2972 754 3043 cifixi
804 2973 1265 3064 praeceptoris
1300 2995 1424 3044 nos
1473 2986 1738 3042 constat
1785 2995 1932 3043 esse
1979 2972 2385 3064 discipulOS,
2422 2973 2709 3063 dignum
2762 2986 2863 3042 est
2909 2986 2984 3042 ut
3015 2984 3116 3042 et-

570 3061 705 3131 iam
760 3061 1217 3151 nosmetipsos
1262 3061 1428 3131 huic
1493 3082 1789 3148 nequam
1859 3062 2091 3132 seculo
2156 3064 2609 3154 praebeamus
2655 3061 3009 3132 extinctos.
3066 3067 3116 3132 Α

570 3149 903 3242 portanda
957 3150 1170 3242 igitur
1215 3155 1427 3220 Cruce
1465 3164 1620 3241 post
1647 3150 2045 3240 Magistrum
2083 3165 2392 3221 nostrum
2425 3165 2489 3220 et
2523 3149 2884 3219 Dominum
2918 3149 3115 3220 nulla

570 3260 697 3307 nos
730 3239 978 3328 negotii
1016 3239 1413 3333 temporalis
1444 3262 1611 3308 cura
1654 3241 2071 3330 praepediat,
2113 3240 2350 3309 nullus
2382 3261 2577 3308 amor
2604 3251 2913 3308 terrenae
2944 3241 3116 3309 sub-

570 3326 863 3397 stantiae
913 3327 1012 3396 vel
1064 3327 1422 3398 illecebrae
1468 3328 1771 3397 carnalis
1818 3342 2096 3398 avertat.
2151 3328 2542 3419 Dirigamus
2587 3327 2747 3396 fidei
2785 3348 2865 3396 ac
2911 3327 3117 3397 devo-

569 3415 778 3485 tionis
818 3429 1089 3485 nostrae
1135 3417 1374 3487 oculos
1424 3439 1545 3508 per
1582 3430 1861 3486 stratam
1895 3418 2070 3507 jam,
2110 3417 2445 3505 nobisque
2478 3416 2894 3507 propositam
2928 3417 3114 3485 viam

570 3504 828 3584 Crucis,
883 3519 958 3576 ut
1006 3527 1126 3596 per
1171 3528 1321 3575 eam
1375 3505 1730 3576 inoffensis
1778 3507 2131 3596 gressibus
2177 3505 2594 3584 incedenteS,
2629 3504 2714 3573 ad
2764 3526 2924 3574 eum
2973 3527 3118 3573 me-

566 3614 847 3662 reamur
894 3595 1225 3685 attingere
1263 3593 1385 3682 qui
1433 3609 1675 3663 auctor
1719 3608 1819 3663 est
1851 3608 1915 3664 et
1966 3610 2368 3686 provocator
2412 3594 2495 3663 ad
2547 3593 2837 3685 gloriam
2875 3615 3115 3663 resur·

568 3681 916 3765 rectionis,
954 3706 1114 3753 cum
1168 3689 1301 3754 Deo
1349 3688 1544 3752 Patre
1591 3694 1656 3751 et
1699 3683 1959 3774 Spiritu
2008 3687 2252 3754 Sancto
2284 3683 2519 3754 vivens
2576 3697 2642 3752 et
2686 3704 2990 3774 regnans
3040 3683 3113 3752 in
3220 3744 3232 3756 .

569 3771 803 3843 secula
849 3772 1271 3854 seculorum,
1308 3777 1547 3841 Amen.
