3327 4999
721 339 847 403 442
1526 355 1624 422 nn⁸
1654 355 1711 401 s.
1764 352 2077 402 cancomo
2126 353 2287 398 ram
2794 330 3020 395 MART.
3071 330 3135 394 ¹2

625 440 710 510 ad
762 439 1228 531 appetendum
1279 438 1509 507 locum
1543 460 1794 527 procax
1841 438 2180 519 insistere,
2218 457 2343 506 nec
2390 434 2477 504 ad
2511 434 2970 525 repellendum
2997 455 3138 502 con-

626 542 862 599 tumax
911 529 1111 598 debet
1161 527 1480 597 inveniri.
1541 528 1730 596 Unde
1794 527 2132 616 indignus
2180 548 2343 617 egr),
2398 523 2484 593 ad
2550 521 2979 613 suscipienda
3020 522 3139 611 epi-

624 631 946 708 scopatus
995 639 1204 687 onera
1233 615 1532 706 jussioni
1582 616 2074 706 omnipotentis
2109 615 2222 684 Dei
2272 626 2668 700 vestraeque
2696 611 3014 680 voluntati
3045 631 3135 678 me

628 706 935 787 subdidi,
989 707 1103 776 cui
1152 728 1260 774 me
1337 727 1649 795 praeesse
1708 704 2019 795 largitate
2068 704 2292 794 magis
2367 702 2626 792 gratiae
2679 723 2882 787 quam
2920 698 3139 789 judicii

626 796 1099 865 aestimatione
1148 793 1483 863 voluistis.
1551 800 1797 863 Potens
1843 807 1945 863 est
1991 793 2173 862 enim
2228 798 2428 872 Deus,
2485 803 2762 881 propter
2805 810 2999 876 quem
3044 809 3134 856 me

625 885 998 974 indignum
1024 883 1337 974 diligitis,
1373 883 1550 952 hanc
1582 883 1774 953 vobis
1808 883 1877 951 in
1968 895 2330 972 erpetuum
2364 901 2730 971 repensare
2765 876 3134 956 mercedem,

604 973 700 1042 ‘ut
808 973 1049 1042 ratiam
1096 995 1305 1060 quam
1354 972 1662 1062 indignis
1734 971 2013 1043 samnis
2061 972 2211 1060 ejus
2257 969 2704 1059 impenditiS,
2774 966 2952 1057 apud
2999 986 3133 1034 eum

627 1084 749 1130 mu
785 1061 1087 1152 tiplicius
1125 1061 1434 1130 invenire
1481 1060 1783 1130 valeatis.
1834 1084 1869 1125 »
1921 1067 1995 1129 At
2041 1082 2166 1149 ego
2215 1059 2327 1128 hic
2374 1082 2414 1127 a
2461 1056 2925 1128 deflorationis
2970 1073 3139 1144 opere

631 1150 996 1241 paululum
1047 1151 1422 1241 respirabO,
1466 1162 1541 1219 ut
1571 1171 1748 1236 quae
1794 1149 2183 1238 specialiter
2211 1148 2296 1217 de
2326 1147 2677 1238 pontificio
2706 1145 2858 1236 ejus
2887 1141 3139 1214 dicenda

629 1253 812 1320 sunt,
849 1240 918 1308 in
971 1238 1202 1308 libello
1241 1239 1399 1319 alic,
1458 1239 1877 1328 suffragante
1917 1238 2227 1317 Domino,
2269 1236 2673 1305 referantur.

719 1334 914 1397 Lmnn
963 1334 1048 1398 ΙΙ.
1101 1331 1137 1414 ξ
1168 1335 1246 1400 1.
1284 1333 1418 1427 Age
1441 1328 1589 1414 jam
1625 1351 1812 1396 nunc
1858 1327 2189 1412 quoniam
2225 1325 2517 1394 athletae
2547 1324 2798 1393 Christi
2844 1319 3134 1412 Gregorii,

628 1417 916 1487 viriliter
948 1417 1016 1486 in
1050 1439 1413 1507 gymnasio
1447 1429 1722 1485 sanctae
1771 1417 1991 1505 ipsius
2042 1415 2379 1483 Ecclesiae
2410 1413 2837 1489 desudantis,
2878 1410 3137 1502 praelato

632 1505 864 1576 libello
913 1519 1136 1576 torosa
1171 1506 1481 1574 membra
1507 1505 1851 1594 descripta
1881 1517 2064 1573 sunt:
2101 1503 2396 1590 qualiter
2426 1504 2495 1570 in
2531 1501 2870 1593 palaestra
2906 1519 3141 1588 quoque

627 1595 1121 1673 conflixerit,as
1176 1595 1393 1663 irante
1420 1595 1705 1663 Domino
1728 1593 2133 1683 proferatur.
2173 1591 2524 1678 Siquidem
2549 1613 2705 1659 mox
2730 1603 2803 1658 ut
2825 1607 3141 1659 summum

629 1684 1084 1774 pontificium,
1144 1683 1554 1753 elicissimae
1605 1688 1951 1752 Romanae
1996 1681 2216 1760 urbiS,
2255 1681 2516 1750 Christo
2562 1679 2967 1748 mortalibus
3010 1697 3143 1745 con-

632 1771 921 1853 sulente,
976 1773 1256 1842 sortitus
1305 1785 1427 1851 est,
1483 1772 2041 1862 superstitiosum
2084 1768 2501 1839 Universalis
2535 1768 2946 1838 vocabulum
2992 1761 3142 1853 quod

626 1867 928 1930 Joannes
978 1860 1772 1949 constantinopolitanus
1824 1861 2202 1950 Episcopus
2235 1858 2605 1929 insolenter
2631 1858 2767 1927 sibi
2798 1869 2961 1927 tunc
3006 1869 3145 1924 tem-

630 1951 818 2040 poris
851 1950 1255 2039 usurpabat,
1311 1971 1498 2018 more
1531 1962 2042 2018 antecessorum
2093 1969 2380 2017 suorum
2432 1946 2864 2036 pontificum,
2921 1944 3041 2014 sub
3066 1941 3145 2009 di·

629 2039 1104 2110 strictissimae
1137 2038 1720 2109 interminationis
1768 2038 2105 2108 sententia
2131 2036 2445 2105 refutavit
2470 2048 2534 2104 et
2562 2036 2835 2126 primus
2869 2033 3143 2128 omniunt

633 2151 705 2196 se
739 2129 809 2196 in
861 2128 1203 2217 principio
1252 2149 1539 2196 suarum
1586 2128 2035 2217 epistolarum
2078 2148 2342 2195 servum
2390 2148 2734 2194 servornm
2794 2123 2908 2192 Dei
2972 2120 3145 2190 scribi

633 2217 799 2284 satis
829 2215 1186 2285 humiliter
1215 2215 1559 2296 diffinivit,
1605 2216 2010 2302 cunctisque
2045 2215 2191 2284 suis
2240 2214 2757 2285 successoribus
2809 2213 3145 2281 documen-

635 2319 781 2373 tum
834 2327 996 2376 suae
1028 2304 1461 2387 humilitatis,
1507 2317 1644 2374 tam
1696 2306 1767 2373 in
1818 2306 1947 2374 hoc
2004 2327 2212 2391 quam
2264 2304 2333 2371 in
2392 2302 2861 2371 mediocribus
2911 2295 3144 2390 pontifi-

633 2392 901 2463 calibus
960 2394 1428 2473 indumentiS,
1482 2393 1667 2480 quod
1718 2392 2029 2461 videlicet
2078 2393 2408 2461 hactenus
2457 2393 2525 2458 in
2579 2403 2819 2459 sancta
2882 2395 3148 2459 Romana

633 2482 935 2554 Ecclesia
959 2496 1423 2563 conservatur,
1480 2482 2013 2552 haereditarium
2079 2481 2376 2569 reliquit.
2435 2480 2735 2567 Denique
2788 2480 2857 2548 in
2910 2472 3152 2570 specula

635 2585 913 2642 sanctae
960 2572 1372 2641 universalis
1421 2572 1760 2642 Ecclesiae
1793 2572 1893 2640 vir
1924 2572 2131 2640 totius
2180 2569 2630 2639 humanitatis
2656 2583 2721 2638 et
2760 2564 3151 2637 auctoritatis

631 2684 712 2730 ac
760 2662 1174 2731 orthodoxae
1222 2661 1425 2741 fidei,
1479 2660 1666 2729 unde
1734 2660 1950 2729 videri
1996 2672 2061 2729 et
2115 2660 2344 2729 audiri
2402 2658 2660 2728 clarius
2730 2655 3151 2748 Evangelicus

631 2773 877 2839 praeco
909 2750 1181 2830 valeret,
1238 2750 1659 2821 consistens:
1714 2749 1852 2819 oris
1900 2750 2011 2819 sui
2059 2748 2494 2819 divinissimo
2544 2746 2778 2837 gladio
2819 2760 2886 2815 et
2933 2758 3151 2814 rectam

629 2840 838 2908 fldem
892 2838 1144 2908 muniit
1191 2850 1255 2906 et
1301 2850 1589 2908 cunctas
1637 2838 1954 2910 haereses
2005 2860 2143 2907 uno
2197 2836 2508 2925 symbolo
2558 2835 2944 2925 dissipavit.
2989 2825 3150 2915 Quod

629 2928 944 2996 videlicet
992 2949 1228 2996 sacrae
1259 2926 1713 2997 confessionis
1762 2926 2157 3017 symbolum
2207 2927 2298 2995 ita
2334 2948 2405 2994 se
2446 2926 2691 2993 habet:

717 3020 752 3104 ξ
805 3021 893 3114 2.
945 3017 980 3051 ²*
1010 3040 1046 3082 «
1082 3015 1292 3084 Credo
1325 3016 1392 3083 in
1427 3039 1652 3085 unum
1686 3021 1900 3086 Deum
1932 3015 2494 3106 omnipotentem,
2534 3019 2803 3082 Patrem
2836 3026 2900 3081 et
2931 3009 3148 3079 Filium
3258 3086 3261 3103 ι

627 3119 689 3175 et
743 3105 1075 3194 Spiritum
1126 3110 1476 3185 Sanctum,
1533 3119 1667 3175 tres
1720 3127 2072 3195 pet·sonaS‚
2124 3125 2337 3172 unam
2378 3103 2882 3183 substantiam;
2922 3107 3155 3169 Patrem

627 3193 1037 3284 ingenitum,
1083 3193 1308 3263 filium
1329 3194 1677 3351 fuitum:
1735 3194 2067 3285 Spiritum
2106 3215 2257 3262 vero
2293 3197 2622 3261 Sanctum
2672 3213 2801 3260 nec
2844 3190 3151 3281 genitum-

626 3304 753 3351 nec
786 3282 1212 3372 ingenitum:
1254 3304 1326 3352 se
1431 3294 1894 3363 coaeternum,
1949 3283 2032 3351 de
2081 3286 2275 3350 Patre
2327 3295 2392 3350 et
2449 3280 2616 3349 Filio
2671 3279 3149 3369 procedentem.

628 3372 962 3440 Confiteor
1007 3371 1444 3461 unigenitum
1496 3372 1745 3441 Filium
1812 3370 2474 3442 consubstantialem
2532 3382 2596 3438 et
2667 3368 2818 3438 sine
2885 3381 3157 3456 tempore
3260 3444 3261 3459 χ

627 3474 868 3529 natum
917 3460 1002 3528 de
1043 3466 1254 3541 Patre,
1300 3462 1614 3531 omnium
1665 3461 2045 3529 visibilium
2094 3472 2158 3529 et
2192 3458 2650 3529 invisibilium
2710 3457 3149 3527 conditorem.

630 3547 863 3617 lumen
913 3571 992 3617 ex
1027 3548 1312 3628 lumine,
1369 3554 1582 3619 Deum
1615 3571 1851 3619 verum
1887 3550 1972 3617 de
2023 3552 2154 3617 Deo
2187 3570 2365 3628 vem,
2406 3546 2848 3637 splendorem
2899 3542 3154 3635 gloriae,

625 3637 923 3727 figuram
958 3638 1420 3708 substantiae:
1474 3639 1595 3726 qui
1638 3660 1926 3707 manens
1980 3639 2274 3707 Verbum
2320 3651 2476 3706 ante
2525 3636 2783 3717 secula,
2843 3633 3157 3726 perfectus

628 3726 835 3826 homo
883 3740 1152 3795 creatus
1188 3740 1292 3796 est
1326 3728 1527 3817 juxta
1579 3728 1790 3795 finem
1843 3725 2262 3806 seculorum,
2317 3738 2691 3815 conceptus
2738 3737 2806 3793 et
2856 3735 3051 3792 natus
3095 3737 3161 3813 ex

629 3815 890 3971 Spiritu
939 3821 1180 3885 Sancto
1227 3829 1293 3885 et
1341 3816 1552 3885 Maria
1600 3817 1911 3905 Virgine:
1967 3816 2086 3902 qui
2137 3829 2457 3884 naturam
2522 3827 2828 3883 nostram
2881 3814 3162 3896 susceplt

624 3927 665 3972 a
719 3926 886 3991 sque
918 3916 1191 3995 peccato
1223 3919 1288 3974 et
1336 3906 1465 3975 sub
1514 3906 1751 3974 Pontio
1788 3905 1995 3974 Pilato
2027 3904 2403 3974 crucifixus
2433 3917 2534 3973 est
2563 3916 2628 3971 et
2663 3901 3001 3992 sepultus,
3052 3910 3161 3991 tet}

625 3993 720 4062 tia
787 3993 896 4061 die
944 3996 1312 4065 resurrexit
1351 4017 1389 4063 a
1439 3994 1765 4063 mortuis:
1819 3994 1929 4062 die
2005 4006 2235 4063 autem
2281 3992 2814 4082 quadragesimo
2877 3962 3173 4059 ascendis

627 4082 698 4149 in
749 4082 1040 4165 coelum,
1081 4084 1268 4153 sedet
1316 4083 1402 4153 ad
1452 4084 1799 4153 dexteram
1848 4083 2104 4154 Patris:
2157 4082 2320 4151 inde
2354 4093 2683 4150 venturus
2730 4092 2833 4149 est
2869 4076 3162 4169 judicare
3238 4144 3257 4171 .

624 4171 815 4242 vivos
863 4185 927 4241 et
975 4185 1313 4253 mortuOS,
1361 4175 1715 4263 positurus
1762 4186 1921 4242 ante
1968 4171 2207 4242 oculos
2256 4171 2574 4240 omnium
2641 4169 2875 4237 omnia
2920 4159 3161 4260 occulta

626 4260 1064 4351 singulorum
1105 4316 1125 4343 ,
1190 4262 1482 4333 daturus
1531 4263 1742 4352 justis
1813 4274 2144 4352 perpetua
2205 4262 2514 4351 praemia
2569 4259 2762 4349 regni
2817 4253 3155 4328 coelestis,

684 4462 709 4483 ¹
739 4460 1019 4509 symbolum
1039 4462 1082 4501 S.
1109 4460 1325 4511 Gregorii
1345 4460 1515 4511 Magni.
