<?xml version="1.0" encoding="UTF-8"?>
<!DOCTYPE html PUBLIC "-//W3C//DTD XHTML 1.0 Transitional//EN"
    "http://www.w3.org/TR/xhtml1/DTD/xhtml1-transitional.dtd">
<html xmlns="http://www.w3.org/1999/xhtml" xml:lang="en" lang="en">
 <head>
  <title>
</title>
<meta http-equiv="Content-Type" content="text/html;charset=utf-8" />
  <meta name='ocr-system' content='tesseract 3.04.00' />
  <meta name='ocr-capabilities' content='ocr_page ocr_carea ocr_par ocr_line ocrx_word'/>
</head>
<body>
  <div class='ocr_page' id='page_1' title='image "./historiaeseuvit04lippgoog_0103.png"; bbox 0 0 3327 4999; ppageno 0'>
   <div class='ocr_carea' id='block_1_1' title="bbox 157 317 2599 396">
    <p class='ocr_par' dir='ltr' id='par_1_1' title="bbox 157 317 2599 396">
     <span class='ocr_line' id='line_1_1' title="bbox 157 317 2599 396; baseline 0.001 -16"><span class='ocrx_word' id='word_1_1' title='bbox 157 317 392 382; x_wconf 59' lang='lat' dir='ltr'>MART.</span> <span class='ocrx_word' id='word_1_2' title='bbox 446 318 486 383; x_wconf 93' lang='lat'>7</span> <span class='ocrx_word' id='word_1_3' title='bbox 1007 339 1083 385; x_wconf 72' lang='lat' dir='ltr'>nn</span> <span class='ocrx_word' id='word_1_4' title='bbox 1132 340 1189 386; x_wconf 89' lang='lat' dir='ltr'>s.</span> <span class='ocrx_word' id='word_1_5' title='bbox 1244 339 1459 387; x_wconf 67' lang='lat' dir='ltr'>mom</span> <span class='ocrx_word' id='word_1_6' title='bbox 1504 339 1825 396; x_wconf 72' lang='lat' dir='ltr'>AQmNArE</span> <span class='ocrx_word' id='word_1_7' title='bbox 2515 319 2599 383; x_wconf 85' lang='lat'>93</span> 
     </span>
    </p>
   </div>
   <div class='ocr_carea' id='block_1_2' title="bbox 155 415 2706 4421">
    <p class='ocr_par' dir='ltr' id='par_1_2' title="bbox 155 415 2699 3076">
     <span class='ocr_line' id='line_1_2' title="bbox 156 415 2685 507; baseline 0.002 -25"><span class='ocrx_word' id='word_1_8' title='bbox 156 416 290 484; x_wconf 76' lang='lat' dir='ltr'>viro</span> <span class='ocrx_word' id='word_1_9' title='bbox 330 437 369 483; x_wconf 90' lang='lat' dir='ltr'>a</span> <span class='ocrx_word' id='word_1_10' title='bbox 421 428 635 486; x_wconf 89' lang='lat' dir='ltr'>matre</span> <span class='ocrx_word' id='word_1_11' title='bbox 685 438 1010 507; x_wconf 89' lang='lat' dir='ltr'>persuasa</span> <span class='ocrx_word' id='word_1_12' title='bbox 1058 419 1594 500; x_wconf 73' lang='lat' dir='ltr'>commendaret,</span> <span class='ocrx_word' id='word_1_13' title='bbox 1633 419 1977 504; x_wconf 78' lang='lat' dir='ltr'>ductaque</span> <span class='ocrx_word' id='word_1_14' title='bbox 2003 417 2173 485; x_wconf 88' lang='lat' dir='ltr'>soret</span> <span class='ocrx_word' id='word_1_15' title='bbox 2206 417 2274 485; x_wconf 92' lang='lat' dir='ltr'>in</span> <span class='ocrx_word' id='word_1_16' title='bbox 2303 415 2685 488; x_wconf 86' lang='lat' dir='ltr'>crastinum</span> 
     </span>
     <span class='ocr_line' id='line_1_3' title="bbox 163 503 2690 598; baseline 0.001 -27"><span class='ocrx_word' id='word_1_17' title='bbox 163 503 241 572; x_wconf 81' lang='lat' dir='ltr'>ad</span> <span class='ocrx_word' id='word_1_18' title='bbox 285 504 548 574; x_wconf 88' lang='lat' dir='ltr'>dictum</span> <span class='ocrx_word' id='word_1_19' title='bbox 598 507 1086 577; x_wconf 88' lang='lat' dir='ltr'>monasterium</span> <span class='ocrx_word' id='word_1_20' title='bbox 1142 512 1386 578; x_wconf 81' lang='lat' dir='ltr'>Fossae</span> <span class='ocrx_word' id='word_1_21' title='bbox 1440 514 1681 589; x_wconf 78' lang='lat' dir='ltr'>Novae,</span> <span class='ocrx_word' id='word_1_22' title='bbox 1749 507 2203 598; x_wconf 81' lang='lat' dir='ltr'>superpositis</span> <span class='ocrx_word' id='word_1_23' title='bbox 2254 507 2516 597; x_wconf 85' lang='lat' dir='ltr'>gutturi</span> <span class='ocrx_word' id='word_1_24' title='bbox 2566 529 2690 575; x_wconf 93' lang='lat' dir='ltr'>suo</span> 
     </span>
     <span class='ocr_line' id='line_1_4' title="bbox 165 593 2688 685; baseline 0.002 -25"><span class='ocrx_word' id='word_1_25' title='bbox 165 593 316 661; x_wconf 89' lang='lat' dir='ltr'>dicti</span> <span class='ocrx_word' id='word_1_26' title='bbox 350 593 483 662; x_wconf 83' lang='lat' dir='ltr'>viri</span> <span class='ocrx_word' id='word_1_27' title='bbox 533 597 753 664; x_wconf 89' lang='lat' dir='ltr'>sancti</span> <span class='ocrx_word' id='word_1_28' title='bbox 799 616 876 664; x_wconf 86' lang='lat' dir='ltr'>ex</span> <span class='ocrx_word' id='word_1_29' title='bbox 910 596 1221 684; x_wconf 89' lang='lat' dir='ltr'>reliquiis</span> <span class='ocrx_word' id='word_1_30' title='bbox 1270 598 1339 666; x_wconf 90' lang='lat' dir='ltr'>in</span> <span class='ocrx_word' id='word_1_31' title='bbox 1400 598 1697 685; x_wconf 88' lang='lat' dir='ltr'>quadam</span> <span class='ocrx_word' id='word_1_32' title='bbox 1748 619 1826 666; x_wconf 91' lang='lat' dir='ltr'>ca</span> <span class='ocrx_word' id='word_1_33' title='bbox 1881 601 1955 664; x_wconf 72' lang='lat' dir='ltr'>sa</span> <span class='ocrx_word' id='word_1_34' title='bbox 2011 595 2278 673; x_wconf 82' lang='lat' dir='ltr'>delatis,</span> <span class='ocrx_word' id='word_1_35' title='bbox 2332 595 2688 667; x_wconf 83' lang='lat' dir='ltr'>confestim</span> 
     </span>
     <span class='ocr_line' id='line_1_5' title="bbox 164 681 2685 777; baseline 0.002 -28"><span class='ocrx_word' id='word_1_36' title='bbox 164 681 575 751; x_wconf 78' lang='lat' dir='ltr'>melioratam</span> <span class='ocrx_word' id='word_1_37' title='bbox 628 706 702 752; x_wconf 92' lang='lat' dir='ltr'>se</span> <span class='ocrx_word' id='word_1_38' title='bbox 749 684 981 768; x_wconf 88' lang='lat' dir='ltr'>sensit,</span> <span class='ocrx_word' id='word_1_39' title='bbox 1039 709 1287 777; x_wconf 90' lang='lat' dir='ltr'>panem</span> <span class='ocrx_word' id='word_1_40' title='bbox 1342 687 1659 766; x_wconf 78' lang='lat' dir='ltr'>comedit,</span> <span class='ocrx_word' id='word_1_41' title='bbox 1704 707 1823 776; x_wconf 90' lang='lat' dir='ltr'>per</span> <span class='ocrx_word' id='word_1_42' title='bbox 1851 697 2130 772; x_wconf 90' lang='lat' dir='ltr'>ecteque</span> <span class='ocrx_word' id='word_1_43' title='bbox 2177 696 2415 756; x_wconf 86' lang='lat' dir='ltr'>sanata</span> <span class='ocrx_word' id='word_1_44' title='bbox 2462 685 2685 755; x_wconf 86' lang='lat' dir='ltr'>rediit.</span> 
     </span>
     <span class='ocr_line' id='line_1_6' title="bbox 164 771 2688 872; baseline 0.002 -34"><span class='ocrx_word' id='word_1_45' title='bbox 164 771 438 851; x_wconf 83' lang='lat' dir='ltr'>Quidam</span> <span class='ocrx_word' id='word_1_46' title='bbox 495 772 782 872; x_wconf 83' lang='lat' dir='ltr'>praefati</span> <span class='ocrx_word' id='word_1_47' title='bbox 816 775 1212 845; x_wconf 88' lang='lat' dir='ltr'>monasterii</span> <span class='ocrx_word' id='word_1_48' title='bbox 1246 782 1489 845; x_wconf 88' lang='lat' dir='ltr'>Fossae</span> <span class='ocrx_word' id='word_1_49' title='bbox 1515 782 1733 846; x_wconf 84' lang='lat' dir='ltr'>Novae</span> <span class='ocrx_word' id='word_1_50' title='bbox 1777 796 2173 855; x_wconf 79' lang='lat' dir='ltr'>conversuS,</span> <span class='ocrx_word' id='word_1_51' title='bbox 2209 773 2378 843; x_wconf 92' lang='lat' dir='ltr'>adeo</span> <span class='ocrx_word' id='word_1_52' title='bbox 2409 796 2688 863; x_wconf 85' lang='lat' dir='ltr'>gravem</span> 
     </span>
     <span class='ocr_line' id='line_1_7' title="bbox 165 859 2691 955; baseline 0.002 -29"><span class='ocrx_word' id='word_1_53' title='bbox 165 859 226 926; x_wconf 88' lang='lat' dir='ltr'>in</span> <span class='ocrx_word' id='word_1_54' title='bbox 273 860 558 931; x_wconf 81' lang='lat' dir='ltr'>brachio</span> <span class='ocrx_word' id='word_1_55' title='bbox 606 861 839 932; x_wconf 79' lang='lat' dir='ltr'>dextro</span> <span class='ocrx_word' id='word_1_56' title='bbox 876 876 941 932; x_wconf 89' lang='lat' dir='ltr'>et</span> <span class='ocrx_word' id='word_1_57' title='bbox 987 865 1260 954; x_wconf 89' lang='lat' dir='ltr'>spatula</span> <span class='ocrx_word' id='word_1_58' title='bbox 1317 864 1622 935; x_wconf 90' lang='lat' dir='ltr'>dolorem</span> <span class='ocrx_word' id='word_1_59' title='bbox 1675 864 2082 955; x_wconf 87' lang='lat' dir='ltr'>patiebatur,</span> <span class='ocrx_word' id='word_1_60' title='bbox 2127 874 2204 931; x_wconf 94' lang='lat' dir='ltr'>ut</span> <span class='ocrx_word' id='word_1_61' title='bbox 2250 862 2480 953; x_wconf 89' lang='lat' dir='ltr'>ipsum</span> <span class='ocrx_word' id='word_1_62' title='bbox 2533 863 2691 932; x_wconf 87' lang='lat' dir='ltr'>bra·</span> 
     </span>
     <span class='ocr_line' id='line_1_8' title="bbox 163 947 2693 1042; baseline 0.002 -26"><span class='ocrx_word' id='word_1_63' title='bbox 163 947 377 1017; x_wconf 81' lang='lat' dir='ltr'>chium</span> <span class='ocrx_word' id='word_1_64' title='bbox 433 949 622 1036; x_wconf 88' lang='lat' dir='ltr'>quod</span> <span class='ocrx_word' id='word_1_65' title='bbox 652 973 770 1040; x_wconf 90' lang='lat' dir='ltr'>per</span> <span class='ocrx_word' id='word_1_66' title='bbox 817 952 1023 1021; x_wconf 90' lang='lat' dir='ltr'>trium</span> <span class='ocrx_word' id='word_1_67' title='bbox 1075 954 1417 1024; x_wconf 86' lang='lat' dir='ltr'>mensium</span> <span class='ocrx_word' id='word_1_68' title='bbox 1466 977 1626 1024; x_wconf 91' lang='lat' dir='ltr'>cum</span> <span class='ocrx_word' id='word_1_69' title='bbox 1677 951 1966 1022; x_wconf 90' lang='lat' dir='ltr'>dimidio</span> <span class='ocrx_word' id='word_1_70' title='bbox 2015 952 2314 1042; x_wconf 90' lang='lat' dir='ltr'>spatium</span> <span class='ocrx_word' id='word_1_71' title='bbox 2356 951 2693 1022; x_wconf 89' lang='lat' dir='ltr'>detulerat</span> 
     </span>
     <span class='ocr_line' id='line_1_9' title="bbox 158 1040 2694 1131; baseline 0.002 -26"><span class='ocrx_word' id='word_1_72' title='bbox 158 1059 572 1127; x_wconf 87' lang='lat' dir='ltr'>suspensum</span> <span class='ocrx_word' id='word_1_73' title='bbox 630 1040 715 1109; x_wconf 91' lang='lat' dir='ltr'>ad</span> <span class='ocrx_word' id='word_1_74' title='bbox 781 1041 1062 1122; x_wconf 90' lang='lat' dir='ltr'>collum,</span> <span class='ocrx_word' id='word_1_75' title='bbox 1114 1044 1177 1113; x_wconf 88' lang='lat' dir='ltr'>ei</span> <span class='ocrx_word' id='word_1_76' title='bbox 1225 1055 1400 1112; x_wconf 87' lang='lat' dir='ltr'>esset</span> <span class='ocrx_word' id='word_1_77' title='bbox 1446 1042 1712 1124; x_wconf 87' lang='lat' dir='ltr'>inutile,</span> <span class='ocrx_word' id='word_1_78' title='bbox 1766 1042 1998 1112; x_wconf 89' lang='lat' dir='ltr'>dolore</span> <span class='ocrx_word' id='word_1_79' title='bbox 2047 1042 2444 1131; x_wconf 85' lang='lat' dir='ltr'>praesertim</span> <span class='ocrx_word' id='word_1_80' title='bbox 2497 1041 2694 1109; x_wconf 75' lang='lat' dir='ltr'>velie-</span> 
     </span>
     <span class='ocr_line' id='line_1_10' title="bbox 157 1128 2686 1219; baseline 0.002 -27"><span class='ocrx_word' id='word_1_81' title='bbox 157 1139 412 1194; x_wconf 81' lang='lat' dir='ltr'>menter</span> <span class='ocrx_word' id='word_1_82' title='bbox 460 1128 818 1199; x_wconf 84' lang='lat' dir='ltr'>afflictum.</span> <span class='ocrx_word' id='word_1_83' title='bbox 880 1133 1073 1213; x_wconf 82' lang='lat' dir='ltr'>Quod</span> <span class='ocrx_word' id='word_1_84' title='bbox 1134 1154 1289 1200; x_wconf 89' lang='lat' dir='ltr'>cum</span> <span class='ocrx_word' id='word_1_85' title='bbox 1357 1132 1762 1219; x_wconf 83' lang='lat' dir='ltr'>requisitum</span> <span class='ocrx_word' id='word_1_86' title='bbox 1816 1130 2237 1199; x_wconf 89' lang='lat' dir='ltr'>medicorum</span> <span class='ocrx_word' id='word_1_87' title='bbox 2302 1129 2686 1198; x_wconf 89' lang='lat' dir='ltr'>remedium</span> 
     </span>
     <span class='ocr_line' id='line_1_11' title="bbox 157 1215 2691 1312; baseline 0.002 -31"><span class='ocrx_word' id='word_1_88' title='bbox 157 1235 281 1282; x_wconf 87' lang='lat' dir='ltr'>non</span> <span class='ocrx_word' id='word_1_89' title='bbox 335 1215 647 1298; x_wconf 85' lang='lat' dir='ltr'>haberet,</span> <span class='ocrx_word' id='word_1_90' title='bbox 691 1232 754 1287; x_wconf 92' lang='lat' dir='ltr'>et</span> <span class='ocrx_word' id='word_1_91' title='bbox 791 1220 1093 1310; x_wconf 88' lang='lat' dir='ltr'>amplius</span> <span class='ocrx_word' id='word_1_92' title='bbox 1140 1220 1371 1290; x_wconf 90' lang='lat' dir='ltr'>dolore</span> <span class='ocrx_word' id='word_1_93' title='bbox 1417 1231 1837 1312; x_wconf 84' lang='lat' dir='ltr'>gravaretur,</span> <span class='ocrx_word' id='word_1_94' title='bbox 1874 1219 2040 1288; x_wconf 90' lang='lat' dir='ltr'>dum</span> <span class='ocrx_word' id='word_1_95' title='bbox 2074 1219 2254 1288; x_wconf 91' lang='lat' dir='ltr'>dicto</span> <span class='ocrx_word' id='word_1_96' title='bbox 2290 1223 2531 1288; x_wconf 90' lang='lat' dir='ltr'>Sancto</span> <span class='ocrx_word' id='word_1_97' title='bbox 2567 1239 2691 1309; x_wconf 92' lang='lat' dir='ltr'>pro</span> 
     </span>
     <span class='ocr_line' id='line_1_12' title="bbox 157 1304 2691 1395; baseline 0.002 -25"><span class='ocrx_word' id='word_1_98' title='bbox 157 1324 270 1371; x_wconf 88' lang='lat' dir='ltr'>sua</span> <span class='ocrx_word' id='word_1_99' title='bbox 319 1304 752 1388; x_wconf 84' lang='lat' dir='ltr'>liberatione,</span> <span class='ocrx_word' id='word_1_100' title='bbox 806 1330 877 1377; x_wconf 93' lang='lat' dir='ltr'>se</span> <span class='ocrx_word' id='word_1_101' title='bbox 923 1309 1220 1395; x_wconf 85' lang='lat' dir='ltr'>quodam</span> <span class='ocrx_word' id='word_1_102' title='bbox 1288 1311 1539 1380; x_wconf 88' lang='lat' dir='ltr'>emisso</span> <span class='ocrx_word' id='word_1_103' title='bbox 1599 1321 1784 1389; x_wconf 91' lang='lat' dir='ltr'>voto,</span> <span class='ocrx_word' id='word_1_104' title='bbox 1857 1307 2428 1388; x_wconf 84' lang='lat' dir='ltr'>commendasset,</span> <span class='ocrx_word' id='word_1_105' title='bbox 2483 1328 2691 1394; x_wconf 84' lang='lat' dir='ltr'>seque</span> 
     </span>
     <span class='ocr_line' id='line_1_13' title="bbox 155 1395 2693 1493; baseline 0.002 -33"><span class='ocrx_word' id='word_1_106' title='bbox 155 1413 360 1493; x_wconf 85' lang='lat' dir='ltr'>supra</span> <span class='ocrx_word' id='word_1_107' title='bbox 408 1395 568 1484; x_wconf 87' lang='lat' dir='ltr'>ejus</span> <span class='ocrx_word' id='word_1_108' title='bbox 617 1396 959 1465; x_wconf 91' lang='lat' dir='ltr'>tumulum</span> <span class='ocrx_word' id='word_1_109' title='bbox 1011 1398 1383 1482; x_wconf 74' lang='lat' dir='ltr'>posuisset,</span> <span class='ocrx_word' id='word_1_110' title='bbox 1446 1398 1702 1467; x_wconf 82' lang='lat' dir='ltr'>ibidem</span> <span class='ocrx_word' id='word_1_111' title='bbox 1751 1396 2183 1478; x_wconf 80' lang='lat' dir='ltr'>obdormivit,</span> <span class='ocrx_word' id='word_1_112' title='bbox 2237 1419 2316 1464; x_wconf 92' lang='lat' dir='ltr'>ac</span> <span class='ocrx_word' id='word_1_113' title='bbox 2363 1396 2693 1465; x_wconf 83' lang='lat' dir='ltr'>excitatus</span> 
     </span>
     <span class='ocr_line' id='line_1_14' title="bbox 155 1479 2691 1571; baseline 0.002 -23"><span class='ocrx_word' id='word_1_114' title='bbox 155 1479 398 1551; x_wconf 79' lang='lat' dir='ltr'>deinde</span> <span class='ocrx_word' id='word_1_115' title='bbox 446 1506 486 1551; x_wconf 91' lang='lat' dir='ltr'>a</span> <span class='ocrx_word' id='word_1_116' title='bbox 539 1483 834 1569; x_wconf 89' lang='lat' dir='ltr'>quodam</span> <span class='ocrx_word' id='word_1_117' title='bbox 870 1485 1034 1554; x_wconf 91' lang='lat' dir='ltr'>dicti</span> <span class='ocrx_word' id='word_1_118' title='bbox 1082 1487 1476 1556; x_wconf 85' lang='lat' dir='ltr'>monasterii</span> <span class='ocrx_word' id='word_1_119' title='bbox 1526 1486 1886 1565; x_wconf 91' lang='lat' dir='ltr'>monach0‚</span> <span class='ocrx_word' id='word_1_120' title='bbox 1922 1485 2224 1564; x_wconf 90' lang='lat' dir='ltr'>brachi0,</span> <span class='ocrx_word' id='word_1_121' title='bbox 2250 1485 2431 1571; x_wconf 92' lang='lat' dir='ltr'>quod</span> <span class='ocrx_word' id='word_1_122' title='bbox 2484 1485 2691 1554; x_wconf 89' lang='lat' dir='ltr'>linteo</span> 
     </span>
     <span class='ocr_line' id='line_1_15' title="bbox 156 1571 2692 1664; baseline 0.002 -26"><span class='ocrx_word' id='word_1_123' title='bbox 156 1571 342 1658; x_wconf 88' lang='lat' dir='ltr'>prius</span> <span class='ocrx_word' id='word_1_124' title='bbox 363 1572 668 1642; x_wconf 89' lang='lat' dir='ltr'>habebat</span> <span class='ocrx_word' id='word_1_125' title='bbox 697 1573 1128 1656; x_wconf 84' lang='lat' dir='ltr'>incumbens,</span> <span class='ocrx_word' id='word_1_126' title='bbox 1155 1575 1329 1644; x_wconf 90' lang='lat' dir='ltr'>collo</span> <span class='ocrx_word' id='word_1_127' title='bbox 1359 1577 1586 1645; x_wconf 89' lang='lat' dir='ltr'>adhuc</span> <span class='ocrx_word' id='word_1_128' title='bbox 1616 1574 2053 1664; x_wconf 84' lang='lat' dir='ltr'>dependenti,</span> <span class='ocrx_word' id='word_1_129' title='bbox 2091 1585 2466 1644; x_wconf 82' lang='lat' dir='ltr'>extractum</span> <span class='ocrx_word' id='word_1_130' title='bbox 2499 1573 2587 1642; x_wconf 91' lang='lat' dir='ltr'>ab</span> <span class='ocrx_word' id='word_1_131' title='bbox 2613 1595 2692 1642; x_wconf 90' lang='lat' dir='ltr'>eo</span> 
     </span>
     <span class='ocr_line' id='line_1_16' title="bbox 156 1661 2695 1753; baseline 0.002 -28"><span class='ocrx_word' id='word_1_132' title='bbox 156 1661 425 1748; x_wconf 80' lang='lat' dir='ltr'>reperit,</span> <span class='ocrx_word' id='word_1_133' title='bbox 464 1662 1054 1749; x_wconf 84' lang='lat' dir='ltr'>excitatorumque</span> <span class='ocrx_word' id='word_1_134' title='bbox 1091 1687 1130 1733; x_wconf 90' lang='lat' dir='ltr'>a</span> <span class='ocrx_word' id='word_1_135' title='bbox 1162 1686 1401 1733; x_wconf 91' lang='lat' dir='ltr'>somno</span> <span class='ocrx_word' id='word_1_136' title='bbox 1450 1686 1660 1745; x_wconf 89' lang='lat' dir='ltr'>more,</span> <span class='ocrx_word' id='word_1_137' title='bbox 1714 1663 1879 1733; x_wconf 87' lang='lat' dir='ltr'>dum</span> <span class='ocrx_word' id='word_1_138' title='bbox 1913 1664 2156 1733; x_wconf 90' lang='lat' dir='ltr'>ambas</span> <span class='ocrx_word' id='word_1_139' title='bbox 2186 1685 2437 1731; x_wconf 68' lang='lat' dir='ltr'>manus</span> <span class='ocrx_word' id='word_1_140' title='bbox 2483 1663 2695 1753; x_wconf 90' lang='lat' dir='ltr'>capiti</span> 
     </span>
     <span class='ocr_line' id='line_1_17' title="bbox 162 1750 2693 1843; baseline 0.002 -29"><span class='ocrx_word' id='word_1_141' title='bbox 162 1768 302 1828; x_wconf 83' lang='lat' dir='ltr'>suc,</span> <span class='ocrx_word' id='word_1_142' title='bbox 354 1763 429 1820; x_wconf 90' lang='lat' dir='ltr'>ut</span> <span class='ocrx_word' id='word_1_143' title='bbox 484 1750 712 1841; x_wconf 89' lang='lat' dir='ltr'>ipsum</span> <span class='ocrx_word' id='word_1_144' title='bbox 766 1751 1116 1842; x_wconf 88' lang='lat' dir='ltr'>scalperet,</span> <span class='ocrx_word' id='word_1_145' title='bbox 1169 1753 1621 1843; x_wconf 88' lang='lat' dir='ltr'>apposuisset,</span> <span class='ocrx_word' id='word_1_146' title='bbox 1676 1774 1747 1822; x_wconf 91' lang='lat' dir='ltr'>se</span> <span class='ocrx_word' id='word_1_147' title='bbox 1796 1752 2158 1823; x_wconf 88' lang='lat' dir='ltr'>liberatum</span> <span class='ocrx_word' id='word_1_148' title='bbox 2209 1751 2559 1832; x_wconf 86' lang='lat' dir='ltr'>intellexit,</span> <span class='ocrx_word' id='word_1_149' title='bbox 2613 1775 2693 1820; x_wconf 88' lang='lat' dir='ltr'>ac</span> 
     </span>
     <span class='ocr_line' id='line_1_18' title="bbox 170 1839 2693 1928; baseline 0.002 -25"><span class='ocrx_word' id='word_1_150' title='bbox 170 1839 568 1920; x_wconf 87' lang='lat' dir='ltr'>astantibus,</span> <span class='ocrx_word' id='word_1_151' title='bbox 624 1840 805 1926; x_wconf 92' lang='lat' dir='ltr'>quod</span> <span class='ocrx_word' id='word_1_152' title='bbox 857 1853 1090 1914; x_wconf 78' lang='lat' dir='ltr'>notum</span> <span class='ocrx_word' id='word_1_153' title='bbox 1125 1841 1365 1923; x_wconf 88' lang='lat' dir='ltr'>fuerat,</span> <span class='ocrx_word' id='word_1_154' title='bbox 1405 1841 1819 1911; x_wconf 88' lang='lat' dir='ltr'>miraculum</span> <span class='ocrx_word' id='word_1_155' title='bbox 1871 1840 2211 1909; x_wconf 80' lang='lat' dir='ltr'>revelavit.</span> <span class='ocrx_word' id='word_1_156' title='bbox 2253 1840 2489 1912; x_wconf 79' lang='lat' dir='ltr'>Infans</span> <span class='ocrx_word' id='word_1_157' title='bbox 2535 1841 2693 1928; x_wconf 88' lang='lat' dir='ltr'>qui-</span> 
     </span>
     <span class='ocr_line' id='line_1_19' title="bbox 181 1922 2694 2015; baseline 0.003 -24"><span class='ocrx_word' id='word_1_158' title='bbox 181 1922 321 1994; x_wconf 86' lang='lat' dir='ltr'>dam</span> <span class='ocrx_word' id='word_1_159' title='bbox 364 1941 668 2015; x_wconf 88' lang='lat' dir='ltr'>quatuor</span> <span class='ocrx_word' id='word_1_160' title='bbox 731 1951 1069 1998; x_wconf 89' lang='lat' dir='ltr'>annorum</span> <span class='ocrx_word' id='word_1_161' title='bbox 1129 1940 1465 1999; x_wconf 88' lang='lat' dir='ltr'>tumorem</span> <span class='ocrx_word' id='word_1_162' title='bbox 1522 1942 1585 1999; x_wconf 90' lang='lat' dir='ltr'>et</span> <span class='ocrx_word' id='word_1_163' title='bbox 1634 1929 1952 1999; x_wconf 84' lang='lat' dir='ltr'>ruborem</span> <span class='ocrx_word' id='word_1_164' title='bbox 2002 1929 2073 1998; x_wconf 93' lang='lat' dir='ltr'>in</span> <span class='ocrx_word' id='word_1_165' title='bbox 2129 1929 2337 1999; x_wconf 86' lang='lat' dir='ltr'>costis</span> <span class='ocrx_word' id='word_1_166' title='bbox 2383 1941 2447 1998; x_wconf 93' lang='lat' dir='ltr'>et</span> <span class='ocrx_word' id='word_1_167' title='bbox 2493 1951 2694 1998; x_wconf 89' lang='lat' dir='ltr'>crure</span> 
     </span>
     <span class='ocr_line' id='line_1_20' title="bbox 180 2016 2695 2108; baseline 0.003 -30"><span class='ocrx_word' id='word_1_168' title='bbox 180 2033 381 2098; x_wconf 84' lang='lat' dir='ltr'>usque</span> <span class='ocrx_word' id='word_1_169' title='bbox 409 2016 498 2085; x_wconf 89' lang='lat' dir='ltr'>ad</span> <span class='ocrx_word' id='word_1_170' title='bbox 547 2017 789 2107; x_wconf 89' lang='lat' dir='ltr'>pedem</span> <span class='ocrx_word' id='word_1_171' title='bbox 824 2019 1232 2108; x_wconf 89' lang='lat' dir='ltr'>patiebatur,</span> <span class='ocrx_word' id='word_1_172' title='bbox 1286 2019 1453 2088; x_wconf 89' lang='lat' dir='ltr'>adeo</span> <span class='ocrx_word' id='word_1_173' title='bbox 1500 2018 1923 2098; x_wconf 86' lang='lat' dir='ltr'>affiictivum‚</span> <span class='ocrx_word' id='word_1_174' title='bbox 1975 2029 2052 2087; x_wconf 90' lang='lat' dir='ltr'>ut</span> <span class='ocrx_word' id='word_1_175' title='bbox 2099 2040 2221 2087; x_wconf 90' lang='lat' dir='ltr'>nec</span> <span class='ocrx_word' id='word_1_176' title='bbox 2253 2041 2287 2086; x_wconf 85' lang='lat' dir='ltr'>a</span> <span class='ocrx_word' id='word_1_177' title='bbox 2324 2031 2538 2087; x_wconf 87' lang='lat' dir='ltr'>matre</span> <span class='ocrx_word' id='word_1_178' title='bbox 2570 2040 2695 2086; x_wconf 83' lang='lat' dir='ltr'>sua</span> 
     </span>
     <span class='ocr_line' id='line_1_21' title="bbox 184 2100 2691 2197; baseline 0.004 -32"><span class='ocrx_word' id='word_1_179' title='bbox 184 2100 279 2168; x_wconf 82' lang='lat' dir='ltr'>vel</span> <span class='ocrx_word' id='word_1_180' title='bbox 323 2103 448 2173; x_wconf 88' lang='lat' dir='ltr'>alio</span> <span class='ocrx_word' id='word_1_181' title='bbox 497 2106 648 2175; x_wconf 89' lang='lat' dir='ltr'>sine</span> <span class='ocrx_word' id='word_1_182' title='bbox 696 2106 992 2176; x_wconf 88' lang='lat' dir='ltr'>laesione</span> <span class='ocrx_word' id='word_1_183' title='bbox 1039 2120 1105 2176; x_wconf 89' lang='lat' dir='ltr'>et</span> <span class='ocrx_word' id='word_1_184' title='bbox 1150 2107 1449 2177; x_wconf 88' lang='lat' dir='ltr'>clamore</span> <span class='ocrx_word' id='word_1_185' title='bbox 1496 2129 1621 2176; x_wconf 92' lang='lat' dir='ltr'>suo</span> <span class='ocrx_word' id='word_1_186' title='bbox 1652 2107 2086 2193; x_wconf 78' lang='lat' dir='ltr'>aliquatenus</span> <span class='ocrx_word' id='word_1_187' title='bbox 2116 2107 2301 2197; x_wconf 86' lang='lat' dir='ltr'>tangi</span> <span class='ocrx_word' id='word_1_188' title='bbox 2341 2107 2691 2196; x_wconf 88' lang='lat' dir='ltr'>potuisset.</span> 
     </span>
     <span class='ocr_line' id='line_1_22' title="bbox 187 2193 2696 2287; baseline 0.004 -32"><span class='ocrx_word' id='word_1_189' title='bbox 187 2193 422 2263; x_wconf 80' lang='lat' dir='ltr'>Movere</span> <span class='ocrx_word' id='word_1_190' title='bbox 467 2217 540 2263; x_wconf 87' lang='lat' dir='ltr'>se</span> <span class='ocrx_word' id='word_1_191' title='bbox 575 2216 710 2263; x_wconf 91' lang='lat' dir='ltr'>non</span> <span class='ocrx_word' id='word_1_192' title='bbox 764 2208 1063 2285; x_wconf 89' lang='lat' dir='ltr'>poterat;</span> <span class='ocrx_word' id='word_1_193' title='bbox 1118 2218 1238 2287; x_wconf 91' lang='lat' dir='ltr'>per</span> <span class='ocrx_word' id='word_1_194' title='bbox 1286 2217 1594 2266; x_wconf 90' lang='lat' dir='ltr'>mensem</span> <span class='ocrx_word' id='word_1_195' title='bbox 1645 2195 1716 2263; x_wconf 93' lang='lat' dir='ltr'>in</span> <span class='ocrx_word' id='word_1_196' title='bbox 1758 2207 1943 2265; x_wconf 82' lang='lat' dir='ltr'>tanto</span> <span class='ocrx_word' id='word_1_197' title='bbox 1991 2195 2222 2265; x_wconf 90' lang='lat' dir='ltr'>dolore</span> <span class='ocrx_word' id='word_1_198' title='bbox 2267 2207 2331 2264; x_wconf 89' lang='lat' dir='ltr'>et</span> <span class='ocrx_word' id='word_1_199' title='bbox 2362 2196 2427 2263; x_wconf 90' lang='lat' dir='ltr'>in</span> <span class='ocrx_word' id='word_1_200' title='bbox 2463 2195 2696 2264; x_wconf 85' lang='lat' dir='ltr'>anxie-</span> 
     </span>
     <span class='ocr_line' id='line_1_23' title="bbox 183 2282 2694 2375; baseline 0.003 -30"><span class='ocrx_word' id='word_1_201' title='bbox 183 2288 301 2347; x_wconf 84' lang='lat' dir='ltr'>tate</span> <span class='ocrx_word' id='word_1_202' title='bbox 341 2282 501 2361; x_wconf 84' lang='lat' dir='ltr'>fuit;</span> <span class='ocrx_word' id='word_1_203' title='bbox 553 2307 594 2352; x_wconf 93' lang='lat' dir='ltr'>a</span> <span class='ocrx_word' id='word_1_204' title='bbox 644 2284 929 2356; x_wconf 87' lang='lat' dir='ltr'>medicis</span> <span class='ocrx_word' id='word_1_205' title='bbox 985 2307 1141 2374; x_wconf 86' lang='lat' dir='ltr'>spes</span> <span class='ocrx_word' id='word_1_206' title='bbox 1192 2285 1569 2356; x_wconf 86' lang='lat' dir='ltr'>curationis</span> <span class='ocrx_word' id='word_1_207' title='bbox 1627 2285 1777 2375; x_wconf 88' lang='lat' dir='ltr'>ejus</span> <span class='ocrx_word' id='word_1_208' title='bbox 1844 2284 1991 2353; x_wconf 90' lang='lat' dir='ltr'>sine</span> <span class='ocrx_word' id='word_1_209' title='bbox 2038 2284 2374 2355; x_wconf 90' lang='lat' dir='ltr'>incisione</span> <span class='ocrx_word' id='word_1_210' title='bbox 2422 2284 2694 2374; x_wconf 89' lang='lat' dir='ltr'>pueruli</span> 
     </span>
     <span class='ocr_line' id='line_1_24' title="bbox 173 2371 2696 2464; baseline 0.003 -29"><span class='ocrx_word' id='word_1_211' title='bbox 173 2389 293 2436; x_wconf 86' lang='lat' dir='ltr'>non</span> <span class='ocrx_word' id='word_1_212' title='bbox 342 2371 843 2455; x_wconf 79' lang='lat' dir='ltr'>inveniebatur,</span> <span class='ocrx_word' id='word_1_213' title='bbox 898 2373 1148 2461; x_wconf 90' lang='lat' dir='ltr'>illaque</span> <span class='ocrx_word' id='word_1_214' title='bbox 1192 2375 1283 2462; x_wconf 88' lang='lat' dir='ltr'>(si</span> <span class='ocrx_word' id='word_1_215' title='bbox 1333 2374 1551 2463; x_wconf 78' lang='lat' dir='ltr'>fieret)</span> <span class='ocrx_word' id='word_1_216' title='bbox 1598 2385 1925 2464; x_wconf 89' lang='lat' dir='ltr'>perpetuo</span> <span class='ocrx_word' id='word_1_217' title='bbox 1971 2393 2129 2443; x_wconf 91' lang='lat' dir='ltr'>eum</span> <span class='ocrx_word' id='word_1_218' title='bbox 2170 2372 2242 2442; x_wconf 91' lang='lat' dir='ltr'>in</span> <span class='ocrx_word' id='word_1_219' title='bbox 2272 2395 2561 2463; x_wconf 90' lang='lat' dir='ltr'>persona</span> <span class='ocrx_word' id='word_1_220' title='bbox 2590 2373 2696 2443; x_wconf 89' lang='lat' dir='ltr'>fu-</span> 
     </span>
     <span class='ocr_line' id='line_1_25' title="bbox 174 2461 2695 2553; baseline 0.001 -23"><span class='ocrx_word' id='word_1_221' title='bbox 174 2467 382 2531; x_wconf 79' lang='lat' dir='ltr'>turum</span> <span class='ocrx_word' id='word_1_222' title='bbox 439 2462 852 2553; x_wconf 86' lang='lat' dir='ltr'>impeditum</span> <span class='ocrx_word' id='word_1_223' title='bbox 902 2463 1179 2533; x_wconf 89' lang='lat' dir='ltr'>moestis</span> <span class='ocrx_word' id='word_1_224' title='bbox 1226 2464 1684 2535; x_wconf 87' lang='lat' dir='ltr'>amaritudine</span> <span class='ocrx_word' id='word_1_225' title='bbox 1735 2461 2082 2533; x_wconf 90' lang='lat' dir='ltr'>mentibus</span> <span class='ocrx_word' id='word_1_226' title='bbox 2120 2462 2515 2533; x_wconf 88' lang='lat' dir='ltr'>nunciabat.</span> <span class='ocrx_word' id='word_1_227' title='bbox 2572 2467 2695 2532; x_wconf 89' lang='lat' dir='ltr'>De-</span> 
     </span>
     <span class='ocr_line' id='line_1_26' title="bbox 177 2544 2693 2645; baseline 0.003 -32"><span class='ocrx_word' id='word_1_228' title='bbox 177 2544 424 2621; x_wconf 70' lang='lat' dir='ltr'>finiente</span> <span class='ocrx_word' id='word_1_229' title='bbox 477 2555 749 2633; x_wconf 74' lang='lat' dir='ltr'>natura,</span> <span class='ocrx_word' id='word_1_230' title='bbox 800 2551 1103 2640; x_wconf 88' lang='lat' dir='ltr'>artisque</span> <span class='ocrx_word' id='word_1_231' title='bbox 1150 2554 1476 2645; x_wconf 85' lang='lat' dir='ltr'>suffragio</span> <span class='ocrx_word' id='word_1_232' title='bbox 1524 2574 1659 2623; x_wconf 88' lang='lat' dir='ltr'>non</span> <span class='ocrx_word' id='word_1_233' title='bbox 1713 2553 2009 2633; x_wconf 87' lang='lat' dir='ltr'>invent0,</span> <span class='ocrx_word' id='word_1_234' title='bbox 2064 2573 2416 2620; x_wconf 86' lang='lat' dir='ltr'>recursum</span> <span class='ocrx_word' id='word_1_235' title='bbox 2460 2562 2571 2631; x_wconf 69' lang='lat' dir='ltr'>est⁸</span> <span class='ocrx_word' id='word_1_236' title='bbox 2609 2552 2693 2620; x_wconf 92' lang='lat' dir='ltr'>ad</span> 
     </span>
     <span class='ocr_line' id='line_1_27' title="bbox 181 2638 2696 2731; baseline 0.002 -27"><span class='ocrx_word' id='word_1_237' title='bbox 181 2638 390 2722; x_wconf 84' lang='lat' dir='ltr'>Deum,</span> <span class='ocrx_word' id='word_1_238' title='bbox 443 2640 574 2726; x_wconf 82' lang='lat' dir='ltr'>qui</span> <span class='ocrx_word' id='word_1_239' title='bbox 620 2641 962 2731; x_wconf 86' lang='lat' dir='ltr'>gloriosus</span> <span class='ocrx_word' id='word_1_240' title='bbox 1020 2654 1121 2711; x_wconf 92' lang='lat' dir='ltr'>est</span> <span class='ocrx_word' id='word_1_241' title='bbox 1168 2643 1238 2710; x_wconf 91' lang='lat' dir='ltr'>in</span> <span class='ocrx_word' id='word_1_242' title='bbox 1290 2643 1555 2712; x_wconf 86' lang='lat' dir='ltr'>Sanctis</span> <span class='ocrx_word' id='word_1_243' title='bbox 1603 2642 1773 2724; x_wconf 83' lang='lat' dir='ltr'>suiS,</span> <span class='ocrx_word' id='word_1_244' title='bbox 1827 2641 2086 2713; x_wconf 89' lang='lat' dir='ltr'>faciens</span> <span class='ocrx_word' id='word_1_245' title='bbox 2184 2640 2472 2731; x_wconf 86' lang='lat' dir='ltr'>rodigia.</span> <span class='ocrx_word' id='word_1_246' title='bbox 2526 2646 2696 2709; x_wconf 89' lang='lat' dir='ltr'>Nam</span> 
     </span>
     <span class='ocr_line' id='line_1_28' title="bbox 173 2728 2699 2810; baseline 0.001 -17"><span class='ocrx_word' id='word_1_247' title='bbox 173 2740 368 2797; x_wconf 84' lang='lat' dir='ltr'>mater</span> <span class='ocrx_word' id='word_1_248' title='bbox 404 2729 957 2810; x_wconf 87' lang='lat' dir='ltr'>infantuli,·eum</span> <span class='ocrx_word' id='word_1_249' title='bbox 1012 2736 1081 2798; x_wconf 90' lang='lat' dir='ltr'>B.</span> <span class='ocrx_word' id='word_1_250' title='bbox 1135 2732 1429 2801; x_wconf 88' lang='lat' dir='ltr'>Thomae</span> <span class='ocrx_word' id='word_1_251' title='bbox 1461 2730 1771 2801; x_wconf 90' lang='lat' dir='ltr'>devotius</span> <span class='ocrx_word' id='word_1_252' title='bbox 1804 2751 2117 2800; x_wconf 90' lang='lat' dir='ltr'>commen</span> <span class='ocrx_word' id='word_1_253' title='bbox 2175 2729 2332 2809; x_wconf 90' lang='lat' dir='ltr'>avit,</span> <span class='ocrx_word' id='word_1_254' title='bbox 2386 2741 2460 2798; x_wconf 90' lang='lat' dir='ltr'>ut</span> <span class='ocrx_word' id='word_1_255' title='bbox 2507 2752 2546 2797; x_wconf 91' lang='lat' dir='ltr'>a</span> <span class='ocrx_word' id='word_1_256' title='bbox 2594 2728 2699 2796; x_wconf 92' lang='lat' dir='ltr'>di-</span> 
     </span>
     <span class='ocr_line' id='line_1_29' title="bbox 169 2817 2698 2891; baseline 0.002 -11"><span class='ocrx_word' id='word_1_257' title='bbox 169 2824 263 2883; x_wconf 89' lang='lat' dir='ltr'>cta</span> <span class='ocrx_word' id='word_1_258' title='bbox 319 2817 726 2888; x_wconf 81' lang='lat' dir='ltr'>infirmitate</span> <span class='ocrx_word' id='word_1_259' title='bbox 770 2819 920 2888; x_wconf 90' lang='lat' dir='ltr'>sine</span> <span class='ocrx_word' id='word_1_260' title='bbox 967 2819 1297 2889; x_wconf 90' lang='lat' dir='ltr'>incisione</span> <span class='ocrx_word' id='word_1_261' title='bbox 1346 2820 1491 2891; x_wconf 90' lang='lat' dir='ltr'>suis</span> <span class='ocrx_word' id='word_1_262' title='bbox 1552 2819 1814 2890; x_wconf 89' lang='lat' dir='ltr'>meritis</span> <span class='ocrx_word' id='word_1_263' title='bbox 1862 2819 2204 2888; x_wconf 86' lang='lat' dir='ltr'>liberaret.</span> <span class='ocrx_word' id='word_1_264' title='bbox 2273 2818 2549 2888; x_wconf 86' lang='lat' dir='ltr'>Delatus</span> <span class='ocrx_word' id='word_1_265' title='bbox 2596 2828 2698 2885; x_wconf 89' lang='lat' dir='ltr'>est</span> 
     </span>
     <span class='ocr_line' id='line_1_30' title="bbox 169 2906 2698 3000; baseline 0.001 -28"><span class='ocrx_word' id='word_1_266' title='bbox 169 2922 326 2989; x_wconf 87' lang='lat' dir='ltr'>puer</span> <span class='ocrx_word' id='word_1_267' title='bbox 372 2907 465 2976; x_wconf 86' lang='lat' dir='ltr'>ad</span> <span class='ocrx_word' id='word_1_268' title='bbox 516 2908 1034 2989; x_wconf 88' lang='lat' dir='ltr'>monasterium,</span> <span class='ocrx_word' id='word_1_269' title='bbox 1092 2908 1354 2997; x_wconf 86' lang='lat' dir='ltr'>positus</span> <span class='ocrx_word' id='word_1_270' title='bbox 1411 2930 1618 3000; x_wconf 92' lang='lat' dir='ltr'>super</span> <span class='ocrx_word' id='word_1_271' title='bbox 1666 2908 2013 2979; x_wconf 89' lang='lat' dir='ltr'>tumulum</span> <span class='ocrx_word' id='word_1_272' title='bbox 2068 2908 2320 2989; x_wconf 87' lang='lat' dir='ltr'>Sancti,</span> <span class='ocrx_word' id='word_1_273' title='bbox 2378 2918 2529 2998; x_wconf 89' lang='lat' dir='ltr'>post</span> <span class='ocrx_word' id='word_1_274' title='bbox 2575 2906 2698 2975; x_wconf 89' lang='lat' dir='ltr'>ali-</span> 
     </span>
     <span class='ocr_line' id='line_1_31' title="bbox 167 2995 1681 3076; baseline 0.004 -16"><span class='ocrx_word' id='word_1_275' title='bbox 167 2995 568 3076; x_wconf 87' lang='lat' dir='ltr'>quantulam</span> <span class='ocrx_word' id='word_1_276' title='bbox 619 3019 882 3065; x_wconf 89' lang='lat' dir='ltr'>moram</span> <span class='ocrx_word' id='word_1_277' title='bbox 925 3019 1139 3066; x_wconf 88' lang='lat' dir='ltr'>sanus</span> <span class='ocrx_word' id='word_1_278' title='bbox 1174 2997 1331 3066; x_wconf 90' lang='lat' dir='ltr'>inde</span> <span class='ocrx_word' id='word_1_279' title='bbox 1365 2999 1681 3067; x_wconf 82' lang='lat' dir='ltr'>surrexit.</span> 
     </span>
    </p>

    <p class='ocr_par' dir='ltr' id='par_1_3' title="bbox 161 3084 2706 4421">
     <span class='ocr_line' id='line_1_32' title="bbox 244 3084 2699 3176; baseline -0.001 -19"><span class='ocrx_word' id='word_1_280' title='bbox 244 3086 280 3170; x_wconf 76' lang='lat'><strong>§</strong></span> <span class='ocrx_word' id='word_1_281' title='bbox 342 3090 441 3157; x_wconf 72' lang='grc'>6.</span> <span class='ocrx_word' id='word_1_282' title='bbox 498 3090 676 3154; x_wconf 92' lang='lat' dir='ltr'>Haec</span> <span class='ocrx_word' id='word_1_283' title='bbox 724 3095 888 3155; x_wconf 89' lang='lat' dir='ltr'>sunt</span> <span class='ocrx_word' id='word_1_284' title='bbox 935 3084 1147 3176; x_wconf 84' lang='lat' dir='ltr'>igitur</span> <span class='ocrx_word' id='word_1_285' title='bbox 1199 3086 1586 3156; x_wconf 89' lang='lat' dir='ltr'>testimonia</span> <span class='ocrx_word' id='word_1_286' title='bbox 1620 3098 1762 3164; x_wconf 88' lang='lat' dir='ltr'>tua,</span> <span class='ocrx_word' id='word_1_287' title='bbox 1799 3091 2000 3165; x_wconf 87' lang='lat' dir='ltr'>Deus,</span> <span class='ocrx_word' id='word_1_288' title='bbox 2038 3107 2215 3172; x_wconf 88' lang='lat' dir='ltr'>quae</span> <span class='ocrx_word' id='word_1_289' title='bbox 2262 3087 2346 3155; x_wconf 90' lang='lat' dir='ltr'>de</span> <span class='ocrx_word' id='word_1_290' title='bbox 2385 3085 2514 3155; x_wconf 88' lang='lat' dir='ltr'>hoc</span> <span class='ocrx_word' id='word_1_291' title='bbox 2555 3085 2699 3155; x_wconf 90' lang='lat' dir='ltr'>viro</span> 
     </span>
     <span class='ocr_line' id='line_1_33' title="bbox 161 3170 2699 3259; baseline 0.002 -19"><span class='ocrx_word' id='word_1_292' title='bbox 161 3170 337 3259; x_wconf 86' lang='lat' dir='ltr'>justo</span> <span class='ocrx_word' id='word_1_293' title='bbox 385 3173 590 3243; x_wconf 90' lang='lat' dir='ltr'>nobis</span> <span class='ocrx_word' id='word_1_294' title='bbox 636 3173 992 3243; x_wconf 90' lang='lat' dir='ltr'>credibilia</span> <span class='ocrx_word' id='word_1_295' title='bbox 1039 3174 1217 3244; x_wconf 87' lang='lat' dir='ltr'>sacta</span> <span class='ocrx_word' id='word_1_296' title='bbox 1264 3186 1424 3244; x_wconf 90' lang='lat' dir='ltr'>sunt</span> <span class='ocrx_word' id='word_1_297' title='bbox 1458 3174 1691 3246; x_wconf 88' lang='lat' dir='ltr'>nimis.</span> <span class='ocrx_word' id='word_1_298' title='bbox 1744 3180 1908 3245; x_wconf 87' lang='lat' dir='ltr'>Nam</span> <span class='ocrx_word' id='word_1_299' title='bbox 1947 3176 2005 3245; x_wconf 92' lang='lat' dir='ltr'>si</span> <span class='ocrx_word' id='word_1_300' title='bbox 2053 3174 2523 3251; x_wconf 85' lang='lat' dir='ltr'>testimonium</span> <span class='ocrx_word' id='word_1_301' title='bbox 2579 3175 2699 3245; x_wconf 79' lang='lat' dir='ltr'>lio-</span> 
     </span>
     <span class='ocr_line' id='line_1_34' title="bbox 168 3261 2690 3353; baseline 0.002 -25"><span class='ocrx_word' id='word_1_302' title='bbox 168 3261 367 3330; x_wconf 88' lang='lat' dir='ltr'>minis</span> <span class='ocrx_word' id='word_1_303' title='bbox 414 3262 823 3353; x_wconf 84' lang='lat' dir='ltr'>accipimus,</span> <span class='ocrx_word' id='word_1_304' title='bbox 879 3263 1342 3333; x_wconf 89' lang='lat' dir='ltr'>testimonium</span> <span class='ocrx_word' id='word_1_305' title='bbox 1396 3264 1512 3332; x_wconf 87' lang='lat' dir='ltr'>Dei</span> <span class='ocrx_word' id='word_1_306' title='bbox 1553 3264 1779 3353; x_wconf 84' lang='lat' dir='ltr'>majus</span> <span class='ocrx_word' id='word_1_307' title='bbox 1824 3264 1947 3344; x_wconf 87' lang='lat' dir='ltr'>est,</span> <span class='ocrx_word' id='word_1_308' title='bbox 1978 3285 2116 3350; x_wconf 89' lang='lat' dir='ltr'>quo</span> <span class='ocrx_word' id='word_1_309' title='bbox 2150 3263 2457 3334; x_wconf 89' lang='lat' dir='ltr'>animam</span> <span class='ocrx_word' id='word_1_310' title='bbox 2504 3264 2690 3333; x_wconf 93' lang='lat' dir='ltr'>enim</span> 
     </span>
     <span class='ocr_line' id='line_1_35' title="bbox 169 3350 2693 3443; baseline 0.001 -25"><span class='ocrx_word' id='word_1_311' title='bbox 169 3350 426 3419; x_wconf 88' lang='lat' dir='ltr'>coelum</span> <span class='ocrx_word' id='word_1_312' title='bbox 457 3351 804 3441; x_wconf 88' lang='lat' dir='ltr'>possidere</span> <span class='ocrx_word' id='word_1_313' title='bbox 823 3352 967 3443; x_wconf 87' lang='lat' dir='ltr'>jam</span> <span class='ocrx_word' id='word_1_314' title='bbox 999 3352 1374 3433; x_wconf 87' lang='lat' dir='ltr'>credimus,</span> <span class='ocrx_word' id='word_1_315' title='bbox 1413 3352 1930 3431; x_wconf 87' lang='lat' dir='ltr'>intercessorem</span> <span class='ocrx_word' id='word_1_316' title='bbox 1959 3352 2189 3441; x_wconf 87' lang='lat' dir='ltr'>ipsum</span> <span class='ocrx_word' id='word_1_317' title='bbox 2231 3365 2693 3443; x_wconf 80' lang='lat' dir='ltr'>expectamuS,</span> 
     </span>
     <span class='ocr_line' id='line_1_36' title="bbox 172 3439 2700 3531; baseline 0.002 -28"><span class='ocrx_word' id='word_1_318' title='bbox 172 3458 241 3505; x_wconf 87' lang='lat' dir='ltr'>ac</span> <span class='ocrx_word' id='word_1_319' title='bbox 284 3439 467 3509; x_wconf 89' lang='lat' dir='ltr'>inter</span> <span class='ocrx_word' id='word_1_320' title='bbox 515 3444 919 3510; x_wconf 89' lang='lat' dir='ltr'>Sanctorum</span> <span class='ocrx_word' id='word_1_321' title='bbox 969 3441 1286 3531; x_wconf 89' lang='lat' dir='ltr'>agmina,</span> <span class='ocrx_word' id='word_1_322' title='bbox 1350 3442 1547 3528; x_wconf 88' lang='lat' dir='ltr'>quasi</span> <span class='ocrx_word' id='word_1_323' title='bbox 1598 3441 1864 3512; x_wconf 90' lang='lat' dir='ltr'>stellam</span> <span class='ocrx_word' id='word_1_324' title='bbox 1921 3441 2353 3521; x_wconf 88' lang='lat' dir='ltr'>matutinam,</span> <span class='ocrx_word' id='word_1_325' title='bbox 2408 3462 2565 3509; x_wconf 88' lang='lat' dir='ltr'>eum</span> <span class='ocrx_word' id='word_1_326' title='bbox 2620 3441 2700 3509; x_wconf 83' lang='lat' dir='ltr'>fi-</span> 
     </span>
     <span class='ocr_line' id='line_1_37' title="bbox 171 3525 2701 3610; baseline 0.002 -17"><span class='ocrx_word' id='word_1_327' title='bbox 171 3525 393 3596; x_wconf 89' lang='lat' dir='ltr'>dimus</span> <span class='ocrx_word' id='word_1_328' title='bbox 440 3550 588 3598; x_wconf 87' lang='lat' dir='ltr'>esse</span> <span class='ocrx_word' id='word_1_329' title='bbox 636 3528 960 3599; x_wconf 89' lang='lat' dir='ltr'>locatum.</span> <span class='ocrx_word' id='word_1_330' title='bbox 1021 3530 1208 3600; x_wconf 90' lang='lat' dir='ltr'>Unde</span> <span class='ocrx_word' id='word_1_331' title='bbox 1258 3530 1458 3599; x_wconf 86' lang='lat' dir='ltr'>fidem</span> <span class='ocrx_word' id='word_1_332' title='bbox 1512 3541 1702 3599; x_wconf 87' lang='lat' dir='ltr'>tuam</span> <span class='ocrx_word' id='word_1_333' title='bbox 1751 3531 1820 3599; x_wconf 92' lang='lat' dir='ltr'>in</span> <span class='ocrx_word' id='word_1_334' title='bbox 1874 3530 2096 3610; x_wconf 92' lang='lat' dir='ltr'>nobis,</span> <span class='ocrx_word' id='word_1_335' title='bbox 2136 3529 2311 3599; x_wconf 87' lang='lat' dir='ltr'>bone</span> <span class='ocrx_word' id='word_1_336' title='bbox 2342 3536 2531 3609; x_wconf 88' lang='lat' dir='ltr'>Jesu,</span> <span class='ocrx_word' id='word_1_337' title='bbox 2568 3552 2701 3599; x_wconf 91' lang='lat' dir='ltr'>nu-</span> 
     </span>
     <span class='ocr_line' id='line_1_38' title="bbox 173 3614 2702 3709; baseline 0.002 -28"><span class='ocrx_word' id='word_1_338' title='bbox 173 3614 306 3694; x_wconf 88' lang='lat' dir='ltr'>tris,</span> <span class='ocrx_word' id='word_1_339' title='bbox 342 3639 537 3707; x_wconf 88' lang='lat' dir='ltr'>spem</span> <span class='ocrx_word' id='word_1_340' title='bbox 589 3619 820 3709; x_wconf 75' lang='lat' dir='ltr'>erigis,</span> <span class='ocrx_word' id='word_1_341' title='bbox 852 3617 1238 3688; x_wconf 89' lang='lat' dir='ltr'>dilectionis</span> <span class='ocrx_word' id='word_1_342' title='bbox 1283 3618 1681 3688; x_wconf 86' lang='lat' dir='ltr'>charitatem</span> <span class='ocrx_word' id='word_1_343' title='bbox 1732 3619 2073 3688; x_wconf 89' lang='lat' dir='ltr'>accendis.</span> <span class='ocrx_word' id='word_1_344' title='bbox 2118 3624 2426 3687; x_wconf 88' lang='lat' dir='ltr'>Laetetur</span> <span class='ocrx_word' id='word_1_345' title='bbox 2472 3618 2702 3705; x_wconf 85' lang='lat' dir='ltr'>itaque</span> 
     </span>
     <span class='ocr_line' id='line_1_39' title="bbox 176 3706 2702 3799; baseline 0.002 -29"><span class='ocrx_word' id='word_1_346' title='bbox 176 3718 378 3775; x_wconf 86' lang='lat' dir='ltr'>mater</span> <span class='ocrx_word' id='word_1_347' title='bbox 425 3706 747 3788; x_wconf 88' lang='lat' dir='ltr'>Ecclesia,</span> <span class='ocrx_word' id='word_1_348' title='bbox 798 3707 1049 3777; x_wconf 89' lang='lat' dir='ltr'>exultet</span> <span class='ocrx_word' id='word_1_349' title='bbox 1096 3708 1313 3788; x_wconf 88' lang='lat' dir='ltr'>Italia,</span> <span class='ocrx_word' id='word_1_350' title='bbox 1350 3730 1600 3798; x_wconf 87' lang='lat' dir='ltr'>parens</span> <span class='ocrx_word' id='word_1_351' title='bbox 1632 3708 2003 3799; x_wconf 85' lang='lat' dir='ltr'>Campania</span> <span class='ocrx_word' id='word_1_352' title='bbox 2019 3707 2469 3797; x_wconf 88' lang='lat' dir='ltr'>jucundetur,</span> <span class='ocrx_word' id='word_1_353' title='bbox 2502 3713 2702 3776; x_wconf 85' lang='lat' dir='ltr'>Prae-</span> 
     </span>
     <span class='ocr_line' id='line_1_40' title="bbox 175 3789 2701 3888; baseline 0.003 -30"><span class='ocrx_word' id='word_1_354' title='bbox 175 3789 546 3864; x_wconf 86' lang='lat' dir='ltr'>dicatorum</span> <span class='ocrx_word' id='word_1_355' title='bbox 597 3818 789 3865; x_wconf 89' lang='lat' dir='ltr'>sacer</span> <span class='ocrx_word' id='word_1_356' title='bbox 833 3796 1010 3866; x_wconf 93' lang='lat' dir='ltr'>Ordo</span> <span class='ocrx_word' id='word_1_357' title='bbox 1048 3797 1193 3887; x_wconf 91' lang='lat' dir='ltr'>jam</span> <span class='ocrx_word' id='word_1_358' title='bbox 1235 3797 1510 3888; x_wconf 79' lang='lat' dir='ltr'>jubilet,</span> <span class='ocrx_word' id='word_1_359' title='bbox 1565 3797 2042 3886; x_wconf 80' lang='lat' dir='ltr'>religiosorum</span> <span class='ocrx_word' id='word_1_360' title='bbox 2094 3796 2358 3865; x_wconf 88' lang='lat' dir='ltr'>devotio</span> <span class='ocrx_word' id='word_1_361' title='bbox 2418 3818 2701 3866; x_wconf 86' lang='lat' dir='ltr'>concre-</span> 
     </span>
     <span class='ocr_line' id='line_1_41' title="bbox 175 3884 2700 3976; baseline 0.002 -27"><span class='ocrx_word' id='word_1_362' title='bbox 175 3892 296 3966; x_wconf 84' lang='lat' dir='ltr'>pet,</span> <span class='ocrx_word' id='word_1_363' title='bbox 347 3884 706 3953; x_wconf 89' lang='lat' dir='ltr'>doctorum</span> <span class='ocrx_word' id='word_1_364' title='bbox 758 3885 958 3954; x_wconf 88' lang='lat' dir='ltr'>turba</span> <span class='ocrx_word' id='word_1_365' title='bbox 995 3885 1462 3976; x_wconf 89' lang='lat' dir='ltr'>complaudat,</span> <span class='ocrx_word' id='word_1_366' title='bbox 1516 3886 1912 3955; x_wconf 86' lang='lat' dir='ltr'>animentur</span> <span class='ocrx_word' id='word_1_367' title='bbox 1970 3885 2055 3954; x_wconf 91' lang='lat' dir='ltr'>ad</span> <span class='ocrx_word' id='word_1_368' title='bbox 2106 3886 2336 3954; x_wconf 91' lang='lat' dir='ltr'>studia</span> <span class='ocrx_word' id='word_1_369' title='bbox 2384 3885 2700 3975; x_wconf 88' lang='lat' dir='ltr'>juvenes,</span> 
     </span>
     <span class='ocr_line' id='line_1_42' title="bbox 177 3972 2705 4064; baseline 0.004 -29"><span class='ocrx_word' id='word_1_370' title='bbox 177 3972 457 4054; x_wconf 82' lang='lat' dir='ltr'>provecti</span> <span class='ocrx_word' id='word_1_371' title='bbox 507 3995 644 4041; x_wconf 89' lang='lat' dir='ltr'>non</span> <span class='ocrx_word' id='word_1_372' title='bbox 698 3984 1027 4064; x_wconf 84' lang='lat' dir='ltr'>torpeant,</span> <span class='ocrx_word' id='word_1_373' title='bbox 1082 3996 1279 4045; x_wconf 89' lang='lat' dir='ltr'>senes</span> <span class='ocrx_word' id='word_1_374' title='bbox 1327 3974 1751 4044; x_wconf 87' lang='lat' dir='ltr'>delectentur</span> <span class='ocrx_word' id='word_1_375' title='bbox 1798 3975 1866 4042; x_wconf 93' lang='lat' dir='ltr'>in</span> <span class='ocrx_word' id='word_1_376' title='bbox 1918 3973 2098 4055; x_wconf 93' lang='lat' dir='ltr'>illis,</span> <span class='ocrx_word' id='word_1_377' title='bbox 2151 3997 2391 4043; x_wconf 89' lang='lat' dir='ltr'>omnes</span> <span class='ocrx_word' id='word_1_378' title='bbox 2448 3973 2517 4043; x_wconf 92' lang='lat' dir='ltr'>in</span> <span class='ocrx_word' id='word_1_379' title='bbox 2575 3975 2705 4045; x_wconf 77' lang='lat' dir='ltr'>liu-</span> 
     </span>
     <span class='ocr_line' id='line_1_43' title="bbox 181 4058 2706 4153; baseline 0.003 -30"><span class='ocrx_word' id='word_1_380' title='bbox 181 4058 448 4129; x_wconf 86' lang='lat' dir='ltr'>militate</span> <span class='ocrx_word' id='word_1_381' title='bbox 479 4061 866 4151; x_wconf 85' lang='lat' dir='ltr'>proficiant,</span> <span class='ocrx_word' id='word_1_382' title='bbox 918 4064 1214 4152; x_wconf 88' lang='lat' dir='ltr'>provecti</span> <span class='ocrx_word' id='word_1_383' title='bbox 1261 4062 1908 4153; x_wconf 88' lang='lat' dir='ltr'>contemplationem</span> <span class='ocrx_word' id='word_1_384' title='bbox 1960 4085 2093 4131; x_wconf 90' lang='lat' dir='ltr'>non</span> <span class='ocrx_word' id='word_1_385' title='bbox 2130 4062 2468 4144; x_wconf 80' lang='lat' dir='ltr'>deserant,</span> <span class='ocrx_word' id='word_1_386' title='bbox 2512 4086 2706 4132; x_wconf 88' lang='lat' dir='ltr'>man-</span> 
     </span>
     <span class='ocr_line' id='line_1_44' title="bbox 182 4142 2703 4243; baseline 0.004 -33"><span class='ocrx_word' id='word_1_387' title='bbox 182 4142 316 4216; x_wconf 85' lang='lat' dir='ltr'>data</span> <span class='ocrx_word' id='word_1_388' title='bbox 361 4151 474 4218; x_wconf 85' lang='lat' dir='ltr'>Dei</span> <span class='ocrx_word' id='word_1_389' title='bbox 523 4150 746 4221; x_wconf 81' lang='lat' dir='ltr'>seduli</span> <span class='ocrx_word' id='word_1_390' title='bbox 791 4164 1236 4238; x_wconf 84' lang='lat' dir='ltr'>exequantur.</span> <span class='ocrx_word' id='word_1_391' title='bbox 1277 4158 1444 4221; x_wconf 89' lang='lat' dir='ltr'>Nam</span> <span class='ocrx_word' id='word_1_392' title='bbox 1493 4152 1682 4221; x_wconf 89' lang='lat' dir='ltr'>dedit</span> <span class='ocrx_word' id='word_1_393' title='bbox 1729 4151 1832 4220; x_wconf 91' lang='lat' dir='ltr'>illi</span> <span class='ocrx_word' id='word_1_394' title='bbox 1885 4156 2057 4221; x_wconf 83' lang='lat' dir='ltr'>Deus</span> <span class='ocrx_word' id='word_1_395' title='bbox 2082 4173 2200 4221; x_wconf 91' lang='lat' dir='ltr'>cor</span> <span class='ocrx_word' id='word_1_396' title='bbox 2226 4153 2308 4221; x_wconf 87' lang='lat' dir='ltr'>ad</span> <span class='ocrx_word' id='word_1_397' title='bbox 2342 4166 2703 4243; x_wconf 86' lang='lat' dir='ltr'>praecepta</span> 
     </span>
     <span class='ocr_line' id='line_1_45' title="bbox 184 4236 2703 4337; baseline 0.004 -37"><span class='ocrx_word' id='word_1_398' title='bbox 184 4245 238 4300; x_wconf 84' lang='lat' dir='ltr'>et</span> <span class='ocrx_word' id='word_1_399' title='bbox 279 4236 493 4337; x_wconf 79' lang='lat' dir='ltr'>legem</span> <span class='ocrx_word' id='word_1_400' title='bbox 541 4239 718 4308; x_wconf 89' lang='lat' dir='ltr'>vitae</span> <span class='ocrx_word' id='word_1_401' title='bbox 763 4252 829 4308; x_wconf 92' lang='lat' dir='ltr'>et</span> <span class='ocrx_word' id='word_1_402' title='bbox 872 4240 1321 4331; x_wconf 89' lang='lat' dir='ltr'>disciplinae;</span> <span class='ocrx_word' id='word_1_403' title='bbox 1374 4252 1438 4310; x_wconf 89' lang='lat' dir='ltr'>et</span> <span class='ocrx_word' id='word_1_404' title='bbox 1486 4239 1824 4329; x_wconf 90' lang='lat' dir='ltr'>sapientia</span> <span class='ocrx_word' id='word_1_405' title='bbox 1857 4240 2202 4312; x_wconf 89' lang='lat' dir='ltr'>humiliati</span> <span class='ocrx_word' id='word_1_406' title='bbox 2237 4241 2559 4311; x_wconf 86' lang='lat' dir='ltr'>exaltabit</span> <span class='ocrx_word' id='word_1_407' title='bbox 2588 4263 2703 4310; x_wconf 90' lang='lat' dir='ltr'>ca-</span> 
     </span>
     <span class='ocr_line' id='line_1_46' title="bbox 191 4326 2699 4421; baseline 0.002 -28"><span class='ocrx_word' id='word_1_408' title='bbox 191 4337 291 4407; x_wconf 80' lang='lat' dir='ltr'>put</span> <span class='ocrx_word' id='word_1_409' title='bbox 336 4326 548 4396; x_wconf 80' lang='lat' dir='ltr'>illius.</span> <span class='ocrx_word' id='word_1_410' title='bbox 598 4333 678 4396; x_wconf 89' lang='lat' dir='ltr'>ln</span> <span class='ocrx_word' id='word_1_411' title='bbox 725 4326 952 4397; x_wconf 89' lang='lat' dir='ltr'>medio</span> <span class='ocrx_word' id='word_1_412' title='bbox 998 4330 1336 4400; x_wconf 87' lang='lat' dir='ltr'>Ecclesiae</span> <span class='ocrx_word' id='word_1_413' title='bbox 1382 4330 1651 4420; x_wconf 89' lang='lat' dir='ltr'>aperuit</span> <span class='ocrx_word' id='word_1_414' title='bbox 1699 4351 1775 4399; x_wconf 93' lang='lat' dir='ltr'>os</span> <span class='ocrx_word' id='word_1_415' title='bbox 1821 4330 2013 4421; x_wconf 86' lang='lat' dir='ltr'>ejus:</span> <span class='ocrx_word' id='word_1_416' title='bbox 2068 4343 2133 4400; x_wconf 92' lang='lat' dir='ltr'>et</span> <span class='ocrx_word' id='word_1_417' title='bbox 2182 4330 2491 4421; x_wconf 83' lang='lat' dir='ltr'>implevit</span> <span class='ocrx_word' id='word_1_418' title='bbox 2537 4352 2699 4399; x_wconf 88' lang='lat' dir='ltr'>eum</span> 
     </span>
    </p>
   </div>
  </div>
 </body>
</html>
