3327 4999
3232 113 3243 190 l

3236 209 3243 252 l

3238 263 3243 338 l

727 321 849 385 ⁴34
1531 338 1609 383 nr:
1658 338 1716 383 s.
1770 337 2080 385 Gnssconio
2131 338 2291 383 PAPA
2796 318 3025 383 MART.
3073 317 3137 382 t2
3242 371 3243 388 l

635 430 1003 503 antequam
1061 415 1594 486 nefandissimae
1642 417 1864 507 gentis
1901 417 2241 486 exercitus
2301 416 2450 486 loca
2495 438 2673 502 quae
2723 416 2942 485 adhuc
2988 438 3025 483 a
3054 438 3141 484 re·
3238 427 3243 510 Ῑ

637 507 916 599 publica
975 505 1404 586 detinentur,
1468 511 1599 574 Deo
1658 506 1793 575 sibi
1840 506 2180 575 contrario
2226 505 2439 595 (quod
2491 506 2713 593 absit)
2746 505 3142 595 praevaleant
3242 517 3243 562 l

633 617 995 685 occupare.
1081 595 1558 682 Presbyterum
1609 607 1840 663 autem
1889 595 1973 664 ad
2028 617 2151 663 nos
2200 594 2658 664 transmittere
2716 600 2843 663 Deo
2886 594 3138 681 juvante

635 686 901 763 festina,
936 684 1098 771 quia
1131 696 1194 752 et
1224 684 1295 752 in
1328 684 1740 751 monasterio
1775 696 1914 764 tu0‚
1946 697 2009 752 et
2040 684 2109 751 in
2145 705 2370 773 opere,
2428 684 2543 751 cui
2579 705 2740 751 eum
2774 681 3138 774 praeposui-
3242 675 3243 692 ¹

636 797 815 846 mus.
857 772 1284 842 necessarius
1329 794 1478 841 esse
1525 772 1809 841 omnino
1856 773 2316 862 cognoscitur.
2371 778 2530 840 Data
2553 785 2795 859 quarto
2828 778 3139 840 Nonarum

639 863 868 932 Octob.
909 862 1152 930 Indict.
1192 866 1317 929 3.»
2185 903 2189 907 .

722 955 758 1038 ξ
824 955 952 1021 12.
1008 951 1184 1019 Huic
1231 949 1574 1035 siquidem
1626 950 2058 1021 monasterio.
2105 951 2306 1039 cujus
2342 949 2452 1018 hic
2484 955 2665 1040 Papa
2691 949 2999 1040 Pelagius
3022 968 3141 1015 me-

634 1040 858 1120 minit,
907 1039 1179 1109 Siculus
1229 1039 1685 1108 Maximianus
1714 1041 1836 1126 qui
1866 1053 2017 1129 post
2050 1044 2525 1128 Syracusanus
2565 1039 2932 1128 episcopus
2956 1037 3140 1104 extitit

633 1129 869 1198 eodem
922 1141 1223 1219 tempore
1257 1128 1573 1217 praefuit.
1628 1130 1759 1211 Qui
1816 1130 1900 1196 ad
1960 1127 2416 1196 venerabilem
2449 1124 3137 1217 LevitamGregorium

632 1218 704 1286 in
752 1217 1068 1304 ejusdem
1116 1217 1342 1307 regiae
1386 1217 1580 1287 urbis
1629 1217 1906 1307 palati0‚
1945 1240 2065 1307 pro
2116 1217 2464 1305 responsis
2514 1215 3002 1286 Ecclesiasticis
3042 1213 3138 1280 de-

634 1307 1024 1386 sudantem,
1078 1306 1486 1376 visitationis
1534 1307 1755 1396 gratia
1789 1330 1947 1375 cum
1998 1306 2328 1374 fratribus
2377 1305 2579 1386 venit,
2617 1317 2681 1373 et
2709 1305 2877 1373 dum
2911 1304 2989 1371 ad
3022 1322 3139 1370 mo-

635 1396 1012 1464 nasterium
1086 1396 1277 1484 ejus,
1358 1394 1492 1464 sibi
1566 1417 1839 1481 quoque
1887 1395 2377 1475 commissum,
2444 1400 2730 1463 Romam
2786 1393 3043 1470 rediret,
3088 1390 3139 1455 in

635 1485 810 1553 mari
868 1483 1207 1553 Adriatico
1258 1483 1472 1552 nimia
1526 1496 1918 1573 tempestate
1967 1482 2462 1572 deprehensus.
2527 1481 3013 1552 inaestimabili
3057 1500 3144 1547 or-

633 1573 795 1641 dine
826 1584 1030 1659 atque
1079 1572 1403 1642 inusitato
1440 1572 1772 1641 miraculo
1821 1594 1981 1662 erga
2032 1594 2102 1642 se
2133 1585 2553 1658 cunctosque
2586 1571 2705 1657 qui
2757 1567 3144 1640 secumadc·

635 1673 811 1743 rant,
850 1662 1339 1751 omnipotentis
1387 1661 1502 1729 Dei
1549 1673 1614 1730 et
1662 1661 1836 1729 iram
1887 1661 2223 1750 cognovit,
2269 1673 2332 1728 et
2381 1660 2668 1750 gratiam
2705 1660 2761 1728 ²⁴².
2801 1666 2967 1730 Nam
3014 1676 3145 1725 cum

635 1750 704 1817 in
756 1773 992 1819 eorum
1044 1764 1260 1819 morte
1293 1762 1649 1818 ventorum
1702 1749 2172 1818 nimietatibus
2220 1751 2472 1819 fluctus
2519 1748 2758 1818 elevati
2816 1747 3140 1822 saevirent,

634 1860 716 1907 ex
764 1839 920 1906 navi
968 1839 1143 1907 clavi
1188 1839 1473 1929 perditi,
1550 1840 1754 1907 arbor
1802 1839 2071 1907 abcissa
2124 1851 2245 1914 est,
2303 1837 2448 1906 vela
2501 1838 2567 1906 in
2604 1837 2817 1906 undis
2857 1837 3143 1993 proijectffi

639 1940 994 2014 totumque
1031 1950 1146 1996 vas
1192 1927 1385 1996 navis
1436 1927 1672 1996 nimiis
1720 1940 2125 2013 quassatum
2185 1927 2535 2005 fluctibus,
2591 1927 2676 1995 ab
2725 1926 2918 1995 omni
2995 1929 3154 1993 uerat

642 2038 766 2086 sua
797 2020 1128 2107 compage
1174 2016 1614 2085 dissolutum.
1654 2016 1873 2084 Bimis
1925 2016 2152 2102 itaque
2250 2016 2595 2085 atentibus
2645 2016 2924 2083 intravit
2969 2031 3148 2086 mare,

639 2119 841 2192 atque
889 2128 1108 2192 usque
1155 2104 1239 2173 ad
1291 2104 1680 2195 superiores
1733 2105 1999 2173 tabulas
2052 2106 2194 2194 imp
2226 2105 2407 2185 evit,
2478 2104 2572 2173 ita
2641 2118 2716 2173 ut
2777 2126 2915 2173 non
2964 2098 3152 2188 magis
3242 2117 3243 2184 j

640 2195 833 2262 navis
885 2195 1059 2263 inter
1106 2193 1353 2274 undaS‚
1407 2215 1615 2280 quam
1665 2194 1896 2262 undae
1933 2194 2080 2283 jam
2132 2195 2309 2262 intra
2370 2194 2596 2261 navim
2667 2215 2819 2261 esse
2877 2191 3151 2260 videren-
3242 2193 3243 2242 l

639 2294 770 2351 tur.
812 2289 1000 2352 Tunc
1049 2284 1119 2351 in
1170 2283 1408 2351 eadem
1452 2283 1606 2350 navi
1658 2283 2055 2362 residente5‚
2112 2305 2242 2351 non
2287 2283 2430 2371 jam
2474 2304 2554 2350 ex
2601 2282 2845 2350 mortis
2906 2278 3145 2352 vicinia,

631 2371 753 2440 sed
802 2393 882 2440 ex
927 2372 1081 2461 ipsa
1125 2372 1277 2461 ejus
1326 2371 1670 2462 praesenti
1735 2371 1993 2439 visione
2065 2371 2356 2449 turbati,
2425 2392 2665 2441 omnes
2730 2365 3149 2456 sibimetipsis
3238 2425 3243 2470 5

632 2482 870 2551 pacem
923 2460 1282 2541 dederunt,
1335 2481 1588 2549 corpus
1635 2471 1702 2528 et
1748 2459 2160 2550 sanguinem
2211 2459 2685 2549 Redemptoris
2734 2465 3146 2552 acceperuut,
3242 2477 3243 2492 ¹

635 2556 767 2619 Deo
816 2572 885 2620 se
916 2551 1175 2641 singuli
1215 2549 1803 2629 commendanteS‚
1842 2563 1916 2618 ut
1955 2571 2192 2618 eorum
2242 2549 2513 2618 animas
2566 2548 2914 2637 benignus
2962 2564 3151 2640 susci-

633 2653 841 2729 peret,
877 2661 1174 2725 quorum
1225 2659 1513 2727 corpora
1563 2638 1653 2706 ita
1706 2638 2055 2727 pavendae
2104 2639 2300 2707 morti
2347 2638 2763 2707 tradidisset.
2801 2637 2931 2708 Sed
2961 2653 3156 2704 onim-
3228 2568 3243 2743 ⁴

632 2741 872 2817 potens
927 2733 1098 2797 Deus
1136 2727 1257 2813 qui
1304 2748 1544 2795 eorum
1596 2738 1892 2795 mentem
1942 2721 2351 2796 mirabiliter
2403 2727 2663 2808 terruit,
2711 2749 2953 2795 eorum
3010 2742 3155 2817 qu07
3240 2758 3243 2829 5

630 2839 765 2903 que
814 2816 1191 2903 vitam-per
1242 2814 1562 2884 meritum
1623 2815 1868 2884 famuli
1919 2815 2027 2885 sui
2078 2815 2407 2905 Gregorii,
2466 2837 2588 2904 pro
2644 2816 2850 2905 cujus
2901 2807 3154 2904 speciali
3240 2848 3243 2887 4

631 2927 865 2973 amore
911 2915 1258 2984 venerant,
1297 2903 1686 2975 mirabilius
1735 2904 2122 2975 reservavit..
2162 2910 2328 2975 Nam
2365 2904 2611 2973 diebus
2658 2918 2810 2973 octo
2851 2904 3037 2973 navis
3063 2902 3156 2967 ea·
3238 2892 3243 3003 ἶ

635 2994 817 3071 dem,
870 3014 1090 3077 usque
1136 2992 1221 3061 acl
1257 2993 1643 3082 superiores
1679 2993 1948 3063 tabulas
1979 2994 2178 3079 aquis
2211 2992 2437 3082 plena,
2477 2993 2604 3065 iter
2639 2993 3000 3083 proprium
3035 3008 3159 3079 pet·-
3242 3008 3243 3025 ¹

632 3103 845 3171 agens
891 3081 1207 3149 enatavit.
1263 3088 1448 3150 Nono
1497 3095 1725 3151 autem
1761 3082 1894 3163 die,
1949 3082 2034 3149 ad
2088 3083 2518 3151 crotonensis
2559 3082 2766 3150 castri
2806 3082 2878 3115 *²*
2911 3091 3154 3173 portum

634 3170 929 3238 deducta
974 3182 1096 3239 est.
1153 3176 1241 3238 Ex
1275 3192 1414 3256 qua
1459 3170 1774 3240 exierunt
1820 3191 2060 3240 omnes
2111 3170 2491 3239 incolumes
2539 3171 2658 3256 qui
2706 3192 2870 3239 cum
2923 3164 3161 3259 praedi-

632 3270 739 3328 cto
789 3259 1194 3328 Maximiano
1243 3260 1386 3329 viro
1435 3259 1807 3329 venerabili
1845 3260 2283 3360 navigabant.
2339 3263 2643 3345 Cumque
2680 3271 2836 3348 post
2868 3281 2985 3327 eos
3034 3256 3158 3344 ipse
3240 3330 3243 3363 ἦ

631 3370 904 3434 quoque
953 3347 1192 3417 fuisset
1237 3371 1579 3439 egressu5,
1641 3371 1794 3417 mox
1839 3348 1912 3416 in
1963 3348 2273 3436 ejusdem
2324 3362 2563 3438 portus
2603 3346 3023 3438 profundum
3058 3363 3159 3411 na·

633 3436 734 3507 vis
780 3437 1093 3506 demersa
1139 3450 1262 3518 est,
1316 3461 1394 3508 ac
1444 3438 1501 3505 si
1550 3436 1692 3505 illis
1739 3436 2274 3527 egredientibus,
2326 3459 2446 3526 pro
2508 3436 2808 3526 pondere
2861 3434 3157 3506 subleva·
3238 3390 3243 3489 Ι

633 3524 815 3594 tione
863 3526 1218 3607 caruisset,
1271 3540 1335 3595 et
1382 3548 1557 3612 quae
1593 3524 1794 3615 plena
1834 3526 2235 3596 hominibus
2278 3526 2347 3593 in
2402 3525 2640 3615 pelago
2689 3547 2909 3612 aquas
2956 3533 3161 3614 porta·
3242 3520 3243 3531 ’

633 3627 819 3682 verat
858 3628 1059 3702 atque
1108 3627 1476 3694 nataverat,
1529 3613 1941 3684 Maximiano
1974 3637 2135 3683 cum
2184 3614 2513 3684 fratribus
2549 3615 2930 3693 recedente,
2964 3625 3156 3698 aquas
3242 3678 3243 3691 ¹

636 3702 782 3771 sine
831 3703 1233 3775 hominibus
1283 3704 1350 3772 in
1414 3715 1638 3792 portu,
1709 3725 1830 3771 nec
1891 3717 2157 3792 portare
2210 3703 2516 3782 valuerit,
2593 3725 2715 3772 nec
2768 3714 3026 3771 natare.
3098 3699 3163 3764 Ut

634 3791 796 3861 hinc
845 3793 1281 3882 omnipotens
1319 3798 1492 3861 Deus
1532 3791 1937 3873 ostenderet,
1965 3793 2130 3879 quia
2162 3814 2281 3882 per
2313 3803 2570 3861 metum
2605 3791 2941 3881 Gregorii,
2977 3802 3162 3875 quem

633 3879 875 3951 fratres
922 3882 1380 3960 visitaverant,
1427 3881 1603 3950 hanc
1636 3893 1955 3950 onustam
1989 3904 2115 3950 sua
2149 3902 2360 3949 manu
2395 3894 2702 3950 tenuerat
2730 3902 2910 3967 quae
2939 3880 3023 3948 ab
3056 3877 3162 3944 lio»

637 3970 947 4039 minibus
995 3994 1210 4039 vacua
1262 3991 1662 4060 permanere
1715 3992 1849 4039 non
1888 3971 2108 4060 potuit
2141 3991 2350 4059 super
2396 3992 2637 4056 aquaS.
3086 4051 3097 4062 ,

724 4062 759 4146 ἓ
823 4065 960 4131 18.
1017 4059 1235 4148 Igitur
1283 4069 1646 4147 postquam
1708 4064 1992 4129 Romam
2060 4059 2430 4149 Gregorius
2493 4057 2906 4127 venerabilis
2958 4060 3162 4149 Levita

637 4169 951 4217 reversus
997 4161 1119 4227 est,
1175 4147 1547 4233 aliquando
1595 4148 1947 4237 interjecto
1983 4159 2307 4237 tempore,
2365 4159 2551 4217 tanta
2598 4145 3048 4217 inundatione
3076 4144 3170 4207 Ti·

634 4236 818 4306 beris
867 4236 1120 4321 fluvius
1168 4236 1440 4306 alveum
1490 4259 1698 4306 suum
1745 4257 2066 4328 egressus
2112 4249 2236 4317 est,
2294 4248 2700 4324 tantumque,
2746 4232 3060 4308 excrevit,
3104 4233 3172 4294 ut

691 4408 717 4434 ¹¹¹
745 4407 1021 4456 Tempestas
1040 4406 1184 4445 maris
1204 4406 1488 4447 describitur
1508 4418 1592 4456 per
1612 4408 1656 4448 S.
1680 4408 1894 4458 Gregorii
1912 4409 2094 4454 merita,
2115 4402 2291 4448 sedata:

691 4462 743 4487 *¹
773 4462 826 4500 In
848 4460 1061 4501 Calabria
1082 4461 1321 4507 ulteriore,
1337 4462 1530 4503 Italicae
1561 4462 1989 4503 austro-orientalis
2009 4462 2268 4511 provincia.
