3327 4999
692 345 818 410 1158
1495 364 1573 409 DE
1619 363 1675 410 s.
1730 363 2041 412 Gnsoomo
2088 363 2249 409 PAPA
2751 343 2970 407 MART.
3018 339 3084 404 ⁴2

600 442 953 532 Trajanus,
1010 442 1066 511 si
1115 464 1329 511 sanus
1376 454 1822 512 reverteretur
1868 466 1907 511 a
1950 441 2228 532 praelio,
2282 442 2470 510 hunc
2511 462 2583 511 se
2617 440 3080 509 vindicaturum

597 553 720 686 per
767 531 997 599 omnia
1047 530 1508 620 responderet,
1561 530 1769 600 vidua
1817 531 2025 600 dixit:
2081 554 2116 598 «
2169 530 2235 600 Si
2287 542 2361 599 tu
2409 530 2479 598 in
2529 529 2781 618 praelio
2814 540 3088 597 mortuus

626 618 834 698 ueris,
888 620 1045 706 quis
1094 619 1265 687 mihi
1314 620 1725 709 praestabit?
1774 643 1812 686 »
1859 620 2191 709 Trajanus
2240 617 2633 709 respondit:
2688 642 2723 684 «
2788 617 2931 698 Ille,
2988 613 3088 701 qui

600 719 753 798 post
784 729 892 775 me
939 707 1324 797 imperabit.
1380 732 1415 774 ι)
1466 708 1682 777 Vidua
1728 707 1936 778 dixit:
1977 731 2012 775 «
2048 713 2125 777 Et
2154 707 2318 794 quid
2358 707 2481 777 tibi
2515 705 2834 797 proderit,
2867 706 2920 775 si
2947 703 3089 772 alter

598 795 1148 952 mihid'ustitiam
1199 796 1482 866 fecerit?
1531 820 1566 864 »
1616 797 1947 887 Trajanus
1995 796 2396 897 respondit:
2451 819 2486 862 «
2542 797 2780 882 Utique
2825 791 3004 863 nihil.
3062 813 3089 856 »

597 888 675 953 Et
721 883 783 952 vi
839 907 967 954 ua:
1022 907 1056 949 «
1107 890 1362 966 Nonne,
1417 885 1661 972 inquit,
1720 885 1969 955 melius
2016 886 2138 955 tibi
2185 896 2308 966 est,
2361 897 2438 954 ut
2478 896 2551 953 tu
2584 882 2758 953 mihi
2779 880 3085 974 justitiam

599 970 807 1042 facias
838 1027 853 1054 ‚
905 985 969 1042 et
1017 995 1137 1062 pro
1185 975 1310 1043 hoc
1361 974 1744 1043 mercedem
1794 985 1982 1044 tuam
2031 974 2329 1063 accipias
2360 1028 2375 1054 ,
2428 995 2638 1059 quam
2700 971 2889 1042 alteri
2932 971 3081 1064 banc

598 1062 1063 1130 transmittas?
1113 1086 1149 1128 »
1198 1068 1384 1130 Tunc
1431 1063 1763 1153 Trajanus
1812 1063 2070 1132 ratione
2119 1063 2372 1153 pariter
2407 1062 2788 1152 pietateque
2818 1071 3083 1129 commo-

599 1163 733 1231 tus,
768 1172 942 1237 equo
971 1150 1343 1232 descendit,
1383 1174 1506 1221 nec
1538 1165 1695 1221 ante
1733 1151 2069 1231 discessit,
2109 1173 2317 1240 quam
2342 1150 2691 1240 judicium
2730 1150 2961 1219 viduae
2993 1166 3087 1236 per

601 1252 814 1309 semet
835 1239 1204 1308 imminens
1230 1241 1637 1330 profligaret.
1672 1241 1893 1331 Hujus
1915 1262 2075 1331 ergo
2101 1239 2702 1309 mansuetudinem
2722 1237 2972 1339 judicis
2998 1254 3087 1302 as-

601 1340 838 1397 serunt
884 1329 1283 1418 Gregorium
1333 1330 1790 1410 recordatum,
1844 1328 1928 1398 ad
1978 1328 2195 1398 sancti
2236 1327 2408 1397 Petri
2440 1327 2738 1417 Apostoli
2773 1325 3089 1396 basilicam

600 1417 1010 1505 pervenisse,
1064 1416 1295 1503 ibique
1343 1429 1480 1486 tam
1529 1419 1651 1487 diu
1699 1439 1908 1508 super
1951 1438 2178 1487 errore
2218 1429 2354 1485 tam
2387 1414 2905 1485 clementissimi
2938 1413 3094 1503 prin-

599 1504 775 1594 cipis
822 1505 1197 1584 deflevisse,
1249 1528 1608 1593 quousque
1656 1528 2063 1596 responsum
2115 1505 2421 1591 sequenti
2463 1516 2657 1574 nocte
2696 1505 2998 1595 cepisset,
3038 1519 3093 1568 se

601 1616 724 1684 pro
772 1593 1062 1681 Trajano
1110 1593 1321 1665 fuisse
1368 1595 1726 1675 auditum,
1788 1607 2050 1664 tanturn
2100 1616 2223 1684 pro
2271 1593 2462 1663 nullo
2509 1593 2804 1663 ulterius
2864 1607 3099 1683 pagano

602 1704 835 1771 preces
883 1681 1260 1752 effunderet
1304 1683 1430 1773 (a).
1487 1682 1611 1753 Sed
1654 1706 1814 1753 cum
1865 1682 1949 1751 de
1978 1682 2452 1773 superioribus
2486 1681 2843 1751 miraculis
2877 1686 3099 1750 Roma·

560 1801 563 1804 “
601 1792 846 1840 norum
900 1771 984 1841 sit
1034 1793 1257 1851 nem0‚
1311 1773 1430 1858 qui
1470 1772 1755 1854 dubitet,
1792 1772 1873 1840 de
1909 1772 2060 1852 hoc,
2095 1771 2276 1858 quod
2310 1769 2494 1860 apud
2530 1775 2829 1840 Saxones
2858 1765 3097 1859 legitur,

600 1859 812 1946 hujus
861 1859 1181 1950 precibus
1214 1860 1500 1950 ›Trajani
1540 1860 1846 1931 animam
1880 1860 1966 1931 ab
1998 1859 2248 1929 inferni
2287 1858 2708 1929 cruciatibus
2750 1859 3097 1931 liberatam,

600 1947 687 2017 ob
719 1947 786 2016 id
821 1947 919 2016 vel
962 1947 1257 2016 maxime
1291 1948 1592 2019 dubitari
1627 1949 1915 2030 videtur,
1952 1949 2137 2035 quod
2174 1960 2401 2018 tantus
2431 1947 2668 2017 doctor
2699 1962 3098 2034 nequaquam

600 2048 1068 2128 praesumeret
1115 2058 1238 2126 pro
1286 2059 1554 2130 pagano
1602 2061 1886 2128 prorsus
1932 2059 2173 2117 orare,
2226 2038 2348 2124 qui
2393 2049 2636 2123 quarto
2696 2036 3100 2125 Dialogorum

601 2147 884 2196 suorum
937 2124 1110 2194 libro
1159 2124 1499 2208 docuerit,
1551 2128 1863 2197 eamdem
1911 2148 2195 2196 causam
2242 2147 2422 2206 esse,
2476 2148 2601 2195 cur
2650 2147 2787 2194 non
2839 2134 3104 2218 oretura

601 2214 856 2285 sanctis
902 2214 972 2282 in
1024 2214 1254 2284 futuro
1290 2216 1556 2305 judicio
1588 2237 1711 2307 pro
1746 2214 2217 2306 peccatoribus
2256 2228 2529 2283 aeterno
2561 2214 2721 2305 igne
2764 2215 3099 2285 damnatffi,

599 2325 775 2389 quae
824 2325 1009 2373 nunc
1056 2302 1260 2372 etiam
1309 2327 1519 2375 causa
1564 2315 1688 2386 est,
1745 2317 1823 2373 ut
1861 2325 1995 2372 non
2032 2316 2224 2373 orent
2258 2303 2472 2372 sancti
2510 2303 2829 2373 homines
2859 2323 2976 2392 pro
3007 2298 3106 2395 ho-

601 2391 908 2462 minibus
959 2391 1355 2462 infidelibus
1406 2393 1773 2483 impiisque
1820 2391 2183 2461 defunctis,
2255 2398 2397 2460 Non
2445 2390 2874 2460 advertentes
2908 2444 2923 2470 ‚
2971 2404 3103 2473 qma

600 2503 736 2551 non
787 2479 1038 2571 legitur
1085 2504 1208 2573 pro
1255 2480 1540 2569 Trajano
1575 2481 1973 2572 Gregorium
2009 2503 2343 2560 exorasse,
2386 2479 2501 2551 sed
2538 2491 2803 2550 tantum
2842 2476 3102 2572 flevisse.

601 2570 708 2639 Sic
755 2571 940 2639 enim
989 2594 1146 2640 cum
1201 2592 1336 2640 non
1376 2571 1688 2652 oraverit,
1725 2570 2093 2661 Gregorius
2125 2569 2512 2660 plangendo
2545 2569 2771 2661 potuit
2801 2565 3103 2659 exaudiri,

599 2659 801 2729 sicuti
848 2682 1007 2729 cum
1059 2665 1319 2749 Moyses
1367 2658 1660 2728 dolendo
1709 2670 1980 2745 taceret,
2041 2658 2257 2748 potuit
2317 2658 2652 2728 clamasse
2701 2657 2941 2726 videri.
3004 2658 3106 2722 Cui

599 2748 927 2817 Dominus
976 2749 1221 2816 tacenti
1270 2746 1494 2828 labiis,
1553 2772 1588 2814 «
1640 2748 1816 2831 Quid
1866 2748 2148 2828 clamas,
2184 2746 2430 2833 inquit,
2469 2745 2555 2814 ad
2592 2749 2752 2815 me?
2791 2744 3103 2838 Nimirum

595 2841 774 2906 Deus
820 2837 1253 2926 omnipotens
1301 2836 1509 2906 corda
1556 2858 1889 2923 renesque
1937 2846 2301 2916 scrutatur,
2354 2846 2418 2903 et
2457 2834 2850 2921 frequenter
2888 2857 2964 2903 ea
2999 2850 3105 2898 ml-

595 2936 819 2994 sertus
863 2924 1197 3005 concedit,
1254 2946 1428 3012 quae
1477 2925 1683 2995 homo
1731 2924 2047 3012 quamvis
2081 2937 2157 2993 ut
2187 2924 2485 2992 carnalis
2516 2923 2883 3005 desideret,
2924 2943 3000 2991 ea
3030 2931 3107 2987 ta-

594 3035 750 3082 men
804 3025 1025 3102 petere
1074 3034 1210 3082 non
1262 3014 1657 3102 praesumit.
1718 3037 1751 3067 ⁴···
1805 3014 1994 3082 Unde
2042 3011 2437 3082 Psalmista:
2492 3013 2913 3082 Desiderium
2952 3029 3107 3104 pau·-

589 3124 827 3191 perum
857 3102 1212 3170 emandavit
1244 3105 1581 3182 Domz'nuS,
1618 3113 1681 3172 et
1713 3103 2045 3171 desideria
2071 3102 2284 3171 cordis
2310 3124 2535 3170 eorum
2563 3103 2925 3171 eoeaudz'vic
2951 3113 3113 3167 aures

594 3201 713 3259 tua
742 3190 880 3280 (Ps.
917 3190 1009 3278 9).
1063 3195 1141 3259 Et
1190 3191 1593 3271 notandum,
1631 3191 1795 3278 quia
1828 3213 1962 3259 non
1998 3190 2246 3281 legitur
2281 3187 2584 3279 Gregorii
2619 3190 2944 3280 precibus
2976 3191 3110 3253 Tra·

583 3279 737 3369 jani
782 3278 1016 3348 anima
1062 3278 1147 3346 ab
1194 3279 1463 3349 inferno
1511 3279 1796 3349 liberata
1842 3290 1906 3349 et
1954 3279 2023 3347 in
2075 3277 2393 3369 paradiso
2441 3299 2513 3347 re
2567 3278 2774 3347 osita:
2830 3273 3013 3366 quod
3055 3292 3115 3338 o·

595 3368 836 3436 mnino
884 3366 1286 3437 incredibile
1331 3368 1717 3451 videretur,
1773 3379 2047 3458 propter
2094 3366 2312 3454 illud,
2364 3388 2499 3454 quo
2596 3367 2937 3457 scriptum
2986 3370 3111 3457 est:

601 3485 630 3517 cc
684 3456 825 3526 Nisi
871 3456 1027 3543 quis
1074 3470 1355 3526 renatus
1402 3457 1605 3527 fuerit
1649 3479 1730 3526 ex
1762 3479 1940 3543 aqua
1978 3469 2042 3526 et
2075 3455 2334 3547 Spiritu
2366 3461 2630 3536 SanctO,
2674 3477 2809 3524 non
2856 3449 3119 3523 intrabit

596 3544 667 3614 in
714 3566 1006 3635 regnum
1055 3545 1441 3615 coelorum:
1496 3574 1528 3607 n
1587 3544 1703 3617 sed
1739 3544 2142 3635 simpliciter
2180 3544 2437 3614 dicitur
2469 3545 2555 3614 ab
2588 3543 2844 3614 inferni
2876 3541 3118 3613 solum-

595 3633 800 3702 modo
845 3633 1267 3703 cruciatibus
1316 3633 1623 3709 liberata.
1676 3633 1858 3721 quod
1910 3633 2222 3702 videlicet
2270 3645 2487 3724 potest
2526 3632 2739 3701 videri
2777 3624 3114 3702 credibile.

596 3722 860 3814 Quippe
899 3745 1058 3792 cum
1107 3723 1200 3793 ita
1251 3722 1466 3793 valeat
1513 3722 1747 3791 anima
1794 3722 1863 3790 in
1914 3722 2180 3791 inferno
2227 3721 2535 3802 existere,
2591 3734 2657 3791 et
2696 3720 2950 3790 inferni
2979 3736 3120 3811 cru-

593 3811 814 3880 ciatus
837 3833 956 3901 per
977 3811 1092 3880 Dei
1114 3810 1656 3881 misericordiam
1686 3833 1821 3881 non
1845 3811 2115 3891 sentire,
2146 3810 2350 3880 sicuti
2370 3832 2553 3879 unus
2576 3810 2933 3900 gehennae
2954 3805 3119 3896 igms

597 3899 775 3969 valet
805 3921 1044 3968 omnes
1072 3912 1458 3990 peccatores
1494 3901 1747 3990 pariter
1779 3900 2100 3981 detinere,
2140 3898 2256 3967 sed
2293 3921 2421 4000 per
2451 3899 2567 3967 Dei
2589 3899 2935 3988 justitiam
2968 3911 3124 3964 cun-

593 3999 736 4057 ctos
786 3987 1162 4075 aequaliter
1207 4010 1344 4058 non
1393 3988 1568 4059 valet
1612 4011 1917 4059 exurere.
1972 3994 2139 4059 Nam
2185 3988 2739 4078 uniuscujusque
2796 3994 3119 4074 quantum

592 4076 843 4146 meruit
889 4076 1116 4167 culpa,
1163 4077 1352 4168 justo
1403 4078 1518 4147 Dei
1554 4078 1823 4169 judicio
1871 4090 2133 4148 tantum
2186 4076 2515 4147 sentietur
2561 4087 2626 4146 et
2673 4098 2922 4167 poena.

645 4207 712 4260 (a)
739 4209 858 4249 Huic
875 4210 933 4249 de
949 4210 1140 4257 'tradant
1159 4210 1314 4250 anima
1330 4210 1556 4251 historiae
1575 4212 1691 4251 sunt
1709 4211 1791 4261 qul
1808 4211 2023 4251 faveant:
2052 4210 2284 4250 Batonius
2312 4209 2386 4257 (sd
2419 4218 2526 4249 ann.
2561 4205 2689 4259 nciv)
2714 4207 2972 4255 cunctique
3000 4206 3110 4250 pene

589 4263 877 4302 recentiores
896 4264 950 4301 ut
967 4262 1175 4303 fabulam
1194 4265 1436 4312 respuunt.
1458 4264 1547 4304 Sed
1566 4266 1722 4313 potuit
1742 4274 1868 4307 sane.
1888 4264 2022 4312 ajunt
2041 4263 2350 4308 Bollandisni,
2368 4263 2412 4303 S.
2437 4263 2709 4311 Gregorius,
2728 4262 2865 4309 qussi
2886 4260 2937 4299 in
2956 4252 3118 4296 somni!

592 4318 799 4365 aliquam
818 4314 1014 4356 extasim
1031 4325 1216 4365 passus.
1243 4318 1478 4362 didicisse.
1504 4319 1668 4363 Deum,
1697 4328 1809 4357 suae
1838 4317 2163 4367 promissionis
2197 4326 2465 4361 memorem,
2492 4317 2708 4364 Trojano,
2733 4315 2851 4354 licet
2877 4309 3051 4352 infideli
3080 4304 3123 4345 et

590 4371 825 4410 Ecclesiae
844 4369 1021 4408 Christi
1040 4370 1347 4417 persecutori,
1363 4381 1622 4421 congruum
1642 4371 1835 4420 aliquod
1853 4370 2132 4411 beneficium
2152 4370 2466 4419 praestitisse.
2496 4370 2753 4413 Caeterum,
2784 4367 2834 4406 in
2862 4359 3127 4413 interpret!-

588 4425 718 4465 2ione
739 4424 989 4463 verborum
1008 4423 1181 4471 quibus
1200 4424 1375 4464 ructum
1395 4426 1615 4464 narratur
1635 4433 1820 4465 summa
1837 4425 1933 4464 stat
1954 4424 2025 4464 ret
2042 4433 2102 4463 ne
2120 4422 2249 4463 recta
2267 4423 2358 4462 fide
2379 4424 2598 4462 aberrare
2626 4421 2859 4462 videatur.
2892 4414 3123 4458 sufficiunt

590 4488 710 4528 quse
730 4478 822 4520 huc
843 4476 1004 4517 subdit
1022 4477 1226 4518 Josnnes
1245 4478 1494 4520 Diaconum
1525 4478 1720 4519 Utiliter
1740 4478 1967 4527 legendus
1988 4478 2029 4517 S.
2049 4477 2248 4518 somnis
2264 4477 2540 4519 Dsmssceni
2560 4486 2714 4518 sermo
2736 4484 2825 4525 pro
2846 4466 3101 4513 Defunctu-
