3327 4999
746 358 832 423 70
1585 374 1666 423 nn
1714 374 1771 422 s.
1822 370 2057 421 consu
2105 371 2273 421 vmc.
2531 306 2538 311 -
2854 353 3084 420 MART.
3127 357 3160 420 6

660 458 1157 550 respondebat:
1198 463 1381 549 «Ego
1413 456 1612 528 facile
1651 457 1835 529 soleo
1882 456 2089 528 etiam
2128 456 2214 527 de
2244 455 2474 548 parvis
2505 476 2630 526 con
2685 456 2857 525 ueri.
2897 480 2932 523 »
2958 457 3161 526 Omni-

661 548 872 619 busei
892 546 1465 639 persecutionem,
1491 546 1855 629 damnum,
1880 546 2324 616 afflictionem
2349 543 2668 616 inferenti
2718 567 2824 627 ηε,
2850 567 2969 637 pro
2991 547 3161 615 malis

665 637 956 707 libenter
983 635 1197 707 voluit
1233 635 1414 706 bona
1463 635 1770 716 reddere,
1807 635 1901 706 ita
1948 647 2024 706 ut
2062 654 2589 723 nonnumquam
2638 633 2893 705 diceret
2921 657 2989 704 se
3026 657 3159 725 pro-

659 726 962 796 visu-ram
1013 724 1155 794 illis
1201 723 1287 794 de
1334 726 1542 796 rebus
1591 724 2020 806 necessariis,
2064 722 2293 811 quoad
2337 733 2565 795 essent
2592 721 2666 791 in
2706 724 2864 794 vita.
2896 724 2986 793 Ab
3017 723 3160 815 ipsis

658 836 933 902 quoque
980 812 1440 884 familiaribus
1466 813 1713 886 amicis
1751 835 1886 883 non
1923 834 2169 905 parum
2201 823 2438 882 vexata
2474 811 2626 882 fuit:
2660 834 2835 899 quos
2864 824 2940 884 ut
2966 813 3046 882 ab
3073 814 3162 880 in-

658 902 1081 995 gratitudine
1114 913 1479 984 revocaret,
1531 924 1648 972 eos
1694 902 1780 972 ad
1829 925 1902 973 se
1949 903 2228 982 accitOS,
2273 903 2343 970 in
2379 902 2527 972 suis
2558 901 2914 973 collocavit
2958 923 3163 971 mona-

664 992 914 1073 steriis,
967 1003 1034 1061 et
1078 1003 1225 1062 tum
1272 991 1694 1082 corporalia,
1732 1004 1876 1061 tum
1912 991 2249 1082 spiritalia
2264 992 2364 1062 eis
2393 990 2714 1061 adhibuit
2743 991 3002 1070 solatia,
3033 1003 3159 1060 tan-

661 1094 937 1169 tamque
986 1080 1229 1151 salutis
1275 1102 1515 1151 eorum
1562 1102 1805 1150 curam
1855 1081 2115 1171 gessit,
2167 1092 2245 1149 ut
2294 1079 2495 1149 multi
2541 1080 2690 1170 ejus
2739 1081 3052 1170 precibus
3093 1078 3159 1147 ab

660 1168 936 1240 animae
982 1181 1048 1239 et
1090 1169 1396 1260 corporis
1444 1169 1773 1259 periculis
1818 1169 2096 1261 attracti
2145 1169 2308 1239 sint.
2364 1168 2473 1237 Illi
2519 1180 2748 1239 autem
2799 1169 2958 1260 plus
3004 1167 3160 1237 dole-

658 1258 775 1328 bat
814 1257 932 1329 Dei
972 1258 1226 1349 injuria
1254 1270 1319 1328 et
1347 1258 1640 1350 perditio
1676 1258 2074 1329 animarum
2105 1257 2330 1348 ipsam
2365 1258 2949 1348 persequentium,
2984 1277 3158 1343 quam

658 1346 844 1417 mala
890 1347 1146 1430 omnia,
1198 1369 1376 1434 quae
1421 1347 1481 1416 ei
1529 1347 2020 1435 undecumque
2058 1345 2369 1415 accidere
2402 1347 2810 1437 potuissent.
2849 1346 2940 1416 Ad
2975 1359 3157 1415 extre-

658 1458 852 1506 mum
888 1448 1115 1506 tamen
1165 1436 1335 1506 tales
1374 1436 1692 1506 redibant
1735 1435 1821 1505 ad
1871 1434 2259 1515 sanitatem,
2292 1448 2359 1505 et
2402 1434 2726 1505 dolebant
2757 1433 2831 1506 se
2880 1448 3012 1506 tam
3045 1456 3160 1503 ma-

660 1523 922 1596 litiosos
970 1524 1040 1593 in
1091 1545 1242 1594 eam
1278 1524 1511 1595 fuisse.

748 1616 785 1701 ἓ
833 1618 1008 1686 61).
1063 1613 1271 1683 Multa
1318 1614 1522 1683 etiam
1574 1612 1730 1684 tulit
1780 1613 1866 1683 ab
1908 1612 2249 1684 extraneis
2295 1633 2434 1682 non
2482 1613 2747 1702 paucis,
2795 1611 3157 1705 praesertim

654 1724 698 1771 a
727 1702 1030 1790 quodam
1068 1702 1304 1793 magni
1338 1702 1639 1772 nominis
1669 1702 1837 1780 viro,
1872 1703 2076 1794 cujus
2124 1700 2300 1774 facta
2337 1723 2499 1770 cum
2549 1703 2832 1771 nomine
2865 1724 2996 1772 non
3027 1721 3159 1771 con·

655 1790 1064 1873 sentiebant,
1117 1791 1235 1878 qui
1284 1803 1351 1861 et
1385 1791 1566 1861 clam
1612 1803 1680 1861 et
1725 1791 1952 1881 palam
1991 1791 2414 1861 obtrectabat
2462 1790 2549 1871 ei,
2605 1790 3015 1862 mirabiliter
3039 1808 3159 1858 eam

660 1878 1074 1970 impediens,
1112 1879 1483 1967 multisque
1510 1901 1762 1951 vexans
1800 1880 2050 1960 modis,
2088 1892 2153 1949 et
2183 1878 2385 1970 plane
2414 1879 2773 1949 affirmans
2812 1900 2884 1949 se
2913 1894 2975 1950 et
3004 1878 3159 1973 illam

658 1980 724 2039 et
753 1990 995 2038 omnes
1020 1980 1309 2039 conatus
1336 1982 1401 2038 et
1430 1990 1638 2058 opera
1670 1968 1818 2057 ejus
1852 1991 2138 2060 prorsus
2182 1990 2612 2037 eversurum.
2650 1968 2778 2038 Illa
2811 1991 2965 2039 vero
2997 1967 3083 2038 sic
3116 1986 3162 2032 ei

661 2057 1037 2148 respondit:
1098 2080 1133 2124 «
1169 2063 1378 2148 Spero
1425 2057 1716 2128 fidenter
1759 2058 1832 2126 in
1881 2057 2182 2128 bonitate
2230 2056 2344 2127 Dei
2391 2070 2956 2128 conservaturum
3003 2074 3156 2129 eum,

661 2168 840 2234 quae
889 2168 1011 2238 per
1046 2167 1205 2216 eum
1256 2145 1435 2217 facta
1483 2159 1669 2216 sunt.
1709 2170 1745 2214 ›>
1780 2151 1926 2217 Duo
1970 2168 2008 2216 e
2055 2147 2244 2216 Clero
2277 2146 2636 2236 praecipui
2684 2146 2837 2247 ejus
2881 2164 3160 2238 persecu-

658 2249 838 2304 tores
904 2234 1094 2305 fuere
1151 2236 1219 2304 in
1287 2258 1369 2305 ea
1414 2236 1586 2306 urbe
1619 2291 1635 2317 ,
1689 2237 1762 2304 in
1809 2257 1942 2322 qua
1994 2234 2322 2326 permulti
2371 2257 2506 2304 non
2562 2235 2996 2306 mediocriter
3037 2252 3158 2301 eam

656 2323 1073 2394 infestarunt
1116 2337 1181 2393 et
1228 2324 1761 2415 impediverunt.
1832 2324 1885 2393 Ii
1955 2324 2209 2395 multos
2272 2325 2665 2393 confinxere
2712 2324 3035 2395 articulos
3076 2321 3160 2388 in-

655 2412 975 2482 credibili
1012 2412 1301 2495 malitia‚
1341 2425 1723 2482 asserentes
1769 2434 1918 2482 eam
1948 2412 2386 2483 Hussitarum
2429 2413 2692 2482 haeresi
2721 2413 2831 2504 (a)
2862 2413 3158 2485 laborare,

653 2513 719 2573 et
766 2503 984 2572 multa
1031 2501 1169 2572 alia
1215 2523 1381 2572 sane
1428 2501 1916 2583 abominanda,
1961 2502 2047 2570 ab
2094 2502 2236 2572 illis
2282 2501 2606 2572 scelerate
2651 2505 2970 2584 conficta,
3017 2517 3160 2586 quae

656 2599 893 2661 tamen'
929 2614 1063 2661 non
1107 2589 1516 2660 dubitabant
1558 2589 1785 2681 palam
1821 2590 2147 2662 omnibus
2186 2612 2568 2682 proponere
2611 2602 2677 2661 et
2723 2592 3060 2684 evulgare,
3103 2597 3161 2652 ul

653 2679 1008 2751 efficacius
1057 2691 1293 2751 sancta
1339 2679 1490 2769 ejus
1536 2700 1745 2769 opera
1788 2679 2233 2750 retardarent.
2282 2682 2408 2750 Sed
2455 2678 2576 2749 illa
2613 2680 2723 2750 his
2771 2681 3083 2751 omnibus
3107 2684 3157 2773 et

648 2769 1209 2857 quibuscumque
1243 2767 1415 2839 aliis
1463 2767 1744 2856 injuriis
1790 2768 2180 2860 opponebat
2225 2768 2579 2838 silentium
2614 2823 2629 2850 ‚
2684 2768 2911 2842 ferens
2962 2783 3158 2838 omma

650 2858 883 2928 sedato
909 2871 973 2927 et
1000 2856 1372 2943 tranquillo
1402 2857 1661 2927 animo,
1698 2858 2022 2941 Quamvis
2051 2870 2280 2928 autem
2314 2858 2534 2927 sancti
2568 2858 2890 2932 homines
2921 2857 3154 2928 sileant,

647 2945 818 3016 dum
890 2945 1119 3016 serunt
1193 2946 1739 3037 persecutiones,
1796 2968 1931 3015 non
1983 2947 2218 3017 minus
2265 2959 2493 3016 tamen
2542 2945 2982 3017 formidanda
3025 2951 3155 3013 sunt

638 3034 907 3125 judicia
956 3034 1093 3103 Dei.
1148 3040 1314 3105 Ecce
1351 3035 1538 3105 enim
1579 3035 1751 3105 alter
1797 3034 2044 3105 horum
2093 3046 2172 3105 ut
2200 3057 2270 3104 se
2307 3035 2472 3105 vidit
2503 3034 2910 3106 fru<tratum
2940 3041 3154 3105 conatu

648 3145 798 3203 suc,
835 3123 1011 3192 elato
1040 3124 1272 3193 animo
1305 3124 1441 3194 alio
1470 3123 1973 3215 commigravit,
2028 3123 2145 3193 sed
2197 3124 2406 3214 paulo
2455 3136 2608 3214 post
2652 3126 2996 3196 extinctus
3038 3130 3148 3189 est:

646 3211 819 3281 alter
867 3212 1121 3281 mansit
1165 3213 1472 3300 quidem,
1530 3213 1645 3283 sed
1700 3213 1891 3305 gravi
1941 3226 2298 3304 correptus
2352 3213 2612 3296 morb0,
2663 3214 2867 3285 valde
2923 3208 3148 3283 crucia-

647 3302 873 3381 batur,
908 3301 1149 3370 crebro
1194 3302 1554 3393 appellans
1602 3302 1923 3382 Coletam,
1978 3313 2307 3388 tanquam
2357 3302 2794 3375 indicaturus
2841 3305 2924 3373 ea
2980 3293 3148 3396 causi

647 3411 719 3458 se
769 3389 866 3459 sic
901 3391 1231 3477 torqueri,
1288 3391 1471 3477 quod
1524 3392 1782 3479 injuste
1827 3411 1978 3460 eam
2020 3403 2197 3460 esset
2247 3403 2669 3480 persecutus:
2724 3405 2931 3481 atque
2979 3392 3046 3459 in
3088 3402 3153 3478 ¹¹8,

646 3477 1004 3548 doloribus
1064 3477 1314 3550 clausit
1377 3479 1557 3549 diem
1608 3492 2019 3550 extremum.
2073 3478 2371 3563 Quidam
2417 3480 2621 3549 etiam
2675 3479 2835 3552 laici
2882 3478 3155 3571 opulenti

648 3568 1076 3638 sanctitatem
1115 3568 1264 3659 ejus
1308 3578 1374 3637 et
1422 3568 1559 3637 vim
1612 3581 1887 3638 sanctae
1929 3589 2065 3657 pau
2117 3568 2352 3639 ertatis
2400 3569 2821 3660 ignorantes,
2877 3590 3007 3639 non
3046 3583 3155 3721 Fa·

646 3677 802 3725 rum
851 3656 1001 3747 ejus
1049 3655 1397 3728 detraxere
1443 3656 1935 3728 existimationi
1963 3670 2030 3727 et
2089 3679 2309 3737 amae,
2350 3657 2657 3728 dicentes
2687 3680 2838 3728 eam
2877 3677 3022 3727 esse
3069 3669 3158 3720 oe-

646 3743 908 3813 minam
956 3745 1369 3836 cumprimis
1408 3744 1837 3837 opulentam,
1880 3766 2059 3832 quae
2091 3759 2370 3815 mutuas
2415 3745 2608 3817 daret
2655 3747 2986 3838 pecunias
3029 3757 3158 3832 prot

646 3844 797 3924 pter
826 3854 1096 3916 usuras
1126 3846 1191 3903 et
1219 3855 1396 3921 quae
1426 3834 1698 3905 cambia
1728 3833 1832 3904 vel
1859 3834 2166 3924 collybos
2189 3834 2491 3917 ParisiiS,
2518 3836 2765 3927 Brugis
2793 3846 2858 3905 et
2884 3829 3159 3905 Gandavu

644 3932 1143 3992 manuteneret.
1213 3924 1340 3992 Sed
1411 3922 1579 3993 haec
1628 3923 1731 3992 illi
1780 3923 2233 4015 ineptissime,
2305 3923 2586 4011 quando
2650 3946 2769 3994 cor
2824 3924 2972 4015 ejus
3014 3916 3158 3988 adeo

643 4009 943 4080 fervebat
991 4024 1266 4083 sanctae
1316 4012 1745 4104 paupertatis
1790 4034 2065 4092 amore,
2121 4025 2197 4082 ut
2245 4012 2463 4082 multo
2510 4011 2841 4084 libentius
2889 4022 3151 4103 passura

646 4097 853 4169 fuerit
891 4122 962 4170 se
1011 4102 1232 4171 vivam
1282 4101 1640 4185 excoriari,
1692 4122 1901 4189 quam
1950 4101 2326 4190 quicquam
2371 4101 2719 4193 ejusmodi
2763 4100 3143 4172 admitteret.

693 4276 763 4333 (a)
791 4277 1024 4321 licentram
1056 4291 1084 4322 a
1109 4282 1290 4321 Jomne
1317 4282 1441 4321 Hau
1466 4281 1567 4321 sive
1594 4281 1804 4321 Haesit-ot
1833 4278 2165 4321 haeresin-ch&
2193 4282 2434 4331 appellati.
2463 4283 2707 4333 Ρωςωοσ
2733 4282 2875 4322 etiam
2892 4276 3002 4320 dicti
3019 4270 3118 4316 unni
3134 4276 3158 4306 ὓ

640 4335 789 4382 Praga
801 4334 1049 4375 BohemIae
1068 4335 1187 4375 urbe
1206 4336 1258 4373 in
1277 4343 1371 4383 qun
1390 4334 1562 4375 studiis
1582 4336 1665 4374 ille
1686 4336 1949 4384 vacaverat,
1972 4339 2020 4374 et
2039 4334 2321 4385 Theologico
2352 4338 2609 4376 Doctorum
2636 4335 2888 4386 lusignstus
2907 4330 3064 4372 ruerat-
3084 4321 3157 4362 Wl-

640 4388 798 4436 olepm
815 4389 864 4427 et
884 4388 1018 4428 Valdi
1038 4390 1089 4428 tn
1109 4387 1609 4427 Tewnmbeeumtationcae
1626 4388 1975 4427 Eucharistiae
1993 4389 2275 4436 mysterium
2297 4392 2345 4429 et
2371 4391 2607 4430 Romnum
2637 4391 2771 4431 Sedis
2799 4387 3058 4429 Primatum.
3085 4376 3155 4417 ΕΟ·

638 4440 907 4490 electaeque
925 4443 1137 4482 docentis
1159 4440 1494 4481 auctoritatem
1513 4450 1700 4481 errores
1728 4441 1816 4480 hac
1843 4441 2028 4481 haeresi
2057 4443 2492 4491 complectebantur
2518 4446 2567 4484 et
2593 4442 3014 4494 propugnabantur.
3043 4432 3153 4474 Hm

638 4495 691 4535 in
710 4495 1064 4536 constantiensi
1084 4495 1290 4536 concilio
1311 4495 1422 4534 anui
1442 4503 1704 4540 ⁴uccccxvn,
1724 4494 1998 4534 swerdotto
2016 4495 2229 4544 dejectus
2251 4506 2304 4537 nc
2324 4497 2603 4538 solemniter
2621 4498 2867 4540 dammim
2887 4495 2969 4533 est.
