3327 4999
651 288 781 353 386
854 333 859 338 -
1174 303 1257 351 nii
1304 305 1360 352 s.
1414 303 1780 369 qUTRBERTo
1828 301 2027 351 amsa.
2081 304 2483 353 munisuiiiv.
2713 274 2979 353 MART.
3033 290 3126 353 20

557 386 790 459 ferunt
835 388 1039 457 illum
1074 385 1184 453 his
1218 396 1475 474 septem
1528 384 1774 453 diebus
1815 384 2050 453 omnia
2099 385 2465 454 cuthberto
2513 406 2692 471 quae
2718 385 2956 456 futura
3016 408 3125 455 re-

559 475 855 558 stabant,
908 473 1333 564 exposuisse.
1387 472 1835 562 Propheticus
1883 493 2209 560 namque,
2264 485 2340 543 ut
2386 473 2528 543 dixi
2575 486 2640 544 et
2685 474 2906 573 ‚mirae
2955 496 3124 543 san-

557 562 811 634 ctitatis
858 575 1004 632 erat
1036 562 1266 631 hom0.

652 654 688 739 §
716 657 876 725 1⁰.
917 651 1221 737 Denique
1247 648 1587 738 praefatae
1617 648 2060 719 acerbitatem
2085 649 2512 740 pestilentiae
2541 650 2862 731 triennio,
2892 651 3125 740 prius-

557 761 770 826 quam
820 739 1115 819 veniret,
1171 742 1426 807 Eatano
1486 737 1728 806 Abbati
1778 760 1904 806 suo
1954 737 2293 827 praedixit
2341 737 2553 811 fuisse
2601 738 2934 819 futuram,
2989 761 3116 809 nec

559 850 633 899 se
674 826 793 897 illa
844 826 1227 897 tollendum
1276 825 1544 904 celavit,
1601 826 1835 915 ipsum
1884 846 2041 895 vero
2089 826 2415 896 Abbatem
2453 850 2663 898 suum
2696 849 2830 896 non
2863 831 2944 896 ea
2976 850 3125 897 mo-

560 915 903 998 riturum,
958 913 1075 984 sed
1125 912 1245 983 illo
1294 913 1525 1004 potius
1575 913 1818 982 morbo
1850 967 1865 994 ,
1917 935 2123 1000 quem
2175 914 2640 1003 dysenteriam
2694 915 2945 984 medici
2993 938 3124 1016 ap-

561 1003 845 1093 pellant,
900 1001 1240 1082 veridice,
1294 1014 1370 1070 ut
1418 1023 1652 1070 rerum
1701 1001 1923 1071 exitus
1958 1001 2231 1084 docuit,
2286 1024 2601 1073 sermone
2649 1020 3114 1093 praemonuit.

562 1092 689 1161 Sed
740 1103 805 1160 et
854 1091 1221 1160 Cuthberto
1299 1090 1480 1158 inter
1526 1090 1709 1170 alia,
1771 1089 1937 1176 quia
1995 1090 2365 1181 episcopus
2419 1104 2600 1161 esset
2653 1091 3115 1174 ordinanduS,

561 1179 962 1249 insinuavit.
1036 1176 1225 1247 Unde
1274 1175 1453 1246 idem
1508 1178 1955 1258 CuthbertuS,
2012 1179 2454 1268 postmodum
2505 1180 2574 1248 in
2629 1201 2906 1251 secessu
2953 1203 3123 1249 ana-

556 1267 919 1337 choreseos
976 1266 1265 1357 positus,
1319 1264 1547 1335 dicere
1593 1266 1876 1352 quidem
1929 1266 2106 1335 nulli
2158 1266 2444 1347 volebat,
2497 1268 2662 1355 quia
2707 1268 3120 1359 episcopum

557 1378 720 1424 eum
770 1354 1203 1445 praedixerat
1249 1353 1561 1423 futurum
1602 1378 1615 1420 :
1681 1353 1801 1423 sed
1859 1367 2086 1424 tamen
2135 1355 2578 1426 visitantibus
2626 1378 2697 1428 se
2746 1357 3115 1443 aliquoties

557 1442 912 1523 fratribuS,
956 1441 1218 1512 solebat
1266 1442 1487 1511 multo
1535 1464 1699 1511 cum
1749 1442 1983 1511 dolore
2015 1444 2401 1533 protestari,
2441 1445 2608 1532 quia
2635 1444 2839 1513 etiam
2873 1445 2929 1515 si
2963 1445 3119 1515 lieri

560 1531 804 1620 possit,
869 1543 946 1599 ut
993 1531 1064 1599 in
1123 1541 1322 1599 caute
1368 1530 1843 1620 permodicam
1891 1531 2397 1601 domunculam
2459 1533 2723 1603 habens
2763 1532 3113 1615 deliteam,
3169 1603 3175 1607 .

554 1619 680 1687 ubi
749 1617 1314 1688 circumferentes
1362 1640 1473 1686 me
1519 1619 1835 1704 undique
1882 1619 2132 1689 fluctus
2198 1621 2447 1690 Oceani
2522 1632 3023 1701 tumescentes,
3075 1644 3122 1692 a

556 1720 969 1776 cunctorum
1024 1705 1422 1775 mortalium
1473 1706 1629 1776 visu
1678 1707 1935 1796 pariter
1982 1718 2046 1776 et
2085 1709 2477 1797 cognitione
2536 1708 2921 1779 secludant:
2988 1731 3118 1778 nec

562 1795 662 1865 sic
713 1795 994 1882 quidem
1046 1794 1343 1864 liberum
1395 1815 1505 1862 me
1554 1793 1640 1862 ab
1691 1794 1967 1865 insidiis
2016 1795 2265 1864 mundi
2304 1795 2605 1868 fallentis
2643 1798 2953 1877 aestimo,
2990 1797 3112 1867 sed

564 1882 663 1982 ibi
712 1904 987 1969 quoque
1005 1938 1034 1983 .⁹
1087 1882 1253 1969 quia
1302 1881 1607 1968 qualibet
1652 1904 1733 1952 ex
1780 1906 1992 1953 causa
2038 1883 2469 1975 philargyria
2515 1907 2626 1955 nie
2673 1897 2945 1955 tentans
2993 1886 3120 1955 ab-
3151 1978 3168 1983 -

557 1992 785 2061 ripere
838 1983 1074 2060 possit,
1129 1992 1385 2039 vereor.

646 2062 683 2146 ξ
730 2066 865 2132 11.
921 2064 1076 2127 Post
1124 2058 1389 2127 obitum
1440 2079 1598 2127 vero
1654 2057 1887 2128 dilecti
1931 2064 2065 2128 Deo
2107 2059 2481 2131 sacerdotis
2537 2060 2795 2143 Boisili,
2855 2083 3113 2131 merno-

558 2160 784 2215 ratum
837 2146 1214 2236 Praepositi
1260 2144 1566 2215 officium
1618 2147 2033 2217 Cuthbertus
2081 2149 2405 2238 suscepit,
2444 2163 2509 2220 et
2542 2172 2662 2240 per
2693 2150 2956 2237 aliquot
2987 2172 3117 2219 an-

555 2256 685 2303 nos
734 2234 1105 2324 spirituali,
1159 2245 1236 2303 ut
1288 2247 1601 2303 sanctum
1668 2234 1972 2321 decebat,
2025 2257 2347 2306 exercens
2395 2237 2763 2319 industria,
2810 2261 2949 2307 non
2999 2260 3111 2308 so-

555 2322 707 2392 lum
757 2322 892 2412 ipsi
959 2323 1378 2393 monasterio
1429 2321 1768 2412 regularis
1813 2324 1991 2392 vitae
2037 2324 2299 2393 monita
2347 2325 2558 2396 simul
2607 2338 2672 2395 et
2717 2326 3116 2418 exemplum

561 2410 1012 2503 praeferebat,
1067 2410 1185 2480 sed
1247 2422 1312 2479 et
1359 2410 1612 2501 vulgus
1663 2411 2237 2504 circumpositum
2291 2412 2493 2505 longe
2541 2414 2809 2503 lateque
2840 2468 2859 2495 ‚
2916 2436 2957 2484 a
3005 2414 3119 2484 via

561 2498 813 2568 stultae
861 2497 1428 2579 consuetudinis,
1483 2497 1568 2567 ad
1619 2499 2020 2570 coelestium
2069 2501 2494 2591 gaudiorum⁴
2545 2516 2938 2573 convertere
2989 2526 3116 2573 cu-

562 2590 759 2656 rabat
793 2609 1124 2656 amorem.
1164 2592 1332 2656 Nam
1383 2596 1448 2656 et
1499 2587 1701 2655 multi
1741 2588 1975 2668 fidem,
2014 2611 2224 2676 quam
2263 2589 2631 2671 habebant,
2667 2591 2929 2678 iniquis
2959 2614 3117 2682 pro-

562 2675 895 2744 fanabant
928 2676 1277 2765 operibuS,
1316 2685 1382 2744 et
1431 2673 1645 2762 aliqui
1695 2676 1900 2744 etiam
1952 2688 2084 2746 tem
2144 2700 2259 2747 ore
2307 2679 2766 2760 niortalitatiS,
2803 2680 3115 2770 neglecto

558 2763 746 2843 fidei,
801 2785 939 2849 quo
987 2764 1240 2832 imbuti
1288 2774 1505 2843 erant,
1542 2776 1995 2845 sacramentO,
2032 2788 2070 2834 a
2168 2766 2460 2836 erratica
2493 2767 2921 2838 idololatriae
2968 2789 3116 2837 me-

557 2850 911 2920 dicamina
958 2851 1491 2930 concurrebant,
1539 2852 1741 2936 quasi
1794 2853 2080 2924 missam
2132 2876 2173 2921 a
2220 2859 2353 2924 Deo
2400 2855 2752 2925 conditore
2800 2856 3107 2956 plagam,

553 2961 678 3029 per
724 2939 1226 3007 incantationes
1274 2938 1378 3006 vel
1428 2938 1855 3028 alligaturas,
1909 2941 2010 3009 vel
2070 2941 2207 3010 alia
2244 2942 2591 3028 quaelibet
2623 2943 3114 3015 daemoniacae

556 3026 726 3095 artis
760 3048 1035 3106 arcana,
1076 3025 1397 3095 cohibere
1430 3026 1755 3097 valerent.
1795 3027 1886 3096 Ad
1928 3040 2386 3117 utrorumque
2417 3054 2579 3122 ergo
2612 3033 3107 3122 corrigendum

550 3135 877 3193 errorem,
914 3115 1154 3183 crebro
1206 3114 1353 3204 ipse
1400 3113 1486 3183 de
1535 3116 1951 3186 monasterio
1999 3139 2320 3207 egressus
2347 3173 2361 3199 ,
2398 3119 2764 3206 aliquoties
2793 3141 2973 3207 equo
3003 3142 3108 3190 se-

550 3202 746 3285 denS,
802 3201 920 3270 sed
973 3203 1250 3292 saepius
1298 3202 1508 3292 pedes
1556 3204 1909 3285 incedens,
1948 3205 2478 3296 circumpositas
2511 3209 2826 3279 veniebat
2857 3208 2942 3277 ad
2979 3207 3108 3276 vil-

549 3289 678 3371 laS,
739 3301 804 3359 et
849 3290 1031 3357 viam
1092 3291 1395 3360 veritatis
1426 3291 1885 3446 ¹praedicabat
1931 3294 2347 3364 errantibus:
2386 3295 2569 3382 quod
2622 3297 2854 3387 ipsum
2897 3296 3107 3366 etiam

550 3378 849 3448 Boisilus
899 3400 1025 3448 suo
1074 3389 1380 3469 tempore
1453 3401 1649 3449 acere
1695 3392 2162 3451 consueverat.
2244 3388 2402 3452 Erat
2446 3384 2707 3475 quippe
2753 3386 2970 3454 moris
3026 3406 3107 3454 eo

549 3476 859 3556 tempore
907 3466 1186 3556 populis
1246 3471 1340 3536 An
1398 3466 1619 3537 lorum
1657 3522 1673 3549 ‚
1727 3481 1804 3538 ut
1866 3470 2181 3539 veniente
2255 3470 2326 3538 in
2397 3471 2633 3541 villam
2691 3473 2940 3542 clerico
2999 3472 3105 3541 vel

546 3555 971 3644 presbyterO,
1011 3555 1244 3643 cuncti
1294 3578 1331 3624 a
1430 3556 1580 3646 ejus
1633 3556 2030 3646 imperium,
2082 3558 2372 3627 verbum
2420 3560 2754 3642 audituri,
2807 3561 3110 3630 conflue-

546 3654 745 3722 rent,
804 3643 1097 3712 libenter
1143 3666 1222 3712 ea
1269 3665 1445 3730 quae
1493 3643 1930 3723 dicerentur,
1986 3646 2346 3716 audirent:
2401 3646 2866 3735 libentiusque
2929 3671 3107 3735 quae

536 3731 787 3800 audire
826 3744 891 3800 et
938 3731 1319 3823 intelligere
1354 3743 1689 3823 poterant,
1729 3734 2079 3824 operando
2128 3749 2601 3821 sequerentur.
2646 3742 2854 3806 Porro
2902 3737 3105 3806 Cutli-

543 3818 739 3892 berto
790 3830 976 3889 tanta
1024 3833 1168 3890 erat
1221 3821 1514 3890 docendi
1609 3822 1831 3904 eritia‚
1888 3834 2119 3893 tantus
2181 3845 2377 3892 amor
2424 3824 2890 3914 persuadendi
2928 3846 3106 3911 quae

547 3921 889 3998 coeperat,
930 3907 1062 3977 tale
1096 3908 1330 3978 vultus
1379 3932 1553 4000 ange
1590 3910 1676 3978 ici
1726 3910 1988 3991 lumen,
2042 3921 2120 3980 ut
2164 3911 2404 3981 nullus
2435 3913 2900 4002 praesentium
2937 3912 3106 3983 late-

543 3995 708 4066 bras
741 3997 805 4066 ei
855 3996 964 4066 sui
1012 3996 1241 4067 cordis
1290 3997 1513 4068 celare
1550 4009 2041 4087 praesumeret,
2097 4021 2338 4068 omnes
2385 4000 2613 4090 palam
2662 4022 2839 4086 quae
2926 4023 3106 4071 esse-

543 4098 724 4166 rant,
765 4085 1155 4156 confitendo
1184 4086 1784 4176 proferrent(quia
1819 4088 2152 4155 nimirum
2181 4087 2350 4156 haec
2377 4088 2616 4157 eadem
2660 4088 2859 4158 illum
2918 4091 3101 4158 atere

541 4173 735 4243 nullo
794 4174 997 4243 modo
1051 4175 1444 4264 putabant)
1488 4186 1551 4243 et
1599 4175 1947 4255 confessa,
2007 4175 2240 4264 dignis
2293 4176 2420 4265 (ut
2476 4177 2891 4266 imperabat)
2989 4199 3099 4246 oe-

541 4262 873 4337 nitentiae
938 4263 1281 4334 fructibus
1331 4263 1823 4354 abstergerent.
1887 4262 2158 4334 Solebat
2204 4278 2434 4333 autem
2485 4286 2563 4333 ea
2607 4267 2904 4334 maxime
2945 4200 3102 4335 loca

542 4372 931 4443 peragrare,
989 4351 1131 4420 illis
1179 4351 1580 4441 praedicare
1628 4352 1698 4420 iii
1749 4351 2028 4433 viculiS,
2093 4352 2215 4440 qui
2265 4352 2334 4421 in
2395 4353 2635 4424 arduis
2696 4353 3096 4444 asperisque
