3327 4999
262 349 509 415 MART.
564 352 645 418 ⁴3
1134 370 1213 417 ηε
1261 370 1316 417 s.
1373 367 1599 416 sumo
1646 369 1936 417 malarum
2587 354 2717 419 269

268 446 706 518 vehementer
750 458 815 518 et
845 449 1087 520 acerbe
1127 449 1542 536 torquearis?
1572 448 1746 531 Quid
1781 471 1859 518 ex
1912 459 2118 530 ectas,
2151 460 2269 519 aut
2308 451 2372 518 in
2415 472 2618 538 quem
2657 473 2811 542 spe—

268 540 572 606 ras?»—
603 561 639 605 «
678 543 843 628 Spes
910 560 1117 616 meas,
1172 538 1398 639 inquit
1447 549 1730 608 sanctus
1771 542 1854 607 Sa
1908 538 2089 617 inus,
2147 538 2213 607 in
2268 544 2397 608 Deo
2448 561 2597 608 meo
2642 544 2809 609 Jesu

274 625 533 696 Christo
581 627 839 718 positas
887 626 1128 707 habeo,
1166 649 1287 713 qut
1338 639 1557 717 potest
1604 648 1714 696 me
1760 627 1846 696 ab
1887 627 2216 697 inanibus
2264 627 2619 698 tormentis
2668 628 2808 700 tuis

273 711 583 797 liberare,
621 728 686 785 et
734 737 948 806 regno
978 738 1105 786 suo
1147 727 1420 785 aeterno
1468 714 1759 806 dignum
1812 716 2102 785 efficere.
2141 739 2176 782 »
2211 750 2302 766 —-
2330 739 2365 783 «
2400 719 2516 786 Vis·
2570 717 2803 807 igitur,

279 802 499 890 inquit
546 803 955 886 Praefectus,
1010 805 1259 873 misere
1310 804 1619 873 interire?
1650 828 1684 870 »
1714 805 2087 895 Respondit
2120 805 2365 875 Christi
2401 805 2618 896 pugil:
2674 829 2710 872 «
2744 806 2813 876 Si

287 892 582 974 moriar,
644 915 944 963 rursum.
1001 905 1079 962 ut
1127 892 1290 975 dixi,
1343 893 1547 962 vitam
1599 892 1863 962 habebo
1903 892 2416 984 sempiternam.
2461 916 2496 960 »
2547 894 2812 977 Quibus

280 983 501 1051 verbis
549 981 939 1052 Praefectus
984 982 1211 1053 furore
1259 982 1663 1062 concitatUS,
1702 981 1785 1050 ad
1839 981 2140 1051 milites:
2205 1005 2240 1049 «
2279 988 2446 1051 Ecce
2484 1037 2498 1064 ,
2553 984 2804 1069 inquit,

282 1069 502 1140 Solem
551 1071 745 1142 vobis
791 1083 858 1139 et
904 1075 1165 1139 Lunam
1231 1083 1470 1151 testor,
1526 1092 1635 1140 me
1682 1070 1890 1139 variis
1939 1071 2296 1140 tormentis
2361 1093 2636 1162 operam
2690 1071 2809 1139 de·-

274 1158 475 1229 disse.
531 1173 609 1229 ut
656 1160 917 1249 impius
966 1160 1090 1228 iste
1146 1159 1609 1249 resipisceret:
1684 1181 1920 1227 verum
1988 1159 2009 1227 i
2064 1181 2158 1239 se,
2222 1159 2811 1246 quemadmodum

271 1249 551 1318 cernitis
603 1272 718 1319 vos
767 1269 1028 1329 omnes,
1081 1248 1201 1335 qui
1252 1249 1491 1317 urbem
1544 1248 1887 1328 incolitiS,
1941 1270 1980 1316 a
2032 1247 2195 1316 duci
2247 1270 2383 1317 non
2427 1250 2669 1339 potuit,
2734 1264 2811 1318 ut

275 1336 409 1406 diis
462 1337 891 1417 immolaret,
946 1359 1025 1406 ac
1076 1349 1479 1418 servaretur,
1544 1337 1657 1406 sed
1715 1336 1959 1405 maluit
2004 1337 2428 1406 cruciatibus
2477 1338 2674 1406 mori.
2730 1342 2814 1408 0-

280 1438 501 1516 portet
546 1426 762 1515 igitur
810 1426 878 1494 in
933 1426 1158 1515 ipsum
1204 1425 1607 1497 sententiam
1658 1425 1844 1494 ferri.
1883 1450 1919 1492 »
1953 1430 2165 1512 Atque
2203 1426 2296 1494 ita
2347 1426 2642 1507 locutus,
2679 1427 2809 1495 im·

278 1515 564 1606 peravit,
619 1527 695 1584 ut
747 1514 810 1581 in
863 1515 1121 1583 flumen
1176 1515 1642 1605 projiceretur,
1679 1526 1744 1583 et
1791 1515 1862 1582 in
1914 1514 2255 1604 profundo
2304 1516 2575 1604 periret.

361 1606 398 1691 ξ
446 1610 540 1674 6.
595 1603 1175 1693 comprehensum
1228 1604 1442 1693 igitur
1490 1603 1741 1672 milites
1788 1602 1874 1671 ad
1928 1604 2145 1693 ripam
2198 1603 2509 1672 fluminis
2557 1604 2812 1694 perdu-

272 1704 544 1770 xerunt,
579 1705 643 1761 et
684 1714 923 1762 saxum
969 1692 1213 1781 ingens
1265 1693 1555 1782 pedibus
1602 1692 1758 1779 ejus
1803 1691 2201 1782 alligarunt,
2241 1704 2318 1761 ut
2365 1693 2463 1761 sic
2510 1713 2667 1761 eum
2728 1714 2809 1761 ex

274 1782 552 1850 Judicis
601 1780 933 1850 sententia
984 1781 1052 1848 in
1105 1781 1355 1849 llumen
1411 1780 1840 1871 projicerent.
1895 1788 2062 1851 Cum
2111 1795 2339 1851 autem
2389 1780 2674 1868 quidam
2731 1804 2812 1851 ex

277 1870 610 1940 fratribus
656 1869 847 1939 cibos
900 1867 1308 1951 attulissent,
1361 1883 1437 1940 ut
1482 1870 1730 1939 ederet:
1768 1892 1803 1935 «
1839 1869 2043 1951 Quid,
2100 1869 2325 1957 inquit
2359 1868 2495 1953 ille,
2548 1870 2813 1939 charis—

277 1960 437 2029 simi
488 1957 752 2038 fratres,
809 1957 1111 2028 laborem
1163 1958 1350 2028 hunc
1398 1958 1793 2049 suscipitis?
1841 1964 1978 2048 Ego
2026 1980 2160 2028 non
2226 1980 2458 2027 vescar
2504 1957 2811 2049 amplius

277 2048 432 2118 cibo
480 2060 766 2127 terreno,
811 2046 1068 2137 quippe
1106 2048 1225 2132 qui
1256 2048 1546 2138 propero
1576 2047 1660 2116 ad
1695 2046 1851 2116 illas
1882 2046 2165 2137 epulas,
2206 2069 2379 2133 quas
2412 2069 2535 2115 nec
2568 2045 2814 2116 oculus

278 2137 467 2216 vidit,
515 2158 639 2206 nec
695 2137 884 2205 auris
922 2135 1207 2215 audivit,
1254 2157 1377 2204 nec
1430 2136 1495 2203 in
1537 2158 1656 2205 cor
1703 2135 2005 2205 hominis
2051 2136 2532 2205 ascenderunt.
2596 2136 2810 2225 Cupio

282 2239 507 2294 autem
566 2248 683 2294 vos
721 2247 983 2303 omneS,
1035 2223 1158 2309 qui
1200 2247 1307 2293 me
1356 2224 1751 2311 sequimini,
1803 2237 2008 2310 atque
2056 2224 2476 2313 conspicitiS,
2515 2224 2609 2292 ita
2661 2246 2808 2293 cer—

288 2327 448 2394 tare,
492 2326 567 2383 ut
618 2313 808 2403 digni
854 2312 1255 2382 efficiamini
1290 2313 1422 2383 vita
1462 2313 1904 2403 sempiterna.
1936 2338 1971 2378 »
2016 2317 2195 2382 Haec
2259 2312 2454 2382 illum
2521 2311 2810 2399 loquen-

287 2415 420 2471 tem
492 2401 790 2471 ministri
853 2402 921 2469 in
985 2403 1243 2493 scapha
1293 2401 1548 2492 navigii
1594 2424 1754 2471 cum
1811 2420 1972 2470 saxo
2006 2456 2022 2482 ,
2084 2400 2268 2488 quod
2320 2399 2613 2490 pedibus
2661 2400 2812 2492 ejus

282 2491 834 2592 suspenderant,
888 2490 1392 2581 imposuerunt.
1457 2495 1764 2579 Cumque
1811 2489 1895 2560 ad
1945 2490 2257 2560 fluminis
2306 2489 2611 2559 medium
2664 2513 2813 2581 per·

279 2592 642 2658 venissent,
696 2579 811 2648 ille
862 2602 1108 2649 rursus
1154 2603 1401 2671 magna
1438 2603 1599 2650 voce
1639 2579 2154 2649 multitudinem
2190 2591 2523 2649 astantem
2558 2592 2622 2647 et
2658 2601 2810 2670 pro-

277 2669 676 2759 spicientem
729 2667 1069 2738 allocutus
1116 2683 1216 2738 est
1264 2670 1346 2737 ad
1403 2670 1586 2738 hunc
1635 2668 1945 2738 modum:
1986 2668 2331 2757 «Aspicite
2368 2689 2497 2747 me,
2558 2680 2623 2736 et
2680 2668 2814 2737 mei

277 2762 615 2829 memores
644 2771 877 2838 estote,
915 2771 978 2826 et
1010 2779 1168 2826 cum
1203 2759 1313 2828 die
1346 2759 1647 2828 crastina
1676 2757 2095 2844 quieveritiS,
2134 2757 2327 2826 tertia
2372 2758 2459 2826 ab
2507 2756 2671 2824 hinc
2705 2756 2818 2826 die

277 2847 577 2917 accedite
610 2870 650 2916 a
688 2859 878 2937 parte
925 2852 1193 2928 Boreae,
1237 2869 1414 2934 quae
1447 2847 1724 2935 respicit
1763 2846 2128 2926 civitatem,
2163 2858 2229 2914 et
2274 2866 2528 2935 corpus
2577 2866 2814 2914 meum

278 2935 350 3004 in
383 2950 634 3005 terram
679 2936 1098 3007 subductum
1151 2935 1523 3025 reperietis
1566 2935 1723 3005 Volo
1766 2947 2020 3015 autem,
2057 2949 2133 3004 ut
2164 2957 2404 3004 saxum
2440 2934 2591 3015 hoc,
2628 2932 2816 3020 quod

277 3024 573 3116 pedibus
621 3024 793 3092 meis
846 3046 1262 3114 suspensum
1293 3035 1417 3104 est,
1452 3024 1660 3094 simul
1710 3045 1870 3093 cum
1904 3043 2054 3093 meo
2083 3044 2366 3180 corpore
2396 3022 2812 3112 sepeliatis.»

280 3118 460 3184 Haec
506 3136 667 3183 cum
717 3112 998 3183 dixisset
1046 3126 1325 3184 sanctus
1359 3114 1472 3181 Dei
1507 3112 1700 3203 pugil
1736 3112 2056 3190 SabinuS,
2113 3134 2197 3180 su
2252 3111 2406 3182 latis
2441 3112 2510 3179 in
2546 3110 2816 3180 coelum

278 3203 501 3273 oculis
540 3202 796 3271 oravit:
833 3224 868 3268 «
899 3207 1034 3291 Ago
1070 3202 1191 3272 tibi
1225 3203 1503 3291 gratias,
1544 3206 1761 3274 Pater.
1798 3213 1865 3270 et
1911 3221 2158 3269 nomen
2213 3212 2408 3270 tuum
2457 3199 2815 3269 sanctissi-

283 3313 475 3361 mum
526 3293 830 3369 veneror,
881 3293 1004 3376 qui
1045 3289 1169 3358 lar
1197 3289 1334 3359 itus
1380 3312 1455 3359 es
1494 3289 1692 3369 mihi,
1746 3302 1823 3358 ut
1869 3301 1934 3358 te
1978 3288 2362 3369 confiterer,
2399 3301 2465 3357 et
2497 3301 2813 3358 sanctum

282 3380 535 3449 Filium
587 3391 783 3449 tuum
828 3385 1065 3448 Jesum
1117 3385 1158 3447 C
1216 3379 1500 3456 ristum,
1566 3390 1633 3447 et
1679 3377 2010 3469 Spiritum
2063 3381 2389 3446 Sanctum
2440 3389 2642 3447 tuum
2691 3400 2817 3446 au-

281 3482 536 3538 ctorem
588 3469 784 3548 vitae,
836 3481 901 3538 et
950 3468 1415 3558 praedicarem
1466 3466 1736 3537 nullum
1788 3488 1937 3537 esse
1985 3471 2196 3535 Deum
2248 3477 2514 3557 praeter
2562 3478 2646 3546 te,
2705 3487 2822 3534 ne-

279 3578 414 3643 que
466 3556 535 3624 in
584 3555 792 3639 coelo,
834 3578 1055 3643 neque
1101 3557 1173 3625 in
1224 3569 1425 3637 terra,
1482 3577 1705 3643 neque
1753 3556 1823 3624 in
1872 3554 2069 3623 mari.
2125 3555 2254 3637 Qui
2303 3576 2533 3625 servas
2581 3576 2822 3623 omnes

284 3658 636 3734 sperantes
684 3644 754 3713 in
805 3657 889 3723 te,
939 3645 1213 3736 suscipe
1260 3645 1566 3714 animam
1618 3666 1841 3714 meam
1889 3643 1961 3712 in
2013 3665 2202 3733 pace,
2254 3655 2319 3712 et
2366 3642 2656 3732 dignum
2710 3665 2819 3712 me

280 3733 387 3803 fac
451 3745 726 3803 aeterno
783 3755 1017 3825 regan.
1086 3758 1122 3802 »
1172 3739 1351 3804 Haec
1419 3732 1723 3803 locutum
1791 3731 1991 3822 impii
2039 3731 2338 3802 ministri
2388 3731 2460 3800 in
2511 3731 2820 3802 medium

282 3822 543 3892 flumen
593 3822 1048 3913 projecerunt.

370 3913 407 4000 ξ
454 3915 531 3982 ¹2.
604 3912 822 3980 Tertio
872 3924 1097 3980 autem
1166 3923 1319 4000 post
1363 3910 1474 3980 die
1524 3909 1778 3979 factum
1827 3920 1930 3979 est
1992 3908 2177 3996 quod
2235 3908 2476 3979 beatus
2524 3908 2823 3979 Sabinus

285 4000 736 4090 praedixerat.
804 4000 1210 4070 Act-edentes
1270 4000 1456 4069 enim
1505 3999 1588 4069 ad
1653 3999 1882 4069 locum
1930 4019 1972 4066 a
2021 4002 2266 4067 Sancto
2315 3997 2568 4067 Sabino
2625 4019 2823 4089 prae—

289 4092 646 4178 scriptum,
686 4088 810 4158 viri
843 4088 944 4157 illi
991 4089 1110 4177 qui
1159 4087 1429 4158 fuerant
1473 4086 1872 4158 certaminis
1916 4087 2068 4175 ejus
2117 4098 2562 4175 spectatores,
2600 4088 2822 4157 almas

291 4174 507 4264 ipsius
554 4190 757 4264 atque
805 4175 1229 4246 venerandas
1278 4177 1604 4264 reliquias
1654 4176 2084 4245 invenerunt.
2120 4180 2197 4244 Et
2227 4175 2508 4262 quidam
2542 4197 2622 4245 ex
2652 4175 2823 4267 ipsis

294 4263 429 4333 zelo
469 4268 646 4336 bono
694 4265 1071 4355 compulsi,
1109 4266 1375 4355 vesperi
1420 4288 1536 4335 eas
1586 4265 2078 4354 suscipienteS,
2125 4264 2304 4334 clam
2357 4277 2633 4356 propter
2681 4285 2827 4332 me-

299 4361 434 4422 tum
485 4356 812 4425 Praefecti
863 4356 931 4423 in
984 4353 1474 4425 domunculam
1508 4365 2127 4445 comportaverunt,
2161 4366 2227 4423 et
2254 4352 2630 4443 unguentis
2657 4373 2825 4421 con-

300 4438 510 4527 ditas,
566 4446 639 4514 in
689 4467 846 4514 arca
896 4466 1070 4513 nova
1120 4464 1331 4535 prope
1378 4443 1718 4513 civitatem
1771 4453 2228 4533 reposuerunt
2272 4446 2416 4511 una
2460 4463 2619 4511 cum
2670 4441 2824 4532 ipso
