<?xml version="1.0" encoding="UTF-8"?>
<!DOCTYPE html PUBLIC "-//W3C//DTD XHTML 1.0 Transitional//EN"
    "http://www.w3.org/TR/xhtml1/DTD/xhtml1-transitional.dtd">
<html xmlns="http://www.w3.org/1999/xhtml" xml:lang="en" lang="en">
 <head>
  <title>
</title>
<meta http-equiv="Content-Type" content="text/html;charset=utf-8" />
  <meta name='ocr-system' content='tesseract 3.04.00' />
  <meta name='ocr-capabilities' content='ocr_page ocr_carea ocr_par ocr_line ocrx_word'/>
</head>
<body>
  <div class='ocr_page' id='page_1' title='image "./historiaeseuvit04lippgoog_0124.png"; bbox 0 0 3327 4999; ppageno 0'>
   <div class='ocr_carea' id='block_1_1' title="bbox 692 333 3247 420">
    <p class='ocr_par' dir='ltr' id='par_1_1' title="bbox 692 333 3247 420">
     <span class='ocr_line' id='line_1_1' title="bbox 692 333 3247 420; baseline -0.003 -16"><span class='ocrx_word' id='word_1_1' title='bbox 692 339 819 405; x_wconf 70' lang='lat'>⁴⁴4</span> <span class='ocrx_word' id='word_1_2' title='bbox 1283 355 1364 403; x_wconf 72' lang='lat' dir='ltr'>nn</span> <span class='ocrx_word' id='word_1_3' title='bbox 1413 354 1506 403; x_wconf 79' lang='lat' dir='ltr'>ss,</span> <span class='ocrx_word' id='word_1_4' title='bbox 1559 352 1846 403; x_wconf 67' lang='lat' dir='ltr'>conano</span> <span class='ocrx_word' id='word_1_5' title='bbox 1893 355 1969 402; x_wconf 73' lang='lat' dir='ltr'>cr</span> <span class='ocrx_word' id='word_1_6' title='bbox 2017 353 2218 404; x_wconf 81' lang='lat' dir='ltr'>secus</span> <span class='ocrx_word' id='word_1_7' title='bbox 2264 353 2458 401; x_wconf 67' lang='lat' dir='ltr'>nar.</span> <span class='ocrx_word' id='word_1_8' title='bbox 2794 333 3033 400; x_wconf 71' lang='lat' dir='ltr'>MART.</span> <span class='ocrx_word' id='word_1_9' title='bbox 3069 333 3140 397; x_wconf 77' lang='lat' dir='ltr'>lo</span> <span class='ocrx_word' id='word_1_10' title='bbox 3246 413 3247 420; x_wconf 6' lang='grc' dir='ltr'>ἵ</span> 
     </span>
    </p>
   </div>
   <div class='ocr_carea' id='block_1_2' title="bbox 597 433 3247 4496">
    <p class='ocr_par' dir='ltr' id='par_1_2' title="bbox 603 433 3152 883">
     <span class='ocr_line' id='line_1_2' title="bbox 603 433 3145 534; baseline -0.004 -21"><span class='ocrx_word' id='word_1_11' title='bbox 603 453 672 513; x_wconf 89' lang='lat' dir='ltr'>et</span> <span class='ocrx_word' id='word_1_12' title='bbox 724 440 915 511; x_wconf 89' lang='lat' dir='ltr'>nervi</span> <span class='ocrx_word' id='word_1_13' title='bbox 966 440 1220 530; x_wconf 85' lang='lat' dir='ltr'>vigent.</span> <span class='ocrx_word' id='word_1_14' title='bbox 1274 444 1405 508; x_wconf 87' lang='lat' dir='ltr'>Vos</span> <span class='ocrx_word' id='word_1_15' title='bbox 1453 438 1670 529; x_wconf 87' lang='lat' dir='ltr'>igitur</span> <span class='ocrx_word' id='word_1_16' title='bbox 1716 450 1962 508; x_wconf 90' lang='lat' dir='ltr'>mutuo</span> <span class='ocrx_word' id='word_1_17' title='bbox 2011 436 2497 516; x_wconf 79' lang='lat' dir='ltr'>cohortamini,</span> <span class='ocrx_word' id='word_1_18' title='bbox 2552 436 2867 506; x_wconf 80' lang='lat' dir='ltr'>certatim</span> <span class='ocrx_word' id='word_1_19' title='bbox 2917 434 2997 534; x_wconf 76' lang='lat' dir='ltr'>in⁸</span> <span class='ocrx_word' id='word_1_20' title='bbox 3034 433 3145 533; x_wconf 82' lang='lat' dir='ltr'>hoc</span> 
     </span>
     <span class='ocr_line' id='line_1_3' title="bbox 603 521 3148 623; baseline -0.004 -25"><span class='ocrx_word' id='word_1_21' title='bbox 603 529 879 623; x_wconf 87' lang='lat' dir='ltr'>pietatis</span> <span class='ocrx_word' id='word_1_22' title='bbox 927 528 1241 598; x_wconf 90' lang='lat' dir='ltr'>studium</span> <span class='ocrx_word' id='word_1_23' title='bbox 1290 526 1693 606; x_wconf 72' lang='lat' dir='ltr'>incumbite,</span> <span class='ocrx_word' id='word_1_24' title='bbox 1725 526 1913 597; x_wconf 89' lang='lat' dir='ltr'>idem</span> <span class='ocrx_word' id='word_1_25' title='bbox 1962 526 2230 606; x_wconf 88' lang='lat' dir='ltr'>sentite,</span> <span class='ocrx_word' id='word_1_26' title='bbox 2268 536 2769 596; x_wconf 89' lang='lat' dir='ltr'>tormentorum</span> <span class='ocrx_word' id='word_1_27' title='bbox 2802 521 3148 593; x_wconf 77' lang='lat' dir='ltr'>formidine</span> 
     </span>
     <span class='ocr_line' id='line_1_4' title="bbox 603 612 3146 703; baseline -0.005 -14"><span class='ocrx_word' id='word_1_28' title='bbox 603 617 816 689; x_wconf 91' lang='lat' dir='ltr'>nolite</span> <span class='ocrx_word' id='word_1_29' title='bbox 849 616 1175 686; x_wconf 78' lang='lat' dir='ltr'>deficere:</span> <span class='ocrx_word' id='word_1_30' title='bbox 1228 614 1348 684; x_wconf 91' lang='lat' dir='ltr'>sed</span> <span class='ocrx_word' id='word_1_31' title='bbox 1396 614 1826 692; x_wconf 86' lang='lat' dir='ltr'>cruciatibus</span> <span class='ocrx_word' id='word_1_32' title='bbox 1874 636 2165 703; x_wconf 90' lang='lat' dir='ltr'>corpora</span> <span class='ocrx_word' id='word_1_33' title='bbox 2213 613 2581 694; x_wconf 79' lang='lat' dir='ltr'>tradenteS,</span> <span class='ocrx_word' id='word_1_34' title='bbox 2619 612 2892 682; x_wconf 90' lang='lat' dir='ltr'>dolores</span> <span class='ocrx_word' id='word_1_35' title='bbox 2948 630 3146 697; x_wconf 88' lang='lat' dir='ltr'>aequo</span> 
     </span>
     <span class='ocr_line' id='line_1_5' title="bbox 604 697 3150 793; baseline -0.004 -17"><span class='ocrx_word' id='word_1_36' title='bbox 604 705 843 777; x_wconf 90' lang='lat' dir='ltr'>animo</span> <span class='ocrx_word' id='word_1_37' title='bbox 889 704 1191 783; x_wconf 88' lang='lat' dir='ltr'>tolerate,</span> <span class='ocrx_word' id='word_1_38' title='bbox 1257 714 1334 773; x_wconf 90' lang='lat' dir='ltr'>ut</span> <span class='ocrx_word' id='word_1_39' title='bbox 1395 703 1752 773; x_wconf 90' lang='lat' dir='ltr'>victoriam</span> <span class='ocrx_word' id='word_1_40' title='bbox 1818 702 2072 793; x_wconf 79' lang='lat' dir='ltr'>adepti,</span> <span class='ocrx_word' id='word_1_41' title='bbox 2126 701 2422 793; x_wconf 81' lang='lat' dir='ltr'>gloriam</span> <span class='ocrx_word' id='word_1_42' title='bbox 2489 698 3039 787; x_wconf 89' lang='lat' dir='ltr'>consequamini,</span> <span class='ocrx_word' id='word_1_43' title='bbox 3090 697 3150 765; x_wconf 91' lang='lat' dir='ltr'>in</span> 
     </span>
     <span class='ocr_line' id='line_1_6' title="bbox 605 788 3152 883; baseline -0.005 -19"><span class='ocrx_word' id='word_1_44' title='bbox 605 805 996 883; x_wconf 86' lang='lat' dir='ltr'>martyrum</span> <span class='ocrx_word' id='word_1_45' title='bbox 1047 791 1291 861; x_wconf 87' lang='lat' dir='ltr'>ordine</span> <span class='ocrx_word' id='word_1_46' title='bbox 1348 812 1428 860; x_wconf 89' lang='lat' dir='ltr'>ac</span> <span class='ocrx_word' id='word_1_47' title='bbox 1460 812 1749 862; x_wconf 91' lang='lat' dir='ltr'>numero</span> <span class='ocrx_word' id='word_1_48' title='bbox 1781 790 2120 861; x_wconf 90' lang='lat' dir='ltr'>collocati.</span> <span class='ocrx_word' id='word_1_49' title='bbox 2161 812 2198 858; x_wconf 85' lang='lat'>»</span> <span class='ocrx_word' id='word_1_50' title='bbox 2233 794 2374 859; x_wconf 89' lang='lat' dir='ltr'>Hac</span> <span class='ocrx_word' id='word_1_51' title='bbox 2404 788 2675 859; x_wconf 88' lang='lat' dir='ltr'>Codrati</span> <span class='ocrx_word' id='word_1_52' title='bbox 2709 788 3152 858; x_wconf 72' lang='lat' dir='ltr'>cohortatione</span> 
     </span>
    </p>

    <p class='ocr_par' dir='ltr' id='par_1_3' title="bbox 597 879 3247 975">
     <span class='ocr_line' id='line_1_7' title="bbox 597 879 3247 975; baseline -0.003 -22"><span class='ocrx_word' id='word_1_53' title='bbox 597 884 893 975; x_wconf 86' lang='lat' dir='ltr'>juvenes</span> <span class='ocrx_word' id='word_1_54' title='bbox 926 879 1295 950; x_wconf 82' lang='lat' dir='ltr'>alacriores</span> <span class='ocrx_word' id='word_1_55' title='bbox 1341 890 1407 950; x_wconf 88' lang='lat' dir='ltr'>et</span> <span class='ocrx_word' id='word_1_56' title='bbox 1453 879 1767 949; x_wconf 88' lang='lat' dir='ltr'>fortiores</span> <span class='ocrx_word' id='word_1_57' title='bbox 1800 879 2293 949; x_wconf 86' lang='lat' dir='ltr'>reddebantur.</span> <span class='ocrx_word' id='word_1_58' title='bbox 3246 897 3247 904; x_wconf 52' lang='lat'>¹</span> 
     </span>
    </p>

    <p class='ocr_par' dir='ltr' id='par_1_4' title="bbox 611 963 3155 1321">
     <span class='ocr_line' id='line_1_8' title="bbox 699 963 3155 1056; baseline -0.004 -16"><span class='ocrx_word' id='word_1_59' title='bbox 699 972 737 1056; x_wconf 69' lang='grc' dir='ltr'>ξ</span> <span class='ocrx_word' id='word_1_60' title='bbox 797 973 876 1040; x_wconf 69' lang='lat'>⁸2.</span> <span class='ocrx_word' id='word_1_61' title='bbox 929 967 1319 1038; x_wconf 87' lang='lat' dir='ltr'>Praefectus</span> <span class='ocrx_word' id='word_1_62' title='bbox 1348 979 1576 1038; x_wconf 90' lang='lat' dir='ltr'>autem</span> <span class='ocrx_word' id='word_1_63' title='bbox 1613 968 2032 1037; x_wconf 84' lang='lat' dir='ltr'>hortatorem</span> <span class='ocrx_word' id='word_1_64' title='bbox 2063 978 2127 1036; x_wconf 91' lang='lat' dir='ltr'>et</span> <span class='ocrx_word' id='word_1_65' title='bbox 2152 963 2636 1037; x_wconf 83' lang='lat' dir='ltr'>consiliarium</span> <span class='ocrx_word' id='word_1_66' title='bbox 2665 963 2984 1045; x_wconf 91' lang='lat' dir='ltr'>audiens,</span> <span class='ocrx_word' id='word_1_67' title='bbox 3014 983 3155 1032; x_wconf 84' lang='lat' dir='ltr'>cru·</span> 
     </span>
     <span class='ocr_line' id='line_1_9' title="bbox 611 1050 3151 1146; baseline -0.005 -18"><span class='ocrx_word' id='word_1_68' title='bbox 611 1058 931 1129; x_wconf 87' lang='lat' dir='ltr'>ciabatur</span> <span class='ocrx_word' id='word_1_69' title='bbox 975 1056 1159 1144; x_wconf 93' lang='lat' dir='ltr'>quod</span> <span class='ocrx_word' id='word_1_70' title='bbox 1210 1077 1283 1127; x_wconf 90' lang='lat' dir='ltr'>se</span> <span class='ocrx_word' id='word_1_71' title='bbox 1328 1055 1415 1124; x_wconf 88' lang='lat' dir='ltr'>ab</span> <span class='ocrx_word' id='word_1_72' title='bbox 1463 1077 1542 1125; x_wconf 93' lang='lat' dir='ltr'>eo</span> <span class='ocrx_word' id='word_1_73' title='bbox 1609 1055 1796 1143; x_wconf 93' lang='lat' dir='ltr'>quod</span> <span class='ocrx_word' id='word_1_74' title='bbox 1863 1054 2206 1146; x_wconf 86' lang='lat' dir='ltr'>sperabat,</span> <span class='ocrx_word' id='word_1_75' title='bbox 2277 1052 2652 1145; x_wconf 89' lang='lat' dir='ltr'>depulsum</span> <span class='ocrx_word' id='word_1_76' title='bbox 2719 1050 3151 1142; x_wconf 81' lang='lat' dir='ltr'>intelligebat.</span> 
     </span>
     <span class='ocr_line' id='line_1_10' title="bbox 613 1141 3149 1231; baseline -0.004 -15"><span class='ocrx_word' id='word_1_77' title='bbox 613 1144 989 1216; x_wconf 78' lang='lat' dir='ltr'>Iracundia</span> <span class='ocrx_word' id='word_1_78' title='bbox 1036 1156 1266 1214; x_wconf 88' lang='lat' dir='ltr'>autem</span> <span class='ocrx_word' id='word_1_79' title='bbox 1300 1144 1641 1215; x_wconf 85' lang='lat' dir='ltr'>saeviebat</span> <span class='ocrx_word' id='word_1_80' title='bbox 1673 1142 1857 1231; x_wconf 91' lang='lat' dir='ltr'>quod</span> <span class='ocrx_word' id='word_1_81' title='bbox 1898 1143 2365 1213; x_wconf 87' lang='lat' dir='ltr'>adolescentes</span> <span class='ocrx_word' id='word_1_82' title='bbox 2398 1141 2716 1230; x_wconf 87' lang='lat' dir='ltr'>decipere</span> <span class='ocrx_word' id='word_1_83' title='bbox 2748 1162 2886 1210; x_wconf 92' lang='lat' dir='ltr'>non</span> <span class='ocrx_word' id='word_1_84' title='bbox 2918 1149 3149 1231; x_wconf 89' lang='lat' dir='ltr'>posset.</span> 
     </span>
     <span class='ocr_line' id='line_1_11' title="bbox 616 1229 3153 1321; baseline -0.003 -18"><span class='ocrx_word' id='word_1_85' title='bbox 616 1233 947 1317; x_wconf 87' lang='lat' dir='ltr'>Quamvis</span> <span class='ocrx_word' id='word_1_86' title='bbox 978 1231 1165 1301; x_wconf 90' lang='lat' dir='ltr'>enim</span> <span class='ocrx_word' id='word_1_87' title='bbox 1200 1230 1462 1321; x_wconf 85' lang='lat' dir='ltr'>singuli</span> <span class='ocrx_word' id='word_1_88' title='bbox 1518 1243 1735 1301; x_wconf 89' lang='lat' dir='ltr'>aetate</span> <span class='ocrx_word' id='word_1_89' title='bbox 1786 1243 2029 1302; x_wconf 46' lang='lat' dir='ltr'>essent*</span> <span class='ocrx_word' id='word_1_90' title='bbox 2051 1231 2367 1321; x_wconf 83' lang='lat' dir='ltr'>juvenes,</span> <span class='ocrx_word' id='word_1_91' title='bbox 2421 1229 2694 1299; x_wconf 87' lang='lat' dir='ltr'>virtutis</span> <span class='ocrx_word' id='word_1_92' title='bbox 2735 1241 2970 1298; x_wconf 88' lang='lat' dir='ltr'>tamen</span> <span class='ocrx_word' id='word_1_93' title='bbox 3017 1246 3153 1316; x_wconf 85' lang='lat' dir='ltr'>pro·</span> 
     </span>
    </p>

    <p class='ocr_par' dir='ltr' id='par_1_5' title="bbox 606 1316 3166 2643">
     <span class='ocr_line' id='line_1_12' title="bbox 666 1316 3159 1413; baseline -0.004 -22"><span class='ocrx_word' id='word_1_94' title='bbox 666 1322 840 1392; x_wconf 91' lang='lat' dir='ltr'>osito</span> <span class='ocrx_word' id='word_1_95' title='bbox 889 1341 963 1390; x_wconf 94' lang='lat' dir='ltr'>se</span> <span class='ocrx_word' id='word_1_96' title='bbox 1007 1320 1192 1390; x_wconf 90' lang='lat' dir='ltr'>viros</span> <span class='ocrx_word' id='word_1_97' title='bbox 1241 1319 1685 1409; x_wconf 88' lang='lat' dir='ltr'>praebebant.</span> <span class='ocrx_word' id='word_1_98' title='bbox 1738 1323 1978 1406; x_wconf 89' lang='lat' dir='ltr'>Itaque</span> <span class='ocrx_word' id='word_1_99' title='bbox 2024 1340 2182 1388; x_wconf 90' lang='lat' dir='ltr'>cum</span> <span class='ocrx_word' id='word_1_100' title='bbox 2220 1318 2734 1408; x_wconf 77' lang='lat' dir='ltr'>etcyprianum</span> <span class='ocrx_word' id='word_1_101' title='bbox 2768 1316 3010 1387; x_wconf 89' lang='lat' dir='ltr'>multis</span> <span class='ocrx_word' id='word_1_102' title='bbox 3032 1335 3159 1413; x_wconf 75' lang='lat' dir='ltr'>ver-</span> 
     </span>
     <span class='ocr_line' id='line_1_13' title="bbox 615 1345 3155 1495; baseline -0.005 -15"><span class='ocrx_word' id='word_1_103' title='bbox 615 1345 902 1481; x_wconf 60' lang='lat' dir='ltr'>fletibus</span> <span class='ocrx_word' id='word_1_104' title='bbox 951 1417 1296 1488; x_wconf 84' lang='lat' dir='ltr'>tentasset,</span> <span class='ocrx_word' id='word_1_105' title='bbox 1351 1407 1439 1476; x_wconf 89' lang='lat' dir='ltr'>ab</span> <span class='ocrx_word' id='word_1_106' title='bbox 1486 1429 1566 1477; x_wconf 93' lang='lat' dir='ltr'>eo</span> <span class='ocrx_word' id='word_1_107' title='bbox 1613 1407 1834 1477; x_wconf 89' lang='lat' dir='ltr'>victus</span> <span class='ocrx_word' id='word_1_108' title='bbox 1864 1406 2334 1476; x_wconf 87' lang='lat' dir='ltr'>erubescebat.</span> <span class='ocrx_word' id='word_1_109' title='bbox 2388 1406 2663 1477; x_wconf 88' lang='lat' dir='ltr'>Primus</span> <span class='ocrx_word' id='word_1_110' title='bbox 2711 1404 2933 1494; x_wconf 87' lang='lat' dir='ltr'>igitur</span> <span class='ocrx_word' id='word_1_111' title='bbox 2981 1400 3155 1495; x_wconf 78' lang='lat' dir='ltr'>pugll</span> 
     </span>
     <span class='ocr_line' id='line_1_14' title="bbox 617 1493 3158 1584; baseline -0.003 -16"><span class='ocrx_word' id='word_1_112' title='bbox 617 1509 776 1568; x_wconf 88' lang='lat' dir='ltr'>ante</span> <span class='ocrx_word' id='word_1_113' title='bbox 823 1496 995 1567; x_wconf 90' lang='lat' dir='ltr'>alios</span> <span class='ocrx_word' id='word_1_114' title='bbox 1043 1494 1497 1565; x_wconf 87' lang='lat' dir='ltr'>confessionis</span> <span class='ocrx_word' id='word_1_115' title='bbox 1544 1517 1871 1565; x_wconf 90' lang='lat' dir='ltr'>coronam</span> <span class='ocrx_word' id='word_1_116' title='bbox 1921 1494 2213 1584; x_wconf 90' lang='lat' dir='ltr'>adeptus</span> <span class='ocrx_word' id='word_1_117' title='bbox 2247 1505 2370 1565; x_wconf 89' lang='lat' dir='ltr'>est.</span> <span class='ocrx_word' id='word_1_118' title='bbox 2423 1493 2604 1563; x_wconf 78' lang='lat' dir='ltr'>Alter</span> <span class='ocrx_word' id='word_1_119' title='bbox 2653 1506 2889 1562; x_wconf 87' lang='lat' dir='ltr'>autem</span> <span class='ocrx_word' id='word_1_120' title='bbox 2940 1512 3158 1562; x_wconf 90' lang='lat' dir='ltr'>aemu-</span> 
     </span>
     <span class='ocr_line' id='line_1_15' title="bbox 618 1580 3160 1673; baseline -0.004 -17"><span class='ocrx_word' id='word_1_121' title='bbox 618 1585 899 1656; x_wconf 88' lang='lat' dir='ltr'>lationis</span> <span class='ocrx_word' id='word_1_122' title='bbox 950 1582 1469 1673; x_wconf 88' lang='lat' dir='ltr'>pulchritudine</span> <span class='ocrx_word' id='word_1_123' title='bbox 1518 1582 1826 1671; x_wconf 89' lang='lat' dir='ltr'>primum</span> <span class='ocrx_word' id='word_1_124' title='bbox 1873 1582 2207 1663; x_wconf 77' lang='lat' dir='ltr'>imitatUS,</span> <span class='ocrx_word' id='word_1_125' title='bbox 2244 1603 2498 1672; x_wconf 82' lang='lat' dir='ltr'>magno</span> <span class='ocrx_word' id='word_1_126' title='bbox 2533 1580 2962 1671; x_wconf 88' lang='lat' dir='ltr'>tempestatis</span> <span class='ocrx_word' id='word_1_127' title='bbox 2990 1589 3160 1649; x_wconf 83' lang='lat' dir='ltr'>aestu</span> 
     </span>
     <span class='ocr_line' id='line_1_16' title="bbox 618 1668 3158 1762; baseline -0.005 -17"><span class='ocrx_word' id='word_1_128' title='bbox 618 1683 964 1762; x_wconf 77' lang='lat' dir='ltr'>superam,</span> <span class='ocrx_word' id='word_1_129' title='bbox 996 1693 1155 1741; x_wconf 90' lang='lat' dir='ltr'>cum</span> <span class='ocrx_word' id='word_1_130' title='bbox 1207 1670 1328 1739; x_wconf 94' lang='lat' dir='ltr'>illo</span> <span class='ocrx_word' id='word_1_131' title='bbox 1361 1671 1432 1738; x_wconf 91' lang='lat' dir='ltr'>in</span> <span class='ocrx_word' id='word_1_132' title='bbox 1488 1671 1753 1740; x_wconf 84' lang='lat' dir='ltr'>Christo</span> <span class='ocrx_word' id='word_1_133' title='bbox 1802 1691 1950 1742; x_wconf 90' lang='lat' dir='ltr'>sese</span> <span class='ocrx_word' id='word_1_134' title='bbox 1996 1670 2379 1760; x_wconf 82' lang='lat' dir='ltr'>conjunxit.</span> <span class='ocrx_word' id='word_1_135' title='bbox 2411 1675 2543 1740; x_wconf 87' lang='lat' dir='ltr'>Nec</span> <span class='ocrx_word' id='word_1_136' title='bbox 2592 1669 2859 1749; x_wconf 79' lang='lat' dir='ltr'>tertiuS‚</span> <span class='ocrx_word' id='word_1_137' title='bbox 2902 1668 3158 1738; x_wconf 85' lang='lat' dir='ltr'>nomine</span> 
     </span>
     <span class='ocr_line' id='line_1_17' title="bbox 616 1753 3159 1850; baseline -0.003 -21"><span class='ocrx_word' id='word_1_138' title='bbox 616 1760 1013 1850; x_wconf 82' lang='lat' dir='ltr'>DionysiuS,</span> <span class='ocrx_word' id='word_1_139' title='bbox 1075 1757 1359 1828; x_wconf 87' lang='lat' dir='ltr'>inferior</span> <span class='ocrx_word' id='word_1_140' title='bbox 1421 1757 1591 1828; x_wconf 89' lang='lat' dir='ltr'>fuit:</span> <span class='ocrx_word' id='word_1_141' title='bbox 1663 1757 1782 1828; x_wconf 90' lang='lat' dir='ltr'>sed</span> <span class='ocrx_word' id='word_1_142' title='bbox 1846 1753 2002 1828; x_wconf 91' lang='lat' dir='ltr'>illos</span> <span class='ocrx_word' id='word_1_143' title='bbox 2048 1768 2403 1848; x_wconf 90' lang='lat' dir='ltr'>spectans,</span> <span class='ocrx_word' id='word_1_144' title='bbox 2458 1758 2691 1827; x_wconf 89' lang='lat' dir='ltr'>socius</span> <span class='ocrx_word' id='word_1_145' title='bbox 2737 1779 2983 1827; x_wconf 90' lang='lat' dir='ltr'>eorum</span> <span class='ocrx_word' id='word_1_146' title='bbox 3029 1755 3159 1825; x_wconf 87' lang='lat' dir='ltr'>fieri</span> 
     </span>
     <span class='ocr_line' id='line_1_18' title="bbox 615 1845 3156 1933; baseline -0.002 -16"><span class='ocrx_word' id='word_1_147' title='bbox 615 1848 985 1927; x_wconf 89' lang='lat' dir='ltr'>festinavit,</span> <span class='ocrx_word' id='word_1_148' title='bbox 1020 1846 1340 1933; x_wconf 86' lang='lat' dir='ltr'>quamvis</span> <span class='ocrx_word' id='word_1_149' title='bbox 1389 1858 1675 1917; x_wconf 89' lang='lat' dir='ltr'>tortores</span> <span class='ocrx_word' id='word_1_150' title='bbox 1723 1868 1883 1915; x_wconf 90' lang='lat' dir='ltr'>eum</span> <span class='ocrx_word' id='word_1_151' title='bbox 1932 1869 1974 1916; x_wconf 91' lang='lat' dir='ltr'>a</span> <span class='ocrx_word' id='word_1_152' title='bbox 2020 1846 2285 1916; x_wconf 90' lang='lat' dir='ltr'>Christo</span> <span class='ocrx_word' id='word_1_153' title='bbox 2332 1846 2693 1915; x_wconf 89' lang='lat' dir='ltr'>studerent</span> <span class='ocrx_word' id='word_1_154' title='bbox 2757 1845 3156 1915; x_wconf 84' lang='lat' dir='ltr'>abalienare.</span> 
     </span>
     <span class='ocr_line' id='line_1_19' title="bbox 617 1933 3162 2034; baseline -0.002 -28"><span class='ocrx_word' id='word_1_155' title='bbox 617 1942 919 2020; x_wconf 88' lang='lat' dir='ltr'>Quartus</span> <span class='ocrx_word' id='word_1_156' title='bbox 967 1956 1123 2004; x_wconf 90' lang='lat' dir='ltr'>vero</span> <span class='ocrx_word' id='word_1_157' title='bbox 1159 1988 1174 2015; x_wconf 94' lang='lat'>,</span> <span class='ocrx_word' id='word_1_158' title='bbox 1226 1934 1349 2021; x_wconf 89' lang='lat' dir='ltr'>qui</span> <span class='ocrx_word' id='word_1_159' title='bbox 1388 1939 1708 2033; x_wconf 32' lang='lat' dir='ltr'>‘Auectus</span> <span class='ocrx_word' id='word_1_160' title='bbox 1754 1933 2236 2034; x_wconf 89' lang='lat' dir='ltr'>appellabatur</span> <span class='ocrx_word' id='word_1_161' title='bbox 2265 1989 2280 2016; x_wconf 92' lang='lat'>‚</span> <span class='ocrx_word' id='word_1_162' title='bbox 2339 1934 2596 2004; x_wconf 88' lang='lat' dir='ltr'>ductus</span> <span class='ocrx_word' id='word_1_163' title='bbox 2641 1946 2789 2003; x_wconf 89' lang='lat' dir='ltr'>est:</span> <span class='ocrx_word' id='word_1_164' title='bbox 2846 1934 2976 2020; x_wconf 89' lang='lat' dir='ltr'>qui</span> <span class='ocrx_word' id='word_1_165' title='bbox 3020 1953 3162 2003; x_wconf 88' lang='lat' dir='ltr'>cum</span> 
     </span>
     <span class='ocr_line' id='line_1_20' title="bbox 619 2022 3163 2111; baseline -0.003 -17"><span class='ocrx_word' id='word_1_166' title='bbox 619 2023 1091 2111; x_wconf 87' lang='lat' dir='ltr'>torquentium</span> <span class='ocrx_word' id='word_1_167' title='bbox 1138 2022 1542 2108; x_wconf 80' lang='lat' dir='ltr'>crudelitate</span> <span class='ocrx_word' id='word_1_168' title='bbox 1589 2022 1948 2092; x_wconf 77' lang='lat' dir='ltr'>victoriam</span> <span class='ocrx_word' id='word_1_169' title='bbox 1995 2023 2387 2092; x_wconf 90' lang='lat' dir='ltr'>amissurus</span> <span class='ocrx_word' id='word_1_170' title='bbox 2433 2022 2989 2103; x_wconf 84' lang='lat' dir='ltr'>existimaretur,</span> <span class='ocrx_word' id='word_1_171' title='bbox 3056 2041 3163 2088; x_wconf 91' lang='lat' dir='ltr'>ne-</span> 
     </span>
     <span class='ocr_line' id='line_1_21' title="bbox 617 2109 3164 2202; baseline -0.002 -20"><span class='ocrx_word' id='word_1_172' title='bbox 617 2113 826 2202; x_wconf 83' lang='lat' dir='ltr'>glexit</span> <span class='ocrx_word' id='word_1_173' title='bbox 872 2112 1012 2180; x_wconf 83' lang='lat' dir='ltr'>vim</span> <span class='ocrx_word' id='word_1_174' title='bbox 1062 2121 1585 2192; x_wconf 89' lang='lat' dir='ltr'>tormentorum,</span> <span class='ocrx_word' id='word_1_175' title='bbox 1640 2132 1767 2179; x_wconf 90' lang='lat' dir='ltr'>nec</span> <span class='ocrx_word' id='word_1_176' title='bbox 1815 2109 2034 2180; x_wconf 90' lang='lat' dir='ltr'>ullam</span> <span class='ocrx_word' id='word_1_177' title='bbox 2080 2111 2521 2180; x_wconf 86' lang='lat' dir='ltr'>cruciatuum</span> <span class='ocrx_word' id='word_1_178' title='bbox 2570 2110 3027 2180; x_wconf 87' lang='lat' dir='ltr'>acerbitatem</span> <span class='ocrx_word' id='word_1_179' title='bbox 3071 2129 3164 2177; x_wconf 89' lang='lat' dir='ltr'>re-</span> 
     </span>
     <span class='ocr_line' id='line_1_22' title="bbox 617 2196 3163 2288; baseline -0.003 -17"><span class='ocrx_word' id='word_1_180' title='bbox 617 2199 907 2271; x_wconf 88' lang='lat' dir='ltr'>cusavit.</span> <span class='ocrx_word' id='word_1_181' title='bbox 943 2201 1091 2282; x_wconf 68' lang='lat' dir='ltr'>Qua</span> <span class='ocrx_word' id='word_1_182' title='bbox 1134 2220 1207 2268; x_wconf 88' lang='lat' dir='ltr'>re</span> <span class='ocrx_word' id='word_1_183' title='bbox 1254 2201 1634 2288; x_wconf 75' lang='lat' dir='ltr'>perspecta,</span> <span class='ocrx_word' id='word_1_184' title='bbox 1690 2198 2016 2287; x_wconf 89' lang='lat' dir='ltr'>Princeps</span> <span class='ocrx_word' id='word_1_185' title='bbox 2062 2197 2538 2267; x_wconf 84' lang='lat' dir='ltr'>fortitudinem</span> <span class='ocrx_word' id='word_1_186' title='bbox 2590 2197 2904 2268; x_wconf 89' lang='lat' dir='ltr'>hominis</span> <span class='ocrx_word' id='word_1_187' title='bbox 2956 2196 3163 2267; x_wconf 89' lang='lat' dir='ltr'>admi-</span> 
     </span>
     <span class='ocr_line' id='line_1_23' title="bbox 615 2282 3165 2377; baseline -0.002 -21"><span class='ocrx_word' id='word_1_188' title='bbox 615 2301 833 2368; x_wconf 88' lang='lat' dir='ltr'>ratus,</span> <span class='ocrx_word' id='word_1_189' title='bbox 887 2298 1090 2373; x_wconf 88' lang='lat' dir='ltr'>atque</span> <span class='ocrx_word' id='word_1_190' title='bbox 1137 2286 1489 2377; x_wconf 89' lang='lat' dir='ltr'>impietate</span> <span class='ocrx_word' id='word_1_191' title='bbox 1535 2285 1815 2367; x_wconf 78' lang='lat' dir='ltr'>furenS,</span> <span class='ocrx_word' id='word_1_192' title='bbox 1863 2285 2188 2373; x_wconf 86' lang='lat' dir='ltr'>quintum</span> <span class='ocrx_word' id='word_1_193' title='bbox 2237 2286 2325 2355; x_wconf 92' lang='lat' dir='ltr'>ad</span> <span class='ocrx_word' id='word_1_194' title='bbox 2372 2286 2858 2374; x_wconf 91' lang='lat' dir='ltr'>quaestionem</span> <span class='ocrx_word' id='word_1_195' title='bbox 2924 2282 3165 2356; x_wconf 87' lang='lat' dir='ltr'>adduci</span> 
     </span>
     <span class='ocr_line' id='line_1_24' title="bbox 606 2372 3165 2466; baseline -0.002 -22"><span class='ocrx_word' id='word_1_196' title='bbox 606 2376 848 2466; x_wconf 87' lang='lat' dir='ltr'>jubet,</span> <span class='ocrx_word' id='word_1_197' title='bbox 900 2375 1103 2464; x_wconf 87' lang='lat' dir='ltr'>cujus</span> <span class='ocrx_word' id='word_1_198' title='bbox 1153 2373 1644 2464; x_wconf 88' lang='lat' dir='ltr'>praestantiam</span> <span class='ocrx_word' id='word_1_199' title='bbox 1699 2373 1797 2442; x_wconf 89' lang='lat' dir='ltr'>vel</span> <span class='ocrx_word' id='word_1_200' title='bbox 1857 2395 2109 2443; x_wconf 88' lang='lat' dir='ltr'>nomen</span> <span class='ocrx_word' id='word_1_201' title='bbox 2156 2373 2389 2464; x_wconf 88' lang='lat' dir='ltr'>ipsum</span> <span class='ocrx_word' id='word_1_202' title='bbox 2441 2374 2861 2446; x_wconf 88' lang='lat' dir='ltr'>declarabit:</span> <span class='ocrx_word' id='word_1_203' title='bbox 2924 2372 3165 2444; x_wconf 85' lang='lat' dir='ltr'>Paulus</span> 
     </span>
     <span class='ocr_line' id='line_1_25' title="bbox 612 2460 3166 2535; baseline -0.001 -3"><span class='ocrx_word' id='word_1_204' title='bbox 612 2463 802 2533; x_wconf 90' lang='lat' dir='ltr'>enim</span> <span class='ocrx_word' id='word_1_205' title='bbox 851 2462 1241 2532; x_wconf 89' lang='lat' dir='ltr'>vocabatur.</span> <span class='ocrx_word' id='word_1_206' title='bbox 1279 2468 1358 2532; x_wconf 94' lang='lat' dir='ltr'>In</span> <span class='ocrx_word' id='word_1_207' title='bbox 1394 2460 1581 2531; x_wconf 91' lang='lat' dir='ltr'>hunc</span> <span class='ocrx_word' id='word_1_208' title='bbox 1616 2460 1777 2532; x_wconf 86' lang='lat' dir='ltr'>item</span> <span class='ocrx_word' id='word_1_209' title='bbox 1809 2461 2289 2533; x_wconf 87' lang='lat' dir='ltr'>crudelitatem</span> <span class='ocrx_word' id='word_1_210' title='bbox 2325 2483 2525 2533; x_wconf 88' lang='lat' dir='ltr'>suam</span> <span class='ocrx_word' id='word_1_211' title='bbox 2564 2474 2852 2534; x_wconf 90' lang='lat' dir='ltr'>tortores</span> <span class='ocrx_word' id='word_1_212' title='bbox 2882 2475 2963 2535; x_wconf 89' lang='lat' dir='ltr'>ut</span> <span class='ocrx_word' id='word_1_213' title='bbox 2990 2482 3166 2535; x_wconf 84' lang='lat' dir='ltr'>exer-</span> 
     </span>
     <span class='ocr_line' id='line_1_26' title="bbox 612 2550 3166 2643; baseline -0.002 -21"><span class='ocrx_word' id='word_1_214' title='bbox 612 2562 867 2634; x_wconf 89' lang='lat' dir='ltr'>cerent,</span> <span class='ocrx_word' id='word_1_215' title='bbox 903 2550 1291 2620; x_wconf 86' lang='lat' dir='ltr'>Praefectus</span> <span class='ocrx_word' id='word_1_216' title='bbox 1339 2550 1727 2639; x_wconf 88' lang='lat' dir='ltr'>imperavit.</span> <span class='ocrx_word' id='word_1_217' title='bbox 1773 2555 1850 2619; x_wconf 82' lang='lat' dir='ltr'>At</span> <span class='ocrx_word' id='word_1_218' title='bbox 1883 2556 2138 2640; x_wconf 82' lang='lat' dir='ltr'>Martyr</span> <span class='ocrx_word' id='word_1_219' title='bbox 2184 2550 2418 2621; x_wconf 88' lang='lat' dir='ltr'>futura</span> <span class='ocrx_word' id='word_1_220' title='bbox 2465 2551 2976 2643; x_wconf 90' lang='lat' dir='ltr'>contemplans,</span> <span class='ocrx_word' id='word_1_221' title='bbox 3028 2572 3166 2643; x_wconf 90' lang='lat' dir='ltr'>pro-</span> 
     </span>
    </p>

    <p class='ocr_par' dir='ltr' id='par_1_6' title="bbox 609 2638 3172 3435">
     <span class='ocr_line' id='line_1_27' title="bbox 662 2638 3166 2728; baseline -0.001 -19"><span class='ocrx_word' id='word_1_222' title='bbox 662 2640 818 2710; x_wconf 89' lang='lat' dir='ltr'>ositi</span> <span class='ocrx_word' id='word_1_223' title='bbox 866 2639 975 2711; x_wconf 92' lang='lat' dir='ltr'>sui</span> <span class='ocrx_word' id='word_1_224' title='bbox 1020 2638 1492 2708; x_wconf 87' lang='lat' dir='ltr'>excellentiam</span> <span class='ocrx_word' id='word_1_225' title='bbox 1542 2638 1864 2707; x_wconf 89' lang='lat' dir='ltr'>ostendit.</span> <span class='ocrx_word' id='word_1_226' title='bbox 1919 2644 2149 2725; x_wconf 87' lang='lat' dir='ltr'>Neque</span> <span class='ocrx_word' id='word_1_227' title='bbox 2177 2639 2366 2708; x_wconf 90' lang='lat' dir='ltr'>enim</span> <span class='ocrx_word' id='word_1_228' title='bbox 2408 2640 2712 2728; x_wconf 82' lang='lat' dir='ltr'>Tyranni</span> <span class='ocrx_word' id='word_1_229' title='bbox 2752 2638 3166 2711; x_wconf 68' lang='lat' dir='ltr'>contumelia</span> 
     </span>
     <span class='ocr_line' id='line_1_28' title="bbox 640 2725 3167 2817; baseline -0.002 -19"><span class='ocrx_word' id='word_1_230' title='bbox 640 2740 915 2807; x_wconf 76' lang='lat' dir='ltr'>metus,</span> <span class='ocrx_word' id='word_1_231' title='bbox 985 2726 1391 2816; x_wconf 87' lang='lat' dir='ltr'>gravitatem</span> <span class='ocrx_word' id='word_1_232' title='bbox 1439 2725 1714 2816; x_wconf 88' lang='lat' dir='ltr'>abjecit:</span> <span class='ocrx_word' id='word_1_233' title='bbox 1778 2726 1895 2797; x_wconf 91' lang='lat' dir='ltr'>sed</span> <span class='ocrx_word' id='word_1_234' title='bbox 1946 2727 2432 2817; x_wconf 87' lang='lat' dir='ltr'>praecedentes</span> <span class='ocrx_word' id='word_1_235' title='bbox 2479 2728 2705 2797; x_wconf 89' lang='lat' dir='ltr'>socios</span> <span class='ocrx_word' id='word_1_236' title='bbox 2758 2726 3167 2816; x_wconf 82' lang='lat' dir='ltr'>assequendi</span> 
     </span>
     <span class='ocr_line' id='line_1_29' title="bbox 612 2813 3165 2895; baseline -0.002 -8"><span class='ocrx_word' id='word_1_237' title='bbox 612 2816 846 2888; x_wconf 92' lang='lat' dir='ltr'>studio</span> <span class='ocrx_word' id='word_1_238' title='bbox 881 2816 1231 2895; x_wconf 85' lang='lat' dir='ltr'>incensus,</span> <span class='ocrx_word' id='word_1_239' title='bbox 1267 2813 1508 2883; x_wconf 86' lang='lat' dir='ltr'>libenti</span> <span class='ocrx_word' id='word_1_240' title='bbox 1540 2815 1777 2884; x_wconf 88' lang='lat' dir='ltr'>animo</span> <span class='ocrx_word' id='word_1_241' title='bbox 1807 2826 2153 2884; x_wconf 90' lang='lat' dir='ltr'>certamen</span> <span class='ocrx_word' id='word_1_242' title='bbox 2199 2814 2436 2885; x_wconf 88' lang='lat' dir='ltr'>subiit.</span> <span class='ocrx_word' id='word_1_243' title='bbox 2485 2816 2757 2886; x_wconf 85' lang='lat' dir='ltr'>Invidia</span> <span class='ocrx_word' id='word_1_244' title='bbox 2802 2838 2969 2886; x_wconf 83' lang='lat' dir='ltr'>vero</span> <span class='ocrx_word' id='word_1_245' title='bbox 3001 2824 3165 2885; x_wconf 88' lang='lat' dir='ltr'>recte</span> 
     </span>
     <span class='ocr_line' id='line_1_30' title="bbox 609 2900 3163 2994; baseline -0.002 -20"><span class='ocrx_word' id='word_1_246' title='bbox 609 2904 954 2974; x_wconf 88' lang='lat' dir='ltr'>factorum</span> <span class='ocrx_word' id='word_1_247' title='bbox 1002 2900 1310 2984; x_wconf 88' lang='lat' dir='ltr'>inimica,</span> <span class='ocrx_word' id='word_1_248' title='bbox 1364 2901 1554 2972; x_wconf 92' lang='lat' dir='ltr'>hunc</span> <span class='ocrx_word' id='word_1_249' title='bbox 1602 2901 1858 2972; x_wconf 85' lang='lat' dir='ltr'>frustra</span> <span class='ocrx_word' id='word_1_250' title='bbox 1904 2902 2278 2994; x_wconf 90' lang='lat' dir='ltr'>propositis</span> <span class='ocrx_word' id='word_1_251' title='bbox 2317 2903 2757 2974; x_wconf 88' lang='lat' dir='ltr'>cruciatuum</span> <span class='ocrx_word' id='word_1_252' title='bbox 2809 2904 3163 2975; x_wconf 88' lang='lat' dir='ltr'>doloribus</span> 
     </span>
     <span class='ocr_line' id='line_1_31' title="bbox 612 2989 3164 3083; baseline -0.001 -22"><span class='ocrx_word' id='word_1_253' title='bbox 612 2992 937 3061; x_wconf 87' lang='lat' dir='ltr'>territans</span> <span class='ocrx_word' id='word_1_254' title='bbox 987 2989 1425 3075; x_wconf 89' lang='lat' dir='ltr'>sequebatur.</span> <span class='ocrx_word' id='word_1_255' title='bbox 1480 2995 1557 3060; x_wconf 81' lang='lat' dir='ltr'>At</span> <span class='ocrx_word' id='word_1_256' title='bbox 1597 2995 1922 3062; x_wconf 86' lang='lat' dir='ltr'>Crescens</span> <span class='ocrx_word' id='word_1_257' title='bbox 1968 3013 2129 3060; x_wconf 91' lang='lat' dir='ltr'>cum</span> <span class='ocrx_word' id='word_1_258' title='bbox 2171 2991 2662 3073; x_wconf 89' lang='lat' dir='ltr'>consideraret,</span> <span class='ocrx_word' id='word_1_259' title='bbox 2715 3014 2997 3083; x_wconf 89' lang='lat' dir='ltr'>semper</span> <span class='ocrx_word' id='word_1_260' title='bbox 3027 3010 3164 3063; x_wconf 87' lang='lat' dir='ltr'>esse</span> 
     </span>
     <span class='ocr_line' id='line_1_32' title="bbox 612 3077 3169 3169; baseline -0.001 -21"><span class='ocrx_word' id='word_1_261' title='bbox 612 3078 901 3149; x_wconf 82' lang='lat' dir='ltr'>difficile</span> <span class='ocrx_word' id='word_1_262' title='bbox 948 3077 1387 3168; x_wconf 89' lang='lat' dir='ltr'>Principibus</span> <span class='ocrx_word' id='word_1_263' title='bbox 1434 3078 1701 3165; x_wconf 89' lang='lat' dir='ltr'>aliquid</span> <span class='ocrx_word' id='word_1_264' title='bbox 1752 3078 2192 3169; x_wconf 90' lang='lat' dir='ltr'>persuadere,</span> <span class='ocrx_word' id='word_1_265' title='bbox 2246 3078 2319 3147; x_wconf 92' lang='lat' dir='ltr'>in</span> <span class='ocrx_word' id='word_1_266' title='bbox 2371 3079 2598 3149; x_wconf 89' lang='lat' dir='ltr'>medio</span> <span class='ocrx_word' id='word_1_267' title='bbox 2647 3091 2862 3161; x_wconf 79' lang='lat' dir='ltr'>stanS,</span> <span class='ocrx_word' id='word_1_268' title='bbox 2905 3078 3169 3151; x_wconf 87' lang='lat' dir='ltr'>virtutis</span> 
     </span>
     <span class='ocr_line' id='line_1_33' title="bbox 613 3165 3168 3259; baseline -0.001 -19"><span class='ocrx_word' id='word_1_269' title='bbox 613 3167 965 3258; x_wconf 90' lang='lat' dir='ltr'>specimen</span> <span class='ocrx_word' id='word_1_270' title='bbox 1012 3165 1222 3235; x_wconf 89' lang='lat' dir='ltr'>dedit.</span> <span class='ocrx_word' id='word_1_271' title='bbox 1273 3170 1442 3236; x_wconf 90' lang='lat' dir='ltr'>Cum</span> <span class='ocrx_word' id='word_1_272' title='bbox 1480 3167 1669 3235; x_wconf 86' lang='lat' dir='ltr'>enim</span> <span class='ocrx_word' id='word_1_273' title='bbox 1719 3167 1807 3237; x_wconf 92' lang='lat' dir='ltr'>ad</span> <span class='ocrx_word' id='word_1_274' title='bbox 1858 3167 2124 3255; x_wconf 86' lang='lat' dir='ltr'>majora</span> <span class='ocrx_word' id='word_1_275' title='bbox 2172 3166 2500 3248; x_wconf 90' lang='lat' dir='ltr'>tenderet,</span> <span class='ocrx_word' id='word_1_276' title='bbox 2544 3168 2903 3259; x_wconf 83' lang='lat' dir='ltr'>egregium</span> <span class='ocrx_word' id='word_1_277' title='bbox 2941 3192 3020 3239; x_wconf 92' lang='lat' dir='ltr'>se</span> <span class='ocrx_word' id='word_1_278' title='bbox 3050 3190 3168 3258; x_wconf 86' lang='lat' dir='ltr'>pu·</span> 
     </span>
     <span class='ocr_line' id='line_1_34' title="bbox 611 3254 3172 3347; baseline 0 -23"><span class='ocrx_word' id='word_1_279' title='bbox 611 3256 850 3347; x_wconf 84' lang='lat' dir='ltr'>gilem,</span> <span class='ocrx_word' id='word_1_280' title='bbox 899 3267 965 3323; x_wconf 87' lang='lat' dir='ltr'>et</span> <span class='ocrx_word' id='word_1_281' title='bbox 1012 3276 1209 3324; x_wconf 91' lang='lat' dir='ltr'>sacro</span> <span class='ocrx_word' id='word_1_282' title='bbox 1258 3254 1604 3326; x_wconf 88' lang='lat' dir='ltr'>sociorum</span> <span class='ocrx_word' id='word_1_283' title='bbox 1648 3268 1849 3325; x_wconf 89' lang='lat' dir='ltr'>coetu</span> <span class='ocrx_word' id='word_1_284' title='bbox 1887 3254 2182 3345; x_wconf 84' lang='lat' dir='ltr'>dignum</span> <span class='ocrx_word' id='word_1_285' title='bbox 2214 3256 2581 3345; x_wconf 88' lang='lat' dir='ltr'>praestitit,</span> <span class='ocrx_word' id='word_1_286' title='bbox 2635 3269 2701 3327; x_wconf 91' lang='lat' dir='ltr'>et</span> <span class='ocrx_word' id='word_1_287' title='bbox 2732 3256 3016 3328; x_wconf 85' lang='lat' dir='ltr'>firmam</span> <span class='ocrx_word' id='word_1_288' title='bbox 3070 3255 3172 3325; x_wconf 86' lang='lat' dir='ltr'>su-</span> 
     </span>
     <span class='ocr_line' id='line_1_35' title="bbox 615 3342 2519 3435; baseline 0 -21"><span class='ocrx_word' id='word_1_289' title='bbox 615 3345 756 3414; x_wconf 90' lang='lat' dir='ltr'>turi</span> <span class='ocrx_word' id='word_1_290' title='bbox 787 3342 1077 3433; x_wconf 91' lang='lat' dir='ltr'>praemii</span> <span class='ocrx_word' id='word_1_291' title='bbox 1125 3365 1321 3432; x_wconf 90' lang='lat' dir='ltr'>spem</span> <span class='ocrx_word' id='word_1_292' title='bbox 1371 3343 1661 3425; x_wconf 89' lang='lat' dir='ltr'>habens,</span> <span class='ocrx_word' id='word_1_293' title='bbox 1716 3342 2074 3413; x_wconf 89' lang='lat' dir='ltr'>victoriam</span> <span class='ocrx_word' id='word_1_294' title='bbox 2125 3345 2519 3435; x_wconf 88' lang='lat' dir='ltr'>reportavit.</span> 
     </span>
    </p>

    <p class='ocr_par' dir='ltr' id='par_1_7' title="bbox 602 3430 3177 4496">
     <span class='ocr_line' id='line_1_36' title="bbox 700 3430 3169 3522; baseline 0 -19"><span class='ocrx_word' id='word_1_295' title='bbox 700 3433 737 3520; x_wconf 67' lang='grc' dir='ltr'>ἓ</span> <span class='ocrx_word' id='word_1_296' title='bbox 785 3436 869 3504; x_wconf 76' lang='grc'>8.</span> <span class='ocrx_word' id='word_1_297' title='bbox 924 3434 1276 3500; x_wconf 84' lang='lat' dir='ltr'>Caeterum</span> <span class='ocrx_word' id='word_1_298' title='bbox 1324 3430 1495 3501; x_wconf 92' lang='lat' dir='ltr'>dum</span> <span class='ocrx_word' id='word_1_299' title='bbox 1541 3453 1839 3513; x_wconf 90' lang='lat' dir='ltr'>carcere,</span> <span class='ocrx_word' id='word_1_300' title='bbox 1878 3432 2380 3518; x_wconf 89' lang='lat' dir='ltr'>tormentisque</span> <span class='ocrx_word' id='word_1_301' title='bbox 2427 3433 2891 3503; x_wconf 89' lang='lat' dir='ltr'>constantiam</span> <span class='ocrx_word' id='word_1_302' title='bbox 2924 3439 3169 3522; x_wconf 81' lang='lat' dir='ltr'>Marty-</span> 
     </span>
     <span class='ocr_line' id='line_1_37' title="bbox 615 3518 3175 3619; baseline -0 -30"><span class='ocrx_word' id='word_1_303' title='bbox 615 3543 777 3589; x_wconf 88' lang='lat' dir='ltr'>rum</span> <span class='ocrx_word' id='word_1_304' title='bbox 833 3518 1218 3619; x_wconf 84' lang='lat' dir='ltr'>exploraret</span> <span class='ocrx_word' id='word_1_305' title='bbox 1264 3520 1592 3611; x_wconf 89' lang='lat' dir='ltr'>Princeps</span> <span class='ocrx_word' id='word_1_306' title='bbox 1639 3519 1974 3602; x_wconf 80' lang='lat' dir='ltr'>insanuS,</span> <span class='ocrx_word' id='word_1_307' title='bbox 2035 3532 2101 3590; x_wconf 92' lang='lat' dir='ltr'>et</span> <span class='ocrx_word' id='word_1_308' title='bbox 2166 3520 2465 3611; x_wconf 83' lang='lat' dir='ltr'>singulis</span> <span class='ocrx_word' id='word_1_309' title='bbox 2515 3521 2995 3612; x_wconf 89' lang='lat' dir='ltr'>periculorum</span> <span class='ocrx_word' id='word_1_310' title='bbox 3047 3535 3175 3591; x_wconf 89' lang='lat' dir='ltr'>ter-</span> 
     </span>
     <span class='ocr_line' id='line_1_38' title="bbox 615 3606 3165 3699; baseline -0 -22"><span class='ocrx_word' id='word_1_311' title='bbox 615 3629 842 3677; x_wconf 88' lang='lat' dir='ltr'>rorem</span> <span class='ocrx_word' id='word_1_312' title='bbox 906 3617 1289 3688; x_wconf 84' lang='lat' dir='ltr'>incuteret,</span> <span class='ocrx_word' id='word_1_313' title='bbox 1343 3628 1459 3677; x_wconf 91' lang='lat' dir='ltr'>eos</span> <span class='ocrx_word' id='word_1_314' title='bbox 1515 3606 1762 3677; x_wconf 90' lang='lat' dir='ltr'>salutis</span> <span class='ocrx_word' id='word_1_315' title='bbox 1827 3628 2113 3677; x_wconf 87' lang='lat' dir='ltr'>cursum</span> <span class='ocrx_word' id='word_1_316' title='bbox 2181 3609 2603 3699; x_wconf 83' lang='lat' dir='ltr'>perfecturos</span> <span class='ocrx_word' id='word_1_317' title='bbox 2660 3632 2796 3679; x_wconf 90' lang='lat' dir='ltr'>non</span> <span class='ocrx_word' id='word_1_318' title='bbox 2860 3611 3165 3699; x_wconf 87' lang='lat' dir='ltr'>putabat.</span> 
     </span>
     <span class='ocr_line' id='line_1_39' title="bbox 609 3695 3173 3787; baseline 0 -22"><span class='ocrx_word' id='word_1_319' title='bbox 609 3701 862 3766; x_wconf 87' lang='lat' dir='ltr'>Verum</span> <span class='ocrx_word' id='word_1_320' title='bbox 922 3696 1046 3766; x_wconf 90' lang='lat' dir='ltr'>ubi</span> <span class='ocrx_word' id='word_1_321' title='bbox 1100 3695 1373 3764; x_wconf 87' lang='lat' dir='ltr'>animos</span> <span class='ocrx_word' id='word_1_322' title='bbox 1422 3695 1737 3784; x_wconf 85' lang='lat' dir='ltr'>ipsorum</span> <span class='ocrx_word' id='word_1_323' title='bbox 1777 3695 2160 3787; x_wconf 87' lang='lat' dir='ltr'>intrepidos</span> <span class='ocrx_word' id='word_1_324' title='bbox 2208 3697 2399 3779; x_wconf 87' lang='lat' dir='ltr'>vidit,</span> <span class='ocrx_word' id='word_1_325' title='bbox 2435 3698 3021 3785; x_wconf 88' lang='lat' dir='ltr'>cruciatuumque</span> <span class='ocrx_word' id='word_1_326' title='bbox 3079 3695 3173 3765; x_wconf 89' lang='lat' dir='ltr'>vi-</span> 
     </span>
     <span class='ocr_line' id='line_1_40' title="bbox 610 3782 3174 3877; baseline 0 -23"><span class='ocrx_word' id='word_1_327' title='bbox 610 3796 856 3865; x_wconf 78' lang='lat' dir='ltr'>ctoreS‚</span> <span class='ocrx_word' id='word_1_328' title='bbox 896 3805 1033 3853; x_wconf 93' lang='lat' dir='ltr'>non</span> <span class='ocrx_word' id='word_1_329' title='bbox 1084 3782 1424 3852; x_wconf 89' lang='lat' dir='ltr'>dubitavit</span> <span class='ocrx_word' id='word_1_330' title='bbox 1455 3784 1785 3875; x_wconf 78' lang='lat' dir='ltr'>ampliuS,</span> <span class='ocrx_word' id='word_1_331' title='bbox 1824 3784 1995 3872; x_wconf 90' lang='lat' dir='ltr'>quin</span> <span class='ocrx_word' id='word_1_332' title='bbox 2026 3785 2353 3855; x_wconf 86' lang='lat' dir='ltr'>victoriae</span> <span class='ocrx_word' id='word_1_333' title='bbox 2381 3786 2694 3876; x_wconf 90' lang='lat' dir='ltr'>praemia</span> <span class='ocrx_word' id='word_1_334' title='bbox 2734 3787 2921 3877; x_wconf 89' lang='lat' dir='ltr'>apud</span> <span class='ocrx_word' id='word_1_335' title='bbox 2960 3792 3174 3856; x_wconf 89' lang='lat' dir='ltr'>Deum</span> 
     </span>
     <span class='ocr_line' id='line_1_41' title="bbox 609 3871 3171 3972; baseline 0 -29"><span class='ocrx_word' id='word_1_336' title='bbox 609 3885 841 3943; x_wconf 90' lang='lat' dir='ltr'>essent</span> <span class='ocrx_word' id='word_1_337' title='bbox 887 3871 1217 3972; x_wconf 80' lang='lat' dir='ltr'>habituri.</span> <span class='ocrx_word' id='word_1_338' title='bbox 1271 3876 1507 3958; x_wconf 90' lang='lat' dir='ltr'>Itaque</span> <span class='ocrx_word' id='word_1_339' title='bbox 1555 3894 1769 3963; x_wconf 89' lang='lat' dir='ltr'>supra</span> <span class='ocrx_word' id='word_1_340' title='bbox 1815 3894 2029 3961; x_wconf 87' lang='lat' dir='ltr'>quam</span> <span class='ocrx_word' id='word_1_341' title='bbox 2077 3872 2309 3955; x_wconf 88' lang='lat' dir='ltr'>decet,</span> <span class='ocrx_word' id='word_1_342' title='bbox 2363 3873 2467 3944; x_wconf 73' lang='lat' dir='ltr'>ira</span> <span class='ocrx_word' id='word_1_343' title='bbox 2515 3886 2911 3966; x_wconf 80' lang='lat' dir='ltr'>permotuS,</span> <span class='ocrx_word' id='word_1_344' title='bbox 2968 3874 3171 3944; x_wconf 88' lang='lat' dir='ltr'>talem</span> 
     </span>
     <span class='ocr_line' id='line_1_42' title="bbox 610 3961 3175 4053; baseline -0 -23"><span class='ocrx_word' id='word_1_345' title='bbox 610 3962 685 4030; x_wconf 88' lang='lat' dir='ltr'>in</span> <span class='ocrx_word' id='word_1_346' title='bbox 739 3961 921 4029; x_wconf 90' lang='lat' dir='ltr'>viros</span> <span class='ocrx_word' id='word_1_347' title='bbox 968 3971 1370 4030; x_wconf 80' lang='lat' dir='ltr'>innocentes</span> <span class='ocrx_word' id='word_1_348' title='bbox 1417 3970 1654 4030; x_wconf 89' lang='lat' dir='ltr'>senten</span> <span class='ocrx_word' id='word_1_349' title='bbox 1681 3962 1845 4031; x_wconf 90' lang='lat' dir='ltr'>tiam</span> <span class='ocrx_word' id='word_1_350' title='bbox 1909 3961 2088 4042; x_wconf 88' lang='lat' dir='ltr'>tulit,</span> <span class='ocrx_word' id='word_1_351' title='bbox 2150 3972 2227 4032; x_wconf 88' lang='lat' dir='ltr'>ut</span> <span class='ocrx_word' id='word_1_352' title='bbox 2287 3962 2511 4051; x_wconf 91' lang='lat' dir='ltr'>capite</span> <span class='ocrx_word' id='word_1_353' title='bbox 2560 3962 3060 4053; x_wconf 87' lang='lat' dir='ltr'>plecterentur,</span> <span class='ocrx_word' id='word_1_354' title='bbox 3111 3973 3175 4030; x_wconf 92' lang='lat' dir='ltr'>et</span> 
     </span>
     <span class='ocr_line' id='line_1_43' title="bbox 610 4047 3174 4142; baseline 0 -21"><span class='ocrx_word' id='word_1_355' title='bbox 610 4048 718 4121; x_wconf 89' lang='lat' dir='ltr'>sin</span> <span class='ocrx_word' id='word_1_356' title='bbox 775 4047 876 4118; x_wconf 88' lang='lat' dir='ltr'>uli</span> <span class='ocrx_word' id='word_1_357' title='bbox 926 4048 1240 4139; x_wconf 83' lang='lat' dir='ltr'>singulos</span> <span class='ocrx_word' id='word_1_358' title='bbox 1292 4062 1745 4136; x_wconf 90' lang='lat' dir='ltr'>sequerentur</span> <span class='ocrx_word' id='word_1_359' title='bbox 1791 4050 2177 4120; x_wconf 90' lang='lat' dir='ltr'>carnifices.</span> <span class='ocrx_word' id='word_1_360' title='bbox 2246 4054 2530 4121; x_wconf 89' lang='lat' dir='ltr'>Sanctos</span> <span class='ocrx_word' id='word_1_361' title='bbox 2588 4052 2807 4142; x_wconf 87' lang='lat' dir='ltr'>igitur</span> <span class='ocrx_word' id='word_1_362' title='bbox 2846 4057 3174 4140; x_wconf 82' lang='lat' dir='ltr'>Martyres</span> 
     </span>
     <span class='ocr_line' id='line_1_44' title="bbox 607 4136 3171 4229; baseline -0.001 -23"><span class='ocrx_word' id='word_1_363' title='bbox 607 4137 728 4207; x_wconf 90' lang='lat' dir='ltr'>toti</span> <span class='ocrx_word' id='word_1_364' title='bbox 782 4158 890 4205; x_wconf 91' lang='lat' dir='ltr'>em</span> <span class='ocrx_word' id='word_1_365' title='bbox 941 4157 1231 4207; x_wconf 88' lang='lat' dir='ltr'>numero</span> <span class='ocrx_word' id='word_1_366' title='bbox 1278 4136 1545 4207; x_wconf 84' lang='lat' dir='ltr'>fraudis</span> <span class='ocrx_word' id='word_1_367' title='bbox 1578 4138 1905 4221; x_wconf 89' lang='lat' dir='ltr'>ministri,</span> <span class='ocrx_word' id='word_1_368' title='bbox 1943 4151 2021 4208; x_wconf 89' lang='lat' dir='ltr'>ut</span> <span class='ocrx_word' id='word_1_369' title='bbox 2049 4137 2351 4208; x_wconf 83' lang='lat' dir='ltr'>facerent</span> <span class='ocrx_word' id='word_1_370' title='bbox 2397 4138 2760 4229; x_wconf 78' lang='lat' dir='ltr'>imperata,</span> <span class='ocrx_word' id='word_1_371' title='bbox 2817 4142 3171 4209; x_wconf 75' lang='lat' dir='ltr'>traxerunt</span> 
     </span>
     <span class='ocr_line' id='line_1_45' title="bbox 606 4224 3175 4310; baseline -0 -14"><span class='ocrx_word' id='word_1_372' title='bbox 606 4224 696 4296; x_wconf 90' lang='lat' dir='ltr'>ad</span> <span class='ocrx_word' id='word_1_373' title='bbox 745 4225 1000 4306; x_wconf 80' lang='lat' dir='ltr'>locum&#39;,</span> <span class='ocrx_word' id='word_1_374' title='bbox 1051 4225 1176 4295; x_wconf 89' lang='lat' dir='ltr'>ubi</span> <span class='ocrx_word' id='word_1_375' title='bbox 1218 4226 1286 4294; x_wconf 90' lang='lat' dir='ltr'>in</span> <span class='ocrx_word' id='word_1_376' title='bbox 1338 4227 1653 4296; x_wconf 90' lang='lat' dir='ltr'>homines</span> <span class='ocrx_word' id='word_1_377' title='bbox 1689 4225 2054 4297; x_wconf 86' lang='lat' dir='ltr'>sceleratos</span> <span class='ocrx_word' id='word_1_378' title='bbox 2103 4226 2274 4297; x_wconf 91' lang='lat' dir='ltr'>solet</span> <span class='ocrx_word' id='word_1_379' title='bbox 2304 4226 2786 4310; x_wconf 89' lang='lat' dir='ltr'>animadverti,</span> <span class='ocrx_word' id='word_1_380' title='bbox 2827 4229 2952 4298; x_wconf 90' lang='lat' dir='ltr'>ubi</span> <span class='ocrx_word' id='word_1_381' title='bbox 2980 4227 3175 4297; x_wconf 87' lang='lat' dir='ltr'>dam-</span> 
     </span>
     <span class='ocr_line' id='line_1_46' title="bbox 605 4313 3177 4405; baseline -0.001 -22"><span class='ocrx_word' id='word_1_382' title='bbox 605 4313 752 4383; x_wconf 87' lang='lat' dir='ltr'>nati</span> <span class='ocrx_word' id='word_1_383' title='bbox 799 4313 1037 4384; x_wconf 89' lang='lat' dir='ltr'>bestiis</span> <span class='ocrx_word' id='word_1_384' title='bbox 1096 4313 1522 4404; x_wconf 89' lang='lat' dir='ltr'>objiciuntur</span> <span class='ocrx_word' id='word_1_385' title='bbox 1577 4327 1640 4385; x_wconf 92' lang='lat' dir='ltr'>et</span> <span class='ocrx_word' id='word_1_386' title='bbox 1688 4314 1814 4385; x_wconf 91' lang='lat' dir='ltr'>ubi</span> <span class='ocrx_word' id='word_1_387' title='bbox 1884 4314 2303 4405; x_wconf 84' lang='lat' dir='ltr'>gladiatores</span> <span class='ocrx_word' id='word_1_388' title='bbox 2363 4316 2626 4386; x_wconf 88' lang='lat' dir='ltr'>mutuis</span> <span class='ocrx_word' id='word_1_389' title='bbox 2695 4314 2951 4386; x_wconf 87' lang='lat' dir='ltr'>ictibus</span> <span class='ocrx_word' id='word_1_390' title='bbox 2995 4335 3177 4402; x_wconf 89' lang='lat' dir='ltr'>quos</span> 
     </span>
     <span class='ocr_line' id='line_1_47' title="bbox 602 4401 3165 4496; baseline -0.001 -22"><span class='ocrx_word' id='word_1_391' title='bbox 602 4401 864 4495; x_wconf 90' lang='lat' dir='ltr'>pedum</span> <span class='ocrx_word' id='word_1_392' title='bbox 911 4401 1253 4475; x_wconf 87' lang='lat' dir='ltr'>celeritate</span> <span class='ocrx_word' id='word_1_393' title='bbox 1299 4413 1367 4473; x_wconf 89' lang='lat' dir='ltr'>et</span> <span class='ocrx_word' id='word_1_394' title='bbox 1411 4402 1593 4474; x_wconf 90' lang='lat' dir='ltr'>saltu</span> <span class='ocrx_word' id='word_1_395' title='bbox 1639 4403 1991 4473; x_wconf 89' lang='lat' dir='ltr'>declinare</span> <span class='ocrx_word' id='word_1_396' title='bbox 2039 4425 2177 4474; x_wconf 88' lang='lat' dir='ltr'>non</span> <span class='ocrx_word' id='word_1_397' title='bbox 2228 4416 2542 4496; x_wconf 84' lang='lat' dir='ltr'>possunt,</span> <span class='ocrx_word' id='word_1_398' title='bbox 2585 4427 2736 4475; x_wconf 90' lang='lat' dir='ltr'>sese</span> <span class='ocrx_word' id='word_1_399' title='bbox 2787 4403 3165 4482; x_wconf 76' lang='lat' dir='ltr'>trucidant,</span> 
     </span>
    </p>
   </div>
  </div>
 </body>
</html>
