3327 4999
214 328 432 395 MART.
485 332 571 397 lo
907 352 988 399 ne
1035 353 1130 401 ss.
1184 352 1469 402 conluro
1516 355 1596 402 m·
1640 353 1845 406 socns
1891 355 2007 402 nn.
2534 335 2650 403 1⁴4

280 432 314 516 ὅ
378 436 464 502 2.
529 433 876 503 Virtutum
926 433 1143 525 igitur
1189 436 1524 506 inimicus
1571 437 1694 525 qui
1730 439 1800 506 in
1836 437 2078 508 multis
2109 459 2313 529 saepe
2360 439 2752 540 petulanter

203 539 409 608 agens,
463 532 532 591 et
577 522 885 593 civitates
931 525 1192 607 evertit,
1228 535 1295 595 et
1341 523 1551 597 falsos
1583 547 1898 596 rumores
1928 525 2428 610 disseminavit,
2465 539 2531 598 et
2561 550 2753 598 men-

202 616 282 676 tes
322 608 685 708 hominum
737 612 1154 695 immutavit,
1207 623 1276 683 et
1321 614 1679 704 gravitatis
1777 615 2324 685 ulchritudinem
2377 615 2638 698 infecit,
2686 628 2753 688 et

192 714 400 766 omma
435 699 507 767 in
558 698 863 770 deterius
913 701 1138 783 traxit,
1191 702 1633 772 admirandis
1668 707 1710 773 C
1768 703 1913 774 risti
2000 704 2461 795 ugnatoribus
2510 704 2752 774 inven-

193 793 287 852 tus
328 799 428 856 est
474 787 915 869 imbecillior,
979 812 1144 860 cum
1211 812 1339 860 nec
1407 791 1494 861 ab
1544 792 1834 863 honesto
1905 792 2064 861 ilos
2112 794 2469 884 proposito
2517 804 2750 885 posset

185 870 531 956 abducere,
587 898 713 947 nec
772 878 1108 948 rationem
1175 877 1492 969 ipsorum
1560 880 1982 963 subvertere,
2036 901 2212 968 quos
2263 882 2577 954 Christus
2626 905 2740 952 ar-

185 961 422 1032 mabat.
479 969 720 1052 Itaque
766 965 1073 1056 impetus
1121 967 1274 1057 ejus
1337 967 1676 1038 adversus
1725 974 2011 1040 Sanctos
2060 969 2235 1039 nihil
2291 982 2615 1041 naturam
2666 970 2749 1040 il-

184 1046 391 1120 lorum
445 1052 668 1123 laesit.
720 1054 1113 1138 Quinetiam
1164 1056 1764 1143 quemadmodum
1798 1057 2086 1140 invidia,
2140 1056 2745 1149 pulchritudinem

179 1140 478 1229 corporis
526 1143 795 1225 obtutu,
858 1154 1192 1230 tanquam
1243 1146 1509 1227 morb0,
1571 1144 1835 1217 frustra
1873 1160 2166 1216 conatur
2213 1147 2498 1217 inficere
2539 1160 2748 1235 atque

180 1247 638 1320 corrumpere,
691 1253 852 1301 cum
901 1231 1109 1302 decor
1154 1232 1380 1323 ipsius
1410 1234 1707 1324 pristino
1756 1234 1827 1303 in
1878 1246 2062 1305 statu
2109 1246 2590 1306 conservetur:
2646 1236 2746 1306 sic

177 1315 373 1385 etiam
406 1319 827 1421 Martyribus
874 1321 1150 1404 accidit,
1188 1343 1489 1408 quorum
1523 1322 1745 1392 animi
1779 1322 2294 1413 pulchritudini
2344 1346 2468 1394 nec
2516 1324 2745 1415 impe-

177 1412 278 1475 tus
322 1405 623 1490 inimici,
663 1429 788 1478 nec
836 1430 944 1479 res
993 1409 1166 1480 istae
1203 1409 1508 1480 caducae
1537 1409 1919 1498 quicquam
1950 1410 2348 1483 obfuerunt.
2390 1412 2575 1482 Nihil
2608 1413 2742 1504 igi-

180 1501 286 1590 tur
331 1507 652 1567 metuens
700 1509 1100 1567 sanctorum
1151 1503 1530 1588 Martyrum
1566 1510 1828 1580 coetus,
1871 1501 2026 1590 pari
2072 1523 2421 1572 consensu
2467 1502 2555 1570 ad
2604 1501 2744 1570 for-

176 1587 323 1649 titer
368 1585 719 1675 agendum
757 1608 829 1656 se
876 1587 1326 1677 comparavit,
1366 1599 1431 1656 et
1460 1600 1743 1658 strenue
1773 1588 1861 1657 ad
1911 1600 2222 1660 sanctam
2257 1590 2579 1680 gloriam,
2616 1590 2741 1660 ho-

175 1687 546 1760 noremque
593 1673 1053 1755 contendens,
1124 1675 1516 1765 praemium
1541 1735 1554 1768 ;
1577 1686 1685 1747 est
1748 1691 2190 1748 consecutus.
2252 1679 2377 1749 Ubi
2426 1678 2740 1769 primum

175 1758 351 1829 enim
403 1760 490 1830 ad
553 1761 823 1834 virtutis
888 1763 1241 1863 specimen
1303 1763 1776 1834 exhibendum
1844 1767 2061 1835 vocati
2114 1778 2279 1836 sunt
2323 1767 2540 1856 (quod
2590 1767 2745 1854 qui-

175 1842 324 1946 dem
386 1849 560 1931 fuit,
631 1873 795 1921 cum
853 1852 1140 1923 m1litiae
1189 1852 1440 1922 Christi
1487 1853 1773 1923 fuerunt
1810 1854 2197 1946 adscripti),
2234 1855 2465 1924 videre
2515 1855 2736 1938 licuit,

179 1932 416 2034 Christi
444 1939 741 2009 chorum
790 1940 1303 2011 antecedentem
1333 1941 1640 2010 militem
1690 1942 2062 2013 Codratum
2096 1944 2219 2032 qui
2255 1946 2566 2035 seipsum
2608 1950 2741 2014 Deo

179 2041 476 2109 primum
528 2027 764 2097 dicare
811 2027 1200 2110 festinabat,
1241 2028 1386 2099 illic
1432 2030 1606 2099 velle
1631 2029 2067 2101 educationis
2097 2045 2374 2123 gratum
2417 2032 2738 2102 animum

181 2115 547 2196 ostendere,
599 2116 726 2186 ubi
775 2120 907 2186 Deo
959 2117 1358 2207 placuisset.
1413 2123 1643 2205 Neque
1699 2118 1884 2187 enim
1937 2141 2238 2207 aequum
2289 2131 2415 2203 est,
2469 2132 2546 2189 ut
2594 2142 2741 2189 rem

181 2199 623 2288 admiratione
673 2204 956 2295 dignam
1018 2206 1294 2275 silentio
1351 2220 1892 2296 praetereamus.
1950 2213 2120 2277 Nam
2170 2231 2332 2278 cum
2380 2208 2737 2279 educatio-

185 2307 326 2357 nem
424 2306 649 2362 raeter
695 2304 1016 2364 naturam
1067 2295 1449 2377 habuisset,
1514 2307 1941 2385 quantopere
2009 2301 2141 2366 Deo
2208 2309 2390 2368 esset
2453 2297 2732 2380 charuS,

187 2381 612 2452 maniestum
661 2381 816 2451 fuit.

262 2473 298 2548 ἓ
357 2473 448 2543 8.
501 2469 629 2541 Hic
676 2469 863 2541 enim
904 2470 1222 2561 jaminde
1270 2472 1357 2543 ab
1407 2471 1579 2563 ipsis
1604 2471 2054 2544 incunabulis
2085 2473 2592 2545 nutrimentum
2627 2474 2732 2543 in-

185 2568 428 2628 certum
476 2559 746 2641 habuit,
791 2559 1052 2662 quippe
1096 2560 1219 2648 qui
1267 2574 1561 2631 matrem
1610 2562 1844 2633 adhuc
1890 2562 2126 2633 infans
2174 2563 2431 2644 amisit,
2466 2576 2532 2632 et
2582 2586 2731 2632 ma-

182 2646 379 2740 ternis
419 2648 756 2719 uberibus
802 2660 1048 2719 caruit.
1095 2649 1407 2721 Christus
1455 2662 1689 2720 autem
1739 2651 1844 2720 illi
1893 2650 2115 2741 signis
2165 2651 2453 2720 minime
2480 2651 2731 2720 obscu-

183 2748 267 2800 ns
312 2733 635 2806 alimenta
691 2737 1289 2819 subministravit,
1360 2760 1521 2809 curn
1572 2739 1724 2829 ejus
1776 2740 1986 2830 Jussu
2050 2739 2351 2809 nubium
2402 2739 2739 2831 globuse

181 2822 356 2916 coelo
403 2825 736 2895 infantem
785 2826 1338 2917 amplecteretur,
1377 2827 1929 2915 alimentumque
1993 2849 2075 2897 su
2134 2828 2492 2918 peditaret,
2545 2827 2736 2897 unde

182 2928 315 2996 lpse
358 2926 695 3000 quantum
747 2913 914 2984 satis
969 2926 1147 2984 esset
1213 2916 1284 2984 in
1354 2915 1697 2996 futurum,
1765 2916 2069 3007 percipie
2123 2929 2213 2987 at.
2269 2922 2521 2986 Verum
2572 2936 2736 2985 cum

183 2997 585 3083 adolevisset,
640 3003 846 3072 aetati
894 3015 1391 3093 congruentem
1444 3003 1895 3095 disciplinam
1955 3006 2285 3096 percepit,
2339 3017 2405 3075 et
2452 3005 2525 3074 in
2589 3005 2735 3094 pri-

183 3087 305 3159 mis
358 3091 772 3161 rudimentis
820 3091 1066 3162 didicit
1112 3091 1439 3162 medendi
1487 3092 1911 3162 facultatem.
1979 3094 2094 3163 Vir
2139 3105 2372 3164 autem
2421 3094 2729 3176 effectuS‚

181 3177 416 3263 pariter
443 3201 603 3250 cum
636 3179 1011 3270 disciplina
1043 3191 1368 3250 naturam
1409 3180 1823 3251 diviniorem
1859 3194 1923 3251 et
1956 3182 2429 3272 perfectiorem
2463 3203 2736 3251 assum-

181 3265 327 3417 psit,
375 3268 842 3357 continuoque
890 3268 1287 3351 declaravit,
1323 3270 1647 3356 quisnam
1699 3279 1880 3339 esset
1908 3269 2213 3341 futurus.
2255 3275 2510 3340 Omnes
2543 3269 2734 3339 enim

205 3353 429 3426 abores
475 3357 1093 3445 fortitudinemque
1140 3359 1570 3447 complexuS‚
1634 3356 1836 3430 factis
1902 3359 2197 3449 gloriam
2265 3358 2725 3439 confirmavit,

181 3460 327 3513 cum
359 3466 398 3514 a
435 3446 725 3529 Christ0‚
763 3467 901 3534 quo
934 3447 1072 3538 ipsi
1121 3446 1461 3536 placebat,
1505 3445 1900 3516 duceretur.

256 3533 293 3689 ῗ
343 3539 424 3608 ¹1.
474 3541 688 3605 Jason
739 3535 953 3626 igitur
1001 3534 1322 3605 Graeciae
1382 3534 1799 3616 Praefectus,
1911 3546 2017 3606 ost
2076 3535 2386 3604 immane
2435 3534 2620 3604 Decii
2668 3543 2735 3603 et

179 3620 258 3688 Va
288 3622 494 3694 eriani
545 3623 655 3715 (α)
709 3628 1217 3715 Imperatorum
1271 3623 1709 3704 mandatum,
1783 3645 1824 3691 a
1935 3622 2415 3693 crudelitatem
2480 3645 2554 3693 se
2621 3623 2731 3722 in-

181 3718 468 3797 struens,
535 3713 912 3784 insurrexit
976 3713 1309 3783 adversus
1376 3711 1841 3793 ChristianOS‚
1916 3712 2375 3798 timoremque
2426 3711 2733 3802 singulis

177 3793 492 3887 injiciens,
550 3812 893 3873 tormenta
939 3814 1144 3890 atque
1183 3799 1537 3871 cruciatus
1586 3800 2010 3881 minabatur,
2045 3800 2182 3871 nisi
2233 3822 2349 3870 eos
2397 3800 2581 3870 dicto
2609 3821 2733 3869 au-

179 3884 415 3963 dientes
465 3889 858 3983 reperisset.
914 3896 991 3961 At
1037 3890 1348 3981 primum
1397 3888 1682 3977 quidem
1734 3888 2193 3980 pulcherrimi
2242 3900 2480 3961 coetus
2533 3888 2728 3980 prin-

177 3973 374 4066 cipem
421 3980 520 4050 sic
569 3990 674 4051 est
721 4002 1134 4070 aggressus:
1189 3979 1518 4049 «Codrate
1546 4000 1726 4066 quae
1761 3990 1822 4047 te
1871 3978 2152 4047 vesania
2198 3977 2416 4058 ducit,
2453 3988 2531 4047 ut
2576 3990 2727 4047 tan-

183 4071 298 4137 tam
354 4069 796 4140 cruciatuum
862 4067 1304 4138 acerbitatem
1370 4067 1541 4138 vclis
1600 4066 1949 4157 experiri?
2017 4070 2146 4136 Aut
2202 4087 2382 4154 quae
2435 4078 2499 4135 te
2571 4086 2730 4157 spes

226 4239 280 4289 (ο)
306 4244 534 4285 consueta.
550 4242 863 4293 Memphi-asti
885 4244 1166 4292 temporum,
1182 4244 1408 4289 virorum,
1428 4244 1759 4292 raetorumque
1778 4243 2020 4284 confusio!
2048 4243 2192 4283 Decio
2214 4250 2436 4291 namque,
2456 4251 2578 4281 anno
2608 4248 2725 4285 cem,

186 4292 421 4341 interemto,
441 4298 824 4342 succedentibu3‚
839 4297 1067 4337 brevibus
1087 4298 1374 4343 interstitiis.
1394 4298 1543 4342 Gallo,
1573 4296 1850 4347 Volusiano,
1880 4297 2153 4340 Aemiliano,
2184 4297 2369 4336 saevire
2400 4297 2593 4343 quidem
2626 4303 2730 4342 pcr-

190 4347 291 4388 aunt
305 4354 586 4399 persecutio:
607 4354 658 4391 at
678 4361 788 4390 cum
819 4352 1005 4400 sceptro
1035 4350 1315 4391 Valerianus
1344 4361 1466 4390 anno
1498 4359 1634 4390 ccmv
1662 4350 1845 4399 potitus
1876 4351 1962 4395 est,
1992 4359 2082 4398 pax
2109 4350 2350 4389 Ecclesiae
2381 4348 2577 4392 reddita,
2608 4355 2730 4393 quac

190 4405 348 4443 nonnisi
378 4406 689 4455 quadriennio
721 4406 845 4454 post.
877 4414 962 4453 per
993 4404 1211 4445 cumdem
1246 4404 1563 4450 velex-lanum,
1589 4404 1830 4446 Macriano
1858 4404 2135 4455 instigante,
2163 4404 2319 4443 denuo
2350 4404 2425 4441 est
2455 4401 2724 4448 acriterque

192 4455 365 4496 turbata.
