3327 4999
176 335 398 402 MART.
449 335 534 404 ⁴2
1038 351 1119 399 nn
1163 351 1222 399 s.
1275 349 1586 401 cnecomo
1635 350 1797 398 rArA
2480 334 2607 401 ⁴69

172 438 320 527 quia
360 436 672 507 facientis
720 435 1179 528 proculdubio
1227 436 1509 528 culpam
1557 435 1766 507 habet
1809 435 1935 524 qui
1980 435 2166 523 quod
2216 447 2436 527 potest
2478 437 2698 508 corri-

174 550 335 620 gere,
385 525 675 617 negligit
706 525 1143 595 emendare.»

250 619 284 704 '9'
335 621 412 690 ⁴1.
476 620 647 685 Item
708 637 829 705 pro
875 614 1134 685 eisdem
1185 613 1588 685 haeresibus
1647 614 1911 705 Siagrio
1973 614 2297 706 episcopo
2353 619 2696 706 Augustu-

177 703 481 775 dunensi:
536 727 575 771 «
615 704 879 775 Nuncio
927 705 1109 792 apud
1159 726 1284 776 nos
1332 703 1496 772 olim
1530 702 1959 773 discurrente
1990 703 2342 794 vulgatum
2374 716 2478 774 est
2507 705 2694 792 quod

178 793 248 862 in
297 793 660 864 Galliarum
718 793 1028 884 partibus
1077 794 1255 864 sacri
1304 792 1614 873 OrdineS,
1670 815 1792 884 per
1839 792 2299 862 simoniacam
2352 794 2694 864 haeresim

182 883 606 963 conserantur,
659 895 725 951 et
771 883 1154 952 vehementi
1204 880 1382 952 tedio
1433 882 1761 953 moeroris
1809 881 2179 963 afficimur,
2233 883 2291 952 si
2349 883 2423 952 in
2469 883 2691 952 eccle-

183 971 437 1043 siasticis
485 970 737 1041 officiis
790 993 1210 1060 quemquam
1251 972 1457 1040 habet
1516 971 1746 1041 locum
1807 971 2101 1061 pecunia
2148 986 2216 1042 et
2262 972 2339 1041 fit
2386 971 2695 1042 seculare

181 1061 328 1147 quod
374 1082 651 1131 sacrum
703 1074 827 1130 est.
880 1061 1312 1148 Quicumque
1335 1080 1496 1159 ergo
1544 1060 1674 1130 hoc
1712 1060 1907 1151 pretii
1948 1060 2174 1129 studet
2222 1060 2496 1130 datione
2536 1082 2693 1151 per-

178 1150 394 1239 cipere,
449 1149 773 1220 sacerdos
820 1169 955 1218 non
1005 1171 1175 1230 esse,
1215 1148 1332 1219 sed
1373 1148 1511 1219 dici
1569 1149 2045 1218 tantummodo
2093 1149 2389 1220 inaniter
2433 1170 2694 1220 concu-

176 1238 367 1328 piscit.
421 1238 602 1322 Quid
656 1237 937 1320 scilicet,
981 1237 1146 1325 quid
1200 1260 1319 1328 per
1352 1237 1478 1307 hoc
1526 1237 1714 1306 aliud
1752 1238 2003 1328 agitur,
2058 1238 2194 1308 nisi
2242 1250 2318 1308 ut
2360 1239 2552 1308 nulla
2602 1238 2691 1307 de

174 1339 303 1398 actu
346 1327 687 1429 probatio,
747 1326 936 1396 nulla
971 1327 1335 1397 solicitudo
1382 1326 1467 1395 de
1517 1327 1851 1407 moribuS,
1889 1325 2082 1397 nulla
2129 1328 2217 1397 sit
2264 1327 2349 1397 de
2398 1328 2534 1396 vita
2580 1327 2690 1396 di-

169 1437 431 1487 scussio:
489 1416 607 1487 sed
658 1414 774 1485 ille
822 1415 1258 1486 solummodo
1304 1415 1560 1506 dignus
1606 1416 1729 1502 qui
1760 1415 1923 1485 dare
1973 1416 2266 1506 pretium
2319 1416 2685 1498 suffecerit,

169 1507 589 1576 aestimetur?
635 1511 728 1574 Ex
774 1527 911 1592 qua
961 1526 1065 1585 re,
1121 1505 1179 1574 si
1231 1506 1392 1574 recti
1460 1503 1851 1574 libraminis
1896 1504 2398 1575 examinatione
2452 1526 2693 1606 pense-

167 1605 281 1675 tur,
330 1593 502 1664 dum
580 1594 894 1695 improbe
938 1595 1023 1663 ad
1082 1593 1358 1663 inanem
1411 1593 1700 1683 gloriam
1753 1593 1980 1663 locum
2039 1592 2314 1664 festinat
2371 1594 2688 1664 utllitatis

161 1683 469 1775 arripere,
522 1705 603 1753 eo
674 1705 825 1773 ipso
876 1683 1094 1773 magis
1167 1683 1349 1770 quod
1401 1682 1731 1752 honorem
1804 1682 2108 1769 quaerit,
2163 1682 2495 1774 indignus
2562 1695 2684 1752 est.

161 1772 330 1842 Sicut
373 1784 607 1843 autem
660 1772 720 1841 is
767 1772 886 1858 qui
945 1772 1269 1842 invitatus
1316 1772 1542 1841 renuit
1588 1772 1944 1859 quaesitus
1999 1771 2271 1861 refugit,
2327 1771 2541 1843 sacris
2588 1781 2693 1844 est

163 1859 481 1933 altaribus
525 1860 1032 1930 admovendus:
1097 1861 1197 1930 sic
1243 1861 1365 1948 qui
1411 1860 1591 1931 ultro
1639 1861 1890 1942 ambit,
1943 1860 2045 1930 vel
2094 1860 2571 1950 importunum
2620 1883 2694 1931 se

161 1949 409 2040 ingerit,
468 1964 572 2020 est
622 1949 1075 2041 proculdubio
1112 1949 1571 2040 repellendus.
1625 1955 1790 2019 Nam
1842 1949 1962 2037 qui
2015 1949 2115 2019 sic
2166 1950 2408 2019 nititur
2455 1949 2540 2018 ad
2589 1949 2693 2018 al-

159 2037 309 2109 tiora
354 2038 826 2110 conscendere
856 2038 1020 2125 quid
1066 2037 1254 2108 aliud
1306 2039 1468 2129 agit,
1524 2038 1657 2108 nisi
1707 2052 1784 2108 ut
1830 2038 2198 2108 crescendo
2246 2037 2597 2108 decrescat
2625 2049 2692 2108 et

154 2128 579 2199 ascendendo
611 2128 930 2209 exterius,
967 2128 1257 2197 interius
1288 2127 1356 2195 in
1398 2127 1737 2216 profunda
1774 2127 2199 2197 descendat?
2251 2133 2507 2214 Itaque,
2550 2127 2691 2195 fra-

157 2228 243 2286 ter
269 2216 865 2298 reverendissime,
920 2217 987 2285 in
1041 2215 1511 2286 sacerdotibus
1559 2215 1967 2285 ordinandis
2015 2216 2374 2286 sinceritas
2421 2216 2679 2307 vigeat;

159 2305 230 2374 sit
271 2307 570 2397 simplex
619 2305 768 2375 sine
807 2305 1166 2375 venalitate
1193 2326 1596 2386 consensuS,
1637 2325 1811 2395 pura
1861 2303 2285 2395 praeferatur
2314 2304 2575 2374 electio:
2613 2314 2693 2373 ut

159 2393 229 2463 ad
271 2417 554 2465 summa
625 2394 985 2466 sacerdotii
1036 2415 1170 2463 non
1237 2394 1566 2483 suffragio
1635 2393 2066 2463 venditorum
2120 2406 2517 2485 provectuS,
2572 2393 2692 2462 sed

161 2484 256 2553 Dei
298 2483 629 2557 credatur
691 2506 839 2554 esse
876 2483 1163 2574 judicio.
1219 2488 1385 2553 Nam
1434 2483 1598 2570 quia
1659 2506 1863 2574 grave
1910 2482 2193 2553 omnino
2241 2482 2330 2552 sit
2376 2482 2684 2563 facinus,

159 2574 253 2641 Dei
282 2574 556 2644 donum
590 2572 694 2642 vel
751 2574 969 2663 pretio
1016 2594 1416 2661 comparare
1462 2573 1566 2641 vel
1613 2572 1947 2653 vendere,
2001 2571 2396 2661 evangelica
2443 2585 2543 2641 est
2591 2585 2689 2641 te-

165 2662 266 2734 stis
306 2662 713 2733 auctoritas.
767 2660 1127 2751 Templum
1176 2663 1360 2730 enim
1398 2661 1731 2749 Dominus
1778 2679 1843 2731 et
1888 2660 2279 2750 redemptor
2327 2673 2555 2730 noster
2585 2661 2692 2729 in·-

164 2770 442 2837 gressus,
502 2750 866 2820 cathedras
911 2750 1354 2820 vendentium
1405 2749 1765 2819 columbas
1812 2750 2070 2820 evertit.
2125 2749 2300 2832 Quid
2350 2748 2537 2818 aliud
2592 2759 2696 2820 est

161 2839 502 2911 columbas
553 2840 865 2921 vendere,
921 2839 1056 2908 nisi
1104 2839 1399 2928 pretium
1437 2838 1521 2907 de
1570 2861 1822 2909 manus
1865 2839 1958 2908 im
2014 2838 2302 2907 ositione
2345 2838 2695 2928 percipere

157 2937 210 2995 et
250 2942 574 2999 sanctum
631 2929 979 3018 spiritum,
1032 2949 1209 3013 quae
1256 2927 1694 3017 omnipotens
1735 2933 1911 2998 Deus
2020 2927 2372 2997 ominibus
2422 2926 2685 3007 tribuit,

155 3019 590 3088 venundare?
637 3022 942 3101 Quorum
994 3016 1452 3086 sacerdotium
1487 3028 1643 3085 ante
1693 3016 1804 3084 Dei
1856 3017 2095 3086 oculos
2140 3016 2406 3097 cadere,
2459 3015 2688 3085 cathe-

155 3102 427 3178 drarum
475 3105 718 3194 utique
765 3118 1075 3198 patenter
1104 3106 1452 3175 eversione
1493 3104 1843 3195 signatum
1892 3117 2017 3174 est.
2070 3109 2148 3173 Et
2195 3117 2426 3173 tamen
2473 3104 2687 3175 exerit

157 3193 370 3265 adhuc
423 3193 772 3282 nequltiae
819 3195 1117 3285 pravitas
1166 3195 1345 3264 vires
1375 3216 1560 3264 suaa.
1604 3199 1770 3263 Nam
1822 3193 2003 3283 cogit
2037 3192 2328 3263 vendere
2356 3215 2531 3281 quos
2572 3193 2694 3263 de-

149 3283 336 3373 cepit,
392 3298 474 3354 ut
503 3295 827 3354 emerent.
869 3289 946 3352 Et
970 3282 1139 3352 dum
1189 3304 1327 3352 non
1378 3281 1754 3351 attenditur
1790 3282 1968 3369 quod
2005 3281 2239 3350 divina
2284 3303 2447 3351 voce
2494 3303 2694 3372 prae—

154 3372 420 3461 cipitur,
453 3375 679 3443 Gratis
711 3374 1080 3463 accepistis,
1117 3375 1337 3462 gyratis
1369 3373 1551 3440 date:
1585 3372 1815 3461 agitur
1840 3383 1916 3440 ut
1946 3382 2206 3440 crescat
2233 3382 2299 3439 et
2347 3371 2696 3461 geminata

151 3457 254 3531 fiat
301 3461 377 3531 in
428 3484 573 3532 uno
631 3461 1009 3548 eodemque
1055 3460 1304 3531 delicto
1365 3459 1713 3540 conditio,
1769 3460 2060 3531 ementis
2109 3459 2372 3529 scilicet
2417 3472 2482 3529 et
2528 3481 2695 3528 ven—

154 3547 387 3620 dentis.
430 3556 508 3620 Et
555 3572 717 3620 cum
768 3549 1022 3636 liqueat
1071 3550 1250 3619 hanc
1315 3548 1655 3618 haeresim
1707 3560 1864 3618 ante
1921 3570 2161 3617 omnes
2212 3547 2441 3616 radice
2488 3547 2695 3638 pesti-

153 3635 280 3708 fera
327 3638 778 3730 surrepsisse,
831 3650 1034 3726 atque
1082 3638 1153 3707 in
1195 3638 1342 3729 ipsa
1397 3658 1525 3707 sua
1570 3637 1838 3728 origine
1883 3636 2268 3728 Apostolica
2314 3658 2463 3707 esse
2508 3636 2695 3707 dete-

153 3728 433 3798 statione
477 3728 903 3807 damnatam,
957 3749 1083 3797 cur
1129 3749 1266 3796 non
1300 3730 1627 3796 cavetur?
1672 3749 1801 3796 cur
1848 3748 1985 3796 non
2035 3748 2156 3816 per
2207 3724 2485 3795 cuditur
2527 3725 2698 3812 quia

151 3811 529 3886 benedictio
577 3815 680 3885 illi
729 3817 800 3885 in
871 3815 1421 3887 maledictionem
1491 3815 1910 3885 convertitur
2007 3815 2078 3884 ui
2113 3837 2151 3883 a
2261 3814 2391 3884 hoc
2445 3825 2525 3884 ut
2571 3813 2693 3884 fiat

160 3899 576 3988 haereticus,
631 3908 1121 3996 promovetur?
1178 3905 1589 3992 Plerumque
1638 3905 1659 3973 i
1712 3904 1851 3974 itur
1917 3927 1956 3975 a
2011 3901 2355 3975 versarius
2429 3902 2697 3973 anima-

161 4009 322 4076 rum,
376 3994 546 4064 dum
597 4016 732 4065 non
783 4005 1005 4085 potest
1034 3994 1103 4063 in
1152 3993 1263 4064 his
1312 4016 1489 4080 quae
1519 3993 1603 4064 ad
1654 3928 1901 4063 igaciem
1951 4003 2114 4062 sunt
2162 4014 2395 4083 prava,
2452 3991 2695 4063 subre-

166 4096 346 4165 pere:
400 4083 674 4165 callide,
719 4082 944 4174 specie
990 4083 1189 4170 quasi
1240 4083 1510 4174 pietatis
1557 4082 1840 4169 injecta,
1892 4082 2137 4152 nititur
2196 4081 2688 4172 supplantare:

171 4171 520 4259 suadetque
550 4171 837 4242 forsitan
886 4172 1134 4241 debere
1163 4173 1250 4242 ab
1298 4170 1715 4242 habentibus
1746 4171 1992 4261 accipi,
2035 4182 2113 4241 ut
2142 4169 2230 4240 sit
2258 4170 2443 4257 quod
2478 4170 2696 4261 possit

175 4273 288 4328 non
331 4260 750 4332 habentibus
794 4260 1085 4352 erogari,
1116 4260 1498 4331 dummodo
1547 4258 1647 4329 vel
1682 4259 1781 4331 sic
1826 4282 2088 4330 venena
2136 4258 2510 4340 mortifera,
2550 4258 2691 4327 ele-

176 4361 516 4438 emosynae
559 4350 779 4420 celata
849 4348 1416 4431 obumbratione,
1495 4348 1957 4419 transfundat.
2009 4354 2179 4419 Nam
2228 4369 2354 4418 nec
2415 4357 2695 4416 venator

176 4427 388 4520 feram,
439 4460 564 4510 nec
595 4460 787 4509 avem
836 4460 1092 4530 auceps
1138 4437 1520 4530 deciperet,
1583 4437 1683 4509 vel
1736 4438 1997 4530 piscem
2049 4438 2349 4529 piscator
2393 4444 2688 4527 caperet,

1369 4610 1412 4681 3
