3327 4999
184 342 439 408 MART.
495 343 568 407 21
1045 363 1124 409 DE
1173 363 1231 409 s.
1283 360 1626 410 nannnlcro
1668 361 1910 410 Annua
2533 348 2664 413 433

186 443 751 514 Sanctimonialis
779 456 1010 514 autem
1040 446 1363 527 foemina,
1394 468 1555 516 cum
1584 447 1789 517 verba
1815 446 2046 517 fratris
2068 449 2385 537 negantis
2412 449 2750 532 audisset,

184 532 487 603 insertas
516 532 754 622 digitis
785 554 1037 603 manus
1096 557 1309 634 super
1350 556 1663 604 mensam
1717 537 1986 626 posuit,
2040 546 2105 604 et
2152 549 2361 627 eaput
2403 537 2471 606 in
2525 539 2758 607 mani·-

186 621 347 701 bus,
405 622 949 710 omnipotentem
1019 627 1387 692 Dominum
1440 635 1789 712 rogatura,
1843 624 2236 694 declinavit.
2302 629 2612 712 Cumque
2671 626 2758 696 de

188 730 436 778 mensa
487 708 737 778 levaret
783 722 1016 799 caput,
1072 722 1261 780 tanta
1307 711 1810 783 coruscationis
1849 725 1914 781 et
1967 712 2249 782 tonitrui
2303 713 2545 795 virtus,
2603 724 2755 784 tan-

191 809 401 884 taque
447 796 813 866 inundatio
863 797 1138 887 pluviae
1169 800 1420 889 erupit,
1463 811 1542 868 ut
1584 821 1804 886 neque
1849 801 2266 871 venerabilis
2316 802 2751 884 BenedictuS,

190 906 420 972 neque
470 884 735 966 fratres,
789 886 911 972 qui
960 908 1120 955 cum
1170 907 1248 956 eo
1283 888 1593 968 aderant,
1645 901 1834 957 extra
1884 888 2011 958 loci
2051 888 2286 969 limen.
2334 911 2472 976 quo
2521 912 2763 960 conse-

190 974 461 1055 derant,
518 973 764 1063 pedem
818 996 1087 1044 movere
1123 975 1528 1065 potuissent.
1570 976 2133 1046 Sanctimonialis
2160 977 2422 1068 quippe
2454 978 2762 1067 foemina

190 1073 406 1151 caput
454 1062 527 1131 in
576 1062 901 1132 manibus
949 1063 1351 1146 declina-ns,
1407 1064 1880 1164 lacrymarum
1958 1064 2254 1134 fluvium
2317 1066 2386 1134 in
2442 1088 2762 1136 mensam

192 1149 491 1232 fuderat,
546 1172 667 1240 per
721 1171 895 1236 quas
943 1151 1381 1222 serenitatem
1429 1156 1608 1222 aeris
1654 1152 1742 1221 ad
1781 1152 2088 1243 pluviam
2124 1153 2347 1222 traxit.
2386 1159 2518 1224 Nec
2551 1154 2762 1244 paulo

193 1239 465 1309 tardius
515 1251 666 1328 post
713 1239 1093 1307 orationem
1143 1239 1506 1309 inundatio
1570 1239 1691 1309 illa
1738 1255 1975 1310 secuta
2008 1253 2146 1309 est:
2222 1242 2340 1311 sed
2396 1254 2582 1311 tanta
2631 1241 2763 1312 fuit

192 1326 675 1396 convenientia
722 1327 1052 1397 orationis
1098 1340 1164 1397 et
1212 1328 1693 1398 inundationis
1723 1383 1738 1408 ,
1793 1342 1871 1398 ut
1918 1329 2004 1397 de
2054 1351 2296 1398 mensa
2358 1342 2568 1419 caput
2607 1332 2760 1419 jam

195 1437 362 1485 cum
415 1418 712 1484 tonitruo
747 1415 1021 1497 levaret,
1065 1429 1409 1503 quatenus
1440 1438 1661 1486 unum
1701 1415 2025 1503 idemque
2071 1429 2251 1486 esset
2301 1429 2759 1500 momentum,

195 1514 264 1573 et
313 1503 536 1572 levare
583 1515 816 1592 caput,
871 1516 936 1572 et
985 1504 1291 1594 pluviam
1341 1505 1710 1595 deponere.
1764 1511 1954 1575 Tunc
2003 1504 2108 1574 vir
2158 1506 2275 1574 Dei
2333 1506 2515 1575 inter
2553 1528 2763 1576 coru-

196 1613 355 1662 scos
400 1603 466 1661 et
515 1591 849 1661 tonitruos
897 1603 1103 1679 atque
1153 1593 1453 1683 ingentis
1501 1594 1777 1683 pluviae
1833 1593 2362 1664 inundationem
2414 1595 2657 1666 videns
2692 1616 2766 1666 se

197 1679 287 1749 ad
325 1679 820 1749 monasterium
851 1702 989 1749 non
1025 1702 1224 1769 posse
1257 1698 1584 1762 remeare,
1641 1681 1868 1770 eoepit
1916 1682 2248 1768 conqueri
2278 1684 2756 1764 contristatae,

195 1767 466 1838 dicens:
501 1791 536 1834 «
567 1774 805 1837 Pareat
845 1769 966 1838 tibi
1008 1770 1448 1859 omnipotens
1500 1775 1677 1845 Deus
1725 1791 1942 1840 soror:
1996 1770 2165 1856 quid
2216 1783 2317 1840 est
2363 1771 2547 1859 quod
2600 1770 2764 1841 feci—

201 1856 377 1927 stii»
397 1857 515 1925 Cui
564 1856 686 1924 illa
726 1856 1116 1946 respondit:
1155 1879 1190 1924 «
1228 1862 1397 1927 Ecce
1447 1870 1508 1926 te
1557 1858 1813 1948 rogavi.
1868 1870 1934 1927 et
1997 1858 2238 1927 audire
2292 1880 2399 1928 me
2447 1859 2759 1929 noluisti:

198 1945 440 2034 rogavi
476 1946 842 2013 Dominum
878 1966 1136 2025 meum,
1191 1957 1257 2014 et
1302 1945 1564 2015 audivit
1599 1947 1968 2015 me.·Modo
2000 1969 2185 2036 erg0‚
2224 1946 2282 2014 si
2314 1958 2528 2036 poteS,
2569 1968 2767 2036 egre-

199 2032 387 2113 dere,
431 2045 497 2102 et
545 2055 655 2102 me
704 2032 1018 2114 dimissa,
1072 2034 1160 2102 ad
1212 2034 1710 2103 monasterium
1758 2034 2021 2104 recede.
2064 2057 2100 2101 »
2133 2039 2288 2124 Ipse
2315 2047 2544 2104 autem
2581 2034 2768 2103 exire

199 2133 393 2190 extra
440 2132 695 2189 tectum
746 2141 881 2189 non
931 2121 1167 2191 valens
1198 2176 1214 2203 ,
1266 2122 1433 2208 quia
1481 2143 1837 2192 remanere
1885 2134 2127 2212 sponte
2185 2122 2432 2201 noluit,
2490 2123 2562 2190 in
2613 2122 2764 2192 loco

201 2207 464 2277 mansit
512 2209 793 2279 invitus.
849 2209 1095 2296 Sicque
1135 2209 1393 2279 sactum
1441 2223 1583 2290 est,
1646 2221 1724 2278 ut
1767 2222 1975 2279 totam
2030 2222 2299 2279 noctem
2349 2210 2759 2309 pervigilem

201 2296 561 2378 ducerent,
615 2310 820 2383 atque
876 2319 999 2387 per
1059 2320 1256 2367 sacra
1302 2297 1638 2387 spiritalis
1692 2298 1867 2367 vitae
1920 2297 2270 2386 colloquia
2317 2320 2466 2370 sese
2508 2298 2767 2368 vicaria

202 2384 541 2454 relatione
593 2386 945 2455 satiarent.

294 2475 331 2560 ξ
378 2478 545 2545 39.
600 2478 748 2557 Qua
795 2473 880 2544 de
928 2495 1000 2543 re
1048 2473 1186 2543 dixi
1238 2495 1399 2544 eum
1447 2472 1751 2544 voluisse
1798 2472 2061 2562 aliquid
2090 2529 2106 2556 ,
2167 2473 2285 2544 sed
2331 2472 2618 2544 minime
2650 2496 2769 2563 po-

200 2562 461 2632 tuisse:
513 2563 678 2649 quia
727 2563 786 2634 si
833 2563 1246 2633 venerabilis
1292 2563 1424 2633 viri
1474 2576 1774 2632 mentem
1814 2563 2221 2654 aspicimuS,
2277 2563 2576 2631 dubium
2628 2584 2767 2631 non

202 2663 330 2732 est,
366 2651 538 2737 quin
584 2652 901 2720 eamdem
955 2652 1392 2722 serenitatem
1442 2652 1755 2731 voluerit,
1792 2652 1865 2719 in
1915 2674 2053 2738 qua
2095 2650 2571 2730 descenderat,
2613 2672 2765 2741 per-

201 2760 509 2809 manere:
564 2740 683 2808 sed
723 2752 959 2808 contra
1001 2740 1153 2820 hoc,
1191 2739 1377 2826 quod
1415 2739 1667 2821 voluit,
1709 2741 1780 2809 in
1830 2739 2079 2809 virtute
2126 2739 2620 2830 omnipotentis
2654 2739 2772 2808 Dei

201 2848 286 2897 ex
336 2826 676 2898 foeminae
726 2840 996 2918 pectore
1032 2827 1454 2898 miraculum
1502 2829 1788 2897 invenit.
1843 2833 1974 2900 Nec
2022 2828 2305 2909 mirum,
2370 2827 2553 2913 quod
2608 2827 2769 2917 plus

201 2915 325 2985 illo
373 2915 694 2998 foemina,
748 2938 924 3003 quae
980 2915 1104 2985 diu
1154 2915 1435 2985 fratrem
1489 2916 1722 2986 videre
1771 2917 2118 3007 cupiebat,
2181 2917 2250 2984 in
2307 2915 2549 2985 eodem
2601 2927 2773 2984 tem-

200 3025 370 3106 pore
418 3003 655 3072 valuit.
711 3004 886 3087 Quia
933 3005 1145 3086 enim,
1180 3003 1384 3094 juxta
1427 3005 1721 3075 Joannis
1767 3026 2038 3085 vocem,
2090 3009 2268 3075 Deus
2303 3004 2607 3074 charitas
2641 3015 2768 3075 est:

196 3105 388 3184 Justo
437 3093 633 3162 valde
657 3092 928 3182 judicio
960 3092 1081 3162 illa
1115 3092 1271 3182 plus
1303 3092 1556 3183 potuit,
1588 3114 1766 3180 quae
1796 3093 2103 3182 amplius
2134 3092 2412 3161 amavit.
2462 3097 2776 3178 Cumque

206 3181 322 3250 die
368 3181 581 3251 altero
629 3181 872 3250 eadem
912 3180 1325 3252 venerabilis
1372 3179 1674 3251 foemina
1721 3182 1807 3251 ad
1848 3181 2094 3251 cellam
2146 3181 2500 3271 propriam
2549 3202 2770 3250 reces-

204 3270 447 3350 sisset,
500 3271 605 3339 vir
654 3269 769 3339 Dei
819 3268 906 3337 ad
973 3269 1475 3338 monasterium
1522 3265 1752 3340 rediit.
1824 3274 1994 3341 Cum
2042 3291 2204 3339 ecce
2252 3281 2404 3370 post
2455 3268 2771 3338 triduum

206 3358 283 3429 in
333 3358 509 3428 cella
555 3358 942 3429 consistens
970 3412 985 3440 ,
1038 3357 1321 3427 elevatis
1370 3357 1440 3426 in
1491 3361 1649 3427 ae're
1695 3358 1943 3440 oculiS,
1981 3358 2170 3427 ‘vidit
2216 3357 2532 3447 ejusdem
2583 3377 2777 3426 soro-

207 3446 311 3516 ris
360 3468 526 3516 suae
564 3447 872 3517 animam
921 3445 1007 3514 de
1053 3446 1205 3536 ejus
1252 3468 1539 3536 corpore
1585 3468 1977 3537 egressam,
2019 3446 2093 3514 in
2133 3445 2499 3515 columbae
2549 3443 2779 3534 specie

207 3535 384 3605 coeli
434 3548 693 3605 secreta
742 3546 1119 3625 penetrare.
1197 3535 1328 3617 Qui
1378 3546 1606 3605 tantae
1652 3536 1806 3625 ejus
1853 3533 2113 3624 gloriae
2160 3532 2648 3623 congaudenS,
2703 3553 2780 3603 0³-

207 3623 628 3713 mnipotenti
679 3628 810 3693 Deo
858 3623 929 3691 in
981 3622 1263 3712 hymnis
1312 3634 1377 3710 et
1424 3622 1754 3692 laudibus
1804 3622 2060 3712 gratias
2108 3621 2433 3701 reddidit,
2487 3622 2779 3710 ejusque

207 3710 480 3782 obitum
531 3710 864 3790 fratribus
910 3710 1380 3780 denunciavit.
1434 3716 1618 3792 Quos
1656 3711 1868 3780 etiam
1914 3709 2230 3799 protinus
2282 3708 2493 3790 misit,
2525 3720 2604 3778 ut
2628 3710 2783 3797 ejus

208 3821 472 3890 corpus
518 3800 607 3868 ad
657 3798 1154 3869 monasterium
1207 3798 1574 3880 deferrent,
1627 3811 1835 3885 atque
1874 3797 1945 3865 in
1997 3797 2343 3888 sepulcro,
2397 3796 2586 3883 quod
2649 3796 2780 3867 sibi

213 3888 368 3978 ipse
416 3898 813 3978 paraverat,
870 3897 1228 3977 ponerent.
1284 3891 1431 3970 Quo
1478 3885 1654 3956 facto
1716 3885 2043 3975 contigit,
2105 3897 2184 3954 ut
2230 3905 2530 3971 quorum
2589 3908 2789 3956 mens

216 3998 364 4047 una
411 3998 686 4066 semper
746 3975 820 4044 in
895 3975 1183 4045 Domino
1229 3973 1495 4057 fuerat,
1551 3996 1794 4045 eorum
1841 3994 2119 4062 quoque
2167 3994 2462 4064 corpora
2509 3995 2635 4043 nec
2686 3995 2793 4045 se-

221 4065 509 4156 pultura
556 4074 927 4155 separaret.

310 4155 349 4239 §
395 4157 563 4226 40.
616 4152 760 4222 Alio
808 4173 1084 4239 quoque
1133 4161 1439 4240 tempore
1490 4151 1881 4221 Servandus
1928 4150 2268 4220 diaconus
2314 4161 2519 4240 atque
2565 4151 2790 4222 Abbas

221 4240 379 4330 ejus
427 4240 853 4321 monasterii,
888 4240 1075 4327 quod
1115 4239 1188 4308 in
1224 4240 1641 4330 Campaniae
1691 4240 2010 4331 partibus
2049 4263 2091 4309 a
2124 4240 2391 4309 Liberio
2430 4239 2792 4327 quondam

223 4328 516 4420 patricio
564 4328 788 4399 suerat
833 4339 1339 4410 constructum,
1396 4328 1482 4397 ad
1531 4350 1693 4398 eum
1743 4327 2156 4400 visitationis
2204 4328 2428 4419 gratia
2475 4351 2556 4398 ex
2601 4349 2794 4397 more

222 4418 460 4488 venire
507 4429 982 4491 consueverat.
1063 4416 1228 4507 Ejus
1274 4415 1536 4508 quippe
1585 4419 2086 4490 monasterium
2133 4417 2664 4507 frequentabat,
2715 4425 2795 4488 ut

391 4538 636 4597 surius
678 4566 703 4583 ·
752 4534 915 4599 Vitae
953 4534 1060 4598 SS.
1088 4564 1115 4581 -
1142 4534 1270 4596 Vol.
1298 4534 1404 4595 111.
2554 4536 2637 4599 28
