<?xml version="1.0" encoding="UTF-8"?>
<!DOCTYPE html PUBLIC "-//W3C//DTD XHTML 1.0 Transitional//EN"
    "http://www.w3.org/TR/xhtml1/DTD/xhtml1-transitional.dtd">
<html xmlns="http://www.w3.org/1999/xhtml" xml:lang="en" lang="en">
 <head>
  <title>
</title>
<meta http-equiv="Content-Type" content="text/html;charset=utf-8" />
  <meta name='ocr-system' content='tesseract 3.04.00' />
  <meta name='ocr-capabilities' content='ocr_page ocr_carea ocr_par ocr_line ocrx_word'/>
</head>
<body>
  <div class='ocr_page' id='page_1' title='image "./historiaeseuvit04lippgoog_0101.png"; bbox 0 0 3327 4999; ppageno 0'>
   <div class='ocr_carea' id='block_1_1' title="bbox 119 353 2551 427">
    <p class='ocr_par' dir='ltr' id='par_1_1' title="bbox 119 353 2551 427">
     <span class='ocr_line' id='line_1_1' title="bbox 119 353 2551 427; baseline 0 -9"><span class='ocrx_word' id='word_1_1' title='bbox 119 353 347 419; x_wconf 68' lang='lat' dir='ltr'>MART.</span> <span class='ocrx_word' id='word_1_2' title='bbox 403 354 446 417; x_wconf 89' lang='lat'><strong>7</strong></span> <span class='ocrx_word' id='word_1_3' title='bbox 970 372 1048 417; x_wconf 72' lang='lat' dir='ltr'>nr,</span> <span class='ocrx_word' id='word_1_4' title='bbox 1095 370 1150 418; x_wconf 85' lang='lat' dir='ltr'>s.</span> <span class='ocrx_word' id='word_1_5' title='bbox 1206 369 1419 418; x_wconf 67' lang='lat' dir='ltr'>monta</span> <span class='ocrx_word' id='word_1_6' title='bbox 1466 370 1787 427; x_wconf 78' lang='lat' dir='ltr'>AQmNA&#39;rE</span> <span class='ocrx_word' id='word_1_7' title='bbox 2480 356 2551 420; x_wconf 76' lang='grc'>91</span> 
     </span>
    </p>
   </div>
   <div class='ocr_carea' id='block_1_2' title="bbox 98 454 2659 4187">
    <p class='ocr_par' dir='ltr' id='par_1_2' title="bbox 98 454 2659 3389">
     <span class='ocr_line' id='line_1_2' title="bbox 121 454 2657 547; baseline 0.001 -24"><span class='ocrx_word' id='word_1_8' title='bbox 121 456 184 523; x_wconf 90' lang='lat' dir='ltr'>in</span> <span class='ocrx_word' id='word_1_9' title='bbox 227 457 347 525; x_wconf 88' lang='lat' dir='ltr'>hoc</span> <span class='ocrx_word' id='word_1_10' title='bbox 377 454 663 525; x_wconf 89' lang='lat' dir='ltr'>saeculo</span> <span class='ocrx_word' id='word_1_11' title='bbox 710 455 919 524; x_wconf 88' lang='lat' dir='ltr'>tantis</span> <span class='ocrx_word' id='word_1_12' title='bbox 951 455 1096 525; x_wconf 88' lang='lat' dir='ltr'>suis</span> <span class='ocrx_word' id='word_1_13' title='bbox 1127 455 1331 524; x_wconf 90' lang='lat' dir='ltr'>donis</span> <span class='ocrx_word' id='word_1_14' title='bbox 1363 455 1740 545; x_wconf 90' lang='lat' dir='ltr'>gratiisque</span> <span class='ocrx_word' id='word_1_15' title='bbox 1784 455 2176 546; x_wconf 81' lang='lat' dir='ltr'>perfecerat,</span> <span class='ocrx_word' id='word_1_16' title='bbox 2214 469 2657 547; x_wconf 89' lang='lat' dir='ltr'>assumptum</span> 
     </span>
     <span class='ocr_line' id='line_1_3' title="bbox 119 543 2657 626; baseline 0.001 -12"><span class='ocrx_word' id='word_1_17' title='bbox 119 545 182 614; x_wconf 89' lang='lat' dir='ltr'>in</span> <span class='ocrx_word' id='word_1_18' title='bbox 225 545 430 615; x_wconf 85' lang='lat' dir='ltr'>coelis</span> <span class='ocrx_word' id='word_1_19' title='bbox 465 544 974 613; x_wconf 83' lang='lat' dir='ltr'>sanctificatum</span> <span class='ocrx_word' id='word_1_20' title='bbox 1003 543 1143 613; x_wconf 87' lang='lat' dir='ltr'>sore</span> <span class='ocrx_word' id='word_1_21' title='bbox 1185 544 1590 613; x_wconf 89' lang='lat' dir='ltr'>hominibus</span> <span class='ocrx_word' id='word_1_22' title='bbox 1622 543 2023 626; x_wconf 81' lang='lat' dir='ltr'>declararet,</span> <span class='ocrx_word' id='word_1_23' title='bbox 2062 545 2302 618; x_wconf 91' lang='lat' dir='ltr'>multis</span> <span class='ocrx_word' id='word_1_24' title='bbox 2331 545 2657 616; x_wconf 90' lang='lat' dir='ltr'>eumdem</span> 
     </span>
     <span class='ocr_line' id='line_1_4' title="bbox 120 632 2656 724; baseline 0.002 -24"><span class='ocrx_word' id='word_1_25' title='bbox 120 633 320 701; x_wconf 84' lang='lat' dir='ltr'>virum</span> <span class='ocrx_word' id='word_1_26' title='bbox 371 633 500 702; x_wconf 89' lang='lat' dir='ltr'>Dei</span> <span class='ocrx_word' id='word_1_27' title='bbox 552 647 701 723; x_wconf 90' lang='lat' dir='ltr'>post</span> <span class='ocrx_word' id='word_1_28' title='bbox 748 632 968 722; x_wconf 90' lang='lat' dir='ltr'>ipsius</span> <span class='ocrx_word' id='word_1_29' title='bbox 1014 633 1098 701; x_wconf 88' lang='lat' dir='ltr'>de</span> <span class='ocrx_word' id='word_1_30' title='bbox 1127 634 1257 701; x_wconf 89' lang='lat' dir='ltr'>hac</span> <span class='ocrx_word' id='word_1_31' title='bbox 1323 633 1459 702; x_wconf 90' lang='lat' dir='ltr'>vita</span> <span class='ocrx_word' id='word_1_32' title='bbox 1495 633 1860 703; x_wconf 80' lang='lat' dir='ltr'><strong>transitum</strong></span> <span class='ocrx_word' id='word_1_33' title='bbox 1907 634 2099 724; x_wconf 88' lang='lat' dir='ltr'>(licet</span> <span class='ocrx_word' id='word_1_34' title='bbox 2146 646 2212 704; x_wconf 92' lang='lat' dir='ltr'>et</span> <span class='ocrx_word' id='word_1_35' title='bbox 2241 649 2441 705; x_wconf 89' lang='lat' dir='ltr'>antea</span> <span class='ocrx_word' id='word_1_36' title='bbox 2481 657 2656 704; x_wconf 89' lang='lat' dir='ltr'>non·</span> 
     </span>
     <span class='ocr_line' id='line_1_5' title="bbox 117 721 2659 823; baseline 0.001 -32"><span class='ocrx_word' id='word_1_37' title='bbox 117 722 296 791; x_wconf 88' lang='lat' dir='ltr'>nulla</span> <span class='ocrx_word' id='word_1_38' title='bbox 343 723 603 791; x_wconf 81' lang='lat' dir='ltr'>fecisse</span> <span class='ocrx_word' id='word_1_39' title='bbox 653 721 1142 823; x_wconf 77' lang='lat' dir='ltr'>memoretur),</span> <span class='ocrx_word' id='word_1_40' title='bbox 1200 723 1611 812; x_wconf 82' lang='lat' dir='ltr'>magnisque</span> <span class='ocrx_word' id='word_1_41' title='bbox 1658 722 1878 812; x_wconf 90' lang='lat' dir='ltr'>signis</span> <span class='ocrx_word' id='word_1_42' title='bbox 1925 722 2293 813; x_wconf 85' lang='lat' dir='ltr'>gloriosius</span> <span class='ocrx_word' id='word_1_43' title='bbox 2340 746 2659 795; x_wconf 89' lang='lat' dir='ltr'>corusca-</span> 
     </span>
     <span class='ocr_line' id='line_1_6' title="bbox 116 811 2658 902; baseline 0 -22"><span class='ocrx_word' id='word_1_44' title='bbox 116 834 218 888; x_wconf 85' lang='lat' dir='ltr'>re,</span> <span class='ocrx_word' id='word_1_45' title='bbox 250 825 326 881; x_wconf 91' lang='lat' dir='ltr'>ut</span> <span class='ocrx_word' id='word_1_46' title='bbox 370 812 562 881; x_wconf 89' lang='lat' dir='ltr'>illud</span> <span class='ocrx_word' id='word_1_47' title='bbox 614 811 862 901; x_wconf 82' lang='lat' dir='ltr'>psalmi</span> <span class='ocrx_word' id='word_1_48' title='bbox 909 823 1153 880; x_wconf 81' lang='lat' dir='ltr'>merito</span> <span class='ocrx_word' id='word_1_49' title='bbox 1212 811 1298 879; x_wconf 93' lang='lat' dir='ltr'>de</span> <span class='ocrx_word' id='word_1_50' title='bbox 1348 811 1500 902; x_wconf 90' lang='lat' dir='ltr'>ipso</span> <span class='ocrx_word' id='word_1_51' title='bbox 1548 811 1907 881; x_wconf 87' lang='lat' dir='ltr'>dicamus:</span> <span class='ocrx_word' id='word_1_52' title='bbox 1964 811 2247 894; x_wconf 78' lang='lat' dir='ltr'>Scitote,</span> <span class='ocrx_word' id='word_1_53' title='bbox 2311 814 2476 900; x_wconf 92' lang='lat' dir='ltr'>quia</span> <span class='ocrx_word' id='word_1_54' title='bbox 2524 813 2658 882; x_wconf 90' lang='lat' dir='ltr'>mi-</span> 
     </span>
     <span class='ocr_line' id='line_1_7' title="bbox 114 900 2658 990; baseline 0 -20"><span class='ocrx_word' id='word_1_55' title='bbox 114 902 386 970; x_wconf 66' lang='lat' dir='ltr'>rificavit</span> <span class='ocrx_word' id='word_1_56' title='bbox 461 901 798 969; x_wconf 80' lang='lat' dir='ltr'>Dominus</span> <span class='ocrx_word' id='word_1_57' title='bbox 846 913 1162 969; x_wconf 89' lang='lat' dir='ltr'>sanctum</span> <span class='ocrx_word' id='word_1_58' title='bbox 1212 922 1461 969; x_wconf 90' lang='lat' dir='ltr'>suum:</span> <span class='ocrx_word' id='word_1_59' title='bbox 1517 901 1754 987; x_wconf 90' lang='lat' dir='ltr'>sicque</span> <span class='ocrx_word' id='word_1_60' title='bbox 1818 900 1955 970; x_wconf 90' lang='lat' dir='ltr'>vita</span> <span class='ocrx_word' id='word_1_61' title='bbox 2009 901 2161 990; x_wconf 91' lang='lat' dir='ltr'>ejus</span> <span class='ocrx_word' id='word_1_62' title='bbox 2225 913 2658 973; x_wconf 89' lang='lat' dir='ltr'>attestaretur</span> 
     </span>
     <span class='ocr_line' id='line_1_8' title="bbox 114 987 2658 1070; baseline 0.002 -14"><span class='ocrx_word' id='word_1_63' title='bbox 114 990 461 1061; x_wconf 82' lang='lat' dir='ltr'>miraculis</span> <span class='ocrx_word' id='word_1_64' title='bbox 490 1044 507 1070; x_wconf 86' lang='lat'>,</span> <span class='ocrx_word' id='word_1_65' title='bbox 570 1000 646 1059; x_wconf 91' lang='lat' dir='ltr'>ut</span> <span class='ocrx_word' id='word_1_66' title='bbox 694 988 882 1057; x_wconf 88' lang='lat' dir='ltr'>illius</span> <span class='ocrx_word' id='word_1_67' title='bbox 932 987 1268 1058; x_wconf 89' lang='lat' dir='ltr'>miracula</span> <span class='ocrx_word' id='word_1_68' title='bbox 1315 990 1490 1058; x_wconf 88' lang='lat' dir='ltr'>vitae</span> <span class='ocrx_word' id='word_1_69' title='bbox 1537 989 2004 1060; x_wconf 89' lang='lat' dir='ltr'>testimonium</span> <span class='ocrx_word' id='word_1_70' title='bbox 2107 990 2519 1061; x_wconf 78' lang='lat' dir='ltr'>erhiberent.</span> <span class='ocrx_word' id='word_1_71' title='bbox 2567 996 2658 1062; x_wconf 83' lang='lat' dir='ltr'>De</span> 
     </span>
     <span class='ocr_line' id='line_1_9' title="bbox 107 1077 2651 1169; baseline 0.001 -22"><span class='ocrx_word' id='word_1_72' title='bbox 107 1079 345 1164; x_wconf 88' lang='lat' dir='ltr'>quibus</span> <span class='ocrx_word' id='word_1_73' title='bbox 400 1099 636 1169; x_wconf 89' lang='lat' dir='ltr'>pauca</span> <span class='ocrx_word' id='word_1_74' title='bbox 684 1077 767 1145; x_wconf 88' lang='lat' dir='ltr'>de</span> <span class='ocrx_word' id='word_1_75' title='bbox 816 1077 1053 1148; x_wconf 89' lang='lat' dir='ltr'>multis</span> <span class='ocrx_word' id='word_1_76' title='bbox 1104 1077 1171 1146; x_wconf 93' lang='lat' dir='ltr'>in</span> <span class='ocrx_word' id='word_1_77' title='bbox 1225 1079 1339 1146; x_wconf 91' lang='lat' dir='ltr'>Dei</span> <span class='ocrx_word' id='word_1_78' title='bbox 1375 1078 1648 1147; x_wconf 89' lang='lat' dir='ltr'>laudem</span> <span class='ocrx_word' id='word_1_79' title='bbox 1681 1089 1746 1147; x_wconf 92' lang='lat' dir='ltr'>et</span> <span class='ocrx_word' id='word_1_80' title='bbox 1779 1079 2006 1148; x_wconf 83' lang='lat' dir='ltr'>Sancti</span> <span class='ocrx_word' id='word_1_81' title='bbox 2105 1080 2267 1169; x_wconf 88' lang='lat' dir='ltr'>ujus</span> <span class='ocrx_word' id='word_1_82' title='bbox 2298 1101 2651 1149; x_wconf 89' lang='lat' dir='ltr'>commen-</span> 
     </span>
     <span class='ocr_line' id='line_1_10' title="bbox 105 1165 2648 1258; baseline 0.002 -24"><span class='ocrx_word' id='word_1_83' title='bbox 105 1167 475 1246; x_wconf 81' lang='lat' dir='ltr'>dationem,</span> <span class='ocrx_word' id='word_1_84' title='bbox 515 1178 579 1236; x_wconf 91' lang='lat' dir='ltr'>et</span> <span class='ocrx_word' id='word_1_85' title='bbox 627 1165 1170 1235; x_wconf 87' lang='lat' dir='ltr'>aedificationem</span> <span class='ocrx_word' id='word_1_86' title='bbox 1223 1166 1558 1245; x_wconf 85' lang='lat' dir='ltr'>fidelium,</span> <span class='ocrx_word' id='word_1_87' title='bbox 1596 1166 1861 1238; x_wconf 87' lang='lat' dir='ltr'>idoneis</span> <span class='ocrx_word' id='word_1_88' title='bbox 1909 1168 2289 1258; x_wconf 90' lang='lat' dir='ltr'>approbata</span> <span class='ocrx_word' id='word_1_89' title='bbox 2336 1168 2648 1249; x_wconf 81' lang='lat' dir='ltr'>testibuS,</span> 
     </span>
     <span class='ocr_line' id='line_1_11' title="bbox 103 1256 2653 1345; baseline 0.001 -22"><span class='ocrx_word' id='word_1_90' title='bbox 103 1256 586 1344; x_wconf 87' lang='lat' dir='ltr'>praesentibus</span> <span class='ocrx_word' id='word_1_91' title='bbox 635 1256 1148 1326; x_wconf 75' lang='lat' dir='ltr'>subnectemus.</span> <span class='ocrx_word' id='word_1_92' title='bbox 1203 1260 1357 1325; x_wconf 88' lang='lat' dir='ltr'>Post</span> <span class='ocrx_word' id='word_1_93' title='bbox 1407 1256 1779 1345; x_wconf 89' lang='lat' dir='ltr'>septimum</span> <span class='ocrx_word' id='word_1_94' title='bbox 1814 1277 2116 1344; x_wconf 90' lang='lat' dir='ltr'>namque</span> <span class='ocrx_word' id='word_1_95' title='bbox 2164 1278 2496 1339; x_wconf 89' lang='lat' dir='ltr'>mensem,</span> <span class='ocrx_word' id='word_1_96' title='bbox 2548 1256 2653 1326; x_wconf 91' lang='lat' dir='ltr'>vel</span> 
     </span>
     <span class='ocr_line' id='line_1_12' title="bbox 101 1344 2655 1436; baseline 0.001 -24"><span class='ocrx_word' id='word_1_97' title='bbox 101 1345 293 1423; x_wconf 83' lang='lat' dir='ltr'>circa,</span> <span class='ocrx_word' id='word_1_98' title='bbox 331 1369 374 1414; x_wconf 89' lang='lat' dir='ltr'>a</span> <span class='ocrx_word' id='word_1_99' title='bbox 427 1345 546 1413; x_wconf 88' lang='lat' dir='ltr'>die</span> <span class='ocrx_word' id='word_1_100' title='bbox 595 1344 844 1425; x_wconf 82' lang='lat' dir='ltr'>obituS‚</span> <span class='ocrx_word' id='word_1_101' title='bbox 891 1344 1116 1433; x_wconf 91' lang='lat' dir='ltr'>ipsius</span> <span class='ocrx_word' id='word_1_102' title='bbox 1165 1348 1230 1412; x_wconf 74' lang='lat' dir='ltr'>S,</span> <span class='ocrx_word' id='word_1_103' title='bbox 1268 1344 1564 1413; x_wconf 85' lang='lat' dir='ltr'>Thomae</span> <span class='ocrx_word' id='word_1_104' title='bbox 1596 1344 1682 1413; x_wconf 91' lang='lat' dir='ltr'>de</span> <span class='ocrx_word' id='word_1_105' title='bbox 1713 1345 2000 1432; x_wconf 84' lang='lat' dir='ltr'>Aquin0,</span> <span class='ocrx_word' id='word_1_106' title='bbox 2035 1367 2193 1415; x_wconf 90' lang='lat' dir='ltr'>cum</span> <span class='ocrx_word' id='word_1_107' title='bbox 2225 1367 2479 1435; x_wconf 89' lang='lat' dir='ltr'>corpus</span> <span class='ocrx_word' id='word_1_108' title='bbox 2504 1346 2655 1436; x_wconf 83' lang='lat' dir='ltr'>ejus</span> 
     </span>
     <span class='ocr_line' id='line_1_13' title="bbox 99 1432 2654 1525; baseline 0.001 -24"><span class='ocrx_word' id='word_1_109' title='bbox 99 1435 270 1518; x_wconf 87' lang='lat' dir='ltr'>quod</span> <span class='ocrx_word' id='word_1_110' title='bbox 323 1435 398 1502; x_wconf 90' lang='lat' dir='ltr'>in</span> <span class='ocrx_word' id='word_1_111' title='bbox 453 1432 725 1523; x_wconf 86' lang='lat' dir='ltr'>capella</span> <span class='ocrx_word' id='word_1_112' title='bbox 773 1439 837 1501; x_wconf 87' lang='lat' dir='ltr'>S.</span> <span class='ocrx_word' id='word_1_113' title='bbox 907 1432 1234 1523; x_wconf 88' lang='lat' dir='ltr'>Stephani</span> <span class='ocrx_word' id='word_1_114' title='bbox 1282 1433 1446 1502; x_wconf 91' lang='lat' dir='ltr'>dicti</span> <span class='ocrx_word' id='word_1_115' title='bbox 1498 1434 1894 1503; x_wconf 89' lang='lat' dir='ltr'>monasterii</span> <span class='ocrx_word' id='word_1_116' title='bbox 1966 1456 2085 1524; x_wconf 90' lang='lat' dir='ltr'>per</span> <span class='ocrx_word' id='word_1_117' title='bbox 2138 1435 2321 1503; x_wconf 91' lang='lat' dir='ltr'>idem</span> <span class='ocrx_word' id='word_1_118' title='bbox 2381 1448 2654 1525; x_wconf 88' lang='lat' dir='ltr'>tempus</span> 
     </span>
     <span class='ocr_line' id='line_1_14' title="bbox 102 1521 2654 1614; baseline 0.001 -24"><span class='ocrx_word' id='word_1_119' title='bbox 102 1522 445 1612; x_wconf 85' lang='lat' dir='ltr'>sepultum</span> <span class='ocrx_word' id='word_1_120' title='bbox 501 1521 831 1602; x_wconf 77' lang='lat' dir='ltr'>extiterat,</span> <span class='ocrx_word' id='word_1_121' title='bbox 872 1521 959 1590; x_wconf 91' lang='lat' dir='ltr'>ad</span> <span class='ocrx_word' id='word_1_122' title='bbox 993 1521 1392 1611; x_wconf 89' lang='lat' dir='ltr'>sepulcrum</span> <span class='ocrx_word' id='word_1_123' title='bbox 1441 1522 1750 1611; x_wconf 86' lang='lat' dir='ltr'>ejusdem</span> <span class='ocrx_word' id='word_1_124' title='bbox 1801 1522 2130 1614; x_wconf 89' lang='lat' dir='ltr'>primum,</span> <span class='ocrx_word' id='word_1_125' title='bbox 2169 1522 2429 1594; x_wconf 90' lang='lat' dir='ltr'>scilicet</span> <span class='ocrx_word' id='word_1_126' title='bbox 2455 1523 2654 1611; x_wconf 85' lang='lat' dir='ltr'>juxta</span> 
     </span>
     <span class='ocr_line' id='line_1_15' title="bbox 98 1611 2655 1703; baseline 0.002 -26"><span class='ocrx_word' id='word_1_127' title='bbox 98 1611 299 1680; x_wconf 84' lang='lat' dir='ltr'>altare</span> <span class='ocrx_word' id='word_1_128' title='bbox 334 1612 578 1700; x_wconf 85' lang='lat' dir='ltr'>majus</span> <span class='ocrx_word' id='word_1_129' title='bbox 612 1611 949 1679; x_wconf 87' lang='lat' dir='ltr'>Ecclesiae</span> <span class='ocrx_word' id='word_1_130' title='bbox 999 1611 1394 1678; x_wconf 89' lang='lat' dir='ltr'>monasterii</span> <span class='ocrx_word' id='word_1_131' title='bbox 1445 1611 1795 1691; x_wconf 82' lang='lat' dir='ltr'>antedicti,</span> <span class='ocrx_word' id='word_1_132' title='bbox 1852 1611 2036 1680; x_wconf 91' lang='lat' dir='ltr'>unde</span> <span class='ocrx_word' id='word_1_133' title='bbox 2084 1612 2170 1681; x_wconf 91' lang='lat' dir='ltr'>ad</span> <span class='ocrx_word' id='word_1_134' title='bbox 2223 1625 2499 1703; x_wconf 84' lang='lat' dir='ltr'>tempus</span> <span class='ocrx_word' id='word_1_135' title='bbox 2534 1634 2655 1703; x_wconf 88' lang='lat' dir='ltr'>per</span> 
     </span>
     <span class='ocr_line' id='line_1_16' title="bbox 104 1699 2655 1790; baseline 0.001 -23"><span class='ocrx_word' id='word_1_136' title='bbox 104 1701 480 1768; x_wconf 88' lang='lat' dir='ltr'>monachos</span> <span class='ocrx_word' id='word_1_137' title='bbox 532 1699 840 1790; x_wconf 89' lang='lat' dir='ltr'>ejusdem</span> <span class='ocrx_word' id='word_1_138' title='bbox 894 1699 1286 1768; x_wconf 88' lang='lat' dir='ltr'>monasterii</span> <span class='ocrx_word' id='word_1_139' title='bbox 1325 1699 1589 1770; x_wconf 88' lang='lat' dir='ltr'>timoris</span> <span class='ocrx_word' id='word_1_140' title='bbox 1618 1704 1827 1771; x_wconf 74' lang='lat' dir='ltr'>causa</span> <span class='ocrx_word' id='word_1_141' title='bbox 1878 1701 2233 1772; x_wconf 90' lang='lat' dir='ltr'>sublatum</span> <span class='ocrx_word' id='word_1_142' title='bbox 2270 1701 2515 1781; x_wconf 87' lang='lat' dir='ltr'>fuerat,</span> <span class='ocrx_word' id='word_1_143' title='bbox 2569 1723 2655 1771; x_wconf 92' lang='lat' dir='ltr'>ne</span> 
     </span>
     <span class='ocr_line' id='line_1_17' title="bbox 98 1787 2654 1880; baseline 0.002 -26"><span class='ocrx_word' id='word_1_144' title='bbox 98 1811 340 1878; x_wconf 82' lang='lat' dir='ltr'>corpus</span> <span class='ocrx_word' id='word_1_145' title='bbox 390 1790 636 1879; x_wconf 88' lang='lat' dir='ltr'>ipsum</span> <span class='ocrx_word' id='word_1_146' title='bbox 670 1789 953 1858; x_wconf 90' lang='lat' dir='ltr'>omnino</span> <span class='ocrx_word' id='word_1_147' title='bbox 1001 1787 1086 1856; x_wconf 90' lang='lat' dir='ltr'>de</span> <span class='ocrx_word' id='word_1_148' title='bbox 1132 1787 1315 1857; x_wconf 90' lang='lat' dir='ltr'>dicto</span> <span class='ocrx_word' id='word_1_149' title='bbox 1367 1789 1780 1858; x_wconf 88' lang='lat' dir='ltr'>monasterio</span> <span class='ocrx_word' id='word_1_150' title='bbox 1828 1788 2202 1871; x_wconf 83' lang='lat' dir='ltr'>tolleretur,</span> <span class='ocrx_word' id='word_1_151' title='bbox 2254 1810 2376 1880; x_wconf 90' lang='lat' dir='ltr'>per</span> <span class='ocrx_word' id='word_1_152' title='bbox 2429 1802 2654 1859; x_wconf 89' lang='lat' dir='ltr'>trans-</span> 
     </span>
     <span class='ocr_line' id='line_1_18' title="bbox 105 1875 2651 1968; baseline 0.002 -26"><span class='ocrx_word' id='word_1_153' title='bbox 105 1875 416 1946; x_wconf 84' lang='lat' dir='ltr'>lationem</span> <span class='ocrx_word' id='word_1_154' title='bbox 470 1875 708 1946; x_wconf 86' lang='lat' dir='ltr'>denuo</span> <span class='ocrx_word' id='word_1_155' title='bbox 755 1877 1225 1956; x_wconf 84' lang='lat' dir='ltr'>exhumatum‚</span> <span class='ocrx_word' id='word_1_156' title='bbox 1267 1877 1514 1946; x_wconf 90' lang='lat' dir='ltr'>deferri</span> <span class='ocrx_word' id='word_1_157' title='bbox 1545 1878 1791 1947; x_wconf 82' lang='lat' dir='ltr'>exinde</span> <span class='ocrx_word' id='word_1_158' title='bbox 1822 1877 2305 1959; x_wconf 85' lang='lat' dir='ltr'>decrevissent,</span> <span class='ocrx_word' id='word_1_159' title='bbox 2346 1879 2416 1946; x_wconf 93' lang='lat' dir='ltr'>in</span> <span class='ocrx_word' id='word_1_160' title='bbox 2451 1900 2651 1968; x_wconf 89' lang='lat' dir='ltr'>aper-</span> 
     </span>
     <span class='ocr_line' id='line_1_19' title="bbox 115 1965 2649 2068; baseline 0.002 -38"><span class='ocrx_word' id='word_1_161' title='bbox 115 1975 257 2032; x_wconf 84' lang='lat' dir='ltr'>tura</span> <span class='ocrx_word' id='word_1_162' title='bbox 298 1967 527 2053; x_wconf 88' lang='lat' dir='ltr'>ipsius</span> <span class='ocrx_word' id='word_1_163' title='bbox 576 1965 927 2056; x_wconf 85' lang='lat' dir='ltr'>sepulchri</span> <span class='ocrx_word' id='word_1_164' title='bbox 995 1965 1308 2055; x_wconf 88' lang='lat' dir='ltr'>ejusdem</span> <span class='ocrx_word' id='word_1_165' title='bbox 1381 1967 1688 2056; x_wconf 87' lang='lat' dir='ltr'>capellae</span> <span class='ocrx_word' id='word_1_166' title='bbox 1748 1967 1816 2036; x_wconf 85' lang='lat' dir='ltr'>S.</span> <span class='ocrx_word' id='word_1_167' title='bbox 1882 1967 2209 2068; x_wconf 83' lang='lat' dir='ltr'>Stephani</span> <span class='ocrx_word' id='word_1_168' title='bbox 2277 1979 2463 2037; x_wconf 89' lang='lat' dir='ltr'>tanta</span> <span class='ocrx_word' id='word_1_169' title='bbox 2512 1967 2649 2036; x_wconf 88' lang='lat' dir='ltr'>fra-</span> 
     </span>
     <span class='ocr_line' id='line_1_20' title="bbox 119 2054 2650 2147; baseline 0.003 -29"><span class='ocrx_word' id='word_1_170' title='bbox 119 2054 371 2140; x_wconf 87' lang='lat' dir='ltr'>grantis</span> <span class='ocrx_word' id='word_1_171' title='bbox 400 2054 643 2123; x_wconf 89' lang='lat' dir='ltr'>odoris</span> <span class='ocrx_word' id='word_1_172' title='bbox 690 2055 991 2124; x_wconf 89' lang='lat' dir='ltr'>suavitas</span> <span class='ocrx_word' id='word_1_173' title='bbox 1047 2054 1416 2134; x_wconf 86' lang='lat' dir='ltr'>emanavit,</span> <span class='ocrx_word' id='word_1_174' title='bbox 1479 2056 1661 2141; x_wconf 94' lang='lat' dir='ltr'>quod</span> <span class='ocrx_word' id='word_1_175' title='bbox 1714 2067 1922 2124; x_wconf 88' lang='lat' dir='ltr'>totam</span> <span class='ocrx_word' id='word_1_176' title='bbox 1998 2079 2221 2147; x_wconf 79' lang='lat' dir='ltr'>lpsam</span> <span class='ocrx_word' id='word_1_177' title='bbox 2290 2055 2650 2146; x_wconf 87' lang='lat' dir='ltr'>capellam,</span> 
     </span>
     <span class='ocr_line' id='line_1_21' title="bbox 119 2141 2647 2233; baseline 0.002 -26"><span class='ocrx_word' id='word_1_178' title='bbox 119 2141 622 2229; x_wconf 85' lang='lat' dir='ltr'>claustrumque</span> <span class='ocrx_word' id='word_1_179' title='bbox 671 2144 891 2233; x_wconf 89' lang='lat' dir='ltr'>ipsius</span> <span class='ocrx_word' id='word_1_180' title='bbox 931 2143 1353 2223; x_wconf 88' lang='lat' dir='ltr'>monasterii,</span> <span class='ocrx_word' id='word_1_181' title='bbox 1393 2143 1573 2230; x_wconf 91' lang='lat' dir='ltr'>quod</span> <span class='ocrx_word' id='word_1_182' title='bbox 1623 2144 1955 2212; x_wconf 83' lang='lat' dir='ltr'>diffusum</span> <span class='ocrx_word' id='word_1_183' title='bbox 2006 2158 2128 2225; x_wconf 92' lang='lat' dir='ltr'>est,</span> <span class='ocrx_word' id='word_1_184' title='bbox 2187 2144 2365 2214; x_wconf 89' lang='lat' dir='ltr'>mira</span> <span class='ocrx_word' id='word_1_185' title='bbox 2407 2145 2647 2213; x_wconf 75' lang='lat' dir='ltr'>eadem</span> 
     </span>
     <span class='ocr_line' id='line_1_22' title="bbox 129 2231 2654 2323; baseline 0.003 -27"><span class='ocrx_word' id='word_1_186' title='bbox 129 2231 435 2299; x_wconf 73' lang='lat' dir='ltr'>suavitate</span> <span class='ocrx_word' id='word_1_187' title='bbox 491 2231 797 2322; x_wconf 86' lang='lat' dir='ltr'>replevit,</span> <span class='ocrx_word' id='word_1_188' title='bbox 832 2254 1008 2318; x_wconf 90' lang='lat' dir='ltr'>quae</span> <span class='ocrx_word' id='word_1_189' title='bbox 1054 2232 1138 2300; x_wconf 89' lang='lat' dir='ltr'>de</span> <span class='ocrx_word' id='word_1_190' title='bbox 1187 2232 1410 2323; x_wconf 89' lang='lat' dir='ltr'>ipsius</span> <span class='ocrx_word' id='word_1_191' title='bbox 1455 2253 1739 2321; x_wconf 87' lang='lat' dir='ltr'>corpore</span> <span class='ocrx_word' id='word_1_192' title='bbox 1783 2233 1810 2321; x_wconf 95' lang='lat'>(</span> <span class='ocrx_word' id='word_1_193' title='bbox 1866 2244 2019 2301; x_wconf 91' lang='lat' dir='ltr'>rout</span> <span class='ocrx_word' id='word_1_194' title='bbox 2063 2255 2143 2302; x_wconf 89' lang='lat' dir='ltr'>ex</span> <span class='ocrx_word' id='word_1_195' title='bbox 2194 2233 2481 2315; x_wconf 88' lang='lat' dir='ltr'>solicita,</span> <span class='ocrx_word' id='word_1_196' title='bbox 2533 2256 2654 2303; x_wconf 91' lang='lat' dir='ltr'>cu-</span> 
     </span>
     <span class='ocr_line' id='line_1_23' title="bbox 123 2317 2646 2411; baseline 0.003 -27"><span class='ocrx_word' id='word_1_197' title='bbox 123 2317 416 2406; x_wconf 79' lang='lat' dir='ltr'>riosaque</span> <span class='ocrx_word' id='word_1_198' title='bbox 438 2321 943 2390; x_wconf 86' lang='lat' dir='ltr'>monachorum</span> <span class='ocrx_word' id='word_1_199' title='bbox 978 2320 1309 2411; x_wconf 88' lang='lat' dir='ltr'>indagine</span> <span class='ocrx_word' id='word_1_200' title='bbox 1339 2332 1441 2390; x_wconf 90' lang='lat' dir='ltr'>est</span> <span class='ocrx_word' id='word_1_201' title='bbox 1472 2332 1817 2411; x_wconf 89' lang='lat' dir='ltr'>repertum</span> <span class='ocrx_word' id='word_1_202' title='bbox 1890 2321 2177 2390; x_wconf 87' lang='lat' dir='ltr'>mirifice</span> <span class='ocrx_word' id='word_1_203' title='bbox 2207 2322 2646 2392; x_wconf 84' lang='lat' dir='ltr'>fundebatur.</span> 
     </span>
     <span class='ocr_line' id='line_1_24' title="bbox 116 2408 2647 2502; baseline 0.002 -28"><span class='ocrx_word' id='word_1_204' title='bbox 116 2411 376 2499; x_wconf 85' lang='lat' dir='ltr'>Propter</span> <span class='ocrx_word' id='word_1_205' title='bbox 423 2408 619 2496; x_wconf 89' lang='lat' dir='ltr'>quod</span> <span class='ocrx_word' id='word_1_206' title='bbox 659 2410 912 2499; x_wconf 90' lang='lat' dir='ltr'>majore</span> <span class='ocrx_word' id='word_1_207' title='bbox 960 2431 1081 2502; x_wconf 91' lang='lat' dir='ltr'>per</span> <span class='ocrx_word' id='word_1_208' title='bbox 1127 2409 1503 2479; x_wconf 87' lang='lat' dir='ltr'>monachos</span> <span class='ocrx_word' id='word_1_209' title='bbox 1526 2421 1855 2501; x_wconf 88' lang='lat' dir='ltr'>concepta</span> <span class='ocrx_word' id='word_1_210' title='bbox 1875 2408 2007 2478; x_wconf 91' lang='lat' dir='ltr'>adi</span> <span class='ocrx_word' id='word_1_211' title='bbox 2065 2431 2218 2480; x_wconf 89' lang='lat' dir='ltr'>sum</span> <span class='ocrx_word' id='word_1_212' title='bbox 2270 2410 2647 2494; x_wconf 90' lang='lat' dir='ltr'>devotione,</span> 
     </span>
     <span class='ocr_line' id='line_1_25' title="bbox 116 2498 2644 2590; baseline 0.002 -26"><span class='ocrx_word' id='word_1_213' title='bbox 116 2507 280 2568; x_wconf 89' lang='lat' dir='ltr'>totus</span> <span class='ocrx_word' id='word_1_214' title='bbox 324 2512 716 2569; x_wconf 89' lang='lat' dir='ltr'>conventus</span> <span class='ocrx_word' id='word_1_215' title='bbox 777 2498 1372 2590; x_wconf 82' lang='lat' dir='ltr'>processionaliter</span> <span class='ocrx_word' id='word_1_216' title='bbox 1413 2499 1674 2589; x_wconf 87' lang='lat' dir='ltr'>(priore</span> <span class='ocrx_word' id='word_1_217' title='bbox 1733 2513 1957 2569; x_wconf 87' lang='lat' dir='ltr'>tamen</span> <span class='ocrx_word' id='word_1_218' title='bbox 2060 2499 2173 2568; x_wconf 91' lang='lat' dir='ltr'>icti</span> <span class='ocrx_word' id='word_1_219' title='bbox 2223 2499 2644 2583; x_wconf 87' lang='lat' dir='ltr'>monasterii,</span> 
     </span>
     <span class='ocr_line' id='line_1_26' title="bbox 118 2587 2646 2679; baseline 0.003 -28"><span class='ocrx_word' id='word_1_220' title='bbox 118 2608 258 2654; x_wconf 87' lang='lat' dir='ltr'>cum</span> <span class='ocrx_word' id='word_1_221' title='bbox 301 2587 732 2676; x_wconf 87' lang='lat' dir='ltr'>quibusdam</span> <span class='ocrx_word' id='word_1_222' title='bbox 780 2610 860 2657; x_wconf 84' lang='lat' dir='ltr'>ex</span> <span class='ocrx_word' id='word_1_223' title='bbox 900 2588 1259 2658; x_wconf 88' lang='lat' dir='ltr'>monachis</span> <span class='ocrx_word' id='word_1_224' title='bbox 1308 2590 1727 2678; x_wconf 88' lang='lat' dir='ltr'>paramentis</span> <span class='ocrx_word' id='word_1_225' title='bbox 1776 2588 2071 2677; x_wconf 92' lang='lat' dir='ltr'>indutis)</span> <span class='ocrx_word' id='word_1_226' title='bbox 2113 2609 2230 2658; x_wconf 91' lang='lat' dir='ltr'>cor</span> <span class='ocrx_word' id='word_1_227' title='bbox 2282 2612 2365 2659; x_wconf 92' lang='lat' dir='ltr'>us</span> <span class='ocrx_word' id='word_1_228' title='bbox 2412 2589 2646 2679; x_wconf 90' lang='lat' dir='ltr'>ipsum</span> 
     </span>
     <span class='ocr_line' id='line_1_27' title="bbox 113 2673 2640 2768; baseline 0.003 -29"><span class='ocrx_word' id='word_1_229' title='bbox 113 2673 189 2741; x_wconf 85' lang='lat' dir='ltr'>ad</span> <span class='ocrx_word' id='word_1_230' title='bbox 252 2678 642 2768; x_wconf 85' lang='lat' dir='ltr'>praefatum</span> <span class='ocrx_word' id='word_1_231' title='bbox 730 2678 1035 2767; x_wconf 90' lang='lat' dir='ltr'>primum</span> <span class='ocrx_word' id='word_1_232' title='bbox 1099 2677 1251 2767; x_wconf 88' lang='lat' dir='ltr'>ejus</span> <span class='ocrx_word' id='word_1_233' title='bbox 1316 2677 1712 2768; x_wconf 88' lang='lat' dir='ltr'>sepulcrum</span> <span class='ocrx_word' id='word_1_234' title='bbox 1780 2677 2156 2747; x_wconf 83' lang='lat' dir='ltr'>honorilice</span> <span class='ocrx_word' id='word_1_235' title='bbox 2269 2677 2640 2747; x_wconf 89' lang='lat' dir='ltr'>etulerunt.</span> 
     </span>
     <span class='ocr_line' id='line_1_28' title="bbox 115 2765 2647 2857; baseline 0.001 -27"><span class='ocrx_word' id='word_1_236' title='bbox 115 2766 282 2834; x_wconf 88' lang='lat' dir='ltr'>Hanc</span> <span class='ocrx_word' id='word_1_237' title='bbox 317 2765 627 2836; x_wconf 87' lang='lat' dir='ltr'>similem</span> <span class='ocrx_word' id='word_1_238' title='bbox 659 2765 1102 2836; x_wconf 68' lang='lat' dir='ltr'>fraorantiam</span> <span class='ocrx_word' id='word_1_239' title='bbox 1137 2778 1288 2857; x_wconf 88' lang='lat' dir='ltr'>post</span> <span class='ocrx_word' id='word_1_240' title='bbox 1323 2780 1579 2856; x_wconf 87' lang='lat' dir='ltr'>septem</span> <span class='ocrx_word' id='word_1_241' title='bbox 1613 2788 1955 2836; x_wconf 89' lang='lat' dir='ltr'>annorum</span> <span class='ocrx_word' id='word_1_242' title='bbox 1987 2766 2311 2857; x_wconf 91' lang='lat' dir='ltr'>spatium,</span> <span class='ocrx_word' id='word_1_243' title='bbox 2361 2765 2647 2854; x_wconf 90' lang='lat' dir='ltr'>quidam</span> 
     </span>
     <span class='ocr_line' id='line_1_29' title="bbox 109 2820 2651 2946; baseline 0.001 -26"><span class='ocrx_word' id='word_1_244' title='bbox 109 2874 176 2921; x_wconf 79' lang='lat' dir='ltr'>ex</span> <span class='ocrx_word' id='word_1_245' title='bbox 222 2856 557 2934; x_wconf 87' lang='lat' dir='ltr'>testibus,</span> <span class='ocrx_word' id='word_1_246' title='bbox 621 2820 903 2940; x_wconf 70' lang='lat' dir='ltr'>quidam</span> <span class='ocrx_word' id='word_1_247' title='bbox 968 2877 1125 2924; x_wconf 89' lang='lat' dir='ltr'>vero</span> <span class='ocrx_word' id='word_1_248' title='bbox 1175 2867 1325 2945; x_wconf 91' lang='lat' dir='ltr'>post</span> <span class='ocrx_word' id='word_1_249' title='bbox 1370 2856 1892 2942; x_wconf 89' lang='lat' dir='ltr'>quatuordecim</span> <span class='ocrx_word' id='word_1_250' title='bbox 1956 2877 2296 2925; x_wconf 88' lang='lat' dir='ltr'>annorum</span> <span class='ocrx_word' id='word_1_251' title='bbox 2346 2855 2651 2946; x_wconf 88' lang='lat' dir='ltr'>spatium</span> 
     </span>
     <span class='ocr_line' id='line_1_30' title="bbox 105 2944 2655 3045; baseline 0.002 -37"><span class='ocrx_word' id='word_1_252' title='bbox 105 2944 389 3013; x_wconf 80' lang='lat' dir='ltr'>sensisse</span> <span class='ocrx_word' id='word_1_253' title='bbox 443 2966 520 3013; x_wconf 88' lang='lat' dir='ltr'>se</span> <span class='ocrx_word' id='word_1_254' title='bbox 570 2944 892 3024; x_wconf 88' lang='lat' dir='ltr'>referunt,</span> <span class='ocrx_word' id='word_1_255' title='bbox 955 2944 1121 3013; x_wconf 89' lang='lat' dir='ltr'>dum</span> <span class='ocrx_word' id='word_1_256' title='bbox 1164 2966 1420 3034; x_wconf 88' lang='lat' dir='ltr'>corpus</span> <span class='ocrx_word' id='word_1_257' title='bbox 1482 2945 1713 3034; x_wconf 90' lang='lat' dir='ltr'>ipsum</span> <span class='ocrx_word' id='word_1_258' title='bbox 1773 2944 2062 3016; x_wconf 89' lang='lat' dir='ltr'>diversis</span> <span class='ocrx_word' id='word_1_259' title='bbox 2116 2968 2195 3015; x_wconf 87' lang='lat' dir='ltr'>ex</span> <span class='ocrx_word' id='word_1_260' title='bbox 2241 2945 2472 3017; x_wconf 85' lang='lat' dir='ltr'>causis</span> <span class='ocrx_word' id='word_1_261' title='bbox 2534 2965 2655 3045; x_wconf 88' lang='lat' dir='ltr'>per</span> 
     </span>
     <span class='ocr_line' id='line_1_31' title="bbox 105 3032 2652 3125; baseline 0.003 -30"><span class='ocrx_word' id='word_1_262' title='bbox 105 3042 492 3121; x_wconf 83' lang='lat' dir='ltr'>temporum</span> <span class='ocrx_word' id='word_1_263' title='bbox 559 3032 739 3101; x_wconf 84' lang='lat' dir='ltr'>vices</span> <span class='ocrx_word' id='word_1_264' title='bbox 797 3032 1038 3102; x_wconf 90' lang='lat' dir='ltr'>sedulo</span> <span class='ocrx_word' id='word_1_265' title='bbox 1105 3033 1585 3123; x_wconf 84' lang='lat' dir='ltr'>inspexissent.</span> <span class='ocrx_word' id='word_1_266' title='bbox 1653 3035 1922 3125; x_wconf 88' lang='lat' dir='ltr'>Quippe</span> <span class='ocrx_word' id='word_1_267' title='bbox 1977 3033 2166 3115; x_wconf 90' lang='lat' dir='ltr'>odor,</span> <span class='ocrx_word' id='word_1_268' title='bbox 2222 3034 2451 3105; x_wconf 89' lang='lat' dir='ltr'>carnis</span> <span class='ocrx_word' id='word_1_269' title='bbox 2499 3055 2652 3123; x_wconf 81' lang='lat' dir='ltr'>eJus</span> 
     </span>
     <span class='ocr_line' id='line_1_32' title="bbox 107 3121 2651 3214; baseline 0.002 -28"><span class='ocrx_word' id='word_1_270' title='bbox 107 3121 520 3190; x_wconf 84' lang='lat' dir='ltr'>munditiam</span> <span class='ocrx_word' id='word_1_271' title='bbox 558 3125 687 3189; x_wconf 88' lang='lat' dir='ltr'>Deo</span> <span class='ocrx_word' id='word_1_272' title='bbox 736 3134 1083 3212; x_wconf 86' lang='lat' dir='ltr'>acceptam</span> <span class='ocrx_word' id='word_1_273' title='bbox 1118 3122 1565 3211; x_wconf 83' lang='lat' dir='ltr'>exprimebat,</span> <span class='ocrx_word' id='word_1_274' title='bbox 1604 3123 1990 3192; x_wconf 87' lang='lat' dir='ltr'>orationum</span> <span class='ocrx_word' id='word_1_275' title='bbox 2025 3123 2175 3214; x_wconf 86' lang='lat' dir='ltr'>ejus</span> <span class='ocrx_word' id='word_1_276' title='bbox 2207 3123 2651 3193; x_wconf 89' lang='lat' dir='ltr'>adoramenta</span> 
     </span>
     <span class='ocr_line' id='line_1_33' title="bbox 107 3208 2646 3301; baseline 0.002 -28"><span class='ocrx_word' id='word_1_277' title='bbox 107 3209 683 3298; x_wconf 81' lang='lat' dir='ltr'>repraesentabat,</span> <span class='ocrx_word' id='word_1_278' title='bbox 736 3208 988 3278; x_wconf 88' lang='lat' dir='ltr'>famam</span> <span class='ocrx_word' id='word_1_279' title='bbox 1051 3231 1323 3297; x_wconf 90' lang='lat' dir='ltr'>quoque</span> <span class='ocrx_word' id='word_1_280' title='bbox 1387 3211 1537 3301; x_wconf 89' lang='lat' dir='ltr'>ejus</span> <span class='ocrx_word' id='word_1_281' title='bbox 1593 3211 1853 3280; x_wconf 89' lang='lat' dir='ltr'>claram</span> <span class='ocrx_word' id='word_1_282' title='bbox 1900 3210 2267 3281; x_wconf 85' lang='lat' dir='ltr'>diffusione</span> <span class='ocrx_word' id='word_1_283' title='bbox 2316 3212 2646 3281; x_wconf 85' lang='lat' dir='ltr'>virtutum</span> 
     </span>
     <span class='ocr_line' id='line_1_34' title="bbox 105 3298 1586 3389; baseline 0.005 -27"><span class='ocrx_word' id='word_1_284' title='bbox 105 3310 158 3364; x_wconf 82' lang='lat' dir='ltr'>et</span> <span class='ocrx_word' id='word_1_285' title='bbox 201 3298 492 3367; x_wconf 88' lang='lat' dir='ltr'>illarum</span> <span class='ocrx_word' id='word_1_286' title='bbox 543 3300 927 3368; x_wconf 83' lang='lat' dir='ltr'>aromatum</span> <span class='ocrx_word' id='word_1_287' title='bbox 978 3320 1112 3367; x_wconf 92' lang='lat' dir='ltr'>non</span> <span class='ocrx_word' id='word_1_288' title='bbox 1152 3299 1416 3369; x_wconf 89' lang='lat' dir='ltr'>celabat</span> <span class='ocrx_word' id='word_1_289' title='bbox 1458 3298 1586 3389; x_wconf 87' lang='lat' dir='ltr'>(a).</span> 
     </span>
    </p>

    <p class='ocr_par' dir='ltr' id='par_1_3' title="bbox 105 3385 2652 4021">
     <span class='ocr_line' id='line_1_35' title="bbox 179 3385 2648 3478; baseline -0 -20"><span class='ocrx_word' id='word_1_290' title='bbox 179 3389 213 3473; x_wconf 67' lang='grc' dir='ltr'><strong>ξ</strong></span> <span class='ocrx_word' id='word_1_291' title='bbox 284 3393 376 3458; x_wconf 65' lang='lat'>2.</span> <span class='ocrx_word' id='word_1_292' title='bbox 437 3385 734 3469; x_wconf 82' lang='lat' dir='ltr'>Quidam</span> <span class='ocrx_word' id='word_1_293' title='bbox 782 3401 925 3457; x_wconf 89' lang='lat' dir='ltr'>arte</span> <span class='ocrx_word' id='word_1_294' title='bbox 973 3387 1436 3478; x_wconf 80' lang='lat' dir='ltr'>chirurgicuS,</span> <span class='ocrx_word' id='word_1_295' title='bbox 1474 3388 1590 3457; x_wconf 90' lang='lat' dir='ltr'>sed</span> <span class='ocrx_word' id='word_1_296' title='bbox 1643 3409 1765 3478; x_wconf 90' lang='lat' dir='ltr'>per</span> <span class='ocrx_word' id='word_1_297' title='bbox 1801 3387 2213 3458; x_wconf 88' lang='lat' dir='ltr'>decennium</span> <span class='ocrx_word' id='word_1_298' title='bbox 2246 3388 2648 3457; x_wconf 89' lang='lat' dir='ltr'>infirmitate</span> 
     </span>
     <span class='ocr_line' id='line_1_36' title="bbox 145 3475 2652 3566; baseline 0.002 -24"><span class='ocrx_word' id='word_1_299' title='bbox 145 3476 266 3544; x_wconf 83' lang='lat' dir='ltr'>oda</span> <span class='ocrx_word' id='word_1_300' title='bbox 327 3477 548 3556; x_wconf 80' lang='lat' dir='ltr'>ricuS,</span> <span class='ocrx_word' id='word_1_301' title='bbox 586 3476 678 3544; x_wconf 89' lang='lat' dir='ltr'>ita</span> <span class='ocrx_word' id='word_1_302' title='bbox 712 3476 894 3564; x_wconf 93' lang='lat' dir='ltr'>quod</span> <span class='ocrx_word' id='word_1_303' title='bbox 947 3476 1045 3545; x_wconf 88' lang='lat' dir='ltr'>ire</span> <span class='ocrx_word' id='word_1_304' title='bbox 1094 3497 1215 3566; x_wconf 88' lang='lat' dir='ltr'>per</span> <span class='ocrx_word' id='word_1_305' title='bbox 1261 3498 1334 3546; x_wconf 91' lang='lat' dir='ltr'>se</span> <span class='ocrx_word' id='word_1_306' title='bbox 1367 3475 1464 3546; x_wconf 87' lang='lat' dir='ltr'>vel</span> <span class='ocrx_word' id='word_1_307' title='bbox 1501 3477 1859 3548; x_wconf 90' lang='lat' dir='ltr'>ambulare</span> <span class='ocrx_word' id='word_1_308' title='bbox 1906 3498 2340 3565; x_wconf 90' lang='lat' dir='ltr'>nequaquam</span> <span class='ocrx_word' id='word_1_309' title='bbox 2392 3477 2652 3563; x_wconf 90' lang='lat' dir='ltr'>absque</span> 
     </span>
     <span class='ocr_line' id='line_1_37' title="bbox 145 3565 2650 3657; baseline 0.002 -27"><span class='ocrx_word' id='word_1_310' title='bbox 145 3585 270 3634; x_wconf 88' lang='lat' dir='ltr'>acu</span> <span class='ocrx_word' id='word_1_311' title='bbox 306 3587 514 3633; x_wconf 89' lang='lat' dir='ltr'>orum</span> <span class='ocrx_word' id='word_1_312' title='bbox 567 3565 1060 3635; x_wconf 89' lang='lat' dir='ltr'>sustentatione</span> <span class='ocrx_word' id='word_1_313' title='bbox 1105 3578 1226 3635; x_wconf 89' lang='lat' dir='ltr'>aut</span> <span class='ocrx_word' id='word_1_314' title='bbox 1273 3565 1564 3635; x_wconf 91' lang='lat' dir='ltr'>aliorum</span> <span class='ocrx_word' id='word_1_315' title='bbox 1616 3565 1946 3655; x_wconf 85' lang='lat' dir='ltr'>suffragio</span> <span class='ocrx_word' id='word_1_316' title='bbox 1994 3577 2277 3657; x_wconf 87' lang='lat' dir='ltr'>poterat,</span> <span class='ocrx_word' id='word_1_317' title='bbox 2312 3588 2382 3637; x_wconf 89' lang='lat' dir='ltr'>se</span> <span class='ocrx_word' id='word_1_318' title='bbox 2420 3571 2552 3635; x_wconf 88' lang='lat' dir='ltr'>Deo</span> <span class='ocrx_word' id='word_1_319' title='bbox 2585 3576 2650 3634; x_wconf 90' lang='lat' dir='ltr'>et</span> 
     </span>
     <span class='ocr_line' id='line_1_38' title="bbox 110 3653 2651 3811; baseline 0.003 -95"><span class='ocrx_word' id='word_1_320' title='bbox 110 3655 164 3718; x_wconf 85' lang='grc' dir='ltr'>Β.</span> <span class='ocrx_word' id='word_1_321' title='bbox 198 3653 510 3722; x_wconf 79' lang='lat' dir='ltr'>&#39;rhomae</span> <span class='ocrx_word' id='word_1_322' title='bbox 558 3653 917 3735; x_wconf 81' lang='lat' dir='ltr'>devovens,</span> <span class='ocrx_word' id='word_1_323' title='bbox 968 3654 1168 3745; x_wconf 85' lang='lat' dir='ltr'>juxta</span> <span class='ocrx_word' id='word_1_324' title='bbox 1234 3675 1395 3723; x_wconf 91' lang='lat' dir='ltr'>eum</span> <span class='ocrx_word' id='word_1_325' title='bbox 1448 3654 1796 3724; x_wconf 91' lang='lat' dir='ltr'>tumulum</span> <span class='ocrx_word' id='word_1_326' title='bbox 1860 3655 2270 3726; x_wconf 89' lang='lat' dir='ltr'>incumbens</span> <span class='ocrx_word' id='word_1_327' title='bbox 2312 3653 2651 3811; x_wconf 60' lang='lat' dir='ltr'>goratione</span> 
     </span>
     <span class='ocr_line' id='line_1_39' title="bbox 105 3738 2651 3832; baseline 0.003 -26"><span class='ocrx_word' id='word_1_328' title='bbox 105 3738 320 3831; x_wconf 81' lang='lat' dir='ltr'>sacta),</span> <span class='ocrx_word' id='word_1_329' title='bbox 364 3764 584 3810; x_wconf 90' lang='lat' dir='ltr'>sanus</span> <span class='ocrx_word' id='word_1_330' title='bbox 634 3742 948 3832; x_wconf 87' lang='lat' dir='ltr'>prosiliit,</span> <span class='ocrx_word' id='word_1_331' title='bbox 987 3755 1052 3811; x_wconf 89' lang='lat' dir='ltr'>et</span> <span class='ocrx_word' id='word_1_332' title='bbox 1081 3764 1392 3823; x_wconf 82' lang='lat' dir='ltr'>currenS,</span> <span class='ocrx_word' id='word_1_333' title='bbox 1447 3764 1526 3812; x_wconf 89' lang='lat' dir='ltr'>ac</span> <span class='ocrx_word' id='word_1_334' title='bbox 1577 3748 1786 3811; x_wconf 88' lang='lat' dir='ltr'>Deum</span> <span class='ocrx_word' id='word_1_335' title='bbox 1820 3742 2136 3823; x_wconf 89' lang='lat' dir='ltr'>laudans,</span> <span class='ocrx_word' id='word_1_336' title='bbox 2171 3765 2307 3830; x_wconf 90' lang='lat' dir='ltr'>quo</span> <span class='ocrx_word' id='word_1_337' title='bbox 2387 3743 2651 3814; x_wconf 83' lang='lat' dir='ltr'>meritis</span> 
     </span>
     <span class='ocr_line' id='line_1_40' title="bbox 108 3828 2649 3922; baseline 0.003 -29"><span class='ocrx_word' id='word_1_338' title='bbox 108 3828 244 3915; x_wconf 81' lang='lat' dir='ltr'>ejus</span> <span class='ocrx_word' id='word_1_339' title='bbox 289 3842 478 3900; x_wconf 88' lang='lat' dir='ltr'>esset</span> <span class='ocrx_word' id='word_1_340' title='bbox 527 3842 662 3899; x_wconf 90' lang='lat' dir='ltr'>tam</span> <span class='ocrx_word' id='word_1_341' title='bbox 718 3831 958 3922; x_wconf 90' lang='lat' dir='ltr'>longae</span> <span class='ocrx_word' id='word_1_342' title='bbox 1007 3831 1431 3901; x_wconf 88' lang='lat' dir='ltr'>infirmitatis</span> <span class='ocrx_word' id='word_1_343' title='bbox 1493 3831 1824 3922; x_wconf 89' lang='lat' dir='ltr'>languore</span> <span class='ocrx_word' id='word_1_344' title='bbox 1885 3843 2191 3902; x_wconf 77' lang='lat' dir='ltr'>curatus,</span> <span class='ocrx_word' id='word_1_345' title='bbox 2252 3831 2432 3901; x_wconf 79' lang='lat' dir='ltr'>Alter</span> <span class='ocrx_word' id='word_1_346' title='bbox 2494 3832 2649 3919; x_wconf 88' lang='lat' dir='ltr'>qui-</span> 
     </span>
     <span class='ocr_line' id='line_1_41' title="bbox 110 3914 2649 4021; baseline 0.004 -39"><span class='ocrx_word' id='word_1_347' title='bbox 110 3914 250 3986; x_wconf 87' lang='lat' dir='ltr'>dam</span> <span class='ocrx_word' id='word_1_348' title='bbox 289 3941 374 3989; x_wconf 83' lang='lat' dir='ltr'>ex</span> <span class='ocrx_word' id='word_1_349' title='bbox 428 3919 743 3990; x_wconf 90' lang='lat' dir='ltr'>horribili</span> <span class='ocrx_word' id='word_1_350' title='bbox 776 3920 1076 4021; x_wconf 87' lang='lat' dir='ltr'>quadam</span> <span class='ocrx_word' id='word_1_351' title='bbox 1112 3920 1374 3990; x_wconf 86' lang='lat' dir='ltr'>visione</span> <span class='ocrx_word' id='word_1_352' title='bbox 1419 3920 1927 4010; x_wconf 89' lang='lat' dir='ltr'>phantasmatis</span> <span class='ocrx_word' id='word_1_353' title='bbox 1976 3920 2338 3990; x_wconf 89' lang='lat' dir='ltr'>timiditate</span> <span class='ocrx_word' id='word_1_354' title='bbox 2369 3943 2649 4011; x_wconf 88' lang='lat' dir='ltr'>percus-</span> 
     </span>
    </p>

    <p class='ocr_par' dir='ltr' id='par_1_4' title="bbox 112 4007 2649 4187">
     <span class='ocr_line' id='line_1_42' title="bbox 112 4007 2643 4165; baseline 0.004 -95"><span class='ocrx_word' id='word_1_355' title='bbox 112 4024 235 4087; x_wconf 86' lang='lat' dir='ltr'>sus,</span> <span class='ocrx_word' id='word_1_356' title='bbox 283 4007 583 4165; x_wconf 64' lang='lat' dir='ltr'>pedibus</span> <span class='ocrx_word' id='word_1_357' title='bbox 632 4010 1095 4097; x_wconf 80' lang='lat' dir='ltr'>manibusque</span> <span class='ocrx_word' id='word_1_358' title='bbox 1127 4021 1519 4079; x_wconf 86' lang='lat' dir='ltr'>contractus</span> <span class='ocrx_word' id='word_1_359' title='bbox 1554 4008 1685 4079; x_wconf 85' lang='lat' dir='ltr'>fuit</span> <span class='ocrx_word' id='word_1_360' title='bbox 1711 4023 1778 4078; x_wconf 92' lang='lat' dir='ltr'>et</span> <span class='ocrx_word' id='word_1_361' title='bbox 1822 4032 1937 4080; x_wconf 90' lang='lat' dir='ltr'>ore</span> <span class='ocrx_word' id='word_1_362' title='bbox 1975 4031 2053 4078; x_wconf 90' lang='lat' dir='ltr'>ac</span> <span class='ocrx_word' id='word_1_363' title='bbox 2088 4009 2258 4079; x_wconf 84' lang='lat' dir='ltr'>facie</span> <span class='ocrx_word' id='word_1_364' title='bbox 2284 4009 2643 4091; x_wconf 80' lang='lat' dir='ltr'>distortuS,</span> 
     </span>
     <span class='ocr_line' id='line_1_43' title="bbox 118 4095 2649 4187; baseline 0.002 -26"><span class='ocrx_word' id='word_1_365' title='bbox 118 4095 278 4165; x_wconf 77' lang='lat' dir='ltr'>sensi</span> <span class='ocrx_word' id='word_1_366' title='bbox 331 4118 420 4166; x_wconf 86' lang='lat' dir='ltr'>us</span> <span class='ocrx_word' id='word_1_367' title='bbox 480 4118 726 4167; x_wconf 89' lang='lat' dir='ltr'>carens</span> <span class='ocrx_word' id='word_1_368' title='bbox 790 4111 855 4168; x_wconf 90' lang='lat' dir='ltr'>et</span> <span class='ocrx_word' id='word_1_369' title='bbox 900 4098 1090 4167; x_wconf 92' lang='lat' dir='ltr'>omni</span> <span class='ocrx_word' id='word_1_370' title='bbox 1142 4097 1386 4168; x_wconf 86' lang='lat' dir='ltr'>virtute</span> <span class='ocrx_word' id='word_1_371' title='bbox 1433 4098 1826 4180; x_wconf 80' lang='lat' dir='ltr'>destitutuS,</span> <span class='ocrx_word' id='word_1_372' title='bbox 1886 4098 1979 4168; x_wconf 88' lang='lat' dir='ltr'>ita</span> <span class='ocrx_word' id='word_1_373' title='bbox 2027 4099 2210 4187; x_wconf 92' lang='lat' dir='ltr'>quod</span> <span class='ocrx_word' id='word_1_374' title='bbox 2270 4098 2462 4187; x_wconf 90' lang='lat' dir='ltr'>loqui</span> <span class='ocrx_word' id='word_1_375' title='bbox 2509 4119 2649 4167; x_wconf 89' lang='lat' dir='ltr'>non</span> 
     </span>
    </p>
   </div>
   <div class='ocr_carea' id='block_1_3' title="bbox 119 4212 2652 4536">
    <p class='ocr_par' dir='ltr' id='par_1_5' title="bbox 119 4212 2652 4527">
     <span class='ocr_line' id='line_1_44' title="bbox 158 4212 2647 4275; baseline 0.002 -19"><span class='ocrx_word' id='word_1_376' title='bbox 158 4212 217 4266; x_wconf 71' lang='lat' dir='ltr'>(a)</span> <span class='ocrx_word' id='word_1_377' title='bbox 242 4220 493 4258; x_wconf 73' lang='lat' dir='ltr'>Annuente</span> <span class='ocrx_word' id='word_1_378' title='bbox 512 4219 701 4259; x_wconf 66' lang='lat' dir='ltr'>Urbano</span> <span class='ocrx_word' id='word_1_379' title='bbox 721 4220 801 4269; x_wconf 84' lang='lat' dir='ltr'>Pp.</span> <span class='ocrx_word' id='word_1_380' title='bbox 820 4219 873 4266; x_wconf 80' lang='lat' dir='ltr'>V,</span> <span class='ocrx_word' id='word_1_381' title='bbox 900 4230 1021 4260; x_wconf 64' lang='lat' dir='ltr'>anno</span> <span class='ocrx_word' id='word_1_382' title='bbox 1051 4228 1323 4260; x_wconf 67' lang='lat' dir='ltr'>Mcccnxvut</span> <span class='ocrx_word' id='word_1_383' title='bbox 1353 4220 1399 4260; x_wconf 82' lang='lat' dir='ltr'>S.</span> <span class='ocrx_word' id='word_1_384' title='bbox 1427 4220 1676 4269; x_wconf 72' lang='lat' dir='ltr'>Aquinatis</span> <span class='ocrx_word' id='word_1_385' title='bbox 1707 4231 1878 4269; x_wconf 80' lang='lat' dir='ltr'>corpus</span> <span class='ocrx_word' id='word_1_386' title='bbox 1906 4221 2122 4262; x_wconf 74' lang='lat' dir='ltr'>Tolosam</span> <span class='ocrx_word' id='word_1_387' title='bbox 2151 4220 2383 4275; x_wconf 73' lang='lat' dir='ltr'>(Toulouu</span> <span class='ocrx_word' id='word_1_388' title='bbox 2410 4222 2459 4260; x_wconf 78' lang='lat' dir='ltr'>tn</span> <span class='ocrx_word' id='word_1_389' title='bbox 2491 4220 2647 4260; x_wconf 63' lang='lat' dir='ltr'>Gallio</span> 
     </span>
     <span class='ocr_line' id='line_1_45' title="bbox 119 4269 2650 4325; baseline 0.002 -16"><span class='ocrx_word' id='word_1_390' title='bbox 119 4269 272 4315; x_wconf 63' lang='lat' dir='ltr'>thetid.)</span> <span class='ocrx_word' id='word_1_391' title='bbox 301 4273 590 4313; x_wconf 64' lang='lat' dir='ltr'>maletum</span> <span class='ocrx_word' id='word_1_392' title='bbox 618 4274 706 4313; x_wconf 71' lang='lat' dir='ltr'>eet.</span> <span class='ocrx_word' id='word_1_393' title='bbox 734 4274 981 4323; x_wconf 68' lang='lat' dir='ltr'>Sacrilegi:</span> <span class='ocrx_word' id='word_1_394' title='bbox 1009 4274 1263 4323; x_wconf 72' lang='lat' dir='ltr'>impiorum</span> <span class='ocrx_word' id='word_1_395' title='bbox 1292 4273 1510 4313; x_wconf 64' lang='lat' dir='ltr'>manibus</span> <span class='ocrx_word' id='word_1_396' title='bbox 1538 4275 1589 4313; x_wconf 84' lang='lat' dir='ltr'>tn</span> <span class='ocrx_word' id='word_1_397' title='bbox 1618 4274 1948 4315; x_wconf 62' lang='lat' dir='ltr'>efferatissimus</span> <span class='ocrx_word' id='word_1_398' title='bbox 1974 4276 2266 4316; x_wconf 69' lang='lat' dir='ltr'>Francorum</span> <span class='ocrx_word' id='word_1_399' title='bbox 2294 4276 2427 4325; x_wconf 75' lang='lat' dir='ltr'>regni</span> <span class='ocrx_word' id='word_1_400' title='bbox 2456 4275 2650 4315; x_wconf 74' lang='lat' dir='ltr'>subver-</span> 
     </span>
     <span class='ocr_line' id='line_1_46' title="bbox 125 4318 2652 4377; baseline -0 -11"><span class='ocrx_word' id='word_1_401' title='bbox 125 4318 243 4366; x_wconf 59' lang='grc' dir='ltr'>ὓῡΜ,</span> <span class='ocrx_word' id='word_1_402' title='bbox 259 4326 506 4373; x_wconf 71' lang='lat' dir='ltr'>superiore</span> <span class='ocrx_word' id='word_1_403' title='bbox 523 4327 712 4367; x_wconf 71' lang='lat' dir='ltr'>labente</span> <span class='ocrx_word' id='word_1_404' title='bbox 734 4328 935 4372; x_wconf 71' lang='lat' dir='ltr'>saeculo,</span> <span class='ocrx_word' id='word_1_405' title='bbox 953 4328 1350 4377; x_wconf 75' lang='lat' dir='ltr'>pretiosissimum</span> <span class='ocrx_word' id='word_1_406' title='bbox 1368 4327 1539 4377; x_wconf 72' lang='lat' dir='ltr'>pignus</span> <span class='ocrx_word' id='word_1_407' title='bbox 1557 4329 1685 4367; x_wconf 75' lang='lat' dir='ltr'>Deus</span> <span class='ocrx_word' id='word_1_408' title='bbox 1704 4328 1912 4369; x_wconf 76' lang='lat' dir='ltr'>immune</span> <span class='ocrx_word' id='word_1_409' title='bbox 1934 4330 2153 4369; x_wconf 67' lang='lat' dir='ltr'>servnvtt.</span> <span class='ocrx_word' id='word_1_410' title='bbox 2172 4329 2477 4369; x_wconf 72' lang='lat' dir='ltr'>Brachtorum</span> <span class='ocrx_word' id='word_1_411' title='bbox 2492 4330 2652 4367; x_wconf 67' lang='lat' dir='ltr'>nutem</span> 
     </span>
     <span class='ocr_line' id='line_1_47' title="bbox 123 4369 2651 4431; baseline 0.001 -15"><span class='ocrx_word' id='word_1_412' title='bbox 123 4369 160 4407; x_wconf 73' lang='grc'>8-</span> <span class='ocrx_word' id='word_1_413' title='bbox 174 4373 379 4418; x_wconf 69' lang='lat' dir='ltr'>Doetorts</span> <span class='ocrx_word' id='word_1_414' title='bbox 395 4381 577 4427; x_wconf 62' lang='lat' dir='ltr'>purtem</span> <span class='ocrx_word' id='word_1_415' title='bbox 594 4390 690 4419; x_wconf 84' lang='lat' dir='ltr'>non</span> <span class='ocrx_word' id='word_1_416' title='bbox 712 4382 925 4430; x_wconf 72' lang='lat' dir='ltr'>exiguam</span> <span class='ocrx_word' id='word_1_417' title='bbox 944 4391 1063 4431; x_wconf 66' lang='lat' dir='ltr'>quae</span> <span class='ocrx_word' id='word_1_418' title='bbox 1082 4382 1275 4421; x_wconf 70' lang='lat' dir='ltr'>Parisiis</span> <span class='ocrx_word' id='word_1_419' title='bbox 1293 4390 1502 4429; x_wconf 78' lang='lat' dir='ltr'>eousque</span> <span class='ocrx_word' id='word_1_420' title='bbox 1524 4381 1844 4422; x_wconf 65' lang='lat' dir='ltr'>venerabatur</span> <span class='ocrx_word' id='word_1_421' title='bbox 1863 4383 1912 4421; x_wconf 77' lang='lat' dir='ltr'>tn</span> <span class='ocrx_word' id='word_1_422' title='bbox 1942 4383 1984 4423; x_wconf 81' lang='grc'>8.</span> <span class='ocrx_word' id='word_1_423' title='bbox 2015 4383 2177 4422; x_wconf 70' lang='lat' dir='ltr'>Jacobt</span> <span class='ocrx_word' id='word_1_424' title='bbox 2204 4382 2530 4422; x_wconf 68' lang='lat' dir='ltr'>vetustissima</span> <span class='ocrx_word' id='word_1_425' title='bbox 2558 4382 2651 4419; x_wconf 87' lang='lat' dir='ltr'>Do·</span> 
     </span>
     <span class='ocr_line' id='line_1_48' title="bbox 124 4426 2650 4527; baseline 0 -55"><span class='ocrx_word' id='word_1_426' title='bbox 124 4426 302 4522; x_wconf 54' lang='lat' dir='ltr'>ammte,</span> <span class='ocrx_word' id='word_1_427' title='bbox 276 4442 386 4526; x_wconf 44' lang='lat' dir='ltr'>²111,ss</span> <span class='ocrx_word' id='word_1_428' title='bbox 405 4434 531 4527; x_wconf 49' lang='lat' dir='ltr'>egge,</span> <span class='ocrx_word' id='word_1_429' title='bbox 553 4434 906 4475; x_wconf 53' lang='lat' dir='ltr'>scelestium&amp;</span> <span class='ocrx_word' id='word_1_430' title='bbox 924 4435 1022 4477; x_wconf 74' lang='lat' dir='ltr'>tnta</span> <span class='ocrx_word' id='word_1_431' title='bbox 1048 4434 1408 4485; x_wconf 73' lang='lat' dir='ltr'>direptionibus,</span> <span class='ocrx_word' id='word_1_432' title='bbox 1434 4436 1569 4476; x_wconf 75' lang='lat' dir='ltr'>Prior</span> <span class='ocrx_word' id='word_1_433' title='bbox 1597 4436 1703 4485; x_wconf 65' lang='lat' dir='ltr'>ejus</span> <span class='ocrx_word' id='word_1_434' title='bbox 1739 4437 1961 4477; x_wconf 81' lang='lat' dir='ltr'>Coenobss</span> <span class='ocrx_word' id='word_1_435' title='bbox 1986 4438 2038 4477; x_wconf 69' lang='grc' dir='ltr'>ιιι</span> <span class='ocrx_word' id='word_1_436' title='bbox 2066 4437 2255 4477; x_wconf 69' lang='lat' dir='ltr'>Italiam</span> <span class='ocrx_word' id='word_1_437' title='bbox 2282 4435 2515 4477; x_wconf 77' lang='lat' dir='ltr'>revehens</span> <span class='ocrx_word' id='word_1_438' title='bbox 2546 4433 2650 4474; x_wconf 75' lang='lat'>1011·</span> 
     </span>
    </p>

    <p class='ocr_par' dir='ltr' id='par_1_6' title="bbox 246 4494 506 4536">
     <span class='ocr_line' id='line_1_49' title="bbox 246 4494 506 4536; baseline 0.008 -11"><span class='ocrx_word' id='word_1_439' title='bbox 246 4494 269 4525; x_wconf 78' lang='lat' dir='ltr'>s</span> <span class='ocrx_word' id='word_1_440' title='bbox 387 4495 418 4536; x_wconf 78' lang='lat' dir='ltr'>p</span> <span class='ocrx_word' id='word_1_441' title='bbox 491 4514 506 4527; x_wconf 87' lang='lat'><strong>.</strong></span> 
     </span>
    </p>
   </div>
  </div>
 </body>
</html>
