3327 4999
697 307 823 373 198
1502 325 1580 372 nn
1627 325 1684 373 s.
1738 324 2046 374 cazeomo
2095 324 2256 373 ΡΑΡΑ
2750 304 2984 371 MART.
3036 305 3112 370 ⁴2

603 408 846 479 fratres
876 409 1062 490 estis,
1116 407 1426 477 moribus
1457 419 1706 499 patres,
1757 415 1902 480 Non
1949 430 2111 501 ergo
2131 407 2336 500 jussi,
2384 407 2502 478 sed
2532 428 2708 495 quae
2751 406 2942 476 utilia
2979 405 3115 476 visa

607 510 789 579 sunt,
846 497 1152 568 indicare
1198 497 1455 566 curavi.
1508 503 1650 568 Non
1700 509 1927 568 tamen
1975 498 2248 568 invenio
2292 510 2587 567 vestram
2636 494 3113 567 beatitudinem

604 586 734 655 hoc
780 586 1043 676 ipsum,
1120 584 1306 671 quod
1356 586 1726 657 memoriae
1788 600 2049 657 vestrae
2104 586 2354 668 intuli,
2408 583 2702 677 perfecte
2748 597 2965 654 tenere
3010 605 3118 652 vo-

607 674 841 745 luisse.
877 679 1044 744 Nam
1093 673 1259 757 dixi,
1312 695 1438 744 nec
1485 675 1656 744 mihi
1690 697 1829 756 νος,
1884 698 2007 746 nec
2053 676 2380 762 cuiquam
2436 674 2633 744 alteri
2692 673 2821 743 tale
2865 670 3117 759 aliquid

606 763 905 833 scribere
962 762 1232 832 debere.
1285 767 1361 831 Et
1406 784 1563 833 ecce
1609 764 1680 832 in
1733 762 2147 865 praefatione
2203 763 2552 855 epistolae,
2586 778 2795 849 quam
2854 761 2935 831 ad
2984 781 3122 829 me-

605 851 835 940 ipsum
883 850 1005 938 qui
1054 851 1400 942 prohibui,
1451 852 1795 923 direxistis
1824 907 1840 935 ,
1895 853 2230 943 superbae
2288 851 2770 944 appellationis
2815 849 3111 929 verbum,

608 940 1070 1009 Universalem
1121 961 1228 1010 me
1258 945 1509 1031 Papam
1557 941 1884 1022 dicenteS,
1940 942 2340 1032 imprimere
2385 940 2709 1011 curastis.
2756 938 2941 1023 Quod
2980 948 3121 1028 peto

605 1028 1013 1098 dulcissima
1058 1028 1232 1098 mihi
1280 1031 1603 1102 sanctitas
1650 1042 1871 1101 vestra
1900 1031 2084 1101 ultra
2130 1052 2267 1100 non
2299 1029 2500 1099 faciat
2544 1029 2710 1116 quia
2756 1028 2948 1098 vobis
2973 1026 3124 1095 sub-

605 1117 923 1198 trahitur,
961 1117 1145 1204 quod
1180 1117 1375 1188 alteri
1421 1118 1792 1209 plusquam
1847 1120 2017 1189 ratio
2072 1119 2281 1209 exigit
2326 1117 2714 1209 praebetur.
2769 1122 2905 1208 Ego
2949 1114 3122 1185 enim

607 1227 745 1275 non
798 1205 1020 1276 verbis
1047 1226 1302 1293 quaero
1336 1209 1748 1299 prosperari,
1786 1208 1901 1278 sed
1932 1208 2245 1278 moribus
2269 1208 2328 1276 *.
2360 1212 2492 1277 Nec
2523 1205 2850 1276 honorem
2903 1223 3118 1274 meum

605 1315 755 1363 esse
786 1293 1062 1384 deput0,
1119 1293 1187 1363 in
1220 1317 1356 1382 quo
1404 1295 1642 1368 fratres
1692 1318 1879 1367 meos
1925 1297 2256 1367 honorem
2309 1317 2516 1365 suum
2567 1294 2852 1384 perdere
2889 1311 3126 1383 cogno-

607 1404 746 1453 sco,
800 1388 986 1452 Meus
1035 1403 1333 1470 namque
1379 1385 1598 1455 honor
1640 1396 1765 1466 est,
1820 1385 2040 1455 honor
2073 1382 2486 1455 Universalis
2525 1382 2889 1457 Ecclesiae.
2950 1387 3124 1450 Meus

606 1471 826 1541 honor
870 1484 994 1554 est,
1048 1470 1335 1542 fratrum
1375 1495 1681 1545 meorum
1732 1473 1996 1545 solidus
2044 1474 2254 1565 vigor.
2309 1479 2499 1543 Tunc
2545 1494 2671 1564 ego
2719 1493 2875 1542 vere
2920 1470 3124 1539 hono-

606 1572 799 1631 ratus
829 1582 1010 1641 sum,
1062 1583 1223 1631 cum
1257 1561 1553 1653 singulis
1585 1562 1977 1650 quibusque
2031 1562 2251 1632 honor
2308 1561 2582 1631 debitus
2630 1582 2767 1630 non
2824 1570 3121 1650 negatur.

609 1647 678 1718 Si
724 1648 910 1718 enim
962 1649 1423 1720 Universalem
1472 1672 1582 1721 me
1627 1656 1881 1741 Papam
1937 1662 2160 1721 vestra
2207 1651 2531 1722 sanctitas
2577 1649 2771 1732 dicit,
2812 1659 3008 1739 negat
3062 1665 3129 1714 se

608 1736 737 1805 hoc
784 1758 933 1806 esse
990 1738 1174 1825 quod
1237 1760 1346 1808 me
1393 1737 1638 1809 fatetur
1684 1740 2112 1810 universum.
2186 1738 2312 1809 Sed
2361 1739 2539 1809 absit
2612 1739 2767 1808 hoc.
2806 1734 3131 1807 Recedant

607 1827 813 1895 verba
874 1846 1049 1911 quae
1097 1827 1462 1897 vanitatem
1514 1828 1796 1911 inflant,
1851 1828 2251 1899 charitatem
2300 1828 2686 1898 vulnerant.
2741 1831 2819 1897 Et
2863 1823 3129 1913 quidem

608 1913 680 1982 in
730 1927 966 1983 sancta
998 1914 1531 1986 chalcedonensi
1580 1917 1852 2006 Synodo
1899 1930 2102 2005 atque
2149 1929 2301 2008 post
2345 1915 2990 2003 asubsequentibus
3020 1933 3131 2002 pa-

613 2002 859 2085 tribuS‚
915 2002 1045 2072 hoc
1075 2003 1550 2075 decessoribus
1600 2006 1771 2077 meis
1806 2005 2112 2075 oblatum
2150 2017 2371 2075 vestra
2418 2006 2748 2076 sanctitas
2781 2003 2985 2074 novit:
3019 1997 3130 2069 sed

619 2102 845 2160 tamen
896 2090 1131 2163 nullus
1204 2113 1443 2163 eorum
1507 2093 1608 2163 uti
1658 2094 1785 2164 hoc
1827 2115 2135 2182 unquam
2184 2092 2517 2163 vocabulo
2555 2093 2803 2163 voluit:
2856 2104 2933 2161 ut
2975 2088 3129 2158 dum

608 2180 682 2248 in
734 2180 860 2280 hoc
909 2180 1171 2251 mundo
1230 2181 1559 2252 honorem
1622 2183 2049 2253 sacerdotum
2113 2181 2476 2273 diligerent
2549 2182 2907 2263 omnium,
2957 2173 3132 2269 apud

613 2280 1150 2359 omnlpotentem
1202 2274 1411 2340 Deum
1464 2271 1886 2342 custodirent
1917 2292 2195 2342 suum.»
3086 2351 3098 2364 ·

696 2362 890 2426 Lmen
932 2363 1040 2427 1v.
1084 2361 1121 2445 ξ
1168 2363 1244 2428 1.
1297 2364 1476 2429 Haec
1523 2371 1624 2429 est
1663 2364 1790 2430 Gre
1840 2360 1990 2440 orii,
2042 2359 2129 2428 de
2175 2357 2579 2429 refutatione
2642 2356 2951 2428 nominis
2983 2359 3134 2424 Uni-

614 2445 897 2517 versalis
932 2502 948 2528 ‚
1003 2445 1205 2538 plena
1261 2447 1546 2518 rationis
1615 2447 1808 2519 humi
1843 2449 2160 2536 itatisque
2214 2447 2572 2518 sententia.
2641 2447 2775 2531 Qui
2836 2442 3138 2516 videlicet

608 2548 843 2605 contra
876 2537 1209 2637 superbos
1258 2536 1632 2627 prudenter
1678 2537 1779 2607 uti
1827 2548 2104 2607 noverat
2149 2537 2486 2628 serpentis
2532 2538 2789 2607 astutia
2835 2549 2902 2606 et
2946 2556 2983 2604 a
3035 2553 3137 2601 co-

607 2623 886 2695 lumbae
933 2624 1370 2715 s1mplicitate
1406 2625 1591 2694 circa
1635 2625 1936 2696 humiles
1971 2627 2256 2696 minime
2301 2624 2680 2695 recedebat.
2718 2631 3138 2715 Quapropter

607 2734 772 2783 suae
806 2713 1292 2804 temperantiae
1338 2714 1684 2795 conscius,
1719 2715 2070 2785 Dominico
2099 2713 2614 2815 Carthaginensi
2643 2715 2970 2805 episcopo
2999 2716 3140 2801 post

605 2816 891 2872 caetera:
946 2824 983 2868 «
1017 2806 1106 2870 De
1154 2802 1681 2883 EcclesiasticiS,
1745 2803 2010 2890 inquit,
2076 2803 2451 2895 privilegiis
2496 2802 2681 2890 quod
2735 2815 2962 2873 vestra
3006 2797 3136 2867 fra-

607 2891 888 2960 ternitas
926 2889 1184 2970 scribit,
1238 2889 1366 2960 hoc
1414 2892 1789 2982 postposita
1834 2892 2260 2963 dubitatione
2298 2903 2520 2962 teneat
2563 2890 2732 2978 quia
2786 2893 2970 2962 sicut
3022 2906 3139 2955 no·-

606 2992 746 3049 stra
776 2977 1234 3059 defendimuS,
1290 2979 1383 3048 ita
1428 2979 1726 3071 singulis
1772 2980 2165 3069 quibusque
2211 2979 2520 3051 ecclesiis
2569 3002 2697 3049 sua
2711 2981 2880 3071 jura
2927 2995 3136 3048 serva·

606 3088 789 3136 mus.
841 3072 973 3136 Nec
1020 3066 1303 3137 cuilibet
1335 3066 1596 3140 favente
1644 3070 1863 3159 gratia
1889 3069 2070 3140 ultra
2108 3091 2317 3157 quam
2385 3079 2708 3149 meretur,
2764 3064 3135 3159 impertior,

607 3177 731 3225 nec
763 3154 890 3225 ulli
938 3155 1066 3225 hoc
1113 3155 1298 3242 quod
1348 3158 1457 3228 sui
1494 3157 1677 3247 juris
1723 3171 1846 3241 est,
1899 3158 2167 3229 ambitu
2224 3157 2625 3227 stimulante
2685 3156 2979 3248 derogo:
3031 3147 3138 3221 sed

609 3243 853 3315 fratres
903 3265 1089 3313 meos
1119 3244 1456 3315 honorare
1490 3268 1611 3336 per
1647 3247 1880 3316 omnia
1920 3248 2147 3339 cupio,
2182 3247 2419 3334 sicque
2452 3245 2693 3316 studeo
2720 3245 2984 3316 honore
3010 3259 3144 3338 sm·

610 3332 808 3424 gulos
840 3331 1152 3414 subvehi,
1206 3332 1581 3405 dummodo
1613 3357 1747 3406 non
1782 3337 1870 3405 sit
1900 3337 2084 3423 quod
2132 3335 2327 3405 alteri
2354 3335 2515 3425 jure
2543 3335 2631 3405 ab
2665 3333 2883 3404 altero
2931 3336 3142 3424 poss1t

608 3421 938 3511 opponi.»
982 3426 1149 3491 Item
1209 3420 1492 3512 Eulogio
1537 3423 1990 3494 Alexandrino
2036 3436 2101 3495 et
2146 3423 2497 3495 Anastasio
2554 3423 2973 3494 Antiocheno
3027 3422 3143 3487 Pa·

609 3509 927 3579 triarchis
958 3509 1219 3591 scribit,
1270 3510 1531 3581 dicens:
1568 3535 1603 3578 «
1636 3517 1803 3582 Cum
1842 3514 2268 3604 praedicator
2309 3511 2628 3602 egregius
2659 3511 2873 3582 dicat:
2910 3515 3144 3593 Quam-

609 3599 729 3667 diu
773 3600 1043 3690 quidem
1088 3620 1238 3668 sum
1282 3602 1586 3691 qentium
1644 3604 2006 3692 apostolus,
2067 3603 2513 3672 ministerium
2559 3623 2786 3670 meum
2840 3594 3142 3695 honorifi-

610 3688 768 3756 cabo
804 3688 1021 3777 (Rom.
1090 3687 1192 3777 11):
1245 3687 1368 3775 qui
1431 3711 1677 3760 rursus
1742 3689 1914 3759 alias
1977 3689 2167 3773 dicit,
2219 3691 2419 3759 Facti
2468 3711 2700 3759 sumus
2743 3687 3032 3780 parvuli
3080 3702 3146 3781 nnn

606 3777 825 3845 medio
854 3787 1153 3846 vestrum
1182 3775 1242 3868 (l
1293 3777 1508 3847 Thess.
1542 3777 1644 3867 11):
1666 3777 2057 3870 exemplum
2091 3777 2548 3870 proculdubio
2576 3776 2778 3849 nobis
2803 3782 3143 3863 sequenti-

610 3865 740 3933 bus
770 3865 1086 3947 ostendit,
1130 3877 1207 3934 ut
1244 3877 1309 3937 et
1349 3866 1807 3937 humilitatem
1858 3878 2214 3939 teneamus
2261 3867 2333 3936 in
2372 3877 2600 3936 mente
2648 3877 2712 3936 et
2761 3877 2994 3936 tamen
3038 3879 3144 3929 or-

609 3952 796 4021 dinis
843 3954 1058 4025 nostri
1131 3953 1534 4046 dignitatem
1609 3977 1960 4027 servemus
2006 3956 2077 4025 in
2127 3956 2433 4027 honoret
2507 3966 2854 4042 quatenus
2907 3972 3031 4022 nec
3073 3947 3144 4016 in

613 4040 814 4111 nobis
861 4041 1221 4112 humilitas
1270 4043 1535 4126 timida,
1586 4065 1714 4114 nec
1759 4043 2008 4116 erectio
2055 4043 2144 4114 sit
2189 4044 2558 4136 superba.»

698 4132 737 4218 ς
770 4135 858 4202 ².
893 4135 1059 4200 Nam
1086 4137 1424 4202 Joannem
1454 4141 1916 4203 Ravennatem
1965 4133 2392 4224 episcopum,
2430 4143 2591 4223 typo
2619 4129 2988 4222 superbiae
3007 4121 3146 4223 pa!-

611 4218 787 4288 lium
814 4217 1380 4307 frequentantem,
1416 4243 1713 4309 suosque
1745 4221 2177 4314 presbyteros
2217 4242 2299 4293 ac
2325 4221 2655 4294 diaconos
2687 4220 2764 4289 in
2800 4211 3146 4309 mappulis

662 4397 690 4425 ¹·
719 4397 933 4440 Summos
950 4398 1185 4439 Ecclesiae
1201 4398 1449 4440 prmum
1469 4408 1565 4440 non
1582 4400 1660 4441 sui
1678 4400 1764 4443 sed
1780 4400 2029 4450 ipsiusmet
2046 4400 2284 4441 Ecclesiae
2302 4398 2468 4440 honori
2489 4399 2697 4445 :tuden-e.
2718 4398 2837 4439 dum
2858 4392 3063 4438 debitam
3082 4385 3152 4432 ‹u-

608 4450 779 4502 guttai
797 4452 1110 4494 reverentiam
1129 4452 1342 4494 exhtberi
1363 4454 1548 4495 curant.
