3327 4999
672 315 801 380 508
1468 332 1547 378 ne
1594 332 1651 378 s.
1705 329 1992 379 mosano
2040 328 2238 378 Errsc.
2748 309 2997 375 MART.
3055 309 3147 375 26

594 413 954 513 Ludgerus
1005 411 1090 480 ad
1141 410 1513 498 quamdam
1548 413 1616 480 in
1652 410 1868 481 Frisia
1914 410 2174 491 villam,
2213 409 2493 480 nomine
2541 407 2988 500 Heligwerde,
3025 431 3148 478 ac-

587 514 930 581 cessisset,
971 501 1147 569 inter
1194 498 1365 570 alios
1408 500 1527 586 qui
1590 499 1757 570 illuc
1806 499 1890 568 ad
1945 498 2370 568 audiendum
2423 520 2580 568 eum
2632 498 3137 578 confluxerant,

588 590 873 678 quidam
936 588 1143 657 etiam
1191 608 1439 656 caecus
1486 588 1783 658 advenit.
1847 593 1913 657 Is
1979 586 2292 656 Bernlees
2339 600 2832 678 cognomentO,
2889 585 3145 655 vicinis

592 679 740 748 suis
806 676 1184 746 admodum
1233 676 1487 745 charus
1534 688 1718 746 erat:
1784 676 1949 762 quia
2006 676 2449 763 antiquorum
2512 686 2704 745 actus
2752 695 3143 765 regumque

589 766 969 835 certamina
1021 786 1206 833 more
1255 764 1479 854 gentis
1528 786 1716 846 suae,
1757 786 1892 833 non
1929 764 2269 834 inurbane
2316 775 2594 834 cantare
2641 774 2960 833 noverat:
3016 761 3139 831 sed

591 877 714 946 per
762 853 1136 923 triennium
1190 853 1282 923 ita
1327 865 1471 922 erat
1518 854 1847 922 continua
1893 854 2217 922 caecitate
2263 853 2656 943 depressus,
2726 865 2805 922 ut
2855 850 3135 921 nullum

589 942 725 1012 sibi
773 942 1007 1011 lumen
1061 940 1162 1009 vel
1221 953 1561 1010 extremae
1610 941 1894 1011 visionis
1950 953 2353 1011 remaneret.
2410 941 2600 1010 Unde
2646 940 2770 1027 qui
2817 940 3131 1021 aderant,

594 1053 754 1101 cum
799 1042 1032 1101 sancto
1081 1029 1224 1099 viro
1254 1029 1575 1110 oblaturi,
1628 1030 1939 1110 orabant,
1977 1042 2054 1099 ut
2102 1052 2224 1119 pro
2270 1030 2418 1116 ejus
2465 1028 2973 1098 illuminatione
3007 1032 3139 1097 Do-

591 1120 862 1187 minum
898 1129 1313 1208 precaretur.
1346 1118 1535 1200 Quod
1566 1117 1684 1187 ille
1712 1117 1935 1189 facere
1960 1117 2247 1189 distulit.
2282 1140 2418 1186 non
2448 1118 2740 1207 negavit,
2779 1139 2941 1187 nam
2968 1116 3139 1204 quia

588 1207 737 1297 jam
768 1205 854 1274 ad
887 1229 1195 1276 mensam
1228 1206 1516 1296 positus,
1550 1219 1807 1276 secreto
1838 1205 2057 1275 facere
2090 1206 2416 1293 nequivit,
2498 1217 2727 1296 ropter
2752 1206 3137 1275 humanam

595 1294 889 1384 gloriam
942 1295 1315 1377 vitandam,
1356 1295 1424 1363 in
1479 1308 1856 1385 conspectu
1901 1294 2411 1364 convivantium
2505 1316 2583 1363 oc
2632 1293 2851 1364 facere
2886 1292 3131 1363 noluit.

595 1382 1088 1453 Miraculorum
1139 1384 1398 1474 quippe
1446 1383 1936 1474 operationem,
1968 1404 2377 1473 magnorum
2405 1382 2575 1451 dixit
2604 1405 2753 1454 esse
2800 1383 3133 1452 virorum:

592 1493 664 1541 se
714 1471 935 1561 gratia
973 1472 1408 1541 curationum
1461 1472 1745 1541 omnino
1779 1471 2143 1627 indiginum
2179 1494 2359 1541 esse:
2414 1470 2516 1540 illi
2563 1493 2838 1558 quoque
2886 1469 3139 1540 mentis

590 1560 885 1630 salutem
939 1560 1163 1648 magis
1208 1581 1358 1629 esse
1382 1560 1885 1630 necessariam:
1987 1581 2022 1628 e
2069 1560 2219 1648 ejus
2251 1559 2450 1629 sorde
2481 1560 2803 1629 interiore
2851 1558 3138 1629 exterio-

592 1671 701 1719 res
730 1647 791 1717 ei
823 1647 990 1716 forte
1026 1648 1338 1718 tenebras
1385 1648 1733 1718 evenisse:
1785 1648 1870 1716 de
1912 1648 2179 1718 interna
2211 1647 2717 1718 illuminatione
2756 1647 2954 1737 prius
2991 1659 3137 1716 stu-

591 1735 936 1806 dendum:
990 1736 1089 1805 sic
1136 1736 1498 1807 exteriores
1530 1737 1846 1806 tenebras
1896 1736 2038 1806 fore
2087 1736 2463 1826 pellendas.
2501 1736 2792 1806 Proinde
2839 1737 3135 1805 interro-

591 1825 797 1915 gavit,
845 1825 902 1893 si
950 1837 1229 1915 peccata
1290 1846 1416 1894 sua
1463 1825 1772 1895 confiteri
1820 1837 1885 1893 et
1934 1824 2420 1914 poenitentiam
2472 1847 2595 1915 pro
2641 1824 2751 1895 his
2817 1825 3136 1915 accipere

589 1926 655 1983 et
686 1935 888 2003 agere
936 1912 1156 1983 vellet.
1194 1912 1387 1995 Quod
1414 1936 1572 1983 cum
1605 1913 1722 1982 ille
1757 1936 1826 1983 se
1860 1912 2030 1982 velle
2062 1913 2564 2004 respondisset:
2601 1935 2636 1979 «
2663 1913 2995 1994 Crastina,
3028 1913 3135 1980 in-

592 2002 764 2088 quit,
803 2001 913 2070 die
943 2002 1028 2069 ad
1067 2024 1176 2071 me
1209 2002 1439 2070 venire
1495 2013 1788 2081 matura,
1829 2001 2270 2093 sponsionem
2325 2014 2510 2071 tuam
2563 2001 2760 2071 factis
2793 2000 3134 2092 adimple-

596 2103 817 2160 turus.
855 2089 1048 2172 Quod
1098 2090 1155 2161 si
1204 2088 1466 2169 feceris,
1523 2111 1656 2159 non
1691 2088 2196 2160 infructuosum
2230 2090 2354 2159 tibi
2382 2089 2523 2159 fore
2567 2089 2857 2159 noveris.
2891 2095 3135 2158 Potens

591 2190 694 2249 est
739 2179 926 2247 enim
977 2183 1152 2248 Deus
1207 2190 1272 2247 et
1320 2179 1616 2268 peccatis
1666 2179 1804 2249 tuis
1860 2178 2128 2247 veniam
2180 2179 2503 2259 tribuere,
2541 2190 2605 2248 et
2644 2178 2974 2248 amissam
3013 2176 3137 2248 tibi

592 2266 822 2336 denuo
867 2266 1093 2338 lucem
1128 2267 1591 2336 condonare.»
1623 2273 1773 2350 Qua
1819 2266 1935 2336 ille
1983 2289 2104 2357 spe
2136 2268 2509 2348 animatuS,
2542 2266 2764 2338 laetus
2791 2266 2974 2335 diem
3032 2289 3137 2337 se—

591 2366 910 2442 quentem
947 2355 1344 2445 expectavit.
1398 2355 1517 2424 Vix
1568 2378 1699 2424 nox
1749 2355 2134 2438 transierat,
2188 2378 2348 2426 cum
2398 2355 2515 2423 ille
2550 2355 2773 2445 primo
2822 2353 3137 2424 diluculo

589 2465 905 2535 surgenS,
951 2443 1036 2514 ad
1088 2456 1403 2515 sanctum
1440 2444 1665 2515 virum
1703 2465 2068 2536 properare
2116 2445 2360 2536 coepit.
2397 2449 2645 2515 Verum
2675 2443 2840 2531 quia
2873 2444 3027 2534 ipse
3053 2442 3137 2513 de

591 2532 709 2602 illo
751 2533 896 2621 jam
947 2533 1378 2621 aliquantum
1431 2533 1577 2604 loco
1627 2556 2036 2624 progressus
2083 2547 2249 2615 erat,
2288 2534 2355 2603 in
2393 2533 2633 2603 itinere
2679 2555 2841 2603 eum
2890 2554 3137 2603 conse-

588 2635 791 2692 cutus
823 2635 946 2692 est.
991 2628 1203 2705 Quem
1231 2634 1308 2691 ut
1342 2621 1531 2704 vidit,
1567 2635 1846 2713 accepto
1877 2644 1998 2712 per
2043 2622 2314 2692 frenum
2347 2622 2499 2722 ejus
2528 2621 2819 2704 caballo,
2860 2644 2900 2691 a
2932 2621 3133 2691 turba

589 2732 794 2797 quae.
824 2732 983 2779 eum
1055 2712 1490 2797 sequebatur,
1545 2733 1854 2780 seorsum
1905 2710 2141 2781 duxit:
2193 2725 2258 2781 et
2304 2712 2401 2780 ibi
2452 2710 2806 2788 confitenti
2857 2722 3131 2800 peccata

592 2821 717 2899 sua
765 2798 1254 2899 poenitentiam
1319 2799 1586 2868 indixit.
1642 2799 1897 2869 Deinde
1962 2800 2242 2890 signum
2311 2812 2584 2870 sanctae
2632 2799 2860 2868 crucis
2909 2797 3136 2867 oculis

590 2910 626 2956 e
659 2909 740 2956 us
778 2898 1132 2977 imposuit,
1183 2897 1248 2955 et
1297 2898 1533 2957 tenens
1584 2909 1869 2957 manum
1920 2910 2115 2957 suam
2152 2909 2381 2957 coram
2433 2911 2534 2968 eo,
2589 2886 3036 2978 interrogavit
3076 2886 3135 2954 si

591 2909 855 3060 ajliquid
891 2974 1166 3042 videret.
1213 2980 1288 3043 At
1335 2974 1450 3044 ille
1497 2998 1654 3044 cum
1710 2999 1823 3045 ma
1876 2998 1963 3045 no
2012 2977 2266 3067 gaudio
2314 2997 2387 3044 se
2415 2997 2698 3044 manum
2728 2975 2878 3063 ejus
2907 2973 3141 3043 videre

593 3062 969 3152 respondit.
1025 3065 1075 3130 Ο
1109 3084 1262 3131 vere
1308 3063 1779 3154 evangelicum
1827 2998 2284 3154 discipulum.
2326 3067 2375 3133 Ο
2408 3085 2561 3132 vere
2601 3063 2849 3134 Christi
2885 3063 2953 3130 in
2987 3084 3139 3132 om-

595 3150 805 3221 nibus
853 3150 1289 3219 imitatorem.
1346 3156 1512 3221 Nam
1578 3151 1758 3221 sicut
1822 3153 1969 3243 ipse
2030 3153 2194 3221 olim
2247 3152 2624 3243 paralytico
2684 3151 2818 3221 sibi
2877 3151 3131 3232 oblat0‚

594 3252 871 3340 peccata
920 3238 1115 3329 prius
1185 3239 1493 3321 indulsit,
1545 3252 1609 3309 et
1675 3241 1773 3310 sic
1838 3241 2261 3331 corporalem
2328 3240 2617 3312 salutem
2678 3239 3131 3310 condonavit:

597 3341 691 3397 ita
736 3339 801 3396 et
850 3327 973 3397 iste
1020 3327 1183 3397 huic
1215 3350 1418 3397 caeco
1468 3351 1590 3418 pro
1641 3330 1937 3419 peccatis
1986 3330 2132 3399 suis
2218 3330 2362 3399 rius
2414 3329 2897 3419 poenitentiam
2952 3327 3139 3396 indi-

590 3417 710 3497 xit,
755 3428 820 3485 et
866 3416 960 3485 ita
1028 3414 1307 3485 demum
1376 3416 1775 3486 exteriorem
1826 3440 2063 3487 curam
2116 3441 2153 3487 a
2210 3418 2582 3487 bibendam
2641 3439 2790 3486 esse
2840 3416 3131 3506 putavit.

595 3510 693 3573 Ita
741 3526 988 3574 caecus
1023 3504 1355 3594 paulatim
1407 3506 1557 3576 visu
1609 3519 1983 3596 resumpto,
2029 3529 2187 3576 cum
2224 3506 2341 3575 illo
2375 3506 2458 3575 ad
2492 3505 2720 3575 villam
2773 3527 2950 3593 quae
2980 3527 3138 3595 pro-

592 3594 777 3662 xima
827 3605 992 3675 erat,
1033 3594 1359 3683 pervenit.
1408 3594 1699 3663 Proinde
1736 3595 1839 3663 vir
1865 3595 2105 3664 beatus
2138 3595 2491 3685 explorare
2522 3594 2778 3673 volenS,
2819 3593 2878 3662 si
2911 3592 3134 3663 visum

593 3683 857 3771 integre
908 3682 1297 3771 recepisset,
1355 3682 1794 3773 interrogavit
1852 3683 1911 3752 si
1969 3682 2227 3763 villam,
2282 3683 2394 3752 cui
2451 3681 3130 3782 appropinquabant,

593 3792 672 3840 co
724 3792 1001 3841 noscere
1063 3784 1310 3860 posset.
1365 3776 1440 3839 [ἦ
1489 3771 1606 3839 ille
1669 3792 1801 3838 non
1856 3770 2078 3842 solum
2129 3793 2275 3840 eam
2332 3792 2607 3861 proprio
2656 3770 2884 3840 statim
2939 3791 3137 3839 voca-

593 3858 760 3928 buo
826 3858 1228 3938 nominavit,
1295 3858 1408 3927 sed
1462 3872 1525 3929 et
1571 3859 1853 3928 arbores
1898 3872 1963 3929 et
2022 3859 2124 3930 sin
2182 3859 2298 3928 ula
2344 3880 2655 3946 quaeque
2711 3857 3028 3927 aedificia
3072 3858 3137 3926 ei

595 3947 999 4037 singulatim
1049 3946 1392 4016 ostendit.
1461 3947 1648 4016 Unde
1721 3947 1961 4017 beatus
2033 3952 2130 4016 Lu
2183 3970 2388 4037 gerus
2470 3946 2728 4016 factum
2791 3945 2877 4014 ad
2957 3946 3135 4014 divi-

595 4058 756 4104 nam
808 4035 1095 4124 gloriam
1149 4035 1486 4105 referens:
1543 4059 1578 4102 «
1631 4035 1983 4117 Salvatori,
2045 4036 2292 4123 inquit,
2347 4048 2464 4105 tuo
2513 4035 2768 4126 gratias
2816 4056 2965 4125 age,
3022 4055 3139 4102 neb

593 4144 728 4210 que
763 4145 953 4191 meae
988 4124 1058 4192 in
1091 4124 1218 4192 hoc
1268 4122 1442 4192 facto
1489 4124 1752 4212 aliquid
1796 4124 2026 4194 virtuti
2056 4124 2384 4194 ascribas.
2439 4129 2593 4215 Ipse
2640 4123 2898 4213 quippe
2949 4136 3009 4191 te
3058 4122 3141 4190 il-

597 4211 965 4282 luminavit
1012 4212 1131 4298 qui
1181 4211 1610 4282 illuminator
1655 4222 1757 4281 est
1819 4213 2133 4282 omnium
2194 4217 2461 4281 Deus.»
2512 4211 2767 4280 Deinde
2813 4231 2975 4280 cum
3032 4233 3141 4280 ve-

598 4302 866 4371 nissent
921 4299 1028 4376 ad.
1064 4299 1295 4368 villam
1358 4322 1534 4387 quae
1589 4301 1940 4372 Vuscvurd
1994 4300 2496 4402 appellabatur,
2551 4321 2710 4369 eum
2769 4321 3005 4368 secum
3065 4299 3137 4367 in

595 4387 885 4461 ecclesia
932 4410 1127 4460 orare
1183 4401 1247 4457 et
1297 4393 1426 4458 Deo
1477 4411 1598 4479 pro
1667 4412 1793 4459 sua
1838 4390 2345 4460 illuminatione
2394 4389 2650 4480 gratias
2704 4408 2908 4478 agere
2953 4385 3135 4468 fecit.
