3327 4999
153 342 407 406 'mar
460 341 545 404 42
1047 357 1125 402 na
1173 355 1228 403 s.
1283 353 1593 401 Gnsscoalo
1642 355 1803 400 PAPA
2484 333 2613 402 139

181 444 418 514 allevati
473 455 670 512 sunt:
729 441 872 520 sed,
928 440 1095 508 dum
1142 440 1622 509 allevarentur.
1663 440 1836 521 Quia
1872 438 2059 528 pravi
2096 438 2353 525 quique
2387 437 2557 507 dum
2595 460 2703 508 se-

179 534 373 602 culari
421 533 680 602 honore
729 530 1017 609 suffulti,
1076 528 1278 598 foras
1307 528 1625 597 videntur
1674 550 1977 614 surgere,
2036 528 2222 596 intus
2271 528 2552 596 cadunt.
2594 526 2701 595 Al-

181 622 395 692 levatio
440 643 608 711 ergo
658 621 831 711 ipsa,
886 618 1090 687 ruina
1139 631 1279 687 est:
1325 617 1499 704 ⁴quia
1546 617 1714 684 dum
1744 617 1961 703 gloria
1995 615 2170 685 falsa
2199 616 2476 686 subnixi
2509 628 2695 697 sunt,

185 734 215 778 a
261 734 392 781 vera
448 711 668 799 gloria
715 721 1118 777 vacuantur.
1184 707 1357 774 Hinc
1409 706 1660 773 iterum
1710 702 2004 775 dicitur:
2069 707 2455 794 Deficientes
2488 716 2563 773 ut
2592 708 2705 793 fu-

188 823 311 868 mus
348 802 663 890 deficiant
706 799 844 887 (Ps,
898 797 1032 883 67).
1091 802 1349 864 Fumus
1395 796 1653 884 quippe
1702 793 2135 864 ascendendo
2185 794 2416 863 delicit
2450 849 2465 875 ,
2528 807 2594 862 et
2632 817 2705 863 se

190 888 506 958 dilatando
555 887 918 956 evanescit.
984 886 1091 953 Sic
1142 884 1455 953 videlicet
1503 883 1600 954 fit.
1654 904 1816 952 cum
1849 883 2226 973 peccatoris
2260 883 2467 952 vitam
2506 904 2705 972 prae-

189 999 318 1045 sens
365 976 659 1046 felicitas
715 975 1098 1044 comitatur.
1164 973 1338 1054 Quia
1389 972 1574 1042 unde
1614 972 2023 1052 ostenditur,
2060 984 2134 1040 ut
2164 971 2345 1040 altus
2387 971 2511 1041 sit:
2550 972 2711 1040 inde

183 1067 404 1154 agitur,
460 1078 540 1135 ut
592 1087 728 1133 non
785 1064 894 1132 sit.
958 1064 1132 1132 Hinc
1188 1084 1430 1131 rursus
1489 1061 1824 1150 scripturn
1879 1073 2015 1131 est:
2074 1065 2248 1129 Deus
2296 1084 2498 1129 meus.
2540 1084 2709 1161 pone

184 1159 313 1224 illos
355 1167 432 1224 ut
483 1165 701 1223 rocam
735 1153 872 1243 (Ps.
929 1153 1067 1239 82).
1120 1157 1287 1220 Rota
1319 1150 1576 1240 quippe
1607 1172 1688 1218 ex
1730 1149 2088 1239 posteriori
2121 1161 2311 1238 parte
2342 1148 2699 1230 attollitur,

182 1244 238 1311 in
265 1244 723 1314 anterioribus
764 1240 968 1310 cadit.
1006 1240 1382 1309 Posteriora
1416 1252 1646 1307 autem
1682 1239 1878 1308 nobis
1919 1250 2082 1307 sunt
2112 1240 2293 1307 bona
2325 1238 2706 1328 praesentis

184 1334 430 1412 mundi,
485 1352 664 1419 quae
718 1330 1168 1417 reliquimus:
1224 1328 1566 1398 anteriora
1617 1350 1775 1396 vero
1832 1340 1994 1397 sunt
2032 1338 2305 1396 aeterna
2335 1339 2398 1396 et
2434 1349 2707 1416 perma-

179 1424 412 1503 nentia,
466 1421 556 1489 ad
611 1443 786 1507 quae
833 1439 1183 1497 vocamur,
1249 1418 1458 1486 l‘aulo
1512 1428 1892 1497 attestante,
1951 1417 2071 1502 qui
2121 1416 2251 1485 ait:
2312 1422 2492 1499 Quae
2526 1427 2703 1484 retro

176 1513 422 1590 oblitus,
465 1514 536 1579 in
567 1534 650 1578 ea
685 1531 859 1600 quae
890 1519 1043 1575 sunt
1075 1510 1329 1596 priora,
1371 1507 1735 1575 eoetendens
1764 1529 1866 1574 me
1896 1506 2179 1596 (Philip.
2220 1505 2347 1593 111).
2384 1511 2705 1574 Peccator

172 1621 315 1690 ergo
352 1622 516 1669 cum
564 1599 630 1666 in
668 1596 1008 1688 praesenti
1044 1597 1178 1664 vita
1213 1594 1593 1685 profecerit,
1634 1607 1711 1664 ut
1751 1608 1898 1663 rota
1929 1595 2247 1685 ponitur:
2287 1595 2453 1680 quia
2485 1595 2553 1662 in
2586 1617 2710 1662 an-

173 1690 528 1758 terioribus
567 1708 918 1760 corruens,
967 1707 1046 1753 ex
1096 1684 1589 1776 posterioribus
1645 1684 1973 1753 elevatur.
2031 1689 2195 1752 Nam
2248 1705 2406 1753 curn
2459 1683 2529 1751 in
2574 1683 2702 1752 hac

170 1778 285 1846 vita
321 1778 620 1871 gloriam
658 1774 969 1865 percipit,
1006 1795 1216 1860 quam
1255 1773 1569 1859 reliquit:
1608 1773 1695 1842 ab
1729 1772 1848 1842 illa
1879 1772 2083 1853 cadit,
2121 1794 2296 1859 quae
2328 1784 2479 1862 post
2520 1772 2699 1840 hanc

178 1868 355 1937 venit.
414 1873 492 1935 Et
540 1864 823 1952 quidem
877 1863 1076 1932 multi
1125 1874 1307 1943 sunt,
1361 1861 1482 1949 qui
1533 1862 1630 1931 sic
1678 1861 2043 1931 exteriores
2093 1861 2436 1951 profectus
2475 1883 2708 1949 regere

181 1958 406 2036 sciunt,
466 1967 546 2024 ut
596 1976 718 2043 per
762 1975 877 2021 eos
927 1973 1361 2038 nequaquam
1417 1950 1707 2020 interius
1737 1962 2086 2019 corruant.
2146 1950 2334 2018 Unde
2369 1950 2707 2039 scripturn

183 2057 298 2112 est:
349 2051 524 2114 Deus
572 2054 867 2133 potentes
914 2065 1043 2110 non
1089 2042 1342 2130 abjicit,
1403 2063 1554 2108 cum
1603 2050 1665 2108 et
1714 2042 1853 2130 ipse
1902 2042 1988 2106 sit
2023 2050 2253 2129 potens
2282 2041 2430 2127 (Job
2466 2039 2703 2124 xxxvl).

188 2136 262 2200 Et
333 2156 400 2202 er
447 2133 887 2202 Salomonem
937 2128 1214 2198 dicitur:
1269 2133 1346 2197 Et
1376 2127 1768 2218 intelligens
1799 2127 2270 2218 gubernacula
2304 2127 2700 2217 possidebit.

200 2156 331 2288 Sedp
351 2222 516 2291 mihi
566 2221 736 2289 haec
785 2218 1095 2288 difficilia
1156 2228 1363 2297 sunt,
1425 2217 1590 2303 quia
1645 2228 1711 2285 et
1769 2216 1964 2284 valde
2020 2238 2329 2285 onerosa.
2394 2221 2467 2283 Et
2523 2215 2707 2301 quod

196 2331 364 2378 mens
408 2310 793 2381 voluntarie
840 2330 977 2378 non
1029 2307 1308 2396 recipit,
1361 2327 1667 2396 congrue
1716 2327 1851 2374 non
1891 2305 2229 2398 disponit.
2302 2310 2469 2373 Ecce
2526 2326 2707 2373 sere-

193 2398 498 2469 nissimus
553 2398 883 2467 Dominus
933 2403 1312 2486 Imperator
1358 2395 1509 2463 fieri
1549 2394 1825 2465 simiam
1866 2394 2129 2462 leonem
2166 2393 2398 2480 jussit.
2442 2398 2517 2460 Et
2553 2393 2706 2480 qui-

195 2485 324 2557 dem
373 2512 497 2580 pro
537 2487 854 2578 jussione
901 2485 1092 2556 illius
1141 2485 1365 2556 vocari
1415 2485 1519 2554 leo
1565 2495 1834 2575 potest,
1898 2482 2047 2553 fieri
2106 2495 2333 2552 autem
2400 2480 2503 2551 leo
2570 2505 2707 2551 non

191 2589 404 2664 potest.
462 2576 654 2646 Unde
700 2598 978 2646 necesse
1024 2587 1148 2655 est,
1206 2588 1282 2644 ut
1329 2596 1569 2643 omnes
1616 2573 1859 2662 culpas
1899 2595 1976 2641 ac
2028 2571 2481 2662 negligentias
2522 2594 2709 2640 meas

187 2686 299 2735 non
350 2667 549 2746 mihi,
604 2665 720 2734 sed
772 2686 936 2734 suae
985 2664 1220 2756 pietati
1268 2664 1568 2752 deputet,
1622 2662 1746 2749 qui
1792 2662 2064 2731 virtutis
2096 2661 2559 2730 ministerium
2602 2661 2711 2727 in-

185 2752 362 2823 firmo
408 2755 784 2825 commisit.
844 2777 880 2820 »

254 2848 288 2930 §
336 2850 490 2914 ⁶25.
546 2867 580 2909 «
634 2842 1001 2933 Gregorius
1049 2841 1239 2911 Narsi
1290 2840 1624 2931 patricio:
1683 2844 1854 2908 Dum
1904 2837 2505 2929 contemplationis
2553 2834 2714 2904 dul-

175 2932 471 3002 cedinem
524 2931 656 3002 alte
705 2931 1135 3012 describitiS‚
1190 2931 1431 2999 ruinae
1480 2951 1673 2998 meae
1724 2928 1894 2995 mihi
1989 2928 2276 2997 emitum
2333 2925 2704 2994 renovatiS.

177 3023 337 3102 Quia
380 3021 616 3090 audivi
664 3021 846 3108 quod
900 3020 1086 3089 intus
1135 3019 1429 3109 perdidi,
1470 3018 1638 3086 dum
1675 3017 1856 3086 foras
1897 3040 1933 3085 a
2016 3017 2315 3085 culmem
2354 3013 2710 3105 regiminis

179 3108 551 3179 immeritus
600 3109 906 3180 ascendi.
961 3115 1172 3176 Tanto
1221 3121 1450 3178 autem
1502 3130 1610 3175 me
1658 3104 2057 3197 perculsum
2109 3126 2416 3173 moerore
2456 3125 2709 3192 cogno-

177 3198 353 3279 scite,
407 3212 485 3268 ut
529 3199 635 3268 vix
681 3199 873 3285 loqui
921 3197 1288 3266 sufficiam.
1344 3196 1594 3266 Oculos
1640 3195 1828 3263 enim
1880 3194 2130 3263 mentis
2182 3214 2371 3261 meae
2419 3192 2703 3273 doloriS,

178 3298 238 3354 et
285 3288 596 3356 tenebrae
628 3288 967 3356 obsident.
1023 3287 1236 3358 Triste
1269 3299 1392 3366 est,
1432 3283 1764 3371 quicquid
1798 3283 2174 3373 aspicitur:
2213 3281 2546 3369 quicquid
2591 3281 2711 3348 de-

177 3372 480 3445 lectabile
525 3376 867 3456 creditur,
923 3375 1114 3444 cordi
1164 3397 1315 3443 meo
1364 3372 1806 3443 lamentabile
1853 3376 2161 3462 apparet.
2217 3376 2432 3440 Penso
2480 3370 2703 3450 enim,

179 3465 255 3533 ab
313 3464 441 3534 alto
486 3465 735 3551 quietis
784 3487 974 3534 meae
1020 3463 1329 3534 culmine
1375 3484 1729 3542 corruenS‚
1783 3459 1868 3530 ad
1911 3482 2123 3548 quam
2154 3460 2493 3549 dejectum
2536 3467 2714 3527 exte-

180 3553 373 3622 rioris
421 3567 775 3644 provectus
819 3554 1098 3623 culmen
1148 3551 1451 3621 ascendi.
1507 3556 1583 3620 Et
1633 3573 1755 3640 pro
1804 3550 2031 3640 culpis
2082 3550 2251 3617 meis
2299 3549 2368 3617 in
2415 3569 2713 3637 occupa-

180 3641 379 3711 tionis
405 3644 688 3713 exilium
723 3667 762 3711 a
792 3641 1410 3711 faciedominantis
1444 3639 1722 3719 missus,
1763 3639 1962 3726 quasi
1997 3638 2385 3709 destructae
2412 3637 2717 3705 Judaeae

183 3730 452 3801 vocibus
498 3755 660 3802 cum
701 3753 820 3821 pro
875 3732 1029 3800 heta
1069 3730 1264 3799 dico:
1312 3752 1348 3796 «
1392 3729 1523 3811 Qui
1562 3728 2051 3798 consolabatur
2082 3748 2214 3807 me,
2255 3726 2457 3814 longe
2488 3746 2714 3793 reces-

184 3819 269 3886 sit
314 3842 346 3887 a
393 3843 519 3890 me.
577 3844 613 3886 »
664 3825 808 3903 Quo
909 3842 1060 3889 vero
1108 3840 1356 3888 causae
1401 3830 1467 3886 et
1501 3817 1803 3901 nominis
1834 3816 2361 3885 similitudinem
2400 3813 2717 3883 faciendo

187 3927 303 3993 per
334 3911 456 3978 scri
513 3922 765 3988 turam,
799 3909 1150 3978 clausulas
1190 3906 1863 3991 declamationesque
1893 3905 2225 3981 formatis,
2264 3915 2467 3984 certe,
2506 3902 2717 3971 frater

194 4014 439 4066 reveren
496 3999 757 4073 issime‚
814 3997 1085 4068 simiam
1136 3997 1403 4066 leonem
1457 4018 1677 4065 vocas.
1736 3993 1927 4077 Quod
1978 4015 2057 4061 eo
2107 3993 2310 4061 modo
2361 4015 2476 4061 vos
2507 4012 2712 4082 agere

197 4088 666 4176 conspicimus,
719 4108 857 4172 quo
905 4086 1254 4156 scabiosos
1303 4107 1418 4155 sae
1471 4106 1507 4152 e
1554 4083 1843 4163 catuloS,
1901 4081 2151 4172 pardos
2200 4080 2300 4150 vel
2352 4082 2560 4171 tigres
2600 4103 2717 4150 vo-

205 4188 432 4245 camus.
485 4182 624 4267 Ego
671 4176 857 4243 enim
908 4175 1082 4245 bone
1131 4175 1234 4243 vir
1279 4196 1417 4261 qua
1463 4174 1474 4185 '
1521 4173 1703 4242 filios
1736 4171 2030 4262 perdidi,
2066 4170 2229 4257 quia
2265 4192 2386 4261 per
2416 4183 2719 4239 terrenas

212 4276 379 4331 curas
424 4278 598 4334 recta
650 4284 860 4354 opera
903 4264 1130 4333 amisi.
1176 4263 1392 4333 Nolite
1424 4284 1586 4353 ergo
1622 4282 1731 4329 me
1761 4282 2001 4329 vocare
2033 4261 2291 4340 Noemi‚
2328 4258 2397 4327 id
2432 4270 2534 4328 est
2567 4257 2722 4348 pul-

219 4343 434 4433 chram,
471 4354 588 4424 sed
621 4366 854 4422 vocate
882 4375 991 4420 me
1023 4358 1229 4433 Mara,
1264 4353 1426 4438 quia
1458 4349 1922 4420 amaritudine
1952 4348 2199 4439 plenus
2226 4369 2406 4419 sum.
2442 4369 2477 4413 »

285 4439 315 4523 ἓ
356 4447 508 4514 ²6.
564 4466 599 4509 α
654 4442 1020 4533 Gregorius
1066 4441 1419 4521 Anastasio
1467 4440 1898 4510 Patriarcbae
1945 4437 2396 4509 Antiocheno:
2453 4434 2721 4525 Scripta
