<?xml version="1.0" encoding="UTF-8"?>
<!DOCTYPE html PUBLIC "-//W3C//DTD XHTML 1.0 Transitional//EN"
    "http://www.w3.org/TR/xhtml1/DTD/xhtml1-transitional.dtd">
<html xmlns="http://www.w3.org/1999/xhtml" xml:lang="en" lang="en">
 <head>
  <title>
</title>
<meta http-equiv="Content-Type" content="text/html;charset=utf-8" />
  <meta name='ocr-system' content='tesseract 3.04.00' />
  <meta name='ocr-capabilities' content='ocr_page ocr_carea ocr_par ocr_line ocrx_word'/>
</head>
<body>
  <div class='ocr_page' id='page_1' title='image "./historiaeseuvit04lippgoog_0704.png"; bbox 0 0 3327 4999; ppageno 0'>
   <div class='ocr_carea' id='block_1_1' title="bbox 727 328 3201 399">
    <p class='ocr_par' dir='ltr' id='par_1_1' title="bbox 727 328 3201 399">
     <span class='ocr_line' id='line_1_1' title="bbox 727 328 3201 399; baseline -0.001 0"><span class='ocrx_word' id='word_1_1' title='bbox 727 333 855 399; x_wconf 79' lang='lat'>674</span> <span class='ocrx_word' id='word_1_2' title='bbox 1376 349 1455 396; x_wconf 71' lang='lat' dir='ltr'>na</span> <span class='ocrx_word' id='word_1_3' title='bbox 1502 350 1559 397; x_wconf 89' lang='lat' dir='ltr'>s.</span> <span class='ocrx_word' id='word_1_4' title='bbox 1616 347 1910 398; x_wconf 66' lang='lat' dir='ltr'>nannoni:</span> <span class='ocrx_word' id='word_1_5' title='bbox 1956 346 2179 398; x_wconf 67' lang='lat' dir='ltr'>conon.</span> <span class='ocrx_word' id='word_1_6' title='bbox 2232 346 2431 398; x_wconf 76' lang='lat' dir='ltr'>msc.</span> <span class='ocrx_word' id='word_1_7' title='bbox 2719 328 2826 397; x_wconf 83' lang='lat' dir='ltr'>Ex</span> <span class='ocrx_word' id='word_1_8' title='bbox 2874 329 3058 397; x_wconf 86' lang='lat' dir='ltr'>OCT.</span> <span class='ocrx_word' id='word_1_9' title='bbox 3125 333 3201 398; x_wconf 81' lang='grc' dir='ltr'>Η</span> 
     </span>
    </p>
   </div>
   <div class='ocr_carea' id='block_1_2' title="bbox 608 432 3220 4414">
    <p class='ocr_par' dir='ltr' id='par_1_2' title="bbox 615 432 3220 2204">
     <span class='ocr_line' id='line_1_2' title="bbox 636 432 3212 526; baseline -0.002 -16"><span class='ocrx_word' id='word_1_10' title='bbox 636 447 960 526; x_wconf 84' lang='lat' dir='ltr'>paratum</span> <span class='ocrx_word' id='word_1_11' title='bbox 1009 433 1176 514; x_wconf 90' lang='lat' dir='ltr'>fore,</span> <span class='ocrx_word' id='word_1_12' title='bbox 1214 443 1292 502; x_wconf 91' lang='lat' dir='ltr'>ut</span> <span class='ocrx_word' id='word_1_13' title='bbox 1339 454 1583 524; x_wconf 88' lang='lat' dir='ltr'>pacem</span> <span class='ocrx_word' id='word_1_14' title='bbox 1638 433 1982 503; x_wconf 81' lang='lat' dir='ltr'><strong>Ecclesiae</strong></span> <span class='ocrx_word' id='word_1_15' title='bbox 2030 433 2379 513; x_wconf 87' lang='lat' dir='ltr'>violatam,</span> <span class='ocrx_word' id='word_1_16' title='bbox 2421 433 2482 502; x_wconf 89' lang='lat' dir='ltr'>si</span> <span class='ocrx_word' id='word_1_17' title='bbox 2528 432 2627 502; x_wconf 91' lang='lat' dir='ltr'>sic</span> <span class='ocrx_word' id='word_1_18' title='bbox 2675 454 2956 504; x_wconf 89' lang='lat' dir='ltr'>necesse</span> <span class='ocrx_word' id='word_1_19' title='bbox 2987 445 3212 516; x_wconf 87' lang='lat' dir='ltr'>esset,</span> 
     </span>
     <span class='ocr_line' id='line_1_3' title="bbox 636 520 3220 612; baseline 0 -20"><span class='ocrx_word' id='word_1_20' title='bbox 636 525 814 594; x_wconf 87' lang='lat' dir='ltr'>vitae</span> <span class='ocrx_word' id='word_1_21' title='bbox 850 524 1057 594; x_wconf 90' lang='lat' dir='ltr'>etiam</span> <span class='ocrx_word' id='word_1_22' title='bbox 1100 544 1265 593; x_wconf 89' lang='lat' dir='ltr'>suae</span> <span class='ocrx_word' id='word_1_23' title='bbox 1312 522 1622 612; x_wconf 89' lang='lat' dir='ltr'>periculo</span> <span class='ocrx_word' id='word_1_24' title='bbox 1656 521 2080 592; x_wconf 86' lang='lat' dir='ltr'>reformaret.</span> <span class='ocrx_word' id='word_1_25' title='bbox 2132 527 2274 592; x_wconf 89' lang='lat' dir='ltr'>Hoc</span> <span class='ocrx_word' id='word_1_26' title='bbox 2329 521 2532 603; x_wconf 85' lang='lat' dir='ltr'>fact0‚</span> <span class='ocrx_word' id='word_1_27' title='bbox 2569 520 2920 591; x_wconf 88' lang='lat' dir='ltr'>Coloniam</span> <span class='ocrx_word' id='word_1_28' title='bbox 2974 522 3220 593; x_wconf 88' lang='lat' dir='ltr'>laetus</span> 
     </span>
     <span class='ocr_line' id='line_1_4' title="bbox 633 610 3218 703; baseline -0.001 -20"><span class='ocrx_word' id='word_1_29' title='bbox 633 612 827 683; x_wconf 88' lang='lat' dir='ltr'>adiit:</span> <span class='ocrx_word' id='word_1_30' title='bbox 853 610 1339 703; x_wconf 79' lang='lat' dir='ltr'>expectabatur</span> <span class='ocrx_word' id='word_1_31' title='bbox 1356 610 1817 680; x_wconf 83' lang='lat' dir='ltr'>ordinationis</span> <span class='ocrx_word' id='word_1_32' title='bbox 1846 623 2143 701; x_wconf 76' lang='lat' dir='ltr'>tempUS,</span> <span class='ocrx_word' id='word_1_33' title='bbox 2179 622 2244 680; x_wconf 92' lang='lat' dir='ltr'>et</span> <span class='ocrx_word' id='word_1_34' title='bbox 2269 610 2625 680; x_wconf 90' lang='lat' dir='ltr'>unctionis</span> <span class='ocrx_word' id='word_1_35' title='bbox 2651 610 2910 681; x_wconf 82' lang='lat' dir='ltr'>laetitia</span> <span class='ocrx_word' id='word_1_36' title='bbox 2938 611 3218 683; x_wconf 84' lang='lat' dir='ltr'>saluta·</span> 
     </span>
     <span class='ocr_line' id='line_1_5' title="bbox 632 697 3217 790; baseline -0 -20"><span class='ocrx_word' id='word_1_37' title='bbox 632 701 755 771; x_wconf 88' lang='lat' dir='ltr'>ris.</span> <span class='ocrx_word' id='word_1_38' title='bbox 809 706 951 771; x_wconf 90' lang='lat' dir='ltr'>Hoc</span> <span class='ocrx_word' id='word_1_39' title='bbox 1001 699 1201 781; x_wconf 87' lang='lat' dir='ltr'>fact0‚</span> <span class='ocrx_word' id='word_1_40' title='bbox 1256 698 1661 769; x_wconf 89' lang='lat' dir='ltr'>innovatum</span> <span class='ocrx_word' id='word_1_41' title='bbox 1716 708 1819 770; x_wconf 91' lang='lat' dir='ltr'>est</span> <span class='ocrx_word' id='word_1_42' title='bbox 1851 698 2186 790; x_wconf 84' lang='lat' dir='ltr'>gaudium</span> <span class='ocrx_word' id='word_1_43' title='bbox 2240 698 2488 790; x_wconf 87' lang='lat' dir='ltr'>plebis,</span> <span class='ocrx_word' id='word_1_44' title='bbox 2523 710 2589 769; x_wconf 90' lang='lat' dir='ltr'>et</span> <span class='ocrx_word' id='word_1_45' title='bbox 2619 697 2890 768; x_wconf 81' lang='lat' dir='ltr'><strong>refulsit</strong></span> <span class='ocrx_word' id='word_1_46' title='bbox 2922 698 2995 768; x_wconf 89' lang='lat' dir='ltr'>in</span> <span class='ocrx_word' id='word_1_47' title='bbox 3026 723 3217 769; x_wconf 87' lang='lat' dir='ltr'>con-</span> 
     </span>
     <span class='ocr_line' id='line_1_6' title="bbox 632 786 3212 880; baseline 0 -21"><span class='ocrx_word' id='word_1_48' title='bbox 632 802 873 880; x_wconf 87' lang='lat' dir='ltr'>spectu</span> <span class='ocrx_word' id='word_1_49' title='bbox 903 789 1241 867; x_wconf 90' lang='lat' dir='ltr'>omnium,</span> <span class='ocrx_word' id='word_1_50' title='bbox 1277 788 1398 875; x_wconf 89' lang='lat' dir='ltr'>qui</span> <span class='ocrx_word' id='word_1_51' title='bbox 1425 798 1912 868; x_wconf 83' lang='lat' dir='ltr'>convenerant,</span> <span class='ocrx_word' id='word_1_52' title='bbox 1948 800 2236 857; x_wconf 88' lang='lat' dir='ltr'>ornatus</span> <span class='ocrx_word' id='word_1_53' title='bbox 2264 786 2435 858; x_wconf 73' lang='lat' dir='ltr'>stola</span> <span class='ocrx_word' id='word_1_54' title='bbox 2457 786 2931 877; x_wconf 85' lang='lat' dir='ltr'>jucunditatis</span> <span class='ocrx_word' id='word_1_55' title='bbox 2964 810 3212 859; x_wconf 87' lang='lat' dir='ltr'>sacer·</span> 
     </span>
     <span class='ocr_line' id='line_1_7' title="bbox 632 875 3201 967; baseline 0 -19"><span class='ocrx_word' id='word_1_56' title='bbox 632 878 758 948; x_wconf 92' lang='lat' dir='ltr'>dos</span> <span class='ocrx_word' id='word_1_57' title='bbox 790 876 1061 946; x_wconf 89' lang='lat' dir='ltr'>Domini</span> <span class='ocrx_word' id='word_1_58' title='bbox 1098 875 1492 947; x_wconf 79' lang='lat' dir='ltr'>salvatoris.</span> <span class='ocrx_word' id='word_1_59' title='bbox 1529 881 1767 946; x_wconf 80' lang='lat' dir='ltr'>Postea</span> <span class='ocrx_word' id='word_1_60' title='bbox 1798 875 2060 947; x_wconf 91' lang='lat' dir='ltr'>nardus</span> <span class='ocrx_word' id='word_1_61' title='bbox 2085 876 2386 967; x_wconf 89' lang='lat' dir='ltr'>pretiosa</span> <span class='ocrx_word' id='word_1_62' title='bbox 2415 875 2607 944; x_wconf 85' lang='lat' dir='ltr'>dedit</span> <span class='ocrx_word' id='word_1_63' title='bbox 2635 875 2916 945; x_wconf 89' lang='lat' dir='ltr'>odorem</span> <span class='ocrx_word' id='word_1_64' title='bbox 2951 899 3201 957; x_wconf 83' lang='lat' dir='ltr'>suurn,</span> 
     </span>
     <span class='ocr_line' id='line_1_8' title="bbox 633 963 3206 1055; baseline 0 -21"><span class='ocrx_word' id='word_1_65' title='bbox 633 967 703 1034; x_wconf 91' lang='lat' dir='ltr'>in</span> <span class='ocrx_word' id='word_1_66' title='bbox 756 964 986 1034; x_wconf 90' lang='lat' dir='ltr'>medio</span> <span class='ocrx_word' id='word_1_67' title='bbox 1038 964 1367 1034; x_wconf 89' lang='lat' dir='ltr'>ecclesiae</span> <span class='ocrx_word' id='word_1_68' title='bbox 1413 964 1686 1055; x_wconf 90' lang='lat' dir='ltr'>aperuit</span> <span class='ocrx_word' id='word_1_69' title='bbox 1731 986 1808 1034; x_wconf 92' lang='lat' dir='ltr'>os</span> <span class='ocrx_word' id='word_1_70' title='bbox 1867 986 2100 1034; x_wconf 91' lang='lat' dir='ltr'>suum.</span> <span class='ocrx_word' id='word_1_71' title='bbox 2181 963 2606 1034; x_wconf 82' lang='lat' dir='ltr'>Audiebatur</span> <span class='ocrx_word' id='word_1_72' title='bbox 2654 964 3050 1034; x_wconf 90' lang='lat' dir='ltr'>secundum</span> <span class='ocrx_word' id='word_1_73' title='bbox 3107 966 3206 1035; x_wconf 90' lang='lat' dir='ltr'>le—</span> 
     </span>
     <span class='ocr_line' id='line_1_9' title="bbox 633 1051 3204 1144; baseline 0 -22"><span class='ocrx_word' id='word_1_74' title='bbox 633 1052 787 1144; x_wconf 85' lang='lat' dir='ltr'>gale</span> <span class='ocrx_word' id='word_1_75' title='bbox 833 1052 1256 1133; x_wconf 89' lang='lat' dir='ltr'>institutum,</span> <span class='ocrx_word' id='word_1_76' title='bbox 1314 1055 1580 1122; x_wconf 91' lang='lat' dir='ltr'>sonitus</span> <span class='ocrx_word' id='word_1_77' title='bbox 1622 1052 1944 1122; x_wconf 88' lang='lat' dir='ltr'>intrantis</span> <span class='ocrx_word' id='word_1_78' title='bbox 2013 1052 2085 1121; x_wconf 92' lang='lat' dir='ltr'>in</span> <span class='ocrx_word' id='word_1_79' title='bbox 2135 1051 2420 1121; x_wconf 87' lang='lat' dir='ltr'>domurn</span> <span class='ocrx_word' id='word_1_80' title='bbox 2454 1051 2727 1122; x_wconf 90' lang='lat' dir='ltr'>Domini</span> <span class='ocrx_word' id='word_1_81' title='bbox 2767 1053 2909 1123; x_wconf 90' lang='lat' dir='ltr'>Dei:</span> <span class='ocrx_word' id='word_1_82' title='bbox 2964 1075 3204 1123; x_wconf 83' lang='lat' dir='ltr'>exem-</span> 
     </span>
     <span class='ocr_line' id='line_1_10' title="bbox 632 1139 3193 1242; baseline 0 -32"><span class='ocrx_word' id='word_1_83' title='bbox 632 1142 829 1242; x_wconf 89' lang='lat' dir='ltr'>plum</span> <span class='ocrx_word' id='word_1_84' title='bbox 879 1152 945 1211; x_wconf 91' lang='lat' dir='ltr'>et</span> <span class='ocrx_word' id='word_1_85' title='bbox 993 1141 1486 1211; x_wconf 85' lang='lat' dir='ltr'>documentum</span> <span class='ocrx_word' id='word_1_86' title='bbox 1550 1140 1774 1212; x_wconf 86' lang='lat' dir='ltr'>factus</span> <span class='ocrx_word' id='word_1_87' title='bbox 1819 1153 1921 1210; x_wconf 93' lang='lat' dir='ltr'>est</span> <span class='ocrx_word' id='word_1_88' title='bbox 1980 1141 2310 1210; x_wconf 89' lang='lat' dir='ltr'>omnibus</span> <span class='ocrx_word' id='word_1_89' title='bbox 2357 1139 3004 1242; x_wconf 85' lang='lat' dir='ltr'>obtemperantibus</span> <span class='ocrx_word' id='word_1_90' title='bbox 3054 1142 3193 1211; x_wconf 88' lang='lat' dir='ltr'>sibi</span> 
     </span>
     <span class='ocr_line' id='line_1_11' title="bbox 637 1227 3197 1321; baseline 0.001 -23"><span class='ocrx_word' id='word_1_91' title='bbox 637 1252 709 1298; x_wconf 88' lang='lat' dir='ltr'>m</span> <span class='ocrx_word' id='word_1_92' title='bbox 762 1229 1077 1299; x_wconf 89' lang='lat' dir='ltr'>salutem.</span> <span class='ocrx_word' id='word_1_93' title='bbox 1126 1229 1305 1311; x_wconf 89' lang='lat' dir='ltr'>Quid</span> <span class='ocrx_word' id='word_1_94' title='bbox 1353 1239 1586 1298; x_wconf 89' lang='lat' dir='ltr'>autem</span> <span class='ocrx_word' id='word_1_95' title='bbox 1645 1229 1901 1311; x_wconf 87' lang='lat' dir='ltr'>fecerit,</span> <span class='ocrx_word' id='word_1_96' title='bbox 1947 1229 2294 1317; x_wconf 88' lang='lat' dir='ltr'>quomodo</span> <span class='ocrx_word' id='word_1_97' title='bbox 2331 1227 2667 1310; x_wconf 82' lang='lat' dir='ltr'>docuerit,</span> <span class='ocrx_word' id='word_1_98' title='bbox 2720 1230 3021 1316; x_wconf 88' lang='lat' dir='ltr'>qualiter</span> <span class='ocrx_word' id='word_1_99' title='bbox 3071 1253 3197 1321; x_wconf 91' lang='lat' dir='ltr'>pro</span> 
     </span>
     <span class='ocr_line' id='line_1_12' title="bbox 631 1317 3193 1408; baseline 0.001 -22"><span class='ocrx_word' id='word_1_100' title='bbox 631 1339 798 1408; x_wconf 90' lang='lat' dir='ltr'>pace</span> <span class='ocrx_word' id='word_1_101' title='bbox 828 1317 1280 1387; x_wconf 91' lang='lat' dir='ltr'>ecclesiarum</span> <span class='ocrx_word' id='word_1_102' title='bbox 1331 1317 1448 1386; x_wconf 91' lang='lat' dir='ltr'>Dei</span> <span class='ocrx_word' id='word_1_103' title='bbox 1496 1317 1805 1407; x_wconf 90' lang='lat' dir='ltr'>seipsum</span> <span class='ocrx_word' id='word_1_104' title='bbox 1855 1317 2295 1406; x_wconf 90' lang='lat' dir='ltr'>impenderit,</span> <span class='ocrx_word' id='word_1_105' title='bbox 2331 1329 2491 1387; x_wconf 88' lang='lat' dir='ltr'>actu</span> <span class='ocrx_word' id='word_1_106' title='bbox 2537 1329 2639 1388; x_wconf 89' lang='lat' dir='ltr'>est</span> <span class='ocrx_word' id='word_1_107' title='bbox 2687 1317 3046 1399; x_wconf 90' lang='lat' dir='ltr'>mirabile,</span> <span class='ocrx_word' id='word_1_108' title='bbox 3085 1319 3193 1388; x_wconf 87' lang='lat' dir='ltr'>di-</span> 
     </span>
     <span class='ocr_line' id='line_1_13' title="bbox 628 1405 3194 1497; baseline 0 -20"><span class='ocrx_word' id='word_1_109' title='bbox 628 1417 746 1477; x_wconf 90' lang='lat' dir='ltr'>ctu</span> <span class='ocrx_word' id='word_1_110' title='bbox 776 1405 1080 1475; x_wconf 88' lang='lat' dir='ltr'>difficile.</span> <span class='ocrx_word' id='word_1_111' title='bbox 1120 1410 1411 1475; x_wconf 89' lang='lat' dir='ltr'>Tantum</span> <span class='ocrx_word' id='word_1_112' title='bbox 1460 1405 1647 1475; x_wconf 88' lang='lat' dir='ltr'>enim</span> <span class='ocrx_word' id='word_1_113' title='bbox 1700 1407 2137 1497; x_wconf 88' lang='lat' dir='ltr'>superiorum</span> <span class='ocrx_word' id='word_1_114' title='bbox 2172 1406 2304 1475; x_wconf 91' lang='lat' dir='ltr'>insi</span> <span class='ocrx_word' id='word_1_115' title='bbox 2409 1405 2500 1487; x_wconf 90' lang='lat' dir='ltr'>ia,</span> <span class='ocrx_word' id='word_1_116' title='bbox 2536 1406 2750 1496; x_wconf 90' lang='lat' dir='ltr'>hujus</span> <span class='ocrx_word' id='word_1_117' title='bbox 2781 1406 3194 1494; x_wconf 89' lang='lat' dir='ltr'>quotidiana</span> 
     </span>
     <span class='ocr_line' id='line_1_14' title="bbox 630 1428 3183 1596; baseline 0 -32"><span class='ocrx_word' id='word_1_118' title='bbox 630 1517 839 1596; x_wconf 90' lang='lat' dir='ltr'>opera</span> <span class='ocrx_word' id='word_1_119' title='bbox 871 1493 1394 1585; x_wconf 85' lang='lat' dir='ltr'>praecedebant,</span> <span class='ocrx_word' id='word_1_120' title='bbox 1431 1504 1510 1563; x_wconf 92' lang='lat' dir='ltr'>ut</span> <span class='ocrx_word' id='word_1_121' title='bbox 1559 1506 1775 1564; x_wconf 91' lang='lat' dir='ltr'>totum</span> <span class='ocrx_word' id='word_1_122' title='bbox 1823 1494 2010 1581; x_wconf 91' lang='lat' dir='ltr'>quod</span> <span class='ocrx_word' id='word_1_123' title='bbox 2058 1495 2129 1564; x_wconf 91' lang='lat' dir='ltr'>in</span> <span class='ocrx_word' id='word_1_124' title='bbox 2186 1428 2496 1564; x_wconf 56' lang='lat' dir='ltr'>eccffisiis</span> <span class='ocrx_word' id='word_1_125' title='bbox 2544 1495 2686 1564; x_wconf 87' lang='lat' dir='ltr'>sive</span> <span class='ocrx_word' id='word_1_126' title='bbox 2732 1494 3183 1585; x_wconf 74' lang='lat' dir='ltr'>ampliandi5‚</span> 
     </span>
     <span class='ocr_line' id='line_1_15' title="bbox 630 1582 3189 1673; baseline 0 -20"><span class='ocrx_word' id='word_1_127' title='bbox 630 1605 771 1653; x_wconf 80' lang='lat' dir='ltr'>sive</span> <span class='ocrx_word' id='word_1_128' title='bbox 819 1583 1314 1664; x_wconf 83' lang='lat' dir='ltr'>restaurandis,</span> <span class='ocrx_word' id='word_1_129' title='bbox 1370 1582 1554 1669; x_wconf 87' lang='lat' dir='ltr'>quod</span> <span class='ocrx_word' id='word_1_130' title='bbox 1603 1583 1674 1651; x_wconf 90' lang='lat' dir='ltr'>in</span> <span class='ocrx_word' id='word_1_131' title='bbox 1724 1582 2036 1669; x_wconf 88' lang='lat' dir='ltr'>reliqniis</span> <span class='ocrx_word' id='word_1_132' title='bbox 2083 1595 2148 1652; x_wconf 90' lang='lat' dir='ltr'>et</span> <span class='ocrx_word' id='word_1_133' title='bbox 2206 1582 2615 1673; x_wconf 88' lang='lat' dir='ltr'>corporibus</span> <span class='ocrx_word' id='word_1_134' title='bbox 2662 1594 3064 1653; x_wconf 88' lang='lat' dir='ltr'>sanctorum</span> <span class='ocrx_word' id='word_1_135' title='bbox 3119 1585 3189 1653; x_wconf 88' lang='lat' dir='ltr'>in</span> 
     </span>
     <span class='ocr_line' id='line_1_16' title="bbox 629 1669 3188 1762; baseline 0 -21"><span class='ocrx_word' id='word_1_136' title='bbox 629 1694 829 1741; x_wconf 90' lang='lat' dir='ltr'>suam</span> <span class='ocrx_word' id='word_1_137' title='bbox 861 1671 1260 1762; x_wconf 84' lang='lat' dir='ltr'>parochiam</span> <span class='ocrx_word' id='word_1_138' title='bbox 1293 1669 1811 1750; x_wconf 84' lang='lat' dir='ltr'>transferendis,</span> <span class='ocrx_word' id='word_1_139' title='bbox 1852 1670 2032 1757; x_wconf 87' lang='lat' dir='ltr'>quod</span> <span class='ocrx_word' id='word_1_140' title='bbox 2070 1671 2139 1739; x_wconf 92' lang='lat' dir='ltr'>in</span> <span class='ocrx_word' id='word_1_141' title='bbox 2221 1671 2457 1742; x_wconf 85' lang='lat' dir='ltr'>rivatis</span> <span class='ocrx_word' id='word_1_142' title='bbox 2488 1670 2588 1740; x_wconf 87' lang='lat' dir='ltr'>vel</span> <span class='ocrx_word' id='word_1_143' title='bbox 2619 1671 2921 1761; x_wconf 89' lang='lat' dir='ltr'>publicis</span> <span class='ocrx_word' id='word_1_144' title='bbox 2948 1672 3188 1741; x_wconf 86' lang='lat' dir='ltr'>aedifi-</span> 
     </span>
     <span class='ocr_line' id='line_1_17' title="bbox 624 1758 3186 1851; baseline 0 -22"><span class='ocrx_word' id='word_1_145' title='bbox 624 1760 754 1829; x_wconf 90' lang='lat' dir='ltr'>ciis</span> <span class='ocrx_word' id='word_1_146' title='bbox 800 1758 1322 1851; x_wconf 89' lang='lat' dir='ltr'>componendis,</span> <span class='ocrx_word' id='word_1_147' title='bbox 1366 1758 1552 1846; x_wconf 89' lang='lat' dir='ltr'>quod</span> <span class='ocrx_word' id='word_1_148' title='bbox 1601 1759 1671 1827; x_wconf 92' lang='lat' dir='ltr'>in</span> <span class='ocrx_word' id='word_1_149' title='bbox 1722 1758 2132 1828; x_wconf 88' lang='lat' dir='ltr'>ordinandis</span> <span class='ocrx_word' id='word_1_150' title='bbox 2213 1759 2510 1840; x_wconf 87' lang='lat' dir='ltr'>omibus,</span> <span class='ocrx_word' id='word_1_151' title='bbox 2549 1758 2992 1847; x_wconf 87' lang='lat' dir='ltr'>familiaeque</span> <span class='ocrx_word' id='word_1_152' title='bbox 3025 1782 3186 1830; x_wconf 88' lang='lat' dir='ltr'>san·</span> 
     </span>
     <span class='ocr_line' id='line_1_18' title="bbox 627 1846 3188 1938; baseline 0.001 -21"><span class='ocrx_word' id='word_1_153' title='bbox 627 1859 776 1918; x_wconf 89' lang='lat' dir='ltr'>ctae</span> <span class='ocrx_word' id='word_1_154' title='bbox 806 1849 921 1917; x_wconf 91' lang='lat' dir='ltr'>Dei</span> <span class='ocrx_word' id='word_1_155' title='bbox 961 1847 1304 1917; x_wconf 84' lang='lat' dir='ltr'>Ecclesiae</span> <span class='ocrx_word' id='word_1_156' title='bbox 1352 1847 1558 1916; x_wconf 90' lang='lat' dir='ltr'>rebus</span> <span class='ocrx_word' id='word_1_157' title='bbox 1604 1846 1878 1929; x_wconf 89' lang='lat' dir='ltr'>fecerat,</span> <span class='ocrx_word' id='word_1_158' title='bbox 1917 1846 2005 1916; x_wconf 91' lang='lat' dir='ltr'>ad</span> <span class='ocrx_word' id='word_1_159' title='bbox 2053 1846 2347 1917; x_wconf 90' lang='lat' dir='ltr'>aliorum</span> <span class='ocrx_word' id='word_1_160' title='bbox 2382 1869 2658 1937; x_wconf 88' lang='lat' dir='ltr'>operam</span> <span class='ocrx_word' id='word_1_161' title='bbox 2695 1870 2871 1938; x_wconf 91' lang='lat' dir='ltr'>pene</span> <span class='ocrx_word' id='word_1_162' title='bbox 2919 1848 3188 1919; x_wconf 90' lang='lat' dir='ltr'>incom-</span> 
     </span>
     <span class='ocr_line' id='line_1_19' title="bbox 628 1935 3178 2038; baseline -0 -33"><span class='ocrx_word' id='word_1_163' title='bbox 628 1936 937 2038; x_wconf 88' lang='lat' dir='ltr'>parabile</span> <span class='ocrx_word' id='word_1_164' title='bbox 986 1936 1353 2005; x_wconf 88' lang='lat' dir='ltr'>videretur.</span> <span class='ocrx_word' id='word_1_165' title='bbox 1393 1939 1559 2005; x_wconf 87' lang='lat' dir='ltr'>Nam</span> <span class='ocrx_word' id='word_1_166' title='bbox 1610 1935 1791 2005; x_wconf 90' lang='lat' dir='ltr'>sicut</span> <span class='ocrx_word' id='word_1_167' title='bbox 1837 1957 2049 2025; x_wconf 90' lang='lat' dir='ltr'>super</span> <span class='ocrx_word' id='word_1_168' title='bbox 2078 1957 2319 2005; x_wconf 89' lang='lat' dir='ltr'>omnes</span> <span class='ocrx_word' id='word_1_169' title='bbox 2352 1935 2672 2007; x_wconf 89' lang='lat' dir='ltr'>docentes</span> <span class='ocrx_word' id='word_1_170' title='bbox 2712 1958 2785 2006; x_wconf 91' lang='lat' dir='ltr'>se</span> <span class='ocrx_word' id='word_1_171' title='bbox 2816 1936 3178 2007; x_wconf 82' lang='lat' dir='ltr'>intellexit:</span> 
     </span>
     <span class='ocr_line' id='line_1_20' title="bbox 623 2023 3185 2115; baseline 0.001 -22"><span class='ocrx_word' id='word_1_172' title='bbox 623 2036 719 2094; x_wconf 81' lang='lat' dir='ltr'>ita</span> <span class='ocrx_word' id='word_1_173' title='bbox 766 2023 995 2094; x_wconf 90' lang='lat' dir='ltr'>cordis</span> <span class='ocrx_word' id='word_1_174' title='bbox 1042 2023 1152 2092; x_wconf 90' lang='lat' dir='ltr'>sui</span> <span class='ocrx_word' id='word_1_175' title='bbox 1200 2023 1447 2104; x_wconf 89' lang='lat' dir='ltr'>aciem,</span> <span class='ocrx_word' id='word_1_176' title='bbox 1512 2023 1777 2113; x_wconf 84' lang='lat' dir='ltr'>ingenii</span> <span class='ocrx_word' id='word_1_177' title='bbox 1843 2044 2161 2104; x_wconf 89' lang='lat' dir='ltr'>acumen,</span> <span class='ocrx_word' id='word_1_178' title='bbox 2223 2023 2440 2093; x_wconf 89' lang='lat' dir='ltr'>animi</span> <span class='ocrx_word' id='word_1_179' title='bbox 2488 2024 2840 2115; x_wconf 84' lang='lat' dir='ltr'>vigorem,</span> <span class='ocrx_word' id='word_1_180' title='bbox 2895 2024 2983 2094; x_wconf 91' lang='lat' dir='ltr'>ad</span> <span class='ocrx_word' id='word_1_181' title='bbox 3036 2048 3185 2095; x_wconf 88' lang='lat' dir='ltr'>ma-</span> 
     </span>
     <span class='ocr_line' id='line_1_21' title="bbox 615 2110 2191 2204; baseline -0.002 -22"><span class='ocrx_word' id='word_1_182' title='bbox 615 2113 774 2204; x_wconf 90' lang='lat' dir='ltr'>jora</span> <span class='ocrx_word' id='word_1_183' title='bbox 819 2112 1197 2202; x_wconf 84' lang='lat' dir='ltr'>sapientiae</span> <span class='ocrx_word' id='word_1_184' title='bbox 1242 2123 1309 2181; x_wconf 91' lang='lat' dir='ltr'>et</span> <span class='ocrx_word' id='word_1_185' title='bbox 1348 2111 1618 2182; x_wconf 88' lang='lat' dir='ltr'>virtutis</span> <span class='ocrx_word' id='word_1_186' title='bbox 1665 2133 1874 2202; x_wconf 91' lang='lat' dir='ltr'>opera</span> <span class='ocrx_word' id='word_1_187' title='bbox 1919 2110 2191 2200; x_wconf 51' lang='lat' dir='ltr'>direrit.</span> 
     </span>
    </p>

    <p class='ocr_par' dir='ltr' id='par_1_3' title="bbox 608 2199 3183 4414">
     <span class='ocr_line' id='line_1_22' title="bbox 717 2199 3183 2291; baseline 0.001 -21"><span class='ocrx_word' id='word_1_188' title='bbox 717 2207 756 2282; x_wconf 68' lang='grc' dir='ltr'><strong>ἓ</strong></span> <span class='ocrx_word' id='word_1_189' title='bbox 803 2203 949 2273; x_wconf 76' lang='grc'>15.</span> <span class='ocrx_word' id='word_1_190' title='bbox 1005 2205 1094 2269; x_wconf 82' lang='lat' dir='ltr'>De</span> <span class='ocrx_word' id='word_1_191' title='bbox 1141 2199 1473 2291; x_wconf 84' lang='lat' dir='ltr'>religione</span> <span class='ocrx_word' id='word_1_192' title='bbox 1522 2199 1750 2290; x_wconf 87' lang='lat' dir='ltr'>primo</span> <span class='ocrx_word' id='word_1_193' title='bbox 1796 2211 1860 2270; x_wconf 90' lang='lat' dir='ltr'>et</span> <span class='ocrx_word' id='word_1_194' title='bbox 1907 2199 2102 2269; x_wconf 92' lang='lat' dir='ltr'>cultu</span> <span class='ocrx_word' id='word_1_195' title='bbox 2150 2199 2290 2280; x_wconf 88' lang='lat' dir='ltr'>Dei,</span> <span class='ocrx_word' id='word_1_196' title='bbox 2333 2199 2720 2270; x_wconf 91' lang='lat' dir='ltr'>secundum</span> <span class='ocrx_word' id='word_1_197' title='bbox 2773 2200 3004 2271; x_wconf 89' lang='lat' dir='ltr'>datam</span> <span class='ocrx_word' id='word_1_198' title='bbox 3045 2202 3183 2272; x_wconf 90' lang='lat' dir='ltr'>sibi</span> 
     </span>
     <span class='ocr_line' id='line_1_23' title="bbox 627 2287 3180 2378; baseline 0.001 -20"><span class='ocrx_word' id='word_1_199' title='bbox 627 2287 1066 2378; x_wconf 86' lang='lat' dir='ltr'>sapientiam,</span> <span class='ocrx_word' id='word_1_200' title='bbox 1123 2288 1534 2357; x_wconf 89' lang='lat' dir='ltr'>Canonicam</span> <span class='ocrx_word' id='word_1_201' title='bbox 1584 2300 1650 2357; x_wconf 90' lang='lat' dir='ltr'>et</span> <span class='ocrx_word' id='word_1_202' title='bbox 1697 2287 2153 2378; x_wconf 81' lang='lat' dir='ltr'>Apostolicam</span> <span class='ocrx_word' id='word_1_203' title='bbox 2202 2288 2677 2359; x_wconf 87' lang='lat' dir='ltr'>auctoritatem</span> <span class='ocrx_word' id='word_1_204' title='bbox 2726 2302 3034 2371; x_wconf 90' lang='lat' dir='ltr'>secutus,</span> <span class='ocrx_word' id='word_1_205' title='bbox 3071 2292 3180 2360; x_wconf 89' lang='lat' dir='ltr'>in-</span> 
     </span>
     <span class='ocr_line' id='line_1_24' title="bbox 628 2375 3176 2471; baseline 0.001 -24"><span class='ocrx_word' id='word_1_206' title='bbox 628 2375 869 2456; x_wconf 86' lang='lat' dir='ltr'>stituit,</span> <span class='ocrx_word' id='word_1_207' title='bbox 910 2386 988 2445; x_wconf 90' lang='lat' dir='ltr'>ut</span> <span class='ocrx_word' id='word_1_208' title='bbox 1018 2375 1510 2458; x_wconf 88' lang='lat' dir='ltr'>multitudinis,</span> <span class='ocrx_word' id='word_1_209' title='bbox 1553 2397 1733 2463; x_wconf 88' lang='lat' dir='ltr'>quae</span> <span class='ocrx_word' id='word_1_210' title='bbox 1762 2377 1834 2445; x_wconf 91' lang='lat' dir='ltr'>in</span> <span class='ocrx_word' id='word_1_211' title='bbox 1862 2376 2152 2448; x_wconf 88' lang='lat' dir='ltr'>diversis</span> <span class='ocrx_word' id='word_1_212' title='bbox 2183 2375 2864 2469; x_wconf 81' lang='lat' dir='ltr'>congregationibuS,</span> <span class='ocrx_word' id='word_1_213' title='bbox 2900 2378 2990 2448; x_wconf 91' lang='lat' dir='ltr'>ad</span> <span class='ocrx_word' id='word_1_214' title='bbox 3020 2380 3176 2471; x_wconf 82' lang='lat' dir='ltr'>ejus</span> 
     </span>
     <span class='ocr_line' id='line_1_25' title="bbox 624 2464 3178 2556; baseline 0.002 -22"><span class='ocrx_word' id='word_1_215' title='bbox 624 2464 1103 2535; x_wconf 86' lang='lat' dir='ltr'>honorabilem</span> <span class='ocrx_word' id='word_1_216' title='bbox 1140 2464 1370 2535; x_wconf 91' lang='lat' dir='ltr'>sedem</span> <span class='ocrx_word' id='word_1_217' title='bbox 1420 2464 1926 2556; x_wconf 87' lang='lat' dir='ltr'>pertinentibus</span> <span class='ocrx_word' id='word_1_218' title='bbox 1972 2478 2138 2547; x_wconf 89' lang='lat' dir='ltr'>erat,</span> <span class='ocrx_word' id='word_1_219' title='bbox 2191 2488 2414 2536; x_wconf 92' lang='lat' dir='ltr'>unum</span> <span class='ocrx_word' id='word_1_220' title='bbox 2465 2488 2584 2537; x_wconf 90' lang='lat' dir='ltr'>cor</span> <span class='ocrx_word' id='word_1_221' title='bbox 2630 2477 2808 2538; x_wconf 89' lang='lat' dir='ltr'>esset</span> <span class='ocrx_word' id='word_1_222' title='bbox 2840 2478 2905 2537; x_wconf 91' lang='lat' dir='ltr'>et</span> <span class='ocrx_word' id='word_1_223' title='bbox 2938 2467 3178 2539; x_wconf 89' lang='lat' dir='ltr'>anima</span> 
     </span>
     <span class='ocr_line' id='line_1_26' title="bbox 626 2552 3178 2643; baseline 0.002 -21"><span class='ocrx_word' id='word_1_224' title='bbox 626 2577 791 2623; x_wconf 89' lang='lat' dir='ltr'>una:</span> <span class='ocrx_word' id='word_1_225' title='bbox 845 2564 924 2623; x_wconf 93' lang='lat' dir='ltr'>ut</span> <span class='ocrx_word' id='word_1_226' title='bbox 978 2552 1268 2623; x_wconf 88' lang='lat' dir='ltr'>vestium</span> <span class='ocrx_word' id='word_1_227' title='bbox 1325 2553 1794 2643; x_wconf 87' lang='lat' dir='ltr'>superfluitas,</span> <span class='ocrx_word' id='word_1_228' title='bbox 1850 2576 2120 2624; x_wconf 90' lang='lat' dir='ltr'>morum</span> <span class='ocrx_word' id='word_1_229' title='bbox 2192 2554 2672 2643; x_wconf 81' lang='lat' dir='ltr'>inaequalitaS‚</span> <span class='ocrx_word' id='word_1_230' title='bbox 2724 2566 2790 2625; x_wconf 93' lang='lat' dir='ltr'>et</span> <span class='ocrx_word' id='word_1_231' title='bbox 2836 2556 3178 2643; x_wconf 87' lang='lat' dir='ltr'>quicquid</span> 
     </span>
     <span class='ocr_line' id='line_1_27' title="bbox 623 2641 3173 2734; baseline 0.001 -23"><span class='ocrx_word' id='word_1_232' title='bbox 623 2642 754 2711; x_wconf 90' lang='lat' dir='ltr'>hoc</span> <span class='ocrx_word' id='word_1_233' title='bbox 801 2641 1008 2711; x_wconf 91' lang='lat' dir='ltr'>modo</span> <span class='ocrx_word' id='word_1_234' title='bbox 1054 2642 1570 2712; x_wconf 81' lang='lat' dir='ltr'>effoeminatum</span> <span class='ocrx_word' id='word_1_235' title='bbox 1643 2654 1711 2712; x_wconf 90' lang='lat' dir='ltr'>et</span> <span class='ocrx_word' id='word_1_236' title='bbox 1757 2641 2086 2712; x_wconf 87' lang='lat' dir='ltr'>indecens</span> <span class='ocrx_word' id='word_1_237' title='bbox 2135 2642 2205 2710; x_wconf 91' lang='lat' dir='ltr'>in</span> <span class='ocrx_word' id='word_1_238' title='bbox 2263 2644 2414 2734; x_wconf 86' lang='lat' dir='ltr'>ejus</span> <span class='ocrx_word' id='word_1_239' title='bbox 2458 2643 2751 2713; x_wconf 89' lang='lat' dir='ltr'>ecclesia</span> <span class='ocrx_word' id='word_1_240' title='bbox 2797 2643 3173 2728; x_wconf 87' lang='lat' dir='ltr'>videretur,</span> 
     </span>
     <span class='ocr_line' id='line_1_28' title="bbox 621 2729 3176 2821; baseline 0.002 -24"><span class='ocrx_word' id='word_1_241' title='bbox 621 2752 780 2799; x_wconf 86' lang='lat' dir='ltr'>vera</span> <span class='ocrx_word' id='word_1_242' title='bbox 810 2742 875 2799; x_wconf 90' lang='lat' dir='ltr'>et</span> <span class='ocrx_word' id='word_1_243' title='bbox 918 2730 1263 2821; x_wconf 89' lang='lat' dir='ltr'>spirituali</span> <span class='ocrx_word' id='word_1_244' title='bbox 1302 2730 1856 2811; x_wconf 88' lang='lat' dir='ltr'>circumcisione,</span> <span class='ocrx_word' id='word_1_245' title='bbox 1895 2729 2081 2815; x_wconf 88' lang='lat' dir='ltr'>quod</span> <span class='ocrx_word' id='word_1_246' title='bbox 2129 2742 2230 2801; x_wconf 90' lang='lat' dir='ltr'>est</span> <span class='ocrx_word' id='word_1_247' title='bbox 2264 2731 2544 2801; x_wconf 88' lang='lat' dir='ltr'>initium</span> <span class='ocrx_word' id='word_1_248' title='bbox 2604 2731 3010 2821; x_wconf 89' lang='lat' dir='ltr'>sapientiae,</span> <span class='ocrx_word' id='word_1_249' title='bbox 3065 2733 3176 2802; x_wconf 91' lang='lat' dir='ltr'>di-</span> 
     </span>
     <span class='ocr_line' id='line_1_29' title="bbox 620 2816 3174 2908; baseline 0.003 -23"><span class='ocrx_word' id='word_1_250' title='bbox 620 2817 1077 2908; x_wconf 83' lang='lat' dir='ltr'>ligentissime</span> <span class='ocrx_word' id='word_1_251' title='bbox 1125 2817 1668 2887; x_wconf 85' lang='lat' dir='ltr'>abscinderetur:</span> <span class='ocrx_word' id='word_1_252' title='bbox 1720 2829 1797 2887; x_wconf 88' lang='lat' dir='ltr'>ut</span> <span class='ocrx_word' id='word_1_253' title='bbox 1844 2816 2100 2888; x_wconf 90' lang='lat' dir='ltr'>divinis</span> <span class='ocrx_word' id='word_1_254' title='bbox 2147 2819 2552 2891; x_wconf 86' lang='lat' dir='ltr'>ministeriis</span> <span class='ocrx_word' id='word_1_255' title='bbox 2600 2841 2843 2893; x_wconf 89' lang='lat' dir='ltr'>omnes</span> <span class='ocrx_word' id='word_1_256' title='bbox 2868 2843 3174 2908; x_wconf 87' lang='lat' dir='ltr'>quorum</span> 
     </span>
     <span class='ocr_line' id='line_1_30' title="bbox 620 2905 3169 2999; baseline 0.002 -25"><span class='ocrx_word' id='word_1_257' title='bbox 620 2906 689 2974; x_wconf 80' lang='lat' dir='ltr'>id</span> <span class='ocrx_word' id='word_1_258' title='bbox 742 2908 1087 2987; x_wconf 91' lang='lat' dir='ltr'>intererat,</span> <span class='ocrx_word' id='word_1_259' title='bbox 1139 2905 1601 2976; x_wconf 86' lang='lat' dir='ltr'>intentissime</span> <span class='ocrx_word' id='word_1_260' title='bbox 1645 2905 2035 2975; x_wconf 90' lang='lat' dir='ltr'>secundum</span> <span class='ocrx_word' id='word_1_261' title='bbox 2086 2907 2454 2996; x_wconf 82' lang='lat' dir='ltr'>praefixam</span> <span class='ocrx_word' id='word_1_262' title='bbox 2517 2907 2651 2979; x_wconf 91' lang='lat' dir='ltr'>sibi</span> <span class='ocrx_word' id='word_1_263' title='bbox 2699 2910 3013 2999; x_wconf 86' lang='lat' dir='ltr'>regulam</span> <span class='ocrx_word' id='word_1_264' title='bbox 3065 2910 3169 2979; x_wconf 90' lang='lat' dir='ltr'>vi-</span> 
     </span>
     <span class='ocr_line' id='line_1_31' title="bbox 620 2992 3172 3074; baseline 0.003 -13"><span class='ocrx_word' id='word_1_265' title='bbox 620 3004 852 3064; x_wconf 89' lang='lat' dir='ltr'>verent</span> <span class='ocrx_word' id='word_1_266' title='bbox 883 3048 898 3074; x_wconf 92' lang='lat'>,</span> <span class='ocrx_word' id='word_1_267' title='bbox 953 3015 1077 3063; x_wconf 90' lang='lat' dir='ltr'>nec</span> <span class='ocrx_word' id='word_1_268' title='bbox 1126 2993 1333 3062; x_wconf 89' lang='lat' dir='ltr'>aliam</span> <span class='ocrx_word' id='word_1_269' title='bbox 1399 2992 1534 3063; x_wconf 90' lang='lat' dir='ltr'>sibi</span> <span class='ocrx_word' id='word_1_270' title='bbox 1595 3013 1762 3062; x_wconf 89' lang='lat' dir='ltr'>suae</span> <span class='ocrx_word' id='word_1_271' title='bbox 1822 2992 2067 3062; x_wconf 89' lang='lat' dir='ltr'>salutis</span> <span class='ocrx_word' id='word_1_272' title='bbox 2113 3018 2397 3067; x_wconf 90' lang='lat' dir='ltr'>causam</span> <span class='ocrx_word' id='word_1_273' title='bbox 2447 2995 2803 3066; x_wconf 76' lang='lat' dir='ltr'>ullatenus</span> <span class='ocrx_word' id='word_1_274' title='bbox 2849 3000 3172 3069; x_wconf 87' lang='lat' dir='ltr'>aestima·</span> 
     </span>
     <span class='ocr_line' id='line_1_32' title="bbox 616 3080 3171 3174; baseline 0.002 -23"><span class='ocrx_word' id='word_1_275' title='bbox 616 3093 791 3151; x_wconf 89' lang='lat' dir='ltr'>rent.</span> <span class='ocrx_word' id='word_1_276' title='bbox 828 3086 1007 3151; x_wconf 89' lang='lat' dir='ltr'>Haec</span> <span class='ocrx_word' id='word_1_277' title='bbox 1045 3093 1109 3150; x_wconf 89' lang='lat' dir='ltr'>et</span> <span class='ocrx_word' id='word_1_278' title='bbox 1136 3080 1245 3152; x_wconf 88' lang='lat' dir='ltr'>his</span> <span class='ocrx_word' id='word_1_279' title='bbox 1275 3080 1530 3150; x_wconf 90' lang='lat' dir='ltr'>similia</span> <span class='ocrx_word' id='word_1_280' title='bbox 1576 3101 1739 3150; x_wconf 91' lang='lat' dir='ltr'>cum</span> <span class='ocrx_word' id='word_1_281' title='bbox 1788 3083 2199 3151; x_wconf 86' lang='lat' dir='ltr'>venerandis</span> <span class='ocrx_word' id='word_1_282' title='bbox 2248 3084 2562 3174; x_wconf 90' lang='lat' dir='ltr'>patribus</span> <span class='ocrx_word' id='word_1_283' title='bbox 2607 3097 2674 3153; x_wconf 91' lang='lat' dir='ltr'>et</span> <span class='ocrx_word' id='word_1_284' title='bbox 2721 3084 2897 3155; x_wconf 91' lang='lat' dir='ltr'>Cleri</span> <span class='ocrx_word' id='word_1_285' title='bbox 2926 3087 3171 3158; x_wconf 87' lang='lat' dir='ltr'>suise-</span> 
     </span>
     <span class='ocr_line' id='line_1_33' title="bbox 618 3167 3161 3264; baseline 0.003 -26"><span class='ocrx_word' id='word_1_286' title='bbox 618 3169 932 3239; x_wconf 90' lang='lat' dir='ltr'>nioribus</span> <span class='ocrx_word' id='word_1_287' title='bbox 965 3167 1287 3256; x_wconf 87' lang='lat' dir='ltr'>frequens</span> <span class='ocrx_word' id='word_1_288' title='bbox 1318 3169 1479 3259; x_wconf 86' lang='lat' dir='ltr'>egit,</span> <span class='ocrx_word' id='word_1_289' title='bbox 1513 3190 1769 3257; x_wconf 90' lang='lat' dir='ltr'>eosque</span> <span class='ocrx_word' id='word_1_290' title='bbox 1815 3169 1885 3238; x_wconf 91' lang='lat' dir='ltr'>in</span> <span class='ocrx_word' id='word_1_291' title='bbox 1936 3171 2251 3242; x_wconf 90' lang='lat' dir='ltr'>custodia</span> <span class='ocrx_word' id='word_1_292' title='bbox 2282 3172 2622 3245; x_wconf 89' lang='lat' dir='ltr'>Dominici</span> <span class='ocrx_word' id='word_1_293' title='bbox 2654 3174 2887 3264; x_wconf 85' lang='lat' dir='ltr'>gregis</span> <span class='ocrx_word' id='word_1_294' title='bbox 2920 3198 3161 3246; x_wconf 88' lang='lat' dir='ltr'>secum</span> 
     </span>
     <span class='ocr_line' id='line_1_34' title="bbox 619 3256 3166 3355; baseline 0.003 -29"><span class='ocrx_word' id='word_1_295' title='bbox 619 3258 875 3347; x_wconf 90' lang='lat' dir='ltr'>pariter</span> <span class='ocrx_word' id='word_1_296' title='bbox 931 3256 1294 3348; x_wconf 85' lang='lat' dir='ltr'>invigilare</span> <span class='ocrx_word' id='word_1_297' title='bbox 1342 3256 1653 3328; x_wconf 90' lang='lat' dir='ltr'>solicitus</span> <span class='ocrx_word' id='word_1_298' title='bbox 1700 3258 2086 3330; x_wconf 89' lang='lat' dir='ltr'>admonuit.</span> <span class='ocrx_word' id='word_1_299' title='bbox 2141 3265 2220 3331; x_wconf 88' lang='lat' dir='ltr'>Et</span> <span class='ocrx_word' id='word_1_300' title='bbox 2284 3260 2449 3347; x_wconf 89' lang='lat' dir='ltr'>quia</span> <span class='ocrx_word' id='word_1_301' title='bbox 2511 3261 2720 3352; x_wconf 75' lang='lat' dir='ltr'>culpa</span> <span class='ocrx_word' id='word_1_302' title='bbox 2771 3276 3166 3355; x_wconf 90' lang='lat' dir='ltr'>temporum</span> 
     </span>
     <span class='ocr_line' id='line_1_35' title="bbox 616 3338 3172 3447; baseline 0.003 -32"><span class='ocrx_word' id='word_1_303' title='bbox 616 3346 1019 3447; x_wconf 81' lang='lat' dir='ltr'>urgebatur,</span> <span class='ocrx_word' id='word_1_304' title='bbox 1072 3356 1152 3415; x_wconf 89' lang='lat' dir='ltr'>ut</span> <span class='ocrx_word' id='word_1_305' title='bbox 1197 3346 1641 3447; x_wconf 39' lang='lat' dir='ltr'>rarius-haec</span> <span class='ocrx_word' id='word_1_306' title='bbox 1689 3370 1851 3417; x_wconf 90' lang='lat' dir='ltr'>cum</span> <span class='ocrx_word' id='word_1_307' title='bbox 1902 3347 2042 3418; x_wconf 89' lang='lat' dir='ltr'>illis</span> <span class='ocrx_word' id='word_1_308' title='bbox 2090 3360 2342 3440; x_wconf 86' lang='lat' dir='ltr'>ageret,</span> <span class='ocrx_word' id='word_1_309' title='bbox 2399 3370 2608 3436; x_wconf 88' lang='lat' dir='ltr'>quam</span> <span class='ocrx_word' id='word_1_310' title='bbox 2657 3338 2948 3434; x_wconf 90' lang='lat' dir='ltr'>volebat,</span> <span class='ocrx_word' id='word_1_311' title='bbox 3005 3352 3172 3425; x_wconf 90' lang='lat' dir='ltr'>soli-</span> 
     </span>
     <span class='ocr_line' id='line_1_36' title="bbox 615 3434 3169 3528; baseline 0.003 -25"><span class='ocrx_word' id='word_1_312' title='bbox 615 3434 822 3504; x_wconf 76' lang='lat' dir='ltr'>citius</span> <span class='ocrx_word' id='word_1_313' title='bbox 869 3434 1119 3504; x_wconf 89' lang='lat' dir='ltr'>absens</span> <span class='ocrx_word' id='word_1_314' title='bbox 1169 3456 1306 3505; x_wconf 93' lang='lat' dir='ltr'>non</span> <span class='ocrx_word' id='word_1_315' title='bbox 1358 3457 1615 3517; x_wconf 80' lang='lat' dir='ltr'>minuS,</span> <span class='ocrx_word' id='word_1_316' title='bbox 1668 3457 1880 3523; x_wconf 90' lang='lat' dir='ltr'>quam</span> <span class='ocrx_word' id='word_1_317' title='bbox 1931 3459 2256 3527; x_wconf 89' lang='lat' dir='ltr'>praesens</span> <span class='ocrx_word' id='word_1_318' title='bbox 2290 3492 2305 3519; x_wconf 93' lang='lat'>,</span> <span class='ocrx_word' id='word_1_319' title='bbox 2360 3437 2610 3528; x_wconf 91' lang='lat' dir='ltr'>spiritu</span> <span class='ocrx_word' id='word_1_320' title='bbox 2661 3438 2931 3509; x_wconf 85' lang='lat' dir='ltr'>fervens</span> <span class='ocrx_word' id='word_1_321' title='bbox 2966 3494 2982 3522; x_wconf 90' lang='lat'>,</span> <span class='ocrx_word' id='word_1_322' title='bbox 3040 3446 3169 3510; x_wconf 92' lang='lat' dir='ltr'>Do-</span> 
     </span>
     <span class='ocr_line' id='line_1_37' title="bbox 617 3523 3162 3617; baseline 0.002 -26"><span class='ocrx_word' id='word_1_323' title='bbox 617 3523 809 3593; x_wconf 92' lang='lat' dir='ltr'>mino</span> <span class='ocrx_word' id='word_1_324' title='bbox 848 3523 1195 3604; x_wconf 79' lang='lat' dir='ltr'>servienS,</span> <span class='ocrx_word' id='word_1_325' title='bbox 1252 3525 1631 3595; x_wconf 89' lang='lat' dir='ltr'>aestuabat.</span> <span class='ocrx_word' id='word_1_326' title='bbox 1686 3529 1892 3594; x_wconf 88' lang='lat' dir='ltr'>Erant</span> <span class='ocrx_word' id='word_1_327' title='bbox 1931 3525 1997 3594; x_wconf 91' lang='lat' dir='ltr'>ei</span> <span class='ocrx_word' id='word_1_328' title='bbox 2042 3525 2208 3596; x_wconf 85' lang='lat' dir='ltr'>foris</span> <span class='ocrx_word' id='word_1_329' title='bbox 2256 3547 2556 3617; x_wconf 86' lang='lat' dir='ltr'>pugnae,</span> <span class='ocrx_word' id='word_1_330' title='bbox 2611 3525 2803 3596; x_wconf 90' lang='lat' dir='ltr'>intus</span> <span class='ocrx_word' id='word_1_331' title='bbox 2852 3527 3162 3599; x_wconf 76' lang='lat' dir='ltr'>timores,</span> 
     </span>
     <span class='ocr_line' id='line_1_38' title="bbox 615 3612 3165 3705; baseline 0.002 -24"><span class='ocrx_word' id='word_1_332' title='bbox 615 3612 975 3704; x_wconf 82' lang='lat' dir='ltr'>Pugnabat</span> <span class='ocrx_word' id='word_1_333' title='bbox 1020 3622 1259 3683; x_wconf 89' lang='lat' dir='ltr'>contra</span> <span class='ocrx_word' id='word_1_334' title='bbox 1307 3612 1659 3704; x_wconf 88' lang='lat' dir='ltr'>luporum,</span> <span class='ocrx_word' id='word_1_335' title='bbox 1714 3613 2089 3685; x_wconf 89' lang='lat' dir='ltr'>Ecclesiam</span> <span class='ocrx_word' id='word_1_336' title='bbox 2135 3613 2250 3683; x_wconf 91' lang='lat' dir='ltr'>Dei</span> <span class='ocrx_word' id='word_1_337' title='bbox 2295 3613 2650 3684; x_wconf 85' lang='lat' dir='ltr'>devastare</span> <span class='ocrx_word' id='word_1_338' title='bbox 2697 3615 3165 3705; x_wconf 90' lang='lat' dir='ltr'>cupientium,</span> 
     </span>
     <span class='ocr_line' id='line_1_39' title="bbox 614 3700 3174 3793; baseline 0.002 -24"><span class='ocrx_word' id='word_1_339' title='bbox 614 3702 901 3771; x_wconf 89' lang='lat' dir='ltr'>rabiem:</span> <span class='ocrx_word' id='word_1_340' title='bbox 960 3700 1241 3771; x_wconf 89' lang='lat' dir='ltr'>timebat</span> <span class='ocrx_word' id='word_1_341' title='bbox 1281 3701 1552 3771; x_wconf 90' lang='lat' dir='ltr'>Domini</span> <span class='ocrx_word' id='word_1_342' title='bbox 1590 3700 1823 3769; x_wconf 88' lang='lat' dir='ltr'>ovium</span> <span class='ocrx_word' id='word_1_343' title='bbox 1872 3701 2325 3792; x_wconf 89' lang='lat' dir='ltr'>simplicitati,</span> <span class='ocrx_word' id='word_1_344' title='bbox 2381 3703 2560 3773; x_wconf 91' lang='lat' dir='ltr'>sicut</span> <span class='ocrx_word' id='word_1_345' title='bbox 2610 3704 3021 3793; x_wconf 82' lang='lat' dir='ltr'>Apostolus:</span> <span class='ocrx_word' id='word_1_346' title='bbox 3065 3706 3174 3774; x_wconf 87' lang='lat' dir='ltr'>Ti-</span> 
     </span>
     <span class='ocr_line' id='line_1_40' title="bbox 613 3789 3177 3877; baseline 0.003 -19"><span class='ocrx_word' id='word_1_347' title='bbox 613 3811 789 3868; x_wconf 90' lang='lat' dir='ltr'>meo,</span> <span class='ocrx_word' id='word_1_348' title='bbox 836 3790 1086 3877; x_wconf 90' lang='lat' dir='ltr'>inquit,</span> <span class='ocrx_word' id='word_1_349' title='bbox 1126 3811 1212 3859; x_wconf 91' lang='lat' dir='ltr'>ne</span> <span class='ocrx_word' id='word_1_350' title='bbox 1258 3789 1438 3858; x_wconf 88' lang='lat' dir='ltr'>sicut</span> <span class='ocrx_word' id='word_1_351' title='bbox 1475 3810 1761 3877; x_wconf 90' lang='lat' dir='ltr'>serpens</span> <span class='ocrx_word' id='word_1_352' title='bbox 1809 3794 2016 3858; x_wconf 88' lang='lat' dir='ltr'>Evam</span> <span class='ocrx_word' id='word_1_353' title='bbox 2066 3789 2339 3860; x_wconf 86' lang='lat' dir='ltr'>seduxit</span> <span class='ocrx_word' id='word_1_354' title='bbox 2385 3790 2642 3860; x_wconf 76' lang='lat' dir='ltr'>astutia</span> <span class='ocrx_word' id='word_1_355' title='bbox 2681 3814 2831 3874; x_wconf 90' lang='lat' dir='ltr'>sua,</span> <span class='ocrx_word' id='word_1_356' title='bbox 2884 3793 2981 3863; x_wconf 89' lang='lat' dir='ltr'>ita</span> <span class='ocrx_word' id='word_1_357' title='bbox 3021 3815 3177 3865; x_wconf 91' lang='lat' dir='ltr'>cor-</span> 
     </span>
     <span class='ocr_line' id='line_1_41' title="bbox 610 3876 3173 3968; baseline 0.003 -23"><span class='ocrx_word' id='word_1_358' title='bbox 610 3890 1033 3968; x_wconf 87' lang='lat' dir='ltr'>rumpantur</span> <span class='ocrx_word' id='word_1_359' title='bbox 1068 3898 1316 3947; x_wconf 88' lang='lat' dir='ltr'>sensus</span> <span class='ocrx_word' id='word_1_360' title='bbox 1364 3876 1592 3958; x_wconf 88' lang='lat' dir='ltr'>vestri,</span> <span class='ocrx_word' id='word_1_361' title='bbox 1644 3887 1713 3947; x_wconf 89' lang='lat' dir='ltr'>et</span> <span class='ocrx_word' id='word_1_362' title='bbox 1761 3876 2080 3947; x_wconf 83' lang='lat' dir='ltr'>excidant</span> <span class='ocrx_word' id='word_1_363' title='bbox 2121 3900 2163 3947; x_wconf 91' lang='lat' dir='ltr'>a</span> <span class='ocrx_word' id='word_1_364' title='bbox 2211 3877 2680 3968; x_wconf 89' lang='lat' dir='ltr'>simplicitate,</span> <span class='ocrx_word' id='word_1_365' title='bbox 2719 3901 2900 3967; x_wconf 90' lang='lat' dir='ltr'>quae</span> <span class='ocrx_word' id='word_1_366' title='bbox 2949 3894 3053 3951; x_wconf 91' lang='lat' dir='ltr'>est</span> <span class='ocrx_word' id='word_1_367' title='bbox 3100 3884 3173 3951; x_wconf 90' lang='lat' dir='ltr'>in</span> 
     </span>
     <span class='ocr_line' id='line_1_42' title="bbox 611 3964 3167 4056; baseline 0.003 -23"><span class='ocrx_word' id='word_1_368' title='bbox 611 3965 901 4036; x_wconf 84' lang='lat' dir='ltr'>Christo.</span> <span class='ocrx_word' id='word_1_369' title='bbox 953 3970 1056 4037; x_wconf 90' lang='lat' dir='ltr'>Ita</span> <span class='ocrx_word' id='word_1_370' title='bbox 1114 3965 1478 4035; x_wconf 83' lang='lat' dir='ltr'>exercitato</span> <span class='ocrx_word' id='word_1_371' title='bbox 1526 3977 1799 4056; x_wconf 90' lang='lat' dir='ltr'>pectore</span> <span class='ocrx_word' id='word_1_372' title='bbox 1846 3977 2085 4035; x_wconf 91' lang='lat' dir='ltr'>contra</span> <span class='ocrx_word' id='word_1_373' title='bbox 2131 3964 2421 4037; x_wconf 90' lang='lat' dir='ltr'>adversa</span> <span class='ocrx_word' id='word_1_374' title='bbox 2469 3967 2709 4036; x_wconf 92' lang='lat' dir='ltr'>omnia</span> <span class='ocrx_word' id='word_1_375' title='bbox 2755 3968 3167 4040; x_wconf 87' lang='lat' dir='ltr'>robustissi-</span> 
     </span>
     <span class='ocr_line' id='line_1_43' title="bbox 611 4053 3166 4144; baseline 0.004 -25"><span class='ocrx_word' id='word_1_376' title='bbox 611 4073 771 4124; x_wconf 90' lang='lat' dir='ltr'>mus</span> <span class='ocrx_word' id='word_1_377' title='bbox 817 4065 985 4123; x_wconf 89' lang='lat' dir='ltr'>erat:</span> <span class='ocrx_word' id='word_1_378' title='bbox 1038 4054 1108 4122; x_wconf 90' lang='lat' dir='ltr'>in</span> <span class='ocrx_word' id='word_1_379' title='bbox 1161 4053 1512 4144; x_wconf 89' lang='lat' dir='ltr'>prosperis</span> <span class='ocrx_word' id='word_1_380' title='bbox 1558 4075 1837 4142; x_wconf 86' lang='lat' dir='ltr'>quoque</span> <span class='ocrx_word' id='word_1_381' title='bbox 1893 4053 2050 4126; x_wconf 91' lang='lat' dir='ltr'>talis</span> <span class='ocrx_word' id='word_1_382' title='bbox 2097 4054 2380 4126; x_wconf 88' lang='lat' dir='ltr'>animus</span> <span class='ocrx_word' id='word_1_383' title='bbox 2428 4055 2721 4124; x_wconf 91' lang='lat' dir='ltr'>minime</span> <span class='ocrx_word' id='word_1_384' title='bbox 2767 4056 3166 4140; x_wconf 87' lang='lat' dir='ltr'>vacillabat,</span> 
     </span>
     <span class='ocr_line' id='line_1_44' title="bbox 608 4140 3171 4228; baseline 0.003 -18"><span class='ocrx_word' id='word_1_385' title='bbox 608 4140 819 4212; x_wconf 90' lang='lat' dir='ltr'>rebus</span> <span class='ocrx_word' id='word_1_386' title='bbox 864 4163 1081 4228; x_wconf 87' lang='lat' dir='ltr'>aeque</span> <span class='ocrx_word' id='word_1_387' title='bbox 1126 4153 1191 4211; x_wconf 91' lang='lat' dir='ltr'>et</span> <span class='ocrx_word' id='word_1_388' title='bbox 1237 4141 1500 4212; x_wconf 86' lang='lat' dir='ltr'>crebris</span> <span class='ocrx_word' id='word_1_389' title='bbox 1544 4142 2153 4213; x_wconf 85' lang='lat' dir='ltr'>exercitationibus</span> <span class='ocrx_word' id='word_1_390' title='bbox 2186 4143 2443 4214; x_wconf 91' lang='lat' dir='ltr'>docens</span> <span class='ocrx_word' id='word_1_391' title='bbox 2475 4165 2720 4214; x_wconf 88' lang='lat' dir='ltr'>omnes</span> <span class='ocrx_word' id='word_1_392' title='bbox 2755 4145 2891 4215; x_wconf 91' lang='lat' dir='ltr'>sibi</span> <span class='ocrx_word' id='word_1_393' title='bbox 2923 4146 3171 4217; x_wconf 89' lang='lat' dir='ltr'>subdi-</span> 
     </span>
     <span class='ocr_line' id='line_1_45' title="bbox 614 4228 3174 4331; baseline 0.003 -33"><span class='ocrx_word' id='word_1_394' title='bbox 614 4241 764 4310; x_wconf 91' lang='lat' dir='ltr'>tos,</span> <span class='ocrx_word' id='word_1_395' title='bbox 829 4228 1132 4299; x_wconf 88' lang='lat' dir='ltr'>solicitos</span> <span class='ocrx_word' id='word_1_396' title='bbox 1180 4252 1451 4300; x_wconf 89' lang='lat' dir='ltr'>servare</span> <span class='ocrx_word' id='word_1_397' title='bbox 1496 4230 1833 4301; x_wconf 89' lang='lat' dir='ltr'>unitatem</span> <span class='ocrx_word' id='word_1_398' title='bbox 1904 4230 2194 4331; x_wconf 89' lang='lat' dir='ltr'>spiritus</span> <span class='ocrx_word' id='word_1_399' title='bbox 2243 4232 2313 4301; x_wconf 91' lang='lat' dir='ltr'>in</span> <span class='ocrx_word' id='word_1_400' title='bbox 2365 4232 2644 4302; x_wconf 91' lang='lat' dir='ltr'>vinculo</span> <span class='ocrx_word' id='word_1_401' title='bbox 2696 4233 2915 4324; x_wconf 68' lang='lat' dir='ltr'>pacis.</span> <span class='ocrx_word' id='word_1_402' title='bbox 2972 4236 3174 4308; x_wconf 87' lang='lat' dir='ltr'>Visus</span> 
     </span>
     <span class='ocr_line' id='line_1_46' title="bbox 612 4317 3172 4414; baseline 0.003 -26"><span class='ocrx_word' id='word_1_403' title='bbox 612 4329 715 4389; x_wconf 86' lang='lat' dir='ltr'>est</span> <span class='ocrx_word' id='word_1_404' title='bbox 770 4317 1111 4410; x_wconf 82' lang='lat' dir='ltr'>singulari</span> <span class='ocrx_word' id='word_1_405' title='bbox 1160 4318 1284 4389; x_wconf 89' lang='lat' dir='ltr'>illa</span> <span class='ocrx_word' id='word_1_406' title='bbox 1340 4319 1593 4391; x_wconf 87' lang='lat' dir='ltr'>mentis</span> <span class='ocrx_word' id='word_1_407' title='bbox 1644 4341 1810 4393; x_wconf 88' lang='lat' dir='ltr'>suae</span> <span class='ocrx_word' id='word_1_408' title='bbox 1847 4320 2154 4412; x_wconf 79' lang='lat' dir='ltr'>agllitate</span> <span class='ocrx_word' id='word_1_409' title='bbox 2192 4342 2369 4411; x_wconf 90' lang='lat' dir='ltr'>pene</span> <span class='ocrx_word' id='word_1_410' title='bbox 2414 4320 2790 4395; x_wconf 87' lang='lat' dir='ltr'>excessisse</span> <span class='ocrx_word' id='word_1_411' title='bbox 2849 4324 3172 4414; x_wconf 81' lang='lat' dir='ltr'>generale</span> 
     </span>
    </p>
   </div>
  </div>
 </body>
</html>
