3327 4999
615 324 744 390 398
1146 344 1225 390 nn
1274 343 1331 389 s.
1385 342 1750 392 curnnssnro
1797 345 1997 394 EPISC.
2051 342 2452 394 LINnISFARN.
2703 328 2950 394 MART.
3005 330 3099 395 20

526 421 826 503 divitias,
882 443 1156 512 semper
1200 435 1402 513 egent
1433 446 1448 491 ε
1502 435 1578 492 tu
1610 423 1903 514 gloriam
1938 425 2206 504 mundi,
2242 423 2560 511 quamvis
2590 425 2946 507 offeratur,
2984 449 3101 497 re—

526 512 775 600 spuis:
827 510 1099 580 etiamsi
1149 511 1232 580 ad
1286 512 1762 602 episcopatum
1814 513 2200 603 pertingere
2250 512 2475 603 possis
2521 534 2659 599 quo
2717 513 3103 588 sublimius

524 598 711 688 apud
766 599 1088 668 mortales
1138 599 1313 668 nibil
1361 612 1485 680 est,
1543 601 1643 669 tui
1710 601 2012 670 claustra
2071 602 2321 670 deserti
2378 601 2542 670 huic
2581 602 2844 691 gradui
2892 626 3097 693 prae-

519 685 777 756 feresz»
805 691 880 755 At
928 685 1075 755 ille:
1106 688 1303 756 «Scio
1339 710 1470 767 me,
1509 688 1757 774 inquit,
1782 700 1965 758 tanto
1996 690 2218 779 gradu
2249 690 2543 779 dignum
2583 711 2718 758 non
2754 711 2926 769 esse,
2960 714 3092 762 nec

522 787 752 843 tamen
796 774 1146 877 judicium
1198 777 1482 865 superni
1531 777 2016 866 gubernatoris
2065 778 2341 867 uspiam
2382 778 2684 867 effugere
2731 801 2931 865 queo:
2969 781 3100 867 qui

521 863 582 931 si
632 874 819 931 tanto
868 863 1060 931 oneri
1110 885 1217 932 me
1266 865 1783 955 subjiciendum
1833 865 2218 955 disposuit,
2273 865 2479 934 eredo
2527 866 2693 952 quia
2743 880 2897 956 post
2947 890 3098 938 mo-

520 950 758 1019 dicum
809 949 1107 1021 liberum
1157 952 1414 1035 reddet,
1462 963 1527 1022 et
1550 952 1837 1024 fortasse
1872 975 2009 1022 non
2060 953 2366 1043 amplius
2391 975 2600 1039 quam
2638 954 2917 1027 duobus
2966 979 3096 1025 an-

522 1038 635 1106 nis
700 1040 999 1121 exactiS‚
1054 1039 1327 1109 solitam
1378 1063 1486 1110 me
1536 1063 1728 1110 meae
1777 1041 2173 1112 solitudinis
2240 1042 2539 1111 remittet
2598 1042 2685 1110 ad
2742 1044 3084 1129 requiem.

519 1126 873 1216 Praecipio
913 1139 1140 1196 autem
1193 1128 1316 1197 tibi
1364 1128 1434 1197 in
1505 1130 1786 1198 nomine
1835 1130 2104 1198 Domini
2154 1140 2218 1198 et
2276 1129 2646 1198 Salvatoris
2704 1132 2946 1213 nostri,
3003 1154 3094 1202 ne

520 1214 637 1283 cui
685 1227 841 1284 ante
889 1216 1156 1285 obitum
1206 1239 1480 1297 meum,
1536 1239 1715 1303 quae
1762 1240 1803 1285 a
1833 1240 1961 1286 -me
2008 1217 2358 1297 audivisti,
2412 1217 2742 1287 referas»
2778 1224 3094 1308 Cumque

520 1301 622 1370 illi
673 1303 840 1373 haec
869 1316 935 1373 et
968 1304 1188 1373 multa
1234 1304 1391 1384 alia,
1426 1327 1603 1391 quae
1639 1306 2035 1392 quaerebat,
2089 1318 2476 1395 exponeret,
2513 1318 2718 1392 atque
2763 1328 2943 1387 eam,
3001 1309 3091 1377 de

517 1390 778 1477 quibus
825 1413 1002 1481 opus
1050 1392 1367 1472 habebat,
1421 1394 1813 1475 instrueret,
1870 1416 2184 1464 reversus
2232 1394 2319 1462 ad
2372 1393 2672 1463 insulam
2727 1407 2794 1463 et
2843 1418 3091 1466 mona-

519 1480 806 1548 sterium
850 1501 1081 1560 suum,
1118 1480 1519 1563 solitariam,
1573 1493 1651 1550 ut
1697 1493 2035 1572 coeperat,
2093 1482 2338 1571 agebat
2386 1482 2671 1551 sedulus
2720 1483 2960 1573 vitam.

607 1568 645 1652 ἕ
719 1571 868 1638 28.
922 1573 1054 1637 Nec
1106 1568 1322 1637 multo
1371 1582 1546 1659 post,
1629 1582 2045 1660 congregata
2095 1570 2390 1658 synodo,
2471 1592 2609 1639 non
2687 1593 2902 1660 parva
2952 1572 3086 1641 sub

518 1656 907 1746 praesentia
956 1655 1256 1745 piissimi
1302 1679 1381 1726 ac
1431 1662 1564 1726 Deo
1612 1657 1841 1727 dilecti
1897 1658 2078 1749 regis
2125 1657 2410 1739 an-idi,
2479 1658 2597 1727 cui
2637 1659 2875 1728 beatae
2935 1682 3083 1729 me-

519 1745 778 1812 moriae
826 1743 1221 1813 Theodorus
1261 1745 1689 1836 archiepisco
1746 1768 1827 1815 us
1877 1745 2190 1836 praeside
2244 1760 2332 1826 at,
2385 1747 2708 1815 unanimi
2760 1748 3084 1816 omnium

516 1852 864 1902 consensu
912 1832 998 1902 ad
1054 1831 1532 1922 episcopatum
1582 1770 1915 1904 ecciesiae
1990 1834 2576 1903 Lindissarnensis
2624 1834 2883 1903 electus
2946 1848 3074 1904 est.

518 1919 649 2001 Qui
688 1942 847 1989 cum
901 1919 1140 1990 multis
1188 1919 1538 2010 legatariis
1567 1944 1645 1990 ac
1679 1922 1895 1992 literis
1936 1923 2022 1991 ad
2057 1944 2127 1993 se
2170 1922 2591 2011 praemissis,
2619 1934 3085 2009 'nequaquam

519 2028 647 2076 suo
696 2008 843 2077 loco
905 2020 1134 2098 posset
1179 2009 1353 2088 erui,
1411 2010 1688 2079 tandem
1738 2032 1854 2079 rex
1914 2010 2063 2100 ipse
2112 2009 2460 2099 praefatus
2492 2031 2644 2078 ‘una
2707 2031 2872 2080 cum
2923 2033 3087 2081 san-

520 2096 828 2167 ctissimo
867 2096 1169 2166 antistite
1217 2098 1632 2177 Trumwino,
1687 2120 1954 2168 necnon
2003 2110 2068 2167 et
2116 2098 2272 2166 aliis
2330 2097 2878 2188 quamplurimis
2927 2099 3088 2167 reli-

518 2182 733 2273 giosis
781 2207 860 2253 ac
910 2184 1303 2287 potentibus
1364 2186 1530 2255 viris
1590 2185 1678 2254 ad
1728 2186 2034 2255 insulam
2103 2186 2469 2275 navigavit,
2541 2207 2726 2275 genu
2802 2188 3088 2257 flectunt

518 2293 783 2352 omneS,
824 2272 1152 2359 adjurant
1198 2294 1320 2362 per
1385 2274 1779 2358 Dominum,
1834 2273 2176 2362 lacrymas
2235 2272 2586 2354 fundunt,
2668 2274 3074 2354 obsecrant,

518 2358 739 2429 donec
778 2360 1012 2450 ipsum
1061 2382 1335 2447 quoque
1386 2360 1714 2450 lacrymis
1777 2362 2060 2452 plenum
2112 2361 2437 2431 dulcibus
2494 2361 2862 2432 extrahunt
2911 2362 3079 2431 late—

517 2448 684 2528 bris,
740 2461 945 2536 atque
990 2448 1077 2519 ad
1127 2449 1473 2539 synodum
1504 2451 1934 2550 pertrahunt.
1970 2455 2116 2533 Quo
2145 2449 2316 2518 dum
2353 2449 2734 2539 perveniret
2763 2451 3080 2537 quamvis

518 2537 816 2606 multum
893 2538 1195 2606 renitens
1230 2593 1245 2618 ‚
1300 2560 1638 2607 unamma
1688 2539 2004 2608 omnium
2055 2538 2400 2608 voluntate
2444 2553 2813 2628 superatur
2870 2553 3075 2627 atque

517 2626 601 2693 ad
637 2625 1164 2716 suscipiendum
1212 2625 1651 2715 episcopatus
1726 2627 2033 2696 officium
2092 2627 2352 2695 collum
2420 2627 2824 2696 submittere
2890 2649 3077 2696 com-

517 2713 821 2813 pellitur.
878 2720 1008 2782 Nec
1058 2725 1286 2782 tamen
1336 2713 1562 2782 statim
1615 2714 2004 2795 ordinatio,
2071 2714 2190 2782 sed
2255 2727 2527 2804 peracta
2594 2715 2633 2782 h
2689 2736 2840 2783 eme
2901 2737 3078 2802 quae

513 2801 958 2882 lmminebat,
1012 2800 1279 2890 expleta
1334 2814 1481 2870 est:
1561 2814 1766 2887 atque
1813 2815 1890 2872 ut
1962 2802 2186 2872 verbis
2233 2802 2387 2888 ejus
2464 2825 2636 2892 prop
2693 2802 2889 2872 elicis
2957 2826 3078 2893 per

514 2890 750 2959 omnia
798 2888 1179 2968 satisfieret,
1234 2888 1556 2978 ngridus
1604 2902 1758 2980 post
1804 2913 2067 2959 annum
2104 2890 2448 2959 Pictorum
2550 2890 2732 2961 ladio
2774 2892 3080 2961 trucida-

515 2989 647 3058 tur,
702 2988 767 3047 et
813 2975 1162 3047 Aldfridus
1192 2976 1265 3044 in
1315 2998 1606 3067 regnum
1657 2978 1866 3048 frater
1911 2978 2062 3067 ejus
2112 2979 2366 3047 nothus
2406 3001 2491 3047 su
2544 2979 2898 3050 stituitur:
2953 2980 3075 3066 qui

513 3087 652 3136 non
714 3064 956 3155 paucis
1003 3076 1161 3133 ante
1211 3066 1637 3154 temporibus
1685 3067 1756 3134 in
1807 3066 2208 3157 regionibus
2263 3072 2620 3136 Scotorum
2673 3067 2950 3137 lectioni
2997 3089 3075 3136 o-

513 3175 751 3309 pessm
830 3152 1080 3233 dabat,
1133 3151 1230 3222 ibi
1289 3154 1377 3223 ob
1424 3175 1733 3223 amorem
1806 3154 2207 3245 sapientiae,
2292 3167 2754 3244 spontaneum
2825 3177 3073 3247 passus

513 3263 621 3310 exi
656 3262 824 3310 ium.
3031 3263 3037 3268 ·

597 3333 634 3417 ξ
707 3334 871 3400 29.
919 3332 1328 3417 Susceptum
1377 3341 1606 3399 autem
1656 3330 2099 3419 episcopatus
2137 3329 2450 3400 ordinem
2505 3330 2921 3400 venerabilis
2971 3331 3077 3399 vir

508 3416 784 3486 Domini
826 3416 1261 3496 CuthbertuS‚
1306 3417 1505 3506 juxta
1578 3430 1941 3508 praecepta
1987 3431 2052 3487 et
2098 3418 2414 3507 exempla
2469 3419 2887 3509 Apostolica,
2943 3420 3078 3489 vir-

510 3514 738 3574 tutum
787 3504 1077 3574 ornabat
1122 3505 1473 3595 operibus.
1530 3506 1984 3576 Commissam
2035 3528 2335 3591 namque
2384 3507 2517 3575 sibi
2581 3506 2850 3597 plebem
2887 3519 2951 3576 et
3000 3529 3078 3576 o-

508 3593 899 3663 rationibus
946 3594 1342 3683 protegebat
1390 3592 1694 3662 assiduis
1723 3606 1788 3663 et
1836 3594 2432 3664 admonitionibus
2467 3595 2948 3665 saluberrimis
2987 3595 3076 3665 ad

505 3681 825 3751 coelestia
886 3680 1194 3751 vocabat.
1250 3686 1326 3750 Et
1372 3681 1557 3768 quod
1630 3682 1931 3750 maxime
1978 3682 2289 3753 doctores
2331 3683 2571 3769 juvat,
2643 3705 2724 3752 ea
2768 3705 2951 3769 quae
2998 3706 3070 3752 a-

505 3770 732 3859 genda
778 3769 1087 3852 docebat,
1144 3770 1292 3859 ipse
1340 3770 1536 3859 prius
1567 3770 1836 3860 agendo
1871 3772 2486 3860 praemonstrabat.
2527 3772 2877 3861 Eripiebat
2926 3773 3078 3842 ino-

509 3880 668 3948 pem
717 3857 803 3926 de
851 3879 1067 3927 manu
1113 3857 1472 3926 fortiorum
1509 3859 1683 3949 ejuS‚
1715 3880 2013 3948 egenum
2047 3871 2112 3927 et
2147 3880 2518 3948 pauperem
2556 3882 2597 3927 a
2641 3859 3076 3949 rapientibus

504 3967 710 4015 eum:
765 3946 992 4015 tristes
1041 3968 1121 4015 ac
1170 3945 1656 4036 pusillanimes
1705 3946 2082 4014 consolari:
2139 3947 2317 4015 male
2366 3963 2595 4018 autem
2647 3948 3066 4036 gaudenteS,

506 4034 593 4103 ad
646 4034 993 4103 tristitiam
1041 4056 1219 4121 quae
1269 4034 1655 4105 secundum
1711 4040 1922 4104 Deum
1965 4047 2105 4115 est,
2161 4056 2481 4104 revocare
2536 4035 2847 4104 curabat.
2904 4035 3079 4104 Soli-

506 4132 647 4192 tam
682 4122 815 4191 sibi
857 4122 1353 4212 parsimoniam
1389 4143 1702 4191 exercere
1750 4122 2037 4192 sedulus
2077 4135 2142 4192 et
2191 4123 2368 4192 inter
2401 4122 2862 4208 frequentiam
2928 4135 3078 4191 tur-

505 4209 756 4278 barum
810 4210 1255 4280 monachicae
1314 4210 1489 4279 vitae
1548 4210 1847 4300 rigorem
1898 4210 2261 4280 observare
2325 4211 2639 4280 solicitus
2700 4210 3070 4301 gaudebat.

508 4298 989 4369 Esurientibus
1037 4298 1392 4378 alimenta,
1451 4297 1859 4368 indumenta
1894 4298 2264 4389 praebebat
2295 4298 2715 4389 algentibus,
2754 4299 3078 4369 caeteris-

507 4407 643 4474 que
689 4387 866 4456 vitae
918 4386 1338 4477 pontificalis
1387 4386 1785 4476 insignibus
1836 4386 1962 4456 rite
2009 4386 2374 4457 decoratus
2426 4387 2815 4457 incedebat.
2867 4387 3078 4477 Cujus
