3327 4999
287 332 393 397 EX
439 333 612 398 JUL.
667 335 707 398 8
1119 353 1198 399 nn
1248 354 1303 402 s.
1359 354 1649 401 mslnono
1698 354 1996 403 EPISCOPO
2618 338 2748 407 605

287 430 516 499 studio
564 432 919 499 virtutum.
988 437 1226 518 Itaque
1284 434 1631 523 sapienter
1686 435 1972 504 docebat
2018 434 2261 503 fratres
2324 446 2564 503 contra
2618 434 2836 504 hosti-
2937 486 2942 490 .

286 516 386 587 les
433 521 788 587 aereorum
826 519 1199 609 spirituum
1251 534 1518 590 turmas
1550 523 1937 591 humilitate
1984 523 2375 611 confligere,
2435 523 2839 591 vanitatem-

287 627 422 690 que
471 607 863 695 superbiae,
936 609 1186 679 mentis
1235 612 1701 699 arrogantiam
1769 624 1834 679 et
1899 611 2113 679 seculi
2180 610 2678 680 oblectamenta
2738 610 2838 677 vi-

290 707 454 762 tare.
514 698 942 785 Proponebat
1008 698 1210 765 etiam
1277 699 1377 766 eis
1442 711 1763 767 accurate
1828 721 1992 767 sane
2056 719 2234 785 quae
2289 698 2443 768 laus
2499 711 2566 767 et
2620 698 2840 788 gloria

287 796 596 883 maneret
644 805 760 853 eos
792 784 912 870 qui
965 783 1267 875 legitime
1316 799 1695 867 certarent,
1751 799 1817 855 et
1865 801 2194 878 perpetuo
2241 786 2732 876 circumspecti
2778 796 2843 854 et

287 885 474 939 cauti
513 884 765 940 essent.
872 924 898 941 ς

375 959 412 1043 ἓ
473 963 620 1030 13.
680 960 983 1045 Denique
1032 962 1434 1030 universum
1486 961 1686 1030 illum
1737 962 2024 1031 fratrum
2074 974 2486 1031 conventum
2525 961 2703 1030 vallo
2751 960 2844 1028 ri-

290 1046 480 1135 goris
530 1060 594 1116 et
642 1047 1093 1117 distrietionis
1127 1050 1268 1118 sive
1317 1050 1695 1119 severitatis
1735 1051 1944 1120 totius
1982 1051 2405 1119 monasticae
2428 1049 2842 1139 disciplinae

287 1134 589 1202 munivit
622 1149 688 1203 et
734 1136 1196 1216 circumfodit,
1237 1159 1321 1205 ne
1372 1138 1725 1228 malignus
1781 1138 2071 1207 daemon
2122 1139 2489 1228 derepente
2537 1138 2718 1205 clam
2770 1136 2837 1203 in

289 1243 448 1289 eum
504 1224 794 1292 irrueret
840 1224 895 1292 ⁴².
950 1230 1234 1294 Noverat
1281 1225 1464 1294 enim
1502 1227 1950 1316 praecipuum
2005 1227 2133 1295 hoc
2183 1226 2287 1294 illi
2328 1225 2672 1295 teterrimo
2699 1224 2842 1379 spi·-

293 1309 460 1379 ritui
497 1311 806 1381 studium
856 1333 1028 1393 esse,
1067 1327 1143 1382 ut
1191 1314 1406 1403 possit
1453 1315 1523 1383 in
1573 1314 1892 1383 homines
1940 1314 2299 1403 religiosos
2325 1314 2465 1383 sive
2498 1313 2740 1403 spirita
2769 1334 2843 1381 es

286 1397 683 1467 incurrere:
740 1400 1093 1487 multoque
1143 1402 1385 1487 majori
1434 1425 1591 1471 eum
1645 1403 1900 1472 laetitia
1947 1402 2155 1481 affici,
2194 1402 2250 1471 si
2292 1402 2390 1470 vel
2425 1423 2645 1470 unum
2681 1400 2841 1468 reli-

295 1487 569 1575 giosum
611 1511 815 1577 prava
854 1489 1197 1558 voluntate
1248 1491 1463 1590 possit
1510 1513 1860 1580 superare,
1914 1512 2124 1577 quam
2182 1491 2239 1559 si
2290 1490 2545 1559 multos
2592 1502 2846 1558 evertat

293 1574 614 1643 homines
653 1576 1023 1645 seculares.
1070 1585 1295 1647 Cernit
1318 1579 1503 1646 enim
1553 1600 1713 1647 eum
1749 1578 1853 1647 sui
1885 1600 1957 1647 se
1987 1579 2293 1647 effecisse
2326 1578 2650 1658 similem,
2682 1598 2839 1645 cum

288 1683 331 1729 a
383 1663 657 1733 coelesti
707 1664 1048 1734 desiderio
1095 1667 1376 1745 corruit,
1431 1666 2024 1751 quemadmodum
2075 1667 2223 1756 ipse
2273 1688 2395 1755 per
2440 1666 2838 1754 superbiam

288 1771 327 1819 e
376 1751 564 1818 coelo
607 1753 767 1820 ruit.
824 1758 963 1821 Hoc
1014 1754 1227 1843 igitur
1275 1766 1473 1843 pacto
1523 1755 1626 1822 vir
1671 1768 1956 1824 sanctus
2014 1755 2194 1823 lilios
2241 1776 2405 1823 suos
2450 1752 2844 1822 coadunare

287 1849 353 1907 et
401 1840 812 1909 confirmare
851 1857 1139 1910 conatus
1168 1855 1293 1911 est.
1348 1842 1424 1910 Id
1468 1864 1626 1911 vero
1651 1843 1771 1911 ubi
1799 1843 2144 1912 seculares
2193 1841 2510 1911 homines
2539 1841 2843 1909 didicere

289 1948 368 1993 ex
429 1939 560 1995 tota
615 1927 730 1997 illa
775 1930 1052 2016 regione
1111 1944 1506 2010 accurrunt,
1559 1943 1625 2000 et
1679 1931 2012 2016 quicquid
2061 1930 2178 1999 ille
2215 1929 2301 1998 ad
2340 1951 2448 1997 res
2497 1928 2845 2018 parandas

291 2016 719 2085 necessarias
769 2017 989 2086 facere
1032 2019 1438 2098 inchoasset,
1479 2019 1613 2107 ipsi
1666 2042 1853 2108 prom
1913 2019 2000 2086 tis
2051 2018 2305 2087 animis
2335 2017 2700 2116 perfecere.
2734 2021 2843 2084 At-

289 2123 422 2187 que
475 2104 598 2171 bac
650 2105 910 2173 ratione
959 2107 1274 2175 effectum
1325 2120 1448 2185 est,
1485 2120 1559 2174 ut
1588 2106 1780 2174 beata
1810 2107 1854 2173 il
1891 2129 1930 2175 a
1969 2120 2409 2196 congregatio
2435 2105 2641 2174 annis
2667 2104 2841 2172 duo-

294 2190 515 2258 decim
560 2192 641 2259 ad
697 2192 1352 2282 quinquagesimum
1406 2217 1626 2281 usque
1661 2196 2113 2282 periectorum
2149 2193 2438 2262 fratrum
2472 2213 2839 2260 numerum

289 2282 679 2349 excreverit.
735 2280 861 2349 Illa
910 2283 1093 2351 enim
1158 2295 1557 2371 tempestate
1625 2283 1830 2372 pauci
1895 2282 2104 2372 hujus
2171 2280 2460 2351 instituti
2521 2280 2841 2349 homines

287 2367 711 2447 visebantur,
766 2391 888 2437 nec
937 2371 1306 2455 quisquam
1342 2371 1520 2437 viam
1573 2369 1775 2445 hanc,
1817 2370 1951 2438 nisi
2005 2370 2354 2458 probatuS‚
2394 2368 2844 2458 aggredieba-

289 2468 426 2524 tur.
473 2455 600 2525 Sed
653 2457 949 2546 Spiritus
983 2464 1273 2528 Sanctus
1321 2459 1449 2544 qui·
1496 2458 2098 2548 congregationem
2153 2458 2332 2527 hanc
2384 2458 2831 2547 plantaverat,

287 2545 493 2612 etiam
545 2546 790 2635 rigavit
839 2568 1014 2624 eam,
1084 2547 1369 2637 perinde
1409 2559 1484 2615 ut
1536 2569 1646 2615 ros
1705 2548 1896 2627 solet,
1956 2547 2021 2614 in
2078 2547 2337 2636 pingue
2384 2546 2608 2615 solum
2653 2544 2841 2613 deci-

287 2632 491 2700 dens:
547 2634 639 2702 ita.
689 2647 763 2703 ut
808 2636 1050 2705 fratres
1100 2637 1166 2703 in
1209 2657 1286 2703 ea
1341 2635 1470 2703 sub
1523 2636 1902 2705 monastica
1950 2633 2323 2724 disciplina
2374 2635 2697 2712 viventeS,
2754 2632 2840 2699 de

286 2721 532 2790 virtute
581 2722 650 2789 in
704 2724 1021 2792 virtutem
1076 2723 1703 2812 proficiscerentur,
1762 2745 1887 2793 nec
1934 2723 2033 2791 eis
2085 2744 2422 2790 remoram
2475 2734 2593 2789 aut
2625 2721 2843 2808 impe-

286 2809 680 2879 dimentum
736 2823 961 2901 posset
994 2812 1261 2881 adferre
1309 2813 1637 2898 antiquus
1691 2811 1804 2880 ille
1853 2811 2239 2880 insidiator.
2296 2810 2423 2878 Ubi
2453 2810 2638 2877 enim
2695 2807 2845 2897 Spi-

287 2897 463 2966 ritus
516 2903 807 2968 Sanctus
842 2922 912 2969 se
963 2922 1083 2988 per
1119 2900 1453 2969 miracula
1506 2914 1933 2990 praesentem
1970 2900 2266 2978 exhibet,
2307 2898 2449 2966 illic
2496 2909 2843 2965 tortuosus

286 2985 404 3053 ille
441 2985 725 3055 coluber
763 2988 1050 3056 timidus
1098 3001 1222 3068 est,
1269 3011 1393 3056 nec
1441 3001 1542 3056 est
1590 3011 1806 3058 ausus
1854 3010 1932 3055 eo
1973 3009 2044 3055 se
2094 2986 2346 3055 inferre
2393 2999 2512 3054 aut
2542 2984 2840 3074 ingredi.

290 3074 552 3158 siquid
595 3095 750 3141 vero
800 3074 976 3144 clam
1016 3076 1112 3144 ibi
1153 3077 1465 3156 seminet,
1520 3076 1586 3143 id
1641 3077 1939 3166 Spiritus
1989 3080 2277 3144 Sanctus
2326 3075 2409 3142 ad
2463 3074 2618 3159 ejus
2647 3075 2847 3162 igno-

289 3161 580 3228 miniam
637 3162 840 3251 plane
879 3164 1260 3231 conculcat.
1318 3170 1392 3231 Et
1433 3164 1675 3232 merita
1723 3165 2001 3249 quidem
2039 3163 2613 3247 sanctitatemque
2663 3160 2847 3229 beati

288 3248 593 3316 Disibbdi
636 3250 833 3338 signa
868 3263 932 3318 et
965 3250 1301 3319 miracula
1335 3251 1797 3331 declararunt,
1824 3251 2061 3320 eadem
2101 3253 2273 3320 citra
2307 3250 2663 3320 fastidium
2698 3271 2846 3318 sae-

288 3335 449 3425 pius
499 3339 1000 3425 repetebantur,
1056 3360 1329 3426 semper
1356 3341 1540 3406 enim
1597 3345 1772 3409 Deus
1824 3361 1994 3407 nova
2045 3339 2228 3408 facit.
2821 3395 2832 3408 .

378 3426 414 3508 ξ
479 3428 616 3495 1-1.
674 3425 788 3493 Vir
832 3427 1115 3511 quidam
1168 3427 1337 3494 adeo
1378 3426 1707 3515 impedita
1741 3440 1884 3494 erat
1920 3427 2159 3515 lingua
2208 3449 2245 3494 e
2279 3426 2499 3494 nimia
2529 3424 2842 3514 corporis

291 3512 790 3590 invaletudine,
845 3527 922 3582 ut
968 3515 1169 3583 verba
1204 3514 1396 3583 nulla
1440 3528 1663 3602 posset
1699 3514 2022 3603 proferre.
2080 3520 2144 3582 Is
2183 3513 2270 3582 ad
2324 3513 2547 3581 virum
2601 3514 2717 3583 Dei
2765 3533 2847 3580 ex

292 3601 670 3689 longinqua
724 3602 1000 3691 regione
1050 3603 1352 3681 veniens,
1424 3603 1712 3669 nutibus
1757 3617 1823 3670 et
1873 3624 2210 3670 manuum
2269 3599 2573 3680 indiciis,
2647 3612 2848 3690 prout

288 3690 533 3780 potnit,
586 3689 1176 3776 lacrymabundus
1208 3712 1366 3758 eum
1403 3691 1663 3767 orabat,
1710 3703 1784 3758 ut
1831 3689 2017 3778 apud
2056 3696 2267 3757 Deum
2317 3688 2465 3757 suis
2520 3689 2845 3778 precibus

291 3790 480 3846 tanto
528 3778 969 3846 incommodo
1021 3778 1402 3846 remedium
1473 3779 1894 3866 impetraret.
1957 3783 2126 3844 Tum
2194 3777 2294 3843 vir
2343 3777 2502 3876 pius
2554 3799 2676 3867 pro
2729 3775 2845 3844 illo

294 3888 526 3945 orans.
587 3880 651 3935 et
700 3867 990 3955 gratiam
1035 3866 1142 3934 Dei
1198 3866 1331 3934 sibi
1380 3865 1620 3934 adesse
1661 3866 1988 3945 sentiens,
2028 3864 2366 3933 Dominici
2413 3864 2710 3954 exempli
2744 3885 2850 3931 re-

294 3955 645 4034 cordatus,
689 3957 757 4022 in
792 3976 869 4023 os
906 3954 1208 4022 hominis
1245 3954 1646 4032 insufflavit,
1684 3954 1964 4022 dicens:
2009 3981 2029 4012 a
2075 3958 2151 4020 In
2187 3953 2467 4022 nomine
2507 3953 2698 4021 illius
2731 3951 2852 4037 qui

290 4043 461 4112 dixit
496 4043 657 4112 olim
714 4056 928 4122 mute,
979 4044 1257 4132 Eplieta,
1311 4055 1375 4110 et
1424 4042 1537 4110 ille
1580 4042 1767 4128 loqui
1817 4041 2063 4131 coepit,
2127 4041 2248 4110 tibi
2297 4041 2648 4131 praecipio
2698 4041 2849 4108 vin-

291 4131 528 4198 culum
580 4131 1027 4209 infirmitatiS,
1086 4131 1269 4216 quod
1327 4130 1632 4199 hominis
1700 4131 1912 4218 hujus
1978 4129 2295 4219 linguam
2355 4130 2718 4210 enervasti,
2776 4139 2851 4196 ut

291 4219 740 4300 dissolvaris,
820 4241 945 4288 nec
995 4219 1365 4310 deinceps,
1438 4241 1577 4305 quo
1627 4219 1864 4288 minus
1915 4217 2103 4305 loqui
2170 4217 2430 4306 possit,
2507 4218 2730 4286 ullum
2785 4216 2849 4284 ei

340 4437 365 4462 ¹⁸
389 4437 453 4476 De
475 4446 568 4478 uno
588 4438 775 4486 dejecto
795 4437 1019 4489 rellgioso
1039 4439 1142 4479 viro
1163 4438 1309 4488 magis
1330 4429 1595 4478 delectnfur
1610 4435 1854 4483 Diabolus,
1873 4445 2017 4487 quum
2031 4436 2090 4478 de
2103 4436 2270 4480 multis
2287 4435 2486 4480 devictis
2505 4433 2845 4475 saecularibus.
2884 4491 2890 4496 .
