3327 4999
186 364 439 428 MART.
500 364 581 428 12
1093 382 1171 430 na
1221 384 1277 432 s.
1332 381 1645 431 carisomo
1694 382 1857 431 ΡΑΡΑ
2528 369 2661 435 227

178 460 604 552 cognoverit.
671 465 831 560 Ipsa
900 473 1128 531 tamen
1181 462 1488 534 defensio
1538 482 1950 553 pauperum,
2005 461 2356 533 moderata
2403 475 2469 535 et
2513 467 2743 556 gravis

176 551 290 631 sit,
346 571 454 623 ne.
499 548 557 619 si
604 549 774 636 quid
812 549 1018 620 nimis
1070 551 1290 641 rigide
1338 552 1563 643 agitis,
1602 573 1682 621 ex
1733 552 2097 640 juventute
2144 572 2263 622 vos
2309 554 2737 627 arbitrentur

176 640 504 709 homines
528 639 909 728 superbire.
938 640 1065 708 Sed
1099 641 1254 710 talis
1280 662 1556 710 necesse
1580 651 1683 710 est
1710 652 1787 708 ut
1818 640 2207 710 inveniatur
2234 663 2356 732 pro
2386 644 2741 733 oppressis

173 742 401 798 vestra
451 725 783 808 defensio,
850 740 1193 813 quatenus
1251 741 1317 798 et
1370 729 1671 799 humiles
1739 728 2230 819 protectionem
2294 731 2615 815 sentiant,
2668 744 2735 804 et

174 837 629 908 oppressores
678 837 814 885 non
865 815 1062 886 facile
1109 817 1463 888 inveniant
1508 817 1692 906 quod
1741 839 1820 888 ex
1855 817 2190 888 malevola
2238 831 2464 889 mente
2505 842 2768 912 repre-⁷

173 906 514 976 hendant.
552 905 831 974 Attende
861 928 1023 996 ergo
1055 908 1239 994 quod
1273 908 1360 976 ad
1410 906 1826 976 Ezechielem
1877 906 2169 976 dicitur:
2226 907 2350 976 Fili
2401 908 2731 994 hominiS,

172 993 527 1066 increduli
574 1005 640 1062 et
688 995 1130 1065 subversores
1177 1008 1341 1066 sunt
1390 1007 1640 1077 tecum,
1679 1007 1744 1065 et
1790 1018 1952 1065 cum
2000 995 2486 1086 scorpionibus
2533 998 2735 1069 habi-

174 1100 303 1156 tas,
360 1090 440 1152 Et
489 1084 731 1152 beatus
760 1084 889 1152 Job
937 1084 1068 1153 ait:
1123 1089 1351 1153 Frater
1388 1085 1487 1154 fui
1537 1085 1945 1165 draconum,
2003 1096 2068 1154 et
2125 1085 2355 1156 socius
2404 1088 2737 1159 struthio—

172 1196 370 1261 num.
410 1178 490 1241 Et
522 1172 776 1241 Paulus
814 1172 1179 1263 discipulis
1225 1173 1429 1243 dicit:
1484 1178 1562 1243 In
1614 1173 1840 1243 medio
1874 1172 2168 1244 nationis
2199 1195 2448 1265 pravae
2476 1188 2541 1245 et
2572 1198 2726 1267 per-

175 1284 436 1341 versae,
511 1261 694 1330 inter
755 1282 928 1348 quos
984 1262 1266 1343 lucetis,
1338 1264 1518 1333 sicut
1584 1261 1956 1332 luminaria
2023 1263 2095 1331 in
2155 1263 2440 1333 mundo.
2517 1271 2734 1336 Tanto

174 1376 337 1454 ergo
387 1350 724 1419 debemus
782 1349 1058 1420 cautius
1120 1352 1519 1431 ambulare,
1572 1364 1831 1439 quanto
1887 1372 2011 1421 nos
2072 1350 2335 1421 scimus
2384 1352 2564 1422 inter
2613 1357 2734 1425 Dei

171 1441 503 1512 immicos
549 1439 857 1507 vivere.»
908 1445 1267 1530 Propterea
1298 1440 1548 1510 Joanni
1578 1441 1902 1531 episcopo
1938 1451 2088 1529 post
2133 1438 2402 1527 aliqua:
2458 1442 2571 1512 «Si
2609 1444 2730 1530 qui

170 1553 441 1610 eorum,
483 1528 571 1597 de
616 1528 873 1613 quibus
904 1538 1007 1598 est
1052 1528 1284 1615 aliqua
1315 1529 1648 1617 quaesti0‚
1689 1529 1756 1598 in
1790 1528 2154 1599 ecclesiam
2203 1528 2489 1601 fortasse
2538 1532 2723 1601 refu-

168 1620 423 1712 gerint,
478 1619 567 1686 ita
620 1616 819 1686 debet
863 1639 1076 1686 causa
1108 1617 1407 1708 disponi,
1446 1629 1524 1688 ut
1554 1640 1678 1687 nec
1709 1618 1840 1708 ipsi
1892 1617 2288 1688 violentiam
2341 1619 2717 1709 patiantur,

169 1732 298 1778 nec
348 1707 421 1776 hi
470 1705 592 1794 qui
630 1705 962 1805 dicuntur
1005 1708 1337 1797 oppressi,
1387 1707 1644 1781 damna
1693 1707 2100 1777 sustineant.
2156 1710 2372 1776 Curae
2419 1729 2582 1799 ergo
2615 1733 2727 1779 ve-

166 1811 352 1868 strae
403 1795 512 1875 sit,
569 1806 643 1863 ut
686 1817 787 1863 eis
852 1808 1359 1866 sacramentum
1408 1797 1495 1865 ab
1545 1796 1678 1877 his,
1730 1818 2028 1883 quorum
2078 1794 2381 1877 interest,
2450 1797 2534 1867 de
2584 1819 2728 1868 ser-

168 1886 398 1956 vanda
438 1885 586 1973 lege
632 1895 697 1953 et
732 1884 1003 1973 justitia
1052 1885 1510 1974 promittatur,
1563 1897 1629 1954 et
1683 1906 1802 1974 per
1861 1884 2095 1954 omnia
2144 1902 2725 1956 commoneantur

165 1976 378 2053 exire,
421 1987 625 2061 atque
658 1994 946 2041 suorum
994 1986 1278 2043 actuum
1328 1973 1611 2042 reddere
1658 1966 2017 2042 rationem.
2072 1973 2333 2051 Quibus
2379 1974 2582 2043 etiam
2618 1997 2729 2046 ec—

164 2064 422 2135 clesiae
472 2075 731 2130 vestrae
776 2060 1205 2131 defensorem
1255 2062 1584 2151 deputare
1619 2083 1735 2132 vos
1781 2062 2120 2144 convenit,
2173 2062 2377 2153 cujus
2415 2062 2724 2134 solicitu-

146 2153 366 2233 ‘dine‚
419 2173 500 2220 ea
546 2172 724 2237 quae
771 2149 910 2221 illis
944 2149 1198 2220 fuerint
1231 2151 1571 2241 promissa
1607 2163 2051 2220 serventur.»

256 2244 294 2329 ξ
360 2245 511 2313 44.
565 2244 873 2322 Quantae
920 2239 1331 2309 humilitatis
1397 2239 1764 2330 Gregorius
1812 2239 2037 2320 fuerit,
2090 2260 2253 2308 cum
2315 2260 2395 2308 ex
2444 2240 2706 2324 multis,

166 2341 319 2400 tum
371 2351 449 2399 ex
500 2329 609 2398 his
659 2326 1217 2398 manifestissime
1252 2329 1495 2419 poterit
1543 2328 1990 2418 deprehendi,
2046 2326 2230 2415 quod
2277 2350 2517 2397 omnes
2564 2331 2722 2418 qui-

162 2420 327 2489 dem
381 2417 791 2496 sacerdotes,
860 2417 1102 2487 fratres
1149 2430 1214 2486 et
1249 2416 1797 2487 comministros:
1849 2416 2133 2486 clericos
2182 2428 2413 2486 autem
2463 2417 2717 2489 diversi

158 2509 462 2590 ordinis,
498 2506 949 2577 dilectissimo
998 2507 1213 2578 filios:
1267 2520 1336 2578 at
1382 2529 1538 2577 vero
1582 2508 1792 2578 laicos
1830 2506 2031 2586 viros,
2085 2506 2439 2576 dominos:
2493 2520 2558 2577 et
2588 2508 2725 2578 foe-

157 2597 422 2679 minaS‚
477 2595 797 2665 dominas
846 2595 916 2664 in
967 2597 1114 2666 suis
1162 2595 1377 2667 literis
1438 2596 1861 2678 nominabat,
1931 2617 2152 2682 neque
2210 2596 2297 2664 ab
2346 2595 2580 2683 aliquo
2644 2619 2719 2666 se

159 2692 541 2757 Summum
592 2685 1013 2764 Pontificem,
1068 2696 1188 2755 aut
1237 2685 1702 2755 Universalem
1754 2686 1893 2754 sive
1942 2684 2310 2754 Dominum
2346 2685 2575 2753 vocari
2607 2708 2722 2754 ae-

158 2775 594 2863 quanimiter
641 2773 1096 2864 permittebat.
1150 2779 1317 2843 Nam
1356 2786 1434 2844 ut
1478 2796 1557 2842 ea
1602 2796 1780 2861 quae
1830 2796 2037 2863 super
2085 2773 2488 2864 hujusmodi
2527 2796 2720 2842 com-

158 2865 511 2956 prehensa
561 2874 746 2944 sunt,
784 2862 1345 2952 praetermittam,
1391 2863 1829 2933 Rusticianae
1860 2861 2173 2953 patritiae
2203 2862 2534 2944 scribenS‚
2590 2863 2712 2932 ait:

158 2952 664 3023 «Excellentiae
713 2964 973 3022 vestrae
1020 2951 1152 3022 scri
1211 2965 1275 3021 ta
1324 2952 1597 3040 suscepi
1634 2973 1813 3039 quae
1862 2974 1970 3020 me
2019 2951 2090 3019 in
2139 2951 2549 3041 gravissima
2597 2974 2715 3021 ae-

155 3042 518 3134 gritudine
555 3041 877 3131 positum,
933 3041 1020 3110 de
1078 3063 1152 3112 sa
1184 3052 1320 3121 ute,
1358 3040 1442 3110 de
1487 3040 1865 3120 devotione,
1904 3062 1984 3110 ac
2031 3040 2116 3108 de
2163 3038 2531 3109 dulcedine
2582 3063 2714 3111 sua

154 3132 450 3201 omnino
513 3130 1207 3200 relevarunt.‘Unum
1272 3149 1430 3198 vero
1490 3151 1690 3218 aegre
1748 3128 2046 3219 suscepi,
2110 3129 2274 3215 quia
2321 3128 2392 3197 in
2441 3129 2705 3200 eisdem

150 3220 472 3321 epistolis
519 3219 607 3288 ad
657 3241 766 3288 me
812 3219 995 3306 quod
1047 3217 1254 3289 semel
1304 3239 1451 3286 esse
1501 3229 1781 3308 poterat,
1822 3218 2099 3308 saepius
2146 3216 2525 3299 dicebatur,
2578 3223 2712 3287 An-

150 3309 322 3380 cllla
374 3320 594 3380 vestra
640 3319 704 3377 et
751 3307 1011 3377 Ancilla
1044 3319 1281 3377 vestra.
1320 3312 1456 3396 Ego
1493 3307 1677 3376 enim
1715 3307 1835 3394 qui
1875 3329 1994 3396 per
2026 3306 2464 3407 episcopatus
2500 3329 2714 3376 onera

152 3420 403 3470 servus
429 3420 585 3469 sum
617 3396 933 3467 omnium
982 3395 1204 3465 factus
1249 3396 1307 3476 ⁴⁸,
1360 3417 1499 3482 qua
1549 3396 1806 3464 ratione
1835 3408 1897 3466 te
1924 3394 2096 3464 mihi
2144 3394 2467 3465 ancillam
2503 3395 2706 3477 dicis,

149 3488 369 3576 cujus
393 3498 552 3555 ante
583 3496 981 3575 susceptum
1029 3485 1502 3576 episcopatum
1554 3487 1877 3576 proprius
1902 3483 2050 3554 fui?
2095 3489 2173 3553 Et
2205 3484 2355 3553 ideo
2391 3506 2555 3574 rogo
2589 3506 2711 3574 per

147 3575 701 3676 omnipotentem
754 3580 991 3675 Deum,
1046 3596 1133 3643 ne
1182 3575 1311 3643 hoc
1361 3575 1646 3643 verbum
1695 3572 2069 3661 aliquando
2117 3573 2202 3642 ad
2254 3593 2364 3641 me
2410 3572 2484 3640 in
2538 3572 2714 3643 scri-

152 3678 298 3758 ptis
351 3677 593 3734 vestris
635 3684 1072 3733 invenlam.»

247 3759 285 3843 ξ
352 3759 503 3826 45.
560 3753 786 3843 Hujus
833 3752 1243 3823 humilitatis
1293 3750 1826 3821 mansuetudine
1876 3750 2244 3839 Gregorius
2293 3770 2428 3818 non
2481 3748 2713 3820 solum

147 3842 665 3913 ‘theodelindae
727 3843 1001 3934 reginae
1058 3842 1663 3933 Longobardorum
1718 3861 1839 3930 pro
1887 3839 2134 3908 Tribus
2182 3838 2539 3929 Capitulis,
2595 3859 2716 3907 ve-

148 3955 312 4004 rum
365 3932 569 4001 etiam
622 3932 799 4001 inter
845 3931 1015 4001 alios
1065 3933 1309 4001 Savino
1357 3952 1628 4022 quoque
1677 3950 1804 3998 suo
1853 3927 2278 3998 subdiacono
2311 3926 2711 3997 satisfacere

144 4044 289 4092 non
346 4021 597 4102 renuit,
637 4020 915 4092 dicens:
969 4025 1362 4089 «Exeuntes
1412 4019 1703 4109 maligni
1753 4017 2090 4096 homines,
2150 4016 2512 4087 turbavere
2562 4016 2716 4086 ani-

146 4133 306 4181 mos
362 4123 640 4189 vestroS,
701 4130 836 4178 non
898 4108 1355 4199 intelligentes
1401 4129 1621 4195 neque
1668 4129 1846 4194 quae
1896 4106 2295 4193 loquuntur,
2351 4127 2575 4193 neque
2625 4105 2714 4173 de

140 4201 415 4287 quibus
462 4198 851 4268 affirmant:
893 4197 1328 4268 Adstruentes
1375 4197 1558 4284 quod
1610 4195 1872 4282 aliquid
1923 4195 2009 4264 de
2060 4207 2294 4265 sancta
2334 4194 2713 4265 Chalcedo-

146 4286 365 4357 nensi
391 4287 652 4377 synodo
683 4287 836 4379 piae
866 4288 1234 4357 memoriae
1257 4291 1296 4355 J
1303 4286 1635 4356 ustiniani
1659 4284 2086 4376 temporibus
2115 4284 2200 4356 sit
2225 4283 2707 4353 imminutum:

143 4449 531 4545 sgzfflmffff
550 4450 759 4491 summis
784 4449 1105 4498 Pontificibus,
1129 4450 1383 4500 Gressofflffi
1404 4451 1600 4502 Mfflmlss
1619 4450 1719 4490 suis
1749 4449 1924 4490 litteris
1953 4448 2206 4489 formulam
2234 4445 2504 4497 praemisit:
2534 4445 2732 4504 Sssnvusx

391 4533 398 4542 .
524 4513 553 4542 1.
