3327 4999
763 336 888 400 450
1572 355 1650 400 mi:
1699 355 1755 401 s.
1809 353 2118 401 cuneomo
2167 353 2326 400 rara
2823 332 3040 398 MART.
3084 332 3144 396 ⁴2

668 455 826 502 vero
874 454 965 515 se,
993 430 1294 500 vetulum
1345 434 1734 503 veneranda
1763 433 2063 519 quadam
2112 431 2362 502 canitie
2410 431 2759 511 simulare,
2798 429 2973 499 finito
3014 452 3143 499 con-

670 522 870 601 vivi0,
936 519 1298 589 duodecim
1357 520 1637 607 quidem
1706 521 1893 591 abire
1957 522 2307 612 permisit:
2375 519 2985 591 tertiumdecimum
3026 539 3147 586 vero

671 609 888 679 manu
938 609 1346 697 suscipiens,
1399 609 1469 676 in
1520 610 1920 679 cubiculum
1956 633 2157 682 suum
2196 609 2487 690 induxit,
2541 610 2958 677 vehementer
2998 607 3147 697 adju·

672 721 857 780 ranS,
911 711 988 767 ut
1033 697 1094 765 ei
1143 720 1214 766 se
1265 720 1652 785 nomenque
1714 721 1920 768 suum
1969 697 2375 789 simpliciter
2435 697 2719 788 prbdere
2780 694 3147 787 dignaretur.

672 787 804 870 Qui
853 786 1297 875 respondenS,
1351 786 1562 856 dixit:
1616 793 1753 856 «Et
1784 810 1912 857 cur
1960 788 2336 887 interrogas
2377 786 2461 855 de
2510 787 2790 855 nomine
2820 807 2980 865 mee,
3009 783 3151 870 quod

674 886 777 945 est
825 874 1190 944 mirabile?
1235 880 1715 946 Verumtamen
1768 876 1937 946 scito
1971 877 2302 945 memoria
2340 897 2857 967 recognoscens,
2889 873 3034 961 quia
3061 893 3152 959 ego

660 974 828 1033 *sum
901 962 1278 1054 naufragus
1342 963 1457 1032 ille
1503 965 1623 1052 qui
1671 966 2021 1051 quondam
2077 964 2223 1033 veni
2265 965 2350 1033 ad
2401 975 2486 1045 te,
2539 963 2816 1050 quando
2866 961 3155 1046 scribebas

673 1053 746 1122 in
795 1051 967 1122 cella
1015 1053 1414 1123 monasterii
1472 1053 1574 1123 tui
1622 1053 1708 1122 ad
1758 1053 2011 1123 clivum
2065 1053 2326 1134 Scauri,
2382 1052 2497 1122 cui
2546 1051 2795 1122 dedisti
2844 1049 3149 1119 duodecim

672 1141 1095 1211 numismata
1159 1152 1223 1210 et
1269 1153 1660 1232 argenteam
1714 1142 2097 1222 scutellam,
2140 1164 2350 1229 quam
2400 1140 2523 1210 tibi
2572 1141 2854 1212 miserat
2896 1161 3037 1208 cum
3078 1138 3153 1204 in-

672 1229 847 1301 fusis
897 1229 1368 1320 leguminibus
1401 1231 1597 1300 beata
1647 1231 1876 1319 Sylvia
1925 1243 2138 1299 mater
2186 1243 2325 1299 tua.
2386 1235 2462 1298 Et
2510 1230 2638 1298 hoc
2690 1229 2816 1299 tibi
2865 1250 2977 1319 pro
3018 1238 3154 1295 certo

669 1318 758 1387 sit
806 1320 1184 1409 cognitum,
1245 1319 1409 1404 quia
1466 1320 1553 1389 ab
1600 1318 1719 1388 illo
1768 1319 1900 1399 die,
1953 1340 2089 1419 quo
2125 1319 2294 1387 mihi
2344 1318 2512 1387 haec
2560 1317 2766 1387 hilari
2808 1319 3024 1387 animo
3063 1312 3151 1383 tri·

671 1407 906 1488 buisti‚
960 1405 1323 1476 destinavit
1372 1420 1434 1476 te
1484 1408 1815 1478 Dominus
1855 1402 2427 1497 flerspraesulem
2463 1420 2739 1477 sanctae
2780 1429 2942 1478 suae
2974 1402 3153 1473 Eccle-

671 1495 835 1576 siae,
894 1517 1015 1586 pro
1048 1517 1186 1582 qua
1230 1508 1295 1564 et
1343 1496 1700 1587 proprium
1752 1495 2163 1587 sanguinem
2197 1495 2395 1577 fudit,
2424 1506 2488 1564 et
2543 1517 2691 1564 esse
2740 1507 2802 1564 te
2862 1511 3155 1564 successo-

670 1606 819 1653 rem
868 1597 1070 1671 atque
1119 1584 1461 1655 vicarium
1511 1584 1986 1675 Apostolorum
2038 1585 2374 1675 principis
2423 1585 2622 1664 Petri,
2661 1585 2867 1675 cujus
2899 1599 2960 1653 et
2995 1581 3158 1649 virtu·

672 1686 803 1742 tem
875 1673 1179 1743 imitatus
1241 1695 1351 1754 eS‚
1424 1695 1583 1742 cum
1652 1673 2075 1743 substantias
2120 1674 2549 1743 offerentium
2601 1672 2955 1753 divideret,
3006 1678 3155 1760 prout

671 1762 921 1847 cuique
970 1783 1145 1852 opus
1177 1774 1391 1832 erat.»
1420 1767 1599 1832 Haec
1630 1763 1922 1833 audiens
1949 1762 2339 1852 Gregorius,
2378 1761 2583 1830 dixit:
2622 1767 2741 1830 «Et
2770 1774 2849 1831 tu
2874 1754 3158 1848 quomodo

672 1851 870 1919 nosti.
925 1850 1106 1937 quod
1152 1863 1314 1919 tunc
1347 1872 1454 1918 me
1501 1850 1834 1920 Dominus
1868 1872 2178 1941 praeesse
2204 1863 2478 1920 sanetae
2516 1872 2680 1918 suae
2713 1850 3041 1920 Ecclesiae
3066 1846 3153 1913 de·

672 1940 1051 2009 stinarit?»
1099 1943 1175 2008 At
1223 1938 1338 2007 ille
1384 1938 1643 2026 inquit:
1700 1962 1736 2005 «
1783 1940 2117 2021 Quoniam
2176 1961 2300 2029 ego
2348 1938 2646 2030 Angelus
2711 1939 2868 2026 ejus
2916 1960 3077 2014 sum,
3119 1942 3162 2000 el

671 2041 835 2097 tunc
884 2028 969 2096 ab
1002 2050 1080 2097 eo
1127 2027 1211 2095 ad
1265 2040 1460 2096 tuum
1511 2027 2005 2116 inquirendum
2050 2049 2170 2118 pro
2224 2027 2471 2096 ositum
2509 2027 2918 2097 destinatus
2958 2051 2989 2094 »
3020 2031 3159 2093 Tunc

673 2117 1060 2217 Gregorius,
1115 2116 1277 2202 quia
1327 2116 1636 2185 nondum
1680 2117 2038 2185 manifeste
2089 2116 2151 2184 vi
2205 2127 2348 2185 erat
2376 2115 2725 2207 angelum,
2782 2137 3055 2206 prorsus
3080 2130 3160 2179 ex-

720 2219 877 2286 avit,
918 2205 1187 2293 sibique
1227 2205 1412 2274 hunc
1448 2204 1671 2274 taliter
1717 2206 2058 2274 dicentem
2114 2204 2419 2274 audivit:
2474 2211 2622 2274 «Ne
2670 2205 2938 2282 timeas,
2992 2218 3162 2286 neque

697 2293 1019 2363 ormldes.
1085 2298 1253 2363 Ecce
1304 2293 1490 2361 enim
1565 2293 1830 2363 remisit
1896 2317 2003 2362 me
2072 2294 2426 2373 Dominus,
2490 2306 2566 2362 ut
2626 2293 2758 2362 sim
2811 2295 2941 2364 tibi
2981 2301 3164 2362 custos

669 2383 983 2468 quandiu
1030 2380 1243 2451 fueris
1309 2381 1379 2450 in
1441 2382 1570 2451 isto
1639 2381 1911 2452 mortali
1967 2381 2240 2451 seculo:
2302 2394 2645 2469 quatenus
2695 2395 3163 2469 quamcumque

671 2493 813 2540 rem
878 2471 1177 2563 petieriS,
1233 2492 1353 2561 per
1400 2491 1509 2540 me
1556 2470 1743 2561 apud
1792 2492 1949 2540 eum
2001 2469 2413 2541 fiducialiter
2478 2470 2703 2541 valeas
2750 2471 3164 2562 impetrare.»

669 2559 837 2630 Ilico
878 2560 1246 2650 Gregorius
1293 2559 1365 2628 in
1397 2557 1637 2628 faciem
1692 2582 1890 2629 suam
1930 2560 2208 2641 corruit,
2265 2560 2544 2630 dicens:
2591 2559 2717 2629 «si
2750 2574 3039 2652 ‘propter
3080 2576 3166 2646 pu·

670 2648 906 2718 sillum
939 2671 1131 2719 meae
1169 2646 1521 2738 parvitatis
1572 2647 2071 2719 munusculum
2121 2661 2308 2719 tanta
2342 2649 2513 2717 mibi
2545 2649 2866 2720 retribuit
2905 2646 3167 2800 omnipo

669 2738 1097 2808 tentissimus
1146 2735 1499 2817 Dominus,
1563 2747 1640 2805 ut
1703 2749 1768 2806 et
1832 2736 2228 2806 Pontificem
2279 2759 2386 2805 me
2434 2752 2709 2806 sanctae
2759 2761 2929 2808 suae
2977 2742 3091 2806 Ecc
3115 2753 3163 2799 e-

669 2827 811 2897 siae
859 2825 1129 2904 faceret,
1181 2837 1246 2892 et
1291 2823 1643 2893 custodem
1693 2825 1864 2893 mihi
1898 2848 2101 2894 suum
2137 2825 2461 2917 angelum
2510 2825 2594 2894 de
2646 2839 2908 2896 utaret:
2959 2834 3170 2912 quanta

669 2927 906 3005 putem
942 2913 1114 2982 mihi
1147 2912 1436 2995 restitui,
1476 2913 1534 2982 si
1567 2913 1636 2982 in
1676 2914 2054 3004 praeceptis
2100 2914 2249 2984 e'us
2285 2914 2439 2983 totis
2471 2849 2734 2983 viribus
2766 2930 3163 3005 permanens,-

720 3002 872 3071 lura
919 3001 1247 3071 studuero
1281 3001 1364 3070 de
1457 3001 1728 3073 Iuribus
1775 3024 1891 3071 ero
1941 3007 2104 3071 are?
2185 3027 2219 3068 »
2274 3008 2302 3071 Ι
2358 3004 2491 3072 itur
2553 3003 2899 3093 incipiens
2950 3012 3169 3072 tantum

705 3090 936 3190 argior
979 3112 1127 3160 esse
1174 3090 1258 3159 de
1304 3023 1550 3159 collato
1601 3026 1958 3181 temporali
2022 3111 2290 3161 commo
2342 3113 2404 3173 o,
2456 3105 2793 3179 quantum
2844 3093 3081 3162 certior
3111 3084 3173 3152 de
3272 3106 3273 3109 ’

668 3179 1067 3269 recipiendo
1117 3179 1421 3269 praemio
1468 3180 1909 3269 sempiterno,
1962 3193 2366 3249 cunctorum
2419 3181 2995 3271 patrimoniorum
3024 3196 3174 3269 prae-

669 3268 1082 3355 diorumque
1121 3268 1402 3347 reditus,
1443 3291 1521 3337 ex
1571 3268 1926 3338 Gelasiano
1968 3267 2126 3358 poly
2183 3269 2406 3356 tych0,
2458 3270 2658 3360 cujus
2702 3270 3037 3340 nimirum
3069 3278 3174 3334 stu-

671 3357 1111 3426 diosissimus
1146 3357 1503 3427 videbatur
1550 3358 1818 3448 pedisse
1869 3378 2024 3438 uuS,
2078 3379 2118 3424 a
2170 3358 2444 3440 aeravit‚
2509 3379 2890 3445 eorumque
2940 3354 3177 3449 pensio-

670 3445 880 3515 nibus
928 3445 995 3514 in
1048 3468 1216 3517 auro
1286 3457 1704 3537 argentoque
1760 3445 2024 3515 colatis
2090 3446 2416 3516 omnibus
2463 3446 2829 3519 ordinibus
2882 3441 3179 3516 Ecclesia-

671 3534 883 3614 sticis‚
921 3533 1020 3603 vel
1073 3534 1418 3625 palatinis,
1474 3534 1930 3615 monasteriis,
1984 3533 2313 3617 ecclesiis,
2344 3536 2791 3617 coemeteriis,
2847 3530 3178 3605 diaconiis,

670 3623 1137 3705 xenodochiis,
1192 3623 1503 3702 urbaniS‚
1557 3621 1659 3691 vel
1710 3622 2213 3693 suburbanis..

759 3713 795 3799 ξ
855 3717 997 3785 14.
1051 3713 1296 3783 Tribus
1338 3710 1645 3780 millibus
1695 3710 1966 3782 ancillis
2000 3710 2138 3793 Dei,
2180 3733 2353 3798 quas
2388 3711 2624 3782 Graeci
2672 3712 3076 3783 Monastrias
3098 3726 3186 3774 vo·

670 3813 828 3869 cant
875 3801 1272 3887 quindecim
1342 3799 1553 3870 libras
1614 3800 1769 3869 auri
1832 3822 1952 3891 pro
2011 3800 2469 3880 lectisterniis,
2540 3801 2751 3882 dedit,
2802 3801 3041 3888 eisque
3086 3814 3184 3886 pro

670 3889 1090 3975 quotidianis
1139 3888 1500 3989 stipendiis
1546 3889 1891 3980 octoginta
1946 3888 2159 3958 libras
2214 3888 2607 3959 annualiter
2652 3889 3068 3960 conserebat.
3116 3888 3187 3952 De

668 3979 926 4065 quibus
974 3979 1351 4047 Theoctisto
1404 3977 1689 4068 patricio
1739 3976 2069 4058 scribens,
2136 3981 2496 4059 «Harum,
2552 3981 2812 4080 inquit,
2874 3979 3029 4049 talis
3076 3974 3183 4040 vita

670 4079 794 4149 est,
849 4080 1051 4154 atque
1098 4068 1440 4136 intantum
1502 4066 1828 4156 lacrymis
1883 4077 1948 4136 et
2003 4065 2415 4136 abstinentia
2463 4067 2795 4150 districta,
2849 4081 2930 4138 ut
2975 4061 3188 4135 creda-

670 4177 829 4225 mus
876 4155 1038 4242 quia
1087 4155 1145 4224 si
1193 4154 1216 4224 i
1269 4177 1382 4224 sae
1429 4177 1565 4224 non
1616 4167 1866 4235 essent,
1903 4154 2142 4226 nullus
2185 4169 2493 4225 nostrum
2534 4155 2679 4242 jam
2716 4178 2836 4247 per
2872 4170 2967 4226 tot
2992 4169 3188 4224 annos

655 4242 742 4311 ‘in
778 4244 923 4314 loco
970 4244 1101 4312 hoc
1145 4266 1228 4313 su
1280 4243 1517 4314 sistere
1546 4244 1724 4314 inter
1753 4243 2359 4344 Longobardorum
2390 4243 2656 4336 gladios
2683 4246 3018 4336 potuisset
3041 4241 3125 4307 ⁴*-
3158 4259 3186 4301 ὓ

731 4401 758 4428 *
787 4401 1002 4450 Gregorii
1021 4401 1250 4442 immense
1265 4402 1541 4443 liberalitas.

724 4455 779 4483 *⁴
808 4455 869 4495 Ut
884 4455 1072 4505 prosint
1091 4457 1264 4497 collata
1277 4456 1723 4498 sanctimonialibus
1743 4456 1969 4498 subsidia.
