<?xml version="1.0" encoding="UTF-8"?>
<!DOCTYPE html PUBLIC "-//W3C//DTD XHTML 1.0 Transitional//EN"
    "http://www.w3.org/TR/xhtml1/DTD/xhtml1-transitional.dtd">
<html xmlns="http://www.w3.org/1999/xhtml" xml:lang="en" lang="en">
 <head>
  <title>
</title>
<meta http-equiv="Content-Type" content="text/html;charset=utf-8" />
  <meta name='ocr-system' content='tesseract 3.04.00' />
  <meta name='ocr-capabilities' content='ocr_page ocr_carea ocr_par ocr_line ocrx_word'/>
</head>
<body>
  <div class='ocr_page' id='page_1' title='image "./historiaeseuvit04lippgoog_0277.png"; bbox 0 0 3327 4999; ppageno 0'>
   <div class='ocr_carea' id='block_1_1' title="bbox 205 318 2647 385">
    <p class='ocr_par' dir='ltr' id='par_1_1' title="bbox 205 318 2647 385">
     <span class='ocr_line' id='line_1_1' title="bbox 205 318 2647 385; baseline -0.001 0"><span class='ocrx_word' id='word_1_1' title='bbox 205 318 439 385; x_wconf 69' lang='lat' dir='ltr'><strong>MART.</strong></span> <span class='ocrx_word' id='word_1_2' title='bbox 498 318 603 381; x_wconf 70' lang='lat'>42·</span> <span class='ocrx_word' id='word_1_3' title='bbox 1159 333 1236 379; x_wconf 78' lang='lat' dir='ltr'>m:</span> <span class='ocrx_word' id='word_1_4' title='bbox 1285 334 1341 380; x_wconf 90' lang='lat' dir='ltr'>s.</span> <span class='ocrx_word' id='word_1_5' title='bbox 1395 335 1769 383; x_wconf 65' lang='lat' dir='ltr'>manemus</span> <span class='ocrx_word' id='word_1_6' title='bbox 2518 319 2647 383; x_wconf 73' lang='lat'>263</span> 
     </span>
    </p>
   </div>
   <div class='ocr_carea' id='block_1_2' title="bbox 77 413 2744 4496">
    <p class='ocr_par' dir='ltr' id='par_1_2' title="bbox 206 413 2740 1392">
     <span class='ocr_line' id='line_1_2' title="bbox 208 413 2730 516; baseline -0.001 -29"><span class='ocrx_word' id='word_1_7' title='bbox 208 415 520 503; x_wconf 75' lang='lat' dir='ltr'>arbitror)</span> <span class='ocrx_word' id='word_1_8' title='bbox 564 414 843 491; x_wconf 78' lang='lat' dir='ltr'>veritus,</span> <span class='ocrx_word' id='word_1_9' title='bbox 898 434 1021 503; x_wconf 88' lang='lat' dir='ltr'>per</span> <span class='ocrx_word' id='word_1_10' title='bbox 1068 413 1402 483; x_wconf 84' lang='lat' dir='ltr'>nuncium</span> <span class='ocrx_word' id='word_1_11' title='bbox 1452 416 1617 485; x_wconf 91' lang='lat' dir='ltr'>haec</span> <span class='ocrx_word' id='word_1_12' title='bbox 1667 416 1768 485; x_wconf 88' lang='lat' dir='ltr'>illi</span> <span class='ocrx_word' id='word_1_13' title='bbox 1803 415 2250 516; x_wconf 78' lang='lat' dir='ltr'>significavit:</span> <span class='ocrx_word' id='word_1_14' title='bbox 2290 438 2326 483; x_wconf 84' lang='lat'>«</span> <span class='ocrx_word' id='word_1_15' title='bbox 2364 416 2431 486; x_wconf 92' lang='lat' dir='ltr'>Si</span> <span class='ocrx_word' id='word_1_16' title='bbox 2462 416 2730 496; x_wconf 89' lang='lat' dir='ltr'>venisti,</span> 
     </span>
     <span class='ocr_line' id='line_1_3' title="bbox 210 502 2738 596; baseline -0.001 -21"><span class='ocrx_word' id='word_1_17' title='bbox 210 518 282 575; x_wconf 92' lang='lat' dir='ltr'>ut</span> <span class='ocrx_word' id='word_1_18' title='bbox 322 504 491 576; x_wconf 87' lang='lat' dir='ltr'>mihi</span> <span class='ocrx_word' id='word_1_19' title='bbox 542 524 803 573; x_wconf 89' lang='lat' dir='ltr'>morem</span> <span class='ocrx_word' id='word_1_20' title='bbox 843 523 1039 592; x_wconf 88' lang='lat' dir='ltr'>geras</span> <span class='ocrx_word' id='word_1_21' title='bbox 1075 502 1442 592; x_wconf 84' lang='lat' dir='ltr'>(adventus</span> <span class='ocrx_word' id='word_1_22' title='bbox 1474 506 1659 574; x_wconf 90' lang='lat' dir='ltr'>enim</span> <span class='ocrx_word' id='word_1_23' title='bbox 1700 505 2011 576; x_wconf 77' lang='lat' dir='ltr'>celeritas</span> <span class='ocrx_word' id='word_1_24' title='bbox 2043 505 2296 574; x_wconf 91' lang='lat' dir='ltr'>bonam</span> <span class='ocrx_word' id='word_1_25' title='bbox 2331 505 2502 574; x_wconf 89' lang='lat' dir='ltr'>mihi</span> <span class='ocrx_word' id='word_1_26' title='bbox 2542 527 2738 596; x_wconf 90' lang='lat' dir='ltr'>spem</span> 
     </span>
     <span class='ocr_line' id='line_1_4' title="bbox 212 591 2734 682; baseline -0 -19"><span class='ocrx_word' id='word_1_27' title='bbox 212 595 490 682; x_wconf 90' lang='lat' dir='ltr'>attulit),</span> <span class='ocrx_word' id='word_1_28' title='bbox 545 592 714 662; x_wconf 89' lang='lat' dir='ltr'>scito</span> <span class='ocrx_word' id='word_1_29' title='bbox 764 603 898 659; x_wconf 90' lang='lat' dir='ltr'>tam</span> <span class='ocrx_word' id='word_1_30' title='bbox 950 591 1188 659; x_wconf 87' lang='lat' dir='ltr'>multis</span> <span class='ocrx_word' id='word_1_31' title='bbox 1236 604 1298 661; x_wconf 92' lang='lat' dir='ltr'>te</span> <span class='ocrx_word' id='word_1_32' title='bbox 1344 593 1545 663; x_wconf 90' lang='lat' dir='ltr'>bonis</span> <span class='ocrx_word' id='word_1_33' title='bbox 1593 593 1966 663; x_wconf 87' lang='lat' dir='ltr'>fruiturum</span> <span class='ocrx_word' id='word_1_34' title='bbox 2002 649 2018 675; x_wconf 92' lang='lat'>,</span> <span class='ocrx_word' id='word_1_35' title='bbox 2070 614 2278 680; x_wconf 89' lang='lat' dir='ltr'>quam</span> <span class='ocrx_word' id='word_1_36' title='bbox 2329 593 2566 665; x_wconf 88' lang='lat' dir='ltr'>multis</span> <span class='ocrx_word' id='word_1_37' title='bbox 2617 615 2734 663; x_wconf 88' lang='lat' dir='ltr'>cos</span> 
     </span>
     <span class='ocr_line' id='line_1_5' title="bbox 215 679 2740 773; baseline 0 -23"><span class='ocrx_word' id='word_1_38' title='bbox 215 682 336 752; x_wconf 86' lang='lat' dir='ltr'>frui</span> <span class='ocrx_word' id='word_1_39' title='bbox 368 705 494 773; x_wconf 89' lang='lat' dir='ltr'>par</span> <span class='ocrx_word' id='word_1_40' title='bbox 523 694 647 761; x_wconf 87' lang='lat' dir='ltr'>est,</span> <span class='ocrx_word' id='word_1_41' title='bbox 685 679 805 767; x_wconf 90' lang='lat' dir='ltr'>qui</span> <span class='ocrx_word' id='word_1_42' title='bbox 841 680 1157 770; x_wconf 89' lang='lat' dir='ltr'>propriae</span> <span class='ocrx_word' id='word_1_43' title='bbox 1196 679 1527 751; x_wconf 90' lang='lat' dir='ltr'>voluntati</span> <span class='ocrx_word' id='word_1_44' title='bbox 1561 682 2002 772; x_wconf 89' lang='lat' dir='ltr'>Imperatoris</span> <span class='ocrx_word' id='word_1_45' title='bbox 2038 682 2452 751; x_wconf 91' lang='lat' dir='ltr'>voluntatem</span> <span class='ocrx_word' id='word_1_46' title='bbox 2484 695 2550 753; x_wconf 89' lang='lat' dir='ltr'>et</span> <span class='ocrx_word' id='word_1_47' title='bbox 2577 704 2740 752; x_wconf 88' lang='lat' dir='ltr'>con-</span> 
     </span>
     <span class='ocr_line' id='line_1_6' title="bbox 212 770 2734 859; baseline -0 -18"><span class='ocrx_word' id='word_1_48' title='bbox 212 771 437 842; x_wconf 87' lang='lat' dir='ltr'>silium</span> <span class='ocrx_word' id='word_1_49' title='bbox 486 781 952 859; x_wconf 90' lang='lat' dir='ltr'>anteponunt,</span> <span class='ocrx_word' id='word_1_50' title='bbox 1008 780 1073 837; x_wconf 90' lang='lat' dir='ltr'>et</span> <span class='ocrx_word' id='word_1_51' title='bbox 1121 771 1613 840; x_wconf 90' lang='lat' dir='ltr'>monasterium</span> <span class='ocrx_word' id='word_1_52' title='bbox 1667 784 1864 841; x_wconf 91' lang='lat' dir='ltr'>tuum</span> <span class='ocrx_word' id='word_1_53' title='bbox 1914 771 2121 840; x_wconf 83' lang='lat' dir='ltr'>variis</span> <span class='ocrx_word' id='word_1_54' title='bbox 2170 770 2575 841; x_wconf 91' lang='lat' dir='ltr'>muneribus</span> <span class='ocrx_word' id='word_1_55' title='bbox 2622 793 2734 840; x_wconf 88' lang='lat' dir='ltr'>or-</span> 
     </span>
     <span class='ocr_line' id='line_1_7' title="bbox 216 858 2735 949; baseline -0.001 -20"><span class='ocrx_word' id='word_1_56' title='bbox 216 872 440 929; x_wconf 87' lang='lat' dir='ltr'>natum</span> <span class='ocrx_word' id='word_1_57' title='bbox 490 859 599 939; x_wconf 91' lang='lat' dir='ltr'>iri,</span> <span class='ocrx_word' id='word_1_58' title='bbox 652 871 719 928; x_wconf 93' lang='lat' dir='ltr'>et</span> <span class='ocrx_word' id='word_1_59' title='bbox 766 858 1190 947; x_wconf 87' lang='lat' dir='ltr'>propinquos</span> <span class='ocrx_word' id='word_1_60' title='bbox 1237 871 1390 928; x_wconf 92' lang='lat' dir='ltr'>tuos</span> <span class='ocrx_word' id='word_1_61' title='bbox 1437 859 1758 931; x_wconf 81' lang='lat' dir='ltr'>maximis</span> <span class='ocrx_word' id='word_1_62' title='bbox 1805 859 2258 949; x_wconf 77' lang='lat' dir='ltr'>dignitatibus</span> <span class='ocrx_word' id='word_1_63' title='bbox 2286 858 2735 940; x_wconf 87' lang='lat' dir='ltr'>decorandos,</span> 
     </span>
     <span class='ocr_line' id='line_1_8' title="bbox 216 946 2735 1039; baseline -0.001 -21"><span class='ocrx_word' id='word_1_64' title='bbox 216 960 399 1036; x_wconf 89' lang='lat' dir='ltr'>teque</span> <span class='ocrx_word' id='word_1_65' title='bbox 444 949 708 1039; x_wconf 89' lang='lat' dir='ltr'>primas</span> <span class='ocrx_word' id='word_1_66' title='bbox 753 946 937 1036; x_wconf 90' lang='lat' dir='ltr'>apud</span> <span class='ocrx_word' id='word_1_67' title='bbox 990 968 1101 1015; x_wconf 92' lang='lat' dir='ltr'>me</span> <span class='ocrx_word' id='word_1_68' title='bbox 1145 948 1487 1017; x_wconf 80' lang='lat' dir='ltr'>amicitiae</span> <span class='ocrx_word' id='word_1_69' title='bbox 1536 961 1741 1036; x_wconf 90' lang='lat' dir='ltr'>atque</span> <span class='ocrx_word' id='word_1_70' title='bbox 1787 948 2211 1019; x_wconf 84' lang='lat' dir='ltr'>auctoritatis</span> <span class='ocrx_word' id='word_1_71' title='bbox 2261 961 2486 1039; x_wconf 91' lang='lat' dir='ltr'>partes</span> <span class='ocrx_word' id='word_1_72' title='bbox 2534 948 2735 1018; x_wconf 91' lang='lat' dir='ltr'>habi-</span> 
     </span>
     <span class='ocr_line' id='line_1_9' title="bbox 217 1034 2740 1127; baseline -0 -21"><span class='ocrx_word' id='word_1_73' title='bbox 217 1049 460 1107; x_wconf 90' lang='lat' dir='ltr'>turum.</span> <span class='ocrx_word' id='word_1_74' title='bbox 538 1036 697 1117; x_wconf 87' lang='lat' dir='ltr'>Sin,</span> <span class='ocrx_word' id='word_1_75' title='bbox 750 1034 934 1122; x_wconf 84' lang='lat' dir='ltr'>quod</span> <span class='ocrx_word' id='word_1_76' title='bbox 983 1034 1093 1103; x_wconf 86' lang='lat' dir='ltr'>vix</span> <span class='ocrx_word' id='word_1_77' title='bbox 1139 1037 1438 1127; x_wconf 90' lang='lat' dir='ltr'>cogitare</span> <span class='ocrx_word' id='word_1_78' title='bbox 1485 1035 1586 1106; x_wconf 87' lang='lat' dir='ltr'>sas</span> <span class='ocrx_word' id='word_1_79' title='bbox 1623 1048 1766 1116; x_wconf 90' lang='lat' dir='ltr'>est,</span> <span class='ocrx_word' id='word_1_80' title='bbox 1821 1036 2051 1106; x_wconf 88' lang='lat' dir='ltr'>studio</span> <span class='ocrx_word' id='word_1_81' title='bbox 2101 1051 2217 1107; x_wconf 88' lang='lat' dir='ltr'>tuo</span> <span class='ocrx_word' id='word_1_82' title='bbox 2265 1059 2501 1127; x_wconf 84' lang='lat' dir='ltr'>preces</span> <span class='ocrx_word' id='word_1_83' title='bbox 2550 1058 2740 1106; x_wconf 90' lang='lat' dir='ltr'>meas</span> 
     </span>
     <span class='ocr_line' id='line_1_10' title="bbox 215 1122 2739 1216; baseline 0 -22"><span class='ocrx_word' id='word_1_84' title='bbox 215 1125 706 1216; x_wconf 83' lang='lat' dir='ltr'>posthabueris,</span> <span class='ocrx_word' id='word_1_85' title='bbox 758 1136 823 1193; x_wconf 90' lang='lat' dir='ltr'>et</span> <span class='ocrx_word' id='word_1_86' title='bbox 869 1122 1236 1193; x_wconf 91' lang='lat' dir='ltr'>consilium</span> <span class='ocrx_word' id='word_1_87' title='bbox 1286 1147 1518 1195; x_wconf 90' lang='lat' dir='ltr'>meum</span> <span class='ocrx_word' id='word_1_88' title='bbox 1568 1125 1969 1216; x_wconf 76' lang='lat' dir='ltr'>neglexeriS,</span> <span class='ocrx_word' id='word_1_89' title='bbox 2005 1138 2070 1195; x_wconf 92' lang='lat' dir='ltr'>et</span> <span class='ocrx_word' id='word_1_90' title='bbox 2107 1147 2283 1213; x_wconf 88' lang='lat' dir='ltr'>quae</span> <span class='ocrx_word' id='word_1_91' title='bbox 2325 1126 2447 1196; x_wconf 91' lang='lat' dir='ltr'>tibi</span> <span class='ocrx_word' id='word_1_92' title='bbox 2486 1146 2739 1216; x_wconf 90' lang='lat' dir='ltr'>propo-</span> 
     </span>
     <span class='ocr_line' id='line_1_11' title="bbox 208 1212 2733 1304; baseline 0 -22"><span class='ocrx_word' id='word_1_93' title='bbox 208 1227 463 1286; x_wconf 90' lang='lat' dir='ltr'>nuntur</span> <span class='ocrx_word' id='word_1_94' title='bbox 509 1212 816 1304; x_wconf 89' lang='lat' dir='ltr'>praemia</span> <span class='ocrx_word' id='word_1_95' title='bbox 862 1212 1075 1282; x_wconf 87' lang='lat' dir='ltr'>fueris</span> <span class='ocrx_word' id='word_1_96' title='bbox 1122 1227 1552 1304; x_wconf 78' lang='lat' dir='ltr'>aspernatuS,</span> <span class='ocrx_word' id='word_1_97' title='bbox 1606 1214 1863 1284; x_wconf 89' lang='lat' dir='ltr'>invitus</span> <span class='ocrx_word' id='word_1_98' title='bbox 1919 1214 2149 1295; x_wconf 79' lang='lat' dir='ltr'>sacieS,</span> <span class='ocrx_word' id='word_1_99' title='bbox 2187 1236 2364 1301; x_wconf 89' lang='lat' dir='ltr'>quae</span> <span class='ocrx_word' id='word_1_100' title='bbox 2428 1216 2733 1295; x_wconf 78' lang='lat' dir='ltr'>recusaS,</span> 
     </span>
     <span class='ocr_line' id='line_1_12' title="bbox 206 1301 2736 1392; baseline -0 -20"><span class='ocrx_word' id='word_1_101' title='bbox 206 1314 267 1374; x_wconf 87' lang='lat' dir='ltr'>et</span> <span class='ocrx_word' id='word_1_102' title='bbox 320 1303 605 1373; x_wconf 84' lang='lat' dir='ltr'>maximi</span> <span class='ocrx_word' id='word_1_103' title='bbox 656 1301 777 1372; x_wconf 91' lang='lat' dir='ltr'>tibi</span> <span class='ocrx_word' id='word_1_104' title='bbox 824 1302 972 1392; x_wconf 91' lang='lat' dir='ltr'>ipse</span> <span class='ocrx_word' id='word_1_105' title='bbox 1016 1301 1370 1372; x_wconf 82' lang='lat' dir='ltr'>dedecoris</span> <span class='ocrx_word' id='word_1_106' title='bbox 1415 1314 1620 1390; x_wconf 92' lang='lat' dir='ltr'>atque</span> <span class='ocrx_word' id='word_1_107' title='bbox 1663 1302 2076 1373; x_wconf 84' lang='lat' dir='ltr'>calamitatis</span> <span class='ocrx_word' id='word_1_108' title='bbox 2122 1315 2360 1373; x_wconf 89' lang='lat' dir='ltr'>auctor</span> <span class='ocrx_word' id='word_1_109' title='bbox 2418 1302 2736 1372; x_wconf 63' lang='lat' dir='ltr'>existes»</span> 
     </span>
    </p>

    <p class='ocr_par' dir='ltr' id='par_1_3' title="bbox 77 1390 2739 2813">
     <span class='ocr_line' id='line_1_13' title="bbox 282 1390 2739 1482; baseline -0.002 -17"><span class='ocrx_word' id='word_1_110' title='bbox 282 1395 319 1481; x_wconf 66' lang='grc' dir='ltr'><strong>ξ</strong></span> <span class='ocrx_word' id='word_1_111' title='bbox 364 1396 502 1465; x_wconf 66' lang='lat'>12.</span> <span class='ocrx_word' id='word_1_112' title='bbox 555 1390 649 1460; x_wconf 80' lang='lat' dir='ltr'>Ad</span> <span class='ocrx_word' id='word_1_113' title='bbox 700 1390 867 1459; x_wconf 91' lang='lat' dir='ltr'>haec</span> <span class='ocrx_word' id='word_1_114' title='bbox 912 1390 1190 1461; x_wconf 87' lang='lat' dir='ltr'>divinus</span> <span class='ocrx_word' id='word_1_115' title='bbox 1240 1392 1381 1473; x_wconf 91' lang='lat' dir='ltr'>vir,</span> <span class='ocrx_word' id='word_1_116' title='bbox 1437 1396 1792 1482; x_wconf 74' lang='lat' dir='ltr'>perspecta</span> <span class='ocrx_word' id='word_1_117' title='bbox 1839 1391 2177 1461; x_wconf 91' lang='lat' dir='ltr'>dictorum</span> <span class='ocrx_word' id='word_1_118' title='bbox 2241 1391 2575 1473; x_wconf 67' lang='lat' dir='ltr'>stultitia,</span> <span class='ocrx_word' id='word_1_119' title='bbox 2643 1391 2739 1460; x_wconf 88' lang='lat' dir='ltr'>ita</span> 
     </span>
     <span class='ocr_line' id='line_1_14' title="bbox 205 1479 2739 1571; baseline -0.001 -21"><span class='ocrx_word' id='word_1_120' title='bbox 205 1481 457 1550; x_wconf 90' lang='lat' dir='ltr'>nuncio</span> <span class='ocrx_word' id='word_1_121' title='bbox 506 1479 896 1571; x_wconf 87' lang='lat' dir='ltr'>respondit:</span> <span class='ocrx_word' id='word_1_122' title='bbox 941 1503 968 1543; x_wconf 72' lang='grc' dir='ltr'>ι</span> <span class='ocrx_word' id='word_1_123' title='bbox 1010 1484 1146 1570; x_wconf 91' lang='lat' dir='ltr'>Ego</span> <span class='ocrx_word' id='word_1_124' title='bbox 1180 1501 1304 1549; x_wconf 90' lang='lat' dir='ltr'>nec</span> <span class='ocrx_word' id='word_1_125' title='bbox 1338 1482 1691 1571; x_wconf 86' lang='lat' dir='ltr'>pecunias,</span> <span class='ocrx_word' id='word_1_126' title='bbox 1733 1502 1856 1549; x_wconf 92' lang='lat' dir='ltr'>nec</span> <span class='ocrx_word' id='word_1_127' title='bbox 1893 1479 2379 1571; x_wconf 89' lang='lat' dir='ltr'>possessiones,</span> <span class='ocrx_word' id='word_1_128' title='bbox 2422 1502 2546 1550; x_wconf 90' lang='lat' dir='ltr'>nec</span> <span class='ocrx_word' id='word_1_129' title='bbox 2577 1480 2739 1550; x_wconf 88' lang='lat' dir='ltr'>reli-</span> 
     </span>
     <span class='ocr_line' id='line_1_15' title="bbox 199 1567 2731 1660; baseline -0.001 -20"><span class='ocrx_word' id='word_1_130' title='bbox 199 1591 328 1656; x_wconf 89' lang='lat' dir='ltr'>qua</span> <span class='ocrx_word' id='word_1_131' title='bbox 380 1570 595 1660; x_wconf 88' lang='lat' dir='ltr'>hujus</span> <span class='ocrx_word' id='word_1_132' title='bbox 644 1569 817 1637; x_wconf 90' lang='lat' dir='ltr'>vitae</span> <span class='ocrx_word' id='word_1_133' title='bbox 865 1568 1043 1636; x_wconf 89' lang='lat' dir='ltr'>bona</span> <span class='ocrx_word' id='word_1_134' title='bbox 1092 1567 1234 1639; x_wconf 92' lang='lat' dir='ltr'>ullo</span> <span class='ocrx_word' id='word_1_135' title='bbox 1283 1569 1484 1639; x_wconf 91' lang='lat' dir='ltr'>modo</span> <span class='ocrx_word' id='word_1_136' title='bbox 1531 1591 1720 1639; x_wconf 92' lang='lat' dir='ltr'>curo.</span> <span class='ocrx_word' id='word_1_137' title='bbox 1806 1575 1993 1651; x_wconf 86' lang='lat' dir='ltr'>Quae</span> <span class='ocrx_word' id='word_1_138' title='bbox 2056 1569 2240 1638; x_wconf 91' lang='lat' dir='ltr'>enim</span> <span class='ocrx_word' id='word_1_139' title='bbox 2294 1568 2731 1650; x_wconf 82' lang='lat' dir='ltr'>adolescenS,</span> 
     </span>
     <span class='ocr_line' id='line_1_16' title="bbox 195 1656 2734 1748; baseline -0 -21"><span class='ocrx_word' id='word_1_140' title='bbox 195 1680 349 1727; x_wconf 89' lang='lat' dir='ltr'>cum</span> <span class='ocrx_word' id='word_1_141' title='bbox 408 1657 492 1726; x_wconf 86' lang='lat' dir='ltr'>iis</span> <span class='ocrx_word' id='word_1_142' title='bbox 539 1656 673 1725; x_wconf 88' lang='lat' dir='ltr'>frui</span> <span class='ocrx_word' id='word_1_143' title='bbox 724 1678 1044 1746; x_wconf 89' lang='lat' dir='ltr'>possem,</span> <span class='ocrx_word' id='word_1_144' title='bbox 1096 1679 1331 1727; x_wconf 92' lang='lat' dir='ltr'>amore</span> <span class='ocrx_word' id='word_1_145' title='bbox 1378 1658 1624 1728; x_wconf 87' lang='lat' dir='ltr'>Christi</span> <span class='ocrx_word' id='word_1_146' title='bbox 1673 1658 2146 1728; x_wconf 88' lang='lat' dir='ltr'>inflammatus</span> <span class='ocrx_word' id='word_1_147' title='bbox 2195 1658 2599 1748; x_wconf 89' lang='lat' dir='ltr'>repudiavi,</span> <span class='ocrx_word' id='word_1_148' title='bbox 2651 1680 2734 1727; x_wconf 88' lang='lat' dir='ltr'>ea</span> 
     </span>
     <span class='ocr_line' id='line_1_17' title="bbox 185 1744 2737 1846; baseline 0 -31"><span class='ocrx_word' id='word_1_149' title='bbox 185 1746 327 1837; x_wconf 85' lang='lat' dir='ltr'>jam</span> <span class='ocrx_word' id='word_1_150' title='bbox 383 1768 591 1816; x_wconf 82' lang='lat' dir='ltr'>senex</span> <span class='ocrx_word' id='word_1_151' title='bbox 639 1744 983 1832; x_wconf 90' lang='lat' dir='ltr'>quomodo</span> <span class='ocrx_word' id='word_1_152' title='bbox 1030 1746 1468 1846; x_wconf 82' lang='lat' dir='ltr'>complectar,</span> <span class='ocrx_word' id='word_1_153' title='bbox 1522 1746 1609 1816; x_wconf 92' lang='lat' dir='ltr'>ab</span> <span class='ocrx_word' id='word_1_154' title='bbox 1656 1746 2107 1833; x_wconf 91' lang='lat' dir='ltr'>institutoque</span> <span class='ocrx_word' id='word_1_155' title='bbox 2153 1747 2501 1816; x_wconf 88' lang='lat' dir='ltr'>recedam:</span> <span class='ocrx_word' id='word_1_156' title='bbox 2541 1767 2737 1836; x_wconf 91' lang='lat' dir='ltr'>prae-</span> 
     </span>
     <span class='ocr_line' id='line_1_18' title="bbox 202 1835 2735 1925; baseline -0 -21"><span class='ocrx_word' id='word_1_157' title='bbox 202 1837 437 1905; x_wconf 90' lang='lat' dir='ltr'>sertim</span> <span class='ocrx_word' id='word_1_158' title='bbox 484 1857 645 1904; x_wconf 91' lang='lat' dir='ltr'>cum</span> <span class='ocrx_word' id='word_1_159' title='bbox 693 1855 947 1923; x_wconf 90' lang='lat' dir='ltr'>corpus</span> <span class='ocrx_word' id='word_1_160' title='bbox 995 1835 1256 1905; x_wconf 79' lang='lat' dir='ltr'>morbis</span> <span class='ocrx_word' id='word_1_161' title='bbox 1302 1835 1689 1905; x_wconf 88' lang='lat' dir='ltr'>confectum</span> <span class='ocrx_word' id='word_1_162' title='bbox 1738 1835 1872 1916; x_wconf 90' lang='lat' dir='ltr'>sit,</span> <span class='ocrx_word' id='word_1_163' title='bbox 1925 1848 2001 1904; x_wconf 88' lang='lat' dir='ltr'>ut</span> <span class='ocrx_word' id='word_1_164' title='bbox 2046 1835 2222 1905; x_wconf 90' lang='lat' dir='ltr'>vitae</span> <span class='ocrx_word' id='word_1_165' title='bbox 2270 1836 2441 1904; x_wconf 85' lang='lat' dir='ltr'>finis.</span> <span class='ocrx_word' id='word_1_166' title='bbox 2495 1835 2735 1925; x_wconf 90' lang='lat' dir='ltr'>procul</span> 
     </span>
     <span class='ocr_line' id='line_1_19' title="bbox 197 1922 2736 2013; baseline 0 -20"><span class='ocrx_word' id='word_1_167' title='bbox 197 1925 437 1995; x_wconf 89' lang='lat' dir='ltr'>abesse</span> <span class='ocrx_word' id='word_1_168' title='bbox 485 1944 622 1991; x_wconf 90' lang='lat' dir='ltr'>non</span> <span class='ocrx_word' id='word_1_169' title='bbox 671 1923 908 2013; x_wconf 88' lang='lat' dir='ltr'>possit,</span> <span class='ocrx_word' id='word_1_170' title='bbox 960 1933 1025 1990; x_wconf 91' lang='lat' dir='ltr'>et</span> <span class='ocrx_word' id='word_1_171' title='bbox 1071 1922 1239 1992; x_wconf 92' lang='lat' dir='ltr'>haec</span> <span class='ocrx_word' id='word_1_172' title='bbox 1284 1922 1522 1993; x_wconf 89' lang='lat' dir='ltr'>inania</span> <span class='ocrx_word' id='word_1_173' title='bbox 1567 1946 1718 1994; x_wconf 89' lang='lat' dir='ltr'>esse</span> <span class='ocrx_word' id='word_1_174' title='bbox 1763 1929 2074 1994; x_wconf 72' lang='lat' dir='ltr'>constet?</span> <span class='ocrx_word' id='word_1_175' title='bbox 2120 1924 2315 2007; x_wconf 86' lang='lat' dir='ltr'>Quod</span> <span class='ocrx_word' id='word_1_176' title='bbox 2362 1937 2594 1993; x_wconf 88' lang='lat' dir='ltr'>autem</span> <span class='ocrx_word' id='word_1_177' title='bbox 2648 1922 2736 1993; x_wconf 91' lang='lat' dir='ltr'>ad</span> 
     </span>
     <span class='ocr_line' id='line_1_20' title="bbox 196 2011 2738 2102; baseline 0 -23"><span class='ocrx_word' id='word_1_178' title='bbox 196 2012 692 2082; x_wconf 85' lang='lat' dir='ltr'>monasterium</span> <span class='ocrx_word' id='word_1_179' title='bbox 742 2011 1302 2101; x_wconf 85' lang='lat' dir='ltr'>propinquosque</span> <span class='ocrx_word' id='word_1_180' title='bbox 1351 2013 1662 2102; x_wconf 88' lang='lat' dir='ltr'>pertinet,</span> <span class='ocrx_word' id='word_1_181' title='bbox 1709 2012 1776 2081; x_wconf 92' lang='lat' dir='ltr'>id</span> <span class='ocrx_word' id='word_1_182' title='bbox 1810 2017 1942 2081; x_wconf 92' lang='lat' dir='ltr'>Deo</span> <span class='ocrx_word' id='word_1_183' title='bbox 1978 2012 2107 2081; x_wconf 90' lang='lat' dir='ltr'>erit</span> <span class='ocrx_word' id='word_1_184' title='bbox 2138 2035 2366 2094; x_wconf 90' lang='lat' dir='ltr'>curae,</span> <span class='ocrx_word' id='word_1_185' title='bbox 2406 2012 2521 2082; x_wconf 89' lang='lat' dir='ltr'>cui</span> <span class='ocrx_word' id='word_1_186' title='bbox 2554 2034 2596 2081; x_wconf 91' lang='lat' dir='ltr'>a</span> <span class='ocrx_word' id='word_1_187' title='bbox 2629 2034 2738 2080; x_wconf 88' lang='lat' dir='ltr'>me</span> 
     </span>
     <span class='ocr_line' id='line_1_21' title="bbox 192 2100 2735 2191; baseline 0.001 -22"><span class='ocrx_word' id='word_1_188' title='bbox 192 2100 810 2171; x_wconf 87' lang='lat' dir='ltr'>commendantur:</span> <span class='ocrx_word' id='word_1_189' title='bbox 861 2111 927 2168; x_wconf 91' lang='lat' dir='ltr'>et</span> <span class='ocrx_word' id='word_1_190' title='bbox 971 2100 1227 2187; x_wconf 86' lang='lat' dir='ltr'>quibus</span> <span class='ocrx_word' id='word_1_191' title='bbox 1274 2101 1423 2190; x_wconf 90' lang='lat' dir='ltr'>ipse</span> <span class='ocrx_word' id='word_1_192' title='bbox 1470 2106 1645 2170; x_wconf 89' lang='lat' dir='ltr'>Deus</span> <span class='ocrx_word' id='word_1_193' title='bbox 1694 2100 1967 2179; x_wconf 88' lang='lat' dir='ltr'>melius,</span> <span class='ocrx_word' id='word_1_194' title='bbox 2019 2123 2230 2188; x_wconf 92' lang='lat' dir='ltr'>quam</span> <span class='ocrx_word' id='word_1_195' title='bbox 2279 2106 2735 2191; x_wconf 87' lang='lat' dir='ltr'>Imperatores</span> 
     </span>
     <span class='ocr_line' id='line_1_22' title="bbox 193 2189 2729 2279; baseline 0 -23"><span class='ocrx_word' id='word_1_196' title='bbox 193 2200 258 2257; x_wconf 85' lang='lat' dir='ltr'>et</span> <span class='ocrx_word' id='word_1_197' title='bbox 301 2189 683 2278; x_wconf 81' lang='lat' dir='ltr'>PrincipeS,</span> <span class='ocrx_word' id='word_1_198' title='bbox 737 2199 953 2279; x_wconf 88' lang='lat' dir='ltr'>potest</span> <span class='ocrx_word' id='word_1_199' title='bbox 999 2189 1380 2259; x_wconf 88' lang='lat' dir='ltr'>consulere.</span> <span class='ocrx_word' id='word_1_200' title='bbox 1446 2189 1637 2272; x_wconf 90' lang='lat' dir='ltr'>Quod</span> <span class='ocrx_word' id='word_1_201' title='bbox 1689 2189 1783 2270; x_wconf 86' lang='lat' dir='ltr'>si,</span> <span class='ocrx_word' id='word_1_202' title='bbox 1838 2189 2427 2275; x_wconf 87' lang='lat' dir='ltr'>quemadmodum</span> <span class='ocrx_word' id='word_1_203' title='bbox 2478 2209 2729 2279; x_wconf 91' lang='lat' dir='ltr'>pueros</span> 
     </span>
     <span class='ocr_line' id='line_1_23' title="bbox 195 2277 2736 2368; baseline 0 -21"><span class='ocrx_word' id='word_1_204' title='bbox 195 2299 445 2366; x_wconf 88' lang='lat' dir='ltr'>parurn</span> <span class='ocrx_word' id='word_1_205' title='bbox 478 2299 842 2368; x_wconf 86' lang='lat' dir='ltr'>generosos</span> <span class='ocrx_word' id='word_1_206' title='bbox 873 2277 1183 2367; x_wconf 83' lang='lat' dir='ltr'>magistri</span> <span class='ocrx_word' id='word_1_207' title='bbox 1215 2278 1472 2350; x_wconf 73' lang='lat' dir='ltr'>scutica</span> <span class='ocrx_word' id='word_1_208' title='bbox 1500 2278 2084 2368; x_wconf 81' lang='lat' dir='ltr'>perterrefaciunt,</span> <span class='ocrx_word' id='word_1_209' title='bbox 2124 2278 2217 2346; x_wconf 89' lang='lat' dir='ltr'>ita</span> <span class='ocrx_word' id='word_1_210' title='bbox 2247 2290 2321 2347; x_wconf 89' lang='lat' dir='ltr'>tu</span> <span class='ocrx_word' id='word_1_211' title='bbox 2356 2300 2463 2346; x_wconf 89' lang='lat' dir='ltr'>me</span> <span class='ocrx_word' id='word_1_212' title='bbox 2495 2278 2736 2347; x_wconf 90' lang='lat' dir='ltr'>morbo</span> 
     </span>
     <span class='ocr_line' id='line_1_24' title="bbox 194 2364 2734 2457; baseline 0 -23"><span class='ocrx_word' id='word_1_213' title='bbox 194 2377 258 2434; x_wconf 93' lang='lat' dir='ltr'>et</span> <span class='ocrx_word' id='word_1_214' title='bbox 304 2379 652 2437; x_wconf 87' lang='lat' dir='ltr'>senectute</span> <span class='ocrx_word' id='word_1_215' title='bbox 700 2364 1109 2446; x_wconf 83' lang='lat' dir='ltr'>consectum,</span> <span class='ocrx_word' id='word_1_216' title='bbox 1166 2367 1375 2437; x_wconf 90' lang='lat' dir='ltr'>minis</span> <span class='ocrx_word' id='word_1_217' title='bbox 1425 2367 1739 2437; x_wconf 92' lang='lat' dir='ltr'>territum</span> <span class='ocrx_word' id='word_1_218' title='bbox 1791 2366 1876 2435; x_wconf 90' lang='lat' dir='ltr'>iri</span> <span class='ocrx_word' id='word_1_219' title='bbox 1923 2388 2182 2456; x_wconf 89' lang='lat' dir='ltr'>speras;</span> <span class='ocrx_word' id='word_1_220' title='bbox 2236 2388 2446 2457; x_wconf 86' lang='lat' dir='ltr'>rogus</span> <span class='ocrx_word' id='word_1_221' title='bbox 2492 2388 2734 2436; x_wconf 91' lang='lat' dir='ltr'>accen-</span> 
     </span>
     <span class='ocr_line' id='line_1_25' title="bbox 196 2453 2737 2546; baseline 0.001 -23"><span class='ocrx_word' id='word_1_222' title='bbox 196 2453 418 2539; x_wconf 90' lang='lat' dir='ltr'>datur,</span> <span class='ocrx_word' id='word_1_223' title='bbox 480 2466 816 2525; x_wconf 89' lang='lat' dir='ltr'>tormenta</span> <span class='ocrx_word' id='word_1_224' title='bbox 863 2467 1211 2545; x_wconf 90' lang='lat' dir='ltr'>parentur,</span> <span class='ocrx_word' id='word_1_225' title='bbox 1263 2469 1329 2527; x_wconf 88' lang='lat' dir='ltr'>et</span> <span class='ocrx_word' id='word_1_226' title='bbox 1373 2456 1607 2525; x_wconf 89' lang='lat' dir='ltr'>omnia</span> <span class='ocrx_word' id='word_1_227' title='bbox 1654 2455 2087 2527; x_wconf 88' lang='lat' dir='ltr'>cruciatuum</span> <span class='ocrx_word' id='word_1_228' title='bbox 2122 2477 2402 2546; x_wconf 87' lang='lat' dir='ltr'>genera:</span> <span class='ocrx_word' id='word_1_229' title='bbox 2448 2465 2526 2525; x_wconf 92' lang='lat' dir='ltr'>ut</span> <span class='ocrx_word' id='word_1_230' title='bbox 2558 2455 2737 2525; x_wconf 90' lang='lat' dir='ltr'>scias</span> 
     </span>
     <span class='ocr_line' id='line_1_26' title="bbox 194 2543 2730 2635; baseline 0 -23"><span class='ocrx_word' id='word_1_231' title='bbox 194 2543 635 2634; x_wconf 88' lang='lat' dir='ltr'>planissime,</span> <span class='ocrx_word' id='word_1_232' title='bbox 688 2544 934 2613; x_wconf 86' lang='lat' dir='ltr'>Christi</span> <span class='ocrx_word' id='word_1_233' title='bbox 982 2544 1299 2614; x_wconf 91' lang='lat' dir='ltr'>virtutem</span> <span class='ocrx_word' id='word_1_234' title='bbox 1347 2545 1420 2614; x_wconf 92' lang='lat' dir='ltr'>in</span> <span class='ocrx_word' id='word_1_235' title='bbox 1469 2545 1641 2614; x_wconf 90' lang='lat' dir='ltr'>meis</span> <span class='ocrx_word' id='word_1_236' title='bbox 1690 2545 2210 2615; x_wconf 82' lang='lat' dir='ltr'>infirmitatibus</span> <span class='ocrx_word' id='word_1_237' title='bbox 2250 2544 2511 2635; x_wconf 81' lang='lat' dir='ltr'>perfici.</span> <span class='ocrx_word' id='word_1_238' title='bbox 2566 2550 2730 2634; x_wconf 87' lang='lat' dir='ltr'>Ego,</span> 
     </span>
     <span class='ocr_line' id='line_1_27' title="bbox 77 2625 2727 2732; baseline -0 -30"><span class='ocrx_word' id='word_1_239' title='bbox 77 2625 90 2652; x_wconf 84' lang='lat'><strong><em>¹</em></strong></span> <span class='ocrx_word' id='word_1_240' title='bbox 193 2654 314 2732; x_wconf 85' lang='lat' dir='ltr'>per</span> <span class='ocrx_word' id='word_1_241' title='bbox 360 2635 660 2704; x_wconf 89' lang='lat' dir='ltr'>humum</span> <span class='ocrx_word' id='word_1_242' title='bbox 708 2632 837 2702; x_wconf 88' lang='lat' dir='ltr'>iter</span> <span class='ocrx_word' id='word_1_243' title='bbox 882 2631 1104 2702; x_wconf 82' lang='lat' dir='ltr'>facere</span> <span class='ocrx_word' id='word_1_244' title='bbox 1149 2656 1436 2721; x_wconf 87' lang='lat' dir='ltr'>neque0‚</span> <span class='ocrx_word' id='word_1_245' title='bbox 1490 2633 1906 2704; x_wconf 86' lang='lat' dir='ltr'>valetudinis</span> <span class='ocrx_word' id='word_1_246' title='bbox 1953 2633 2352 2704; x_wconf 82' lang='lat' dir='ltr'>infirmitate</span> <span class='ocrx_word' id='word_1_247' title='bbox 2383 2645 2727 2724; x_wconf 88' lang='lat' dir='ltr'>superata,</span> 
     </span>
     <span class='ocr_line' id='line_1_28' title="bbox 193 2720 992 2813; baseline 0.001 -24"><span class='ocrx_word' id='word_1_248' title='bbox 193 2742 263 2790; x_wconf 77' lang='lat' dir='ltr'>in</span> <span class='ocrx_word' id='word_1_249' title='bbox 311 2723 552 2813; x_wconf 86' lang='lat' dir='ltr'>ignem</span> <span class='ocrx_word' id='word_1_250' title='bbox 603 2720 992 2791; x_wconf 81' lang='lat' dir='ltr'>insiliam.»</span> 
     </span>
    </p>

    <p class='ocr_par' dir='ltr' id='par_1_4' title="bbox 185 2808 2744 4496">
     <span class='ocr_line' id='line_1_29' title="bbox 276 2808 2739 2900; baseline -0.002 -17"><span class='ocrx_word' id='word_1_251' title='bbox 276 2813 312 2897; x_wconf 66' lang='grc' dir='ltr'>ἓ</span> <span class='ocrx_word' id='word_1_252' title='bbox 359 2816 508 2885; x_wconf 75' lang='grc'>18.</span> <span class='ocrx_word' id='word_1_253' title='bbox 553 2810 673 2878; x_wconf 89' lang='lat' dir='ltr'>His</span> <span class='ocrx_word' id='word_1_254' title='bbox 700 2810 977 2890; x_wconf 86' lang='lat' dir='ltr'>auditis,</span> <span class='ocrx_word' id='word_1_255' title='bbox 1016 2808 1539 2900; x_wconf 88' lang='lat' dir='ltr'>impurissimus</span> <span class='ocrx_word' id='word_1_256' title='bbox 1571 2810 1688 2879; x_wconf 90' lang='lat' dir='ltr'>ille</span> <span class='ocrx_word' id='word_1_257' title='bbox 1720 2811 2173 2880; x_wconf 81' lang='lat' dir='ltr'>constantiam</span> <span class='ocrx_word' id='word_1_258' title='bbox 2205 2810 2486 2898; x_wconf 90' lang='lat' dir='ltr'>quidem</span> <span class='ocrx_word' id='word_1_259' title='bbox 2520 2808 2739 2878; x_wconf 88' lang='lat' dir='ltr'>animi</span> 
     </span>
     <span class='ocr_line' id='line_1_30' title="bbox 189 2896 2740 2989; baseline 0 -24"><span class='ocrx_word' id='word_1_260' title='bbox 189 2896 381 2969; x_wconf 80' lang='lat' dir='ltr'>fortis</span> <span class='ocrx_word' id='word_1_261' title='bbox 429 2898 822 2970; x_wconf 88' lang='lat' dir='ltr'>admiratus</span> <span class='ocrx_word' id='word_1_262' title='bbox 867 2913 990 2978; x_wconf 90' lang='lat' dir='ltr'>est,</span> <span class='ocrx_word' id='word_1_263' title='bbox 1047 2898 1131 2967; x_wconf 91' lang='lat' dir='ltr'>de</span> <span class='ocrx_word' id='word_1_264' title='bbox 1178 2899 1463 2969; x_wconf 87' lang='lat' dir='ltr'>victoria</span> <span class='ocrx_word' id='word_1_265' title='bbox 1512 2910 1737 2968; x_wconf 85' lang='lat' dir='ltr'>tamen</span> <span class='ocrx_word' id='word_1_266' title='bbox 1790 2921 1925 2968; x_wconf 91' lang='lat' dir='ltr'>non</span> <span class='ocrx_word' id='word_1_267' title='bbox 1976 2900 2380 2989; x_wconf 89' lang='lat' dir='ltr'>desperavit,</span> <span class='ocrx_word' id='word_1_268' title='bbox 2438 2898 2740 2969; x_wconf 90' lang='lat' dir='ltr'>hominis</span> 
     </span>
     <span class='ocr_line' id='line_1_31' title="bbox 188 2985 2738 3077; baseline 0 -24"><span class='ocrx_word' id='word_1_269' title='bbox 188 2985 792 3067; x_wconf 86' lang='lat' dir='ltr'>facinorosissimi,</span> <span class='ocrx_word' id='word_1_270' title='bbox 845 3009 1049 3074; x_wconf 89' lang='lat' dir='ltr'>quem</span> <span class='ocrx_word' id='word_1_271' title='bbox 1099 2987 1284 3077; x_wconf 90' lang='lat' dir='ltr'>apud</span> <span class='ocrx_word' id='word_1_272' title='bbox 1327 3008 1398 3056; x_wconf 92' lang='lat' dir='ltr'>se</span> <span class='ocrx_word' id='word_1_273' title='bbox 1431 2988 1748 3068; x_wconf 87' lang='lat' dir='ltr'>habebat,</span> <span class='ocrx_word' id='word_1_274' title='bbox 1785 2986 1998 3058; x_wconf 86' lang='lat' dir='ltr'>fretus</span> <span class='ocrx_word' id='word_1_275' title='bbox 2030 2988 2304 3068; x_wconf 70' lang='lat' dir='ltr'>astutia,</span> <span class='ocrx_word' id='word_1_276' title='bbox 2348 2987 2469 3074; x_wconf 92' lang='lat' dir='ltr'>qui</span> <span class='ocrx_word' id='word_1_277' title='bbox 2504 2986 2738 3077; x_wconf 87' lang='lat' dir='ltr'>sophi—</span> 
     </span>
     <span class='ocr_line' id='line_1_32' title="bbox 191 3075 2737 3167; baseline 0 -23"><span class='ocrx_word' id='word_1_278' title='bbox 191 3087 455 3146; x_wconf 90' lang='lat' dir='ltr'>starum</span> <span class='ocrx_word' id='word_1_279' title='bbox 512 3075 935 3166; x_wconf 83' lang='lat' dir='ltr'>praestigiis,</span> <span class='ocrx_word' id='word_1_280' title='bbox 989 3087 1055 3144; x_wconf 82' lang='lat' dir='ltr'>et</span> <span class='ocrx_word' id='word_1_281' title='bbox 1100 3076 1406 3165; x_wconf 90' lang='lat' dir='ltr'>gentium</span> <span class='ocrx_word' id='word_1_282' title='bbox 1459 3076 1824 3165; x_wconf 80' lang='lat' dir='ltr'>auspiciiS,</span> <span class='ocrx_word' id='word_1_283' title='bbox 1885 3089 1951 3146; x_wconf 88' lang='lat' dir='ltr'>et</span> <span class='ocrx_word' id='word_1_284' title='bbox 1987 3076 2315 3166; x_wconf 86' lang='lat' dir='ltr'>jecinoris</span> <span class='ocrx_word' id='word_1_285' title='bbox 2363 3076 2737 3167; x_wconf 90' lang='lat' dir='ltr'>inspectio-</span> 
     </span>
     <span class='ocr_line' id='line_1_33' title="bbox 191 3163 2734 3255; baseline 0 -23"><span class='ocrx_word' id='word_1_286' title='bbox 191 3165 400 3235; x_wconf 89' lang='lat' dir='ltr'>nibus</span> <span class='ocrx_word' id='word_1_287' title='bbox 450 3165 855 3234; x_wconf 89' lang='lat' dir='ltr'>instructior</span> <span class='ocrx_word' id='word_1_288' title='bbox 899 3175 1065 3240; x_wconf 88' lang='lat' dir='ltr'>erat,</span> <span class='ocrx_word' id='word_1_289' title='bbox 1117 3186 1326 3252; x_wconf 89' lang='lat' dir='ltr'>quam</span> <span class='ocrx_word' id='word_1_290' title='bbox 1378 3163 1816 3254; x_wconf 88' lang='lat' dir='ltr'>disciplinis:</span> <span class='ocrx_word' id='word_1_291' title='bbox 1869 3178 1935 3234; x_wconf 90' lang='lat' dir='ltr'>et</span> <span class='ocrx_word' id='word_1_292' title='bbox 1981 3165 2068 3233; x_wconf 87' lang='lat' dir='ltr'>ad</span> <span class='ocrx_word' id='word_1_293' title='bbox 2109 3165 2482 3255; x_wconf 87' lang='lat' dir='ltr'>impietatis</span> <span class='ocrx_word' id='word_1_294' title='bbox 2530 3166 2734 3235; x_wconf 76' lang='lat' dir='ltr'>bara-</span> 
     </span>
     <span class='ocr_line' id='line_1_34' title="bbox 193 3252 2732 3343; baseline 0.001 -24"><span class='ocrx_word' id='word_1_295' title='bbox 193 3252 427 3322; x_wconf 89' lang='lat' dir='ltr'>thrum</span> <span class='ocrx_word' id='word_1_296' title='bbox 485 3252 791 3322; x_wconf 85' lang='lat' dir='ltr'>infelices</span> <span class='ocrx_word' id='word_1_297' title='bbox 842 3253 1156 3322; x_wconf 90' lang='lat' dir='ltr'>homines</span> <span class='ocrx_word' id='word_1_298' title='bbox 1205 3253 1505 3328; x_wconf 81' lang='lat' dir='ltr'>trahens,</span> <span class='ocrx_word' id='word_1_299' title='bbox 1543 3252 1726 3343; x_wconf 91' lang='lat' dir='ltr'>apud</span> <span class='ocrx_word' id='word_1_300' title='bbox 1763 3252 1988 3343; x_wconf 88' lang='lat' dir='ltr'>ipsum</span> <span class='ocrx_word' id='word_1_301' title='bbox 2028 3252 2292 3323; x_wconf 88' lang='lat' dir='ltr'>valebat</span> <span class='ocrx_word' id='word_1_302' title='bbox 2322 3253 2732 3343; x_wconf 89' lang='lat' dir='ltr'>plurimum.</span> 
     </span>
     <span class='ocr_line' id='line_1_35' title="bbox 189 3341 2739 3432; baseline -0 -22"><span class='ocrx_word' id='word_1_303' title='bbox 189 3343 367 3412; x_wconf 89' lang='lat' dir='ltr'>Huic</span> <span class='ocrx_word' id='word_1_304' title='bbox 418 3343 701 3412; x_wconf 89' lang='lat' dir='ltr'>beatum</span> <span class='ocrx_word' id='word_1_305' title='bbox 750 3342 1232 3432; x_wconf 87' lang='lat' dir='ltr'>Theophanem</span> <span class='ocrx_word' id='word_1_306' title='bbox 1284 3341 1508 3423; x_wconf 89' lang='lat' dir='ltr'>tradit,</span> <span class='ocrx_word' id='word_1_307' title='bbox 1562 3363 1850 3431; x_wconf 91' lang='lat' dir='ltr'>sperans</span> <span class='ocrx_word' id='word_1_308' title='bbox 1897 3341 2285 3432; x_wconf 87' lang='lat' dir='ltr'>praestigiis</span> <span class='ocrx_word' id='word_1_309' title='bbox 2335 3341 2554 3432; x_wconf 90' lang='lat' dir='ltr'>ipsius</span> <span class='ocrx_word' id='word_1_310' title='bbox 2592 3363 2739 3412; x_wconf 92' lang='lat' dir='ltr'>om-</span> 
     </span>
     <span class='ocr_line' id='line_1_36' title="bbox 192 3429 2733 3520; baseline 0.001 -23"><span class='ocrx_word' id='word_1_311' title='bbox 192 3430 359 3499; x_wconf 90' lang='lat' dir='ltr'>nino</span> <span class='ocrx_word' id='word_1_312' title='bbox 407 3432 778 3520; x_wconf 89' lang='lat' dir='ltr'>deceptum</span> <span class='ocrx_word' id='word_1_313' title='bbox 826 3430 935 3500; x_wconf 88' lang='lat' dir='ltr'>iri.</span> <span class='ocrx_word' id='word_1_314' title='bbox 1013 3431 1141 3500; x_wconf 88' lang='lat' dir='ltr'>Sed</span> <span class='ocrx_word' id='word_1_315' title='bbox 1192 3444 1519 3517; x_wconf 90' lang='lat' dir='ltr'>tanquam</span> <span class='ocrx_word' id='word_1_316' title='bbox 1566 3430 1805 3501; x_wconf 89' lang='lat' dir='ltr'>asinus</span> <span class='ocrx_word' id='word_1_317' title='bbox 1852 3430 1938 3499; x_wconf 94' lang='lat' dir='ltr'>ad</span> <span class='ocrx_word' id='word_1_318' title='bbox 1990 3429 2209 3520; x_wconf 81' lang='lat' dir='ltr'>lyram</span> <span class='ocrx_word' id='word_1_319' title='bbox 2260 3430 2733 3520; x_wconf 89' lang='lat' dir='ltr'>deprehensus</span> 
     </span>
     <span class='ocr_line' id='line_1_37' title="bbox 185 3518 2737 3600; baseline 0 -13"><span class='ocrx_word' id='word_1_320' title='bbox 185 3532 311 3588; x_wconf 88' lang='lat' dir='ltr'>est.</span> <span class='ocrx_word' id='word_1_321' title='bbox 366 3519 706 3588; x_wconf 85' lang='lat' dir='ltr'>Invictam</span> <span class='ocrx_word' id='word_1_322' title='bbox 754 3519 943 3588; x_wconf 89' lang='lat' dir='ltr'>enim</span> <span class='ocrx_word' id='word_1_323' title='bbox 990 3520 1118 3588; x_wconf 92' lang='lat' dir='ltr'>viri</span> <span class='ocrx_word' id='word_1_324' title='bbox 1166 3518 1385 3591; x_wconf 89' lang='lat' dir='ltr'>sancti</span> <span class='ocrx_word' id='word_1_325' title='bbox 1434 3518 1708 3589; x_wconf 88' lang='lat' dir='ltr'>dicendi</span> <span class='ocrx_word' id='word_1_326' title='bbox 1743 3519 2124 3589; x_wconf 88' lang='lat' dir='ltr'>libertatem</span> <span class='ocrx_word' id='word_1_327' title='bbox 2164 3519 2570 3600; x_wconf 90' lang='lat' dir='ltr'>admiratus,</span> <span class='ocrx_word' id='word_1_328' title='bbox 2610 3540 2737 3587; x_wconf 90' lang='lat' dir='ltr'>an-</span> 
     </span>
     <span class='ocr_line' id='line_1_38' title="bbox 186 3607 2736 3708; baseline 0 -33"><span class='ocrx_word' id='word_1_329' title='bbox 186 3617 467 3694; x_wconf 85' lang='lat' dir='ltr'>tequam</span> <span class='ocrx_word' id='word_1_330' title='bbox 519 3608 1072 3697; x_wconf 85' lang='lat' dir='ltr'>congrederetur,</span> <span class='ocrx_word' id='word_1_331' title='bbox 1125 3630 1197 3678; x_wconf 92' lang='lat' dir='ltr'>se</span> <span class='ocrx_word' id='word_1_332' title='bbox 1242 3607 1502 3677; x_wconf 87' lang='lat' dir='ltr'>victum</span> <span class='ocrx_word' id='word_1_333' title='bbox 1549 3607 2094 3679; x_wconf 83' lang='lat' dir='ltr'>esseconfessus</span> <span class='ocrx_word' id='word_1_334' title='bbox 2126 3621 2257 3676; x_wconf 87' lang='lat' dir='ltr'>est:</span> <span class='ocrx_word' id='word_1_335' title='bbox 2298 3607 2736 3708; x_wconf 88' lang='lat' dir='ltr'>Imperatori-</span> 
     </span>
     <span class='ocr_line' id='line_1_39' title="bbox 185 3696 2739 3797; baseline 0 -33"><span class='ocrx_word' id='word_1_336' title='bbox 185 3717 320 3781; x_wconf 92' lang='lat' dir='ltr'>que</span> <span class='ocrx_word' id='word_1_337' title='bbox 370 3696 771 3776; x_wconf 90' lang='lat' dir='ltr'>nunciavit,</span> <span class='ocrx_word' id='word_1_338' title='bbox 824 3718 984 3766; x_wconf 88' lang='lat' dir='ltr'>eum</span> <span class='ocrx_word' id='word_1_339' title='bbox 1032 3718 1182 3767; x_wconf 91' lang='lat' dir='ltr'>esse</span> <span class='ocrx_word' id='word_1_340' title='bbox 1228 3696 1819 3797; x_wconf 85' lang='lat' dir='ltr'>praestantiorem,</span> <span class='ocrx_word' id='word_1_341' title='bbox 1874 3718 2084 3783; x_wconf 85' lang='lat' dir='ltr'>quarn</span> <span class='ocrx_word' id='word_1_342' title='bbox 2135 3708 2214 3765; x_wconf 91' lang='lat' dir='ltr'>ut</span> <span class='ocrx_word' id='word_1_343' title='bbox 2254 3708 2562 3765; x_wconf 80' lang='lat' dir='ltr'>oratione</span> <span class='ocrx_word' id='word_1_344' title='bbox 2617 3706 2739 3764; x_wconf 90' lang='lat' dir='ltr'>aut</span> 
     </span>
     <span class='ocr_line' id='line_1_40' title="bbox 187 3784 2732 3876; baseline 0.001 -25"><span class='ocrx_word' id='word_1_345' title='bbox 187 3785 402 3855; x_wconf 85' lang='lat' dir='ltr'>minis</span> <span class='ocrx_word' id='word_1_346' title='bbox 452 3784 770 3875; x_wconf 88' lang='lat' dir='ltr'>superari</span> <span class='ocrx_word' id='word_1_347' title='bbox 818 3797 1079 3876; x_wconf 90' lang='lat' dir='ltr'>posset:</span> <span class='ocrx_word' id='word_1_348' title='bbox 1133 3785 1537 3872; x_wconf 76' lang='lat' dir='ltr'>quinetiam,</span> <span class='ocrx_word' id='word_1_349' title='bbox 1593 3786 1654 3854; x_wconf 90' lang='lat' dir='ltr'>si</span> <span class='ocrx_word' id='word_1_350' title='bbox 1701 3785 1799 3854; x_wconf 91' lang='lat' dir='ltr'>ibi</span> <span class='ocrx_word' id='word_1_351' title='bbox 1844 3784 2112 3855; x_wconf 88' lang='lat' dir='ltr'>diutius</span> <span class='ocrx_word' id='word_1_352' title='bbox 2167 3794 2732 3865; x_wconf 86' lang='lat' dir='ltr'>commoraretur,</span> 
     </span>
     <span class='ocr_line' id='line_1_41' title="bbox 192 3870 2730 3961; baseline 0.001 -22"><span class='ocrx_word' id='word_1_353' title='bbox 192 3870 355 3952; x_wconf 85' lang='lat' dir='ltr'>fore,</span> <span class='ocrx_word' id='word_1_354' title='bbox 412 3886 492 3943; x_wconf 91' lang='lat' dir='ltr'>ut</span> <span class='ocrx_word' id='word_1_355' title='bbox 538 3873 836 3943; x_wconf 91' lang='lat' dir='ltr'>aliorum</span> <span class='ocrx_word' id='word_1_356' title='bbox 885 3874 1177 3955; x_wconf 88' lang='lat' dir='ltr'>animos,</span> <span class='ocrx_word' id='word_1_357' title='bbox 1229 3896 1404 3961; x_wconf 88' lang='lat' dir='ltr'>quos</span> <span class='ocrx_word' id='word_1_358' title='bbox 1448 3875 1520 3943; x_wconf 91' lang='lat' dir='ltr'>in</span> <span class='ocrx_word' id='word_1_359' title='bbox 1571 3872 1980 3944; x_wconf 88' lang='lat' dir='ltr'>sententiam</span> <span class='ocrx_word' id='word_1_360' title='bbox 2028 3895 2226 3944; x_wconf 91' lang='lat' dir='ltr'>suam</span> <span class='ocrx_word' id='word_1_361' title='bbox 2277 3872 2730 3952; x_wconf 86' lang='lat' dir='ltr'>adduxerant,</span> 
     </span>
     <span class='ocr_line' id='line_1_42' title="bbox 196 3960 2738 4043; baseline 0 -14"><span class='ocrx_word' id='word_1_362' title='bbox 196 3960 643 4032; x_wconf 85' lang='lat' dir='ltr'>abalienaret.</span> <span class='ocrx_word' id='word_1_363' title='bbox 695 3966 747 4032; x_wconf 93' lang='grc' dir='ltr'><strong>Ο</strong></span> <span class='ocrx_word' id='word_1_364' title='bbox 797 3975 1094 4033; x_wconf 89' lang='lat' dir='ltr'>mentem</span> <span class='ocrx_word' id='word_1_365' title='bbox 1143 3963 1510 4033; x_wconf 89' lang='lat' dir='ltr'>adamante</span> <span class='ocrx_word' id='word_1_366' title='bbox 1556 3962 1959 4043; x_wconf 89' lang='lat' dir='ltr'>firmiorem,</span> <span class='ocrx_word' id='word_1_367' title='bbox 2010 3974 2076 4031; x_wconf 94' lang='lat' dir='ltr'>et</span> <span class='ocrx_word' id='word_1_368' title='bbox 2122 3961 2338 4032; x_wconf 90' lang='lat' dir='ltr'>nullis</span> <span class='ocrx_word' id='word_1_369' title='bbox 2383 3960 2738 4031; x_wconf 88' lang='lat' dir='ltr'>cedentem</span> 
     </span>
     <span class='ocr_line' id='line_1_43' title="bbox 202 4049 2741 4141; baseline 0.001 -26"><span class='ocrx_word' id='word_1_370' title='bbox 202 4051 547 4121; x_wconf 89' lang='lat' dir='ltr'>machinis</span> <span class='ocrx_word' id='word_1_371' title='bbox 594 4072 682 4141; x_wconf 92' lang='lat' dir='ltr'>op</span> <span class='ocrx_word' id='word_1_372' title='bbox 736 4074 782 4120; x_wconf 90' lang='lat' dir='ltr'>u</span> <span class='ocrx_word' id='word_1_373' title='bbox 837 4051 1162 4122; x_wconf 88' lang='lat' dir='ltr'>nantibus</span> <span class='ocrx_word' id='word_1_374' title='bbox 1210 4051 1584 4137; x_wconf 84' lang='lat' dir='ltr'>veritatem.</span> <span class='ocrx_word' id='word_1_375' title='bbox 1616 4053 1691 4121; x_wconf 68' lang='lat' dir='ltr'>‘O</span> <span class='ocrx_word' id='word_1_376' title='bbox 1736 4049 2276 4120; x_wconf 89' lang='lat' dir='ltr'>benevolentiam</span> <span class='ocrx_word' id='word_1_377' title='bbox 2326 4072 2490 4141; x_wconf 90' lang='lat' dir='ltr'>erga</span> <span class='ocrx_word' id='word_1_378' title='bbox 2542 4054 2741 4120; x_wconf 88' lang='lat' dir='ltr'>Crea-</span> 
     </span>
     <span class='ocr_line' id='line_1_44' title="bbox 209 4073 2734 4230; baseline 0.002 -27"><span class='ocrx_word' id='word_1_379' title='bbox 209 4145 415 4208; x_wconf 84' lang='lat' dir='ltr'>torem</span> <span class='ocrx_word' id='word_1_380' title='bbox 464 4073 969 4222; x_wconf 61' lang='lat' dir='ltr'>incretiibiiem,</span> <span class='ocrx_word' id='word_1_381' title='bbox 1006 4161 1184 4227; x_wconf 89' lang='lat' dir='ltr'>quae</span> <span class='ocrx_word' id='word_1_382' title='bbox 1211 4140 1425 4211; x_wconf 91' lang='lat' dir='ltr'>nullis</span> <span class='ocrx_word' id='word_1_383' title='bbox 1449 4139 1627 4209; x_wconf 84' lang='lat' dir='ltr'>vitae</span> <span class='ocrx_word' id='word_1_384' title='bbox 1657 4139 2147 4209; x_wconf 86' lang='lat' dir='ltr'>tentationibus</span> <span class='ocrx_word' id='word_1_385' title='bbox 2176 4139 2459 4209; x_wconf 90' lang='lat' dir='ltr'>dissolvi</span> <span class='ocrx_word' id='word_1_386' title='bbox 2493 4138 2734 4230; x_wconf 88' lang='lat' dir='ltr'>potuit.</span> 
     </span>
     <span class='ocr_line' id='line_1_45' title="bbox 208 4223 2741 4320; baseline 0.002 -31"><span class='ocrx_word' id='word_1_387' title='bbox 208 4223 550 4298; x_wconf 84' lang='lat' dir='ltr'>Caeterum</span> <span class='ocrx_word' id='word_1_388' title='bbox 598 4229 687 4298; x_wconf 91' lang='lat' dir='ltr'>ab</span> <span class='ocrx_word' id='word_1_389' title='bbox 734 4228 1257 4320; x_wconf 83' lang='lat' dir='ltr'>impugnatione</span> <span class='ocrx_word' id='word_1_390' title='bbox 1306 4250 1440 4298; x_wconf 90' lang='lat' dir='ltr'>non</span> <span class='ocrx_word' id='word_1_391' title='bbox 1492 4228 1752 4299; x_wconf 90' lang='lat' dir='ltr'>destitit</span> <span class='ocrx_word' id='word_1_392' title='bbox 1800 4228 2003 4297; x_wconf 86' lang='lat' dir='ltr'>homo</span> <span class='ocrx_word' id='word_1_393' title='bbox 2068 4239 2093 4297; x_wconf 92' lang='lat' dir='ltr'>t</span> <span class='ocrx_word' id='word_1_394' title='bbox 2144 4228 2427 4298; x_wconf 86' lang='lat' dir='ltr'>rannica</span> <span class='ocrx_word' id='word_1_395' title='bbox 2496 4228 2741 4318; x_wconf 90' lang='lat' dir='ltr'>plenus</span> 
     </span>
     <span class='ocr_line' id='line_1_46' title="bbox 204 4313 2744 4408; baseline 0.001 -27"><span class='ocrx_word' id='word_1_396' title='bbox 204 4313 640 4387; x_wconf 80' lang='lat' dir='ltr'>crudelitate:</span> <span class='ocrx_word' id='word_1_397' title='bbox 694 4317 813 4387; x_wconf 90' lang='lat' dir='ltr'>sed</span> <span class='ocrx_word' id='word_1_398' title='bbox 857 4317 1083 4386; x_wconf 84' lang='lat' dir='ltr'>virum</span> <span class='ocrx_word' id='word_1_399' title='bbox 1128 4327 1441 4388; x_wconf 88' lang='lat' dir='ltr'>sanctum</span> <span class='ocrx_word' id='word_1_400' title='bbox 1488 4317 1559 4385; x_wconf 91' lang='lat' dir='ltr'>in</span> <span class='ocrx_word' id='word_1_401' title='bbox 1608 4316 1980 4387; x_wconf 89' lang='lat' dir='ltr'>Eleutherii</span> <span class='ocrx_word' id='word_1_402' title='bbox 2015 4339 2099 4408; x_wconf 91' lang='lat' dir='ltr'>pa</span> <span class='ocrx_word' id='word_1_403' title='bbox 2132 4317 2267 4387; x_wconf 89' lang='lat' dir='ltr'>atio</span> <span class='ocrx_word' id='word_1_404' title='bbox 2314 4316 2582 4387; x_wconf 91' lang='lat' dir='ltr'>includi</span> <span class='ocrx_word' id='word_1_405' title='bbox 2626 4316 2744 4405; x_wconf 91' lang='lat' dir='ltr'>ju-</span> 
     </span>
     <span class='ocr_line' id='line_1_47' title="bbox 204 4394 2742 4496; baseline 0.001 -28"><span class='ocrx_word' id='word_1_406' title='bbox 204 4394 337 4479; x_wconf 85' lang='lat' dir='ltr'>bet,</span> <span class='ocrx_word' id='word_1_407' title='bbox 389 4405 717 4478; x_wconf 90' lang='lat' dir='ltr'>adhibitis</span> <span class='ocrx_word' id='word_1_408' title='bbox 762 4406 1189 4490; x_wconf 88' lang='lat' dir='ltr'>custodibus,</span> <span class='ocrx_word' id='word_1_409' title='bbox 1242 4427 1327 4476; x_wconf 91' lang='lat' dir='ltr'>ne</span> <span class='ocrx_word' id='word_1_410' title='bbox 1358 4405 1517 4494; x_wconf 89' lang='lat' dir='ltr'>quis</span> <span class='ocrx_word' id='word_1_411' title='bbox 1545 4405 1975 4477; x_wconf 89' lang='lat' dir='ltr'>humanitate</span> <span class='ocrx_word' id='word_1_412' title='bbox 2022 4406 2297 4488; x_wconf 89' lang='lat' dir='ltr'>ductus,</span> <span class='ocrx_word' id='word_1_413' title='bbox 2352 4405 2417 4475; x_wconf 91' lang='lat' dir='ltr'>ei</span> <span class='ocrx_word' id='word_1_414' title='bbox 2465 4416 2742 4496; x_wconf 91' lang='lat' dir='ltr'>propter</span> 
     </span>
    </p>
   </div>
  </div>
 </body>
</html>
