3327 4999
245 314 465 379 MART.
524 314 546 378 t
1146 332 1223 378 nn
1273 333 1328 379 S.
1380 331 1609 379 Aunno
1659 332 1857 380 EPISC.
2641 319 2682 383 9

304 416 336 501 ξ
393 418 471 485 2.
528 418 696 481 Item
747 411 917 481 dum
982 412 1321 498 quaedam
1372 411 1645 494 mulier,
1710 435 1862 482 arre-
1919 425 1984 481 ta
2031 436 2066 481 a
2119 412 2425 503 maligno
2484 415 2759 503 spirim,

230 524 293 571 se
333 502 728 571 beatissimo
758 503 902 569 viro
936 501 1176 570 Albino
1212 502 1592 572 vociferans
1639 512 1703 571 et
1751 504 1862 593 eju
1896 525 2022 573 ans
2057 517 2577 590 praesentasset,
2612 528 2768 575 mox

231 591 649 661 adversarius
701 591 849 680 ipse
899 610 1111 679 supra
1170 591 1319 681 ejus
1384 590 1663 660 oculum
1735 592 1804 658 in
1874 591 2401 661 similitudinem
2466 594 2769 663 vescicae

222 682 628 771 sanguineae
666 700 737 747 se
784 678 1081 770 collegit.
1118 685 1305 749 Tunc
1357 678 1657 780 pontifex
1691 679 1946 749 faciens
1987 679 2267 769 signum
2311 694 2586 751 sanctae
2613 705 2770 753 cru-

223 770 327 847 cis,
381 769 788 855 increpavit,
844 768 1114 839 dicens:
1170 769 1478 847 Inimtce,
1535 769 1815 838 oculum
1866 792 2070 856 quem
2125 792 2257 838 non
2309 770 2583 849 dedisti,
2642 796 2767 843 nec

222 860 425 948 possis
474 858 770 927 auferre.
812 863 960 925 Mox
1018 857 1103 925 de
1150 857 1551 927 collectione
1600 859 1776 947 ipsa,
1832 857 1902 926 in
1960 857 2466 947 phlebotomiae
2513 861 2766 929 simili-

220 948 543 1025 tudinem,
581 947 929 1016 subtiliter
968 947 1255 1036 sanguis
1281 947 1531 1037 erupit.
1570 955 1716 1030 Quo
1749 947 2027 1026 fluente,
2070 948 2218 1017 sine
2258 948 2553 1017 laesione
2583 950 2768 1019 oculi

216 1036 617 1105 immundus
671 1036 887 1105 hostis
934 1037 1232 1115 evanuit,
1285 1049 1349 1104 et
1398 1036 1629 1126 puella
1681 1036 2073 1116 incolumis,
2136 1037 2514 1127 imperante
2564 1039 2764 1129 signo

214 1127 455 1205 crucis,
510 1125 751 1194 evasit.
810 1125 938 1193 Sed
972 1137 1035 1193 et
1071 1127 1197 1194 hoc
1250 1125 1841 1215 magnanimitatis
1872 1126 2262 1215 exemplum
2292 1140 2764 1218 opportunum

212 1214 482 1284 ducitur
528 1213 1048 1304 explicandum,
1102 1214 1285 1300 quod
1338 1236 1460 1305 pro
1513 1215 1626 1282 Dei
1679 1215 1948 1303 negotio
1999 1215 2186 1301 apud
2236 1238 2394 1285 eum
2449 1238 2584 1284 non
2619 1216 2767 1284 fue-

210 1303 288 1372 rit
335 1304 481 1373 ulla
523 1325 766 1393 regum
823 1316 1314 1393 potentumque
1364 1302 1749 1393 personalis
1799 1304 2126 1393 acceptiO.
2177 1305 2476 1390 Denique
2524 1305 2607 1374 ad
2642 1329 2766 1375 cu-

210 1393 470 1461 mulum
524 1393 843 1461 coelestis
909 1392 1167 1481 gratiae
1228 1392 1826 1478 conquirendum,
1881 1393 2298 1461 incestarum
2354 1395 2758 1484 nuptiarum

207 1480 606 1550 execrabilis
647 1480 1113 1570 copulationis
1152 1481 1315 1570 jura
1363 1480 1861 1559 condemnans,
1909 1482 2084 1551 beati
2137 1483 2426 1552 ,Ioannis
2475 1484 2767 1572 irrepre-

207 1570 567 1639 hensibilis
614 1571 943 1650 imitator,
997 1583 1255 1657 quanta
1315 1570 1746 1648 sustinuerit,
1807 1570 2042 1640 nullus
2091 1571 2299 1660 digne
2351 1572 2595 1660 poterit
2655 1594 2762 1640 ex-

208 1660 481 1749 plicare.
540 1659 897 1745 Siquidem
952 1671 1211 1747 martyr
1257 1658 1433 1727 effici
1474 1658 1892 1747 concupivit,
1934 1659 1990 1727 si
2042 1682 2176 1728 non
2228 1659 2557 1729 defuisset
2606 1660 2766 1729 dex-

204 1759 339 1817 tera
388 1748 849 1838 percussoris,
907 1748 1032 1817 Sed
1085 1747 1544 1838 proculdubio
1599 1749 1900 1838 palmam
1945 1749 2255 1835 martyrii
2311 1749 2581 1829 meruit,
2640 1749 2761 1835 qui

200 1838 330 1906 voti
379 1837 727 1906 desideria
777 1859 913 1904 non
962 1837 1343 1905 abscondit.
1406 1837 1591 1905 Unde
1644 1850 1910 1927 praeter
1958 1836 2226 1907 labores
2279 1838 2605 1925 reliquos,
2661 1853 2761 1907 et-

202 1926 333 1995 iam
390 1948 510 2016 per
553 1924 879 2015 synodo&
985 1949 1056 1993 ro
1098 1926 1243 2016 ipsa
1280 1948 1491 1994 causa
1541 1926 1819 2015 saepius
1849 1927 2196 2007 excitatas,
2238 1950 2636 2005 excurrens,
2672 1927 2757 1995 ad

205 2028 627 2103 postremum
664 2037 923 2103 quamp
956 2015 1188 2083 urium
1238 2014 1723 2105 episcoporum
1758 2014 2211 2099 injunctione,
2253 2029 2329 2085 ut
2359 2038 2763 2084 excommu-

204 2104 463 2171 nicatas
511 2126 551 2172 a
600 2126 673 2171 se
707 2125 1036 2193 personas
1069 2104 1469 2172 absolveret.
1527 2104 1589 2171 vi
1640 2103 1930 2172 fratrum
1965 2117 2243 2175 coactus
2291 2117 2414 2174 est.
2469 2110 2544 2172 Et
2593 2126 2754 2172 cum

207 2207 577 2282 rogaretur,
622 2203 701 2260 ut
748 2191 1077 2282 euloglaS,
1130 2215 1305 2279 quas
1354 2192 1603 2278 reliqui
1652 2192 2012 2271 antistiteS,
2050 2193 2135 2261 ad
2171 2216 2533 2282 personam
2566 2216 2755 2261 com-

206 2282 531 2351 munione
581 2302 990 2371 suspensam
1020 2282 1415 2371 dirigentes.
1461 2281 1971 2356 benedixerant.
2008 2295 2078 2349 ut
2125 2295 2189 2349 et
2240 2282 2383 2372 ipse
2419 2283 2746 2370 signaret,

203 2370 289 2439 ait
326 2371 411 2439 ad
465 2370 889 2439 sacerdotale
921 2371 1339 2439 concilium:
1388 2371 1526 2439 Etsi
1574 2369 1660 2438 ad
1725 2368 2097 2460 imperium
2151 2385 2450 2440 vestrum
2501 2395 2625 2461 ego
2661 2371 2756 2439 si-

203 2481 407 2549 gnare
446 2459 849 2550 compellor,
904 2460 1067 2528 dum
1124 2482 1240 2530 vos
1288 2482 1572 2529 causam
1626 2458 1736 2527 Dei
1790 2460 2119 2530 recusatis
2169 2459 2556 2540 defendere,
2614 2461 2760 2551 ipse

204 2563 440 2638 potens
484 2562 588 2617 est
640 2549 1010 2617 vindicare.
1066 2554 1212 2631 Quo
1263 2548 1462 2626 facto,
1521 2561 1886 2635 antequam
1921 2548 2233 2638 eulogias
2286 2550 2762 2618 excommuni-

200 2651 344 2707 cata
392 2659 687 2729 persona
739 2639 1139 2725 susciperet,
1192 2638 1560 2728 expiravit:
1615 2650 1680 2705 et
1725 2640 2128 2726 priusquam
2175 2639 2460 2727 portitor
2521 2660 2755 2728 perve-

198 2729 394 2807 niret,
447 2749 677 2794 sermo
727 2727 1100 2795 sacerdotis
1148 2726 1623 2808 obtinuit.Qui
1655 2727 1860 2795 etiam
1911 2727 1995 2794 ad
2049 2729 2324 2796 beatum
2358 2727 2752 2795 Caesarium

197 2815 650 2884 arelatensem
691 2815 1104 2905 praesulem,
1165 2838 1283 2905 pro
1319 2816 1558 2884 eadem
1607 2838 1816 2884 causa
1858 2815 2305 2885 consulturus
2336 2816 2659 2884 occurrit.

278 2909 315 2992 ξ
380 2909 461 2975 8.
520 2903 645 2972 Sed
696 2904 863 2990 quia
910 2905 1060 2993 ejus
1108 2905 1385 2995 singula
1436 2926 1572 2972 non
1609 2905 1917 2975 valemus
1968 2918 2261 2973 retexere
2311 2906 2512 2984 facta,
2559 2903 2748 2972 suffi-

194 2994 324 3062 ciat
370 2993 455 3062 de
507 2993 832 3082 plurimis
879 2993 980 3062 vel
1006 3016 1239 3082 ,pauca
1286 2993 1563 3062 dixisse.
1606 2993 1782 3061 Illud
1831 3016 2106 3080 quoque
2142 2994 2519 3064 beatissimi
2557 2993 2749 3061 testi-

196 3084 531 3160 monium,
589 3082 877 3150 viventis
937 3096 1087 3172 post
1123 3083 1412 3158 obitum.
1460 3083 1927 3151 necessarium
1977 3083 2328 3151 credimus
2381 3105 2542 3172 prae
2598 3105 2752 3151 cae-

192 3174 351 3240 teris
397 3171 917 3262 explicandum.
972 3172 1145 3253 Quia
1210 3171 1365 3240 licet
1418 3184 1758 3240 teneretur
1806 3171 2124 3239 clausum
2174 3194 2426 3261 corpus
2476 3173 2627 3260 ejtls
2684 3173 2750 3238 in

194 3260 482 3338 tumulo,
539 3271 839 3328 attamen
880 3261 1055 3348 justi
1087 3260 1359 3329 animae
1410 3282 1671 3329 merces
1701 3260 2097 3328 exuberavit
2141 3260 2210 3327 in
2245 3262 2495 3329 fructu.
2537 3260 2758 3348 Igitur

190 3372 350 3418 cum
400 3362 688 3418 sanctus
729 3354 1114 3418 Germanus
1160 3349 1529 3439 episcopus
1565 3349 2008 3428 Parisiorum,
2051 3348 2151 3416 vel
2203 3349 2757 3439 comprovincia-

192 3437 287 3506 les
318 3461 397 3507 ac
450 3437 753 3529 pontifex
785 3460 1144 3507 successor
1190 3438 1339 3525 ejus
1385 3448 1450 3506 et
1500 3438 1824 3527 populus,
1883 3437 2135 3505 vellent
2185 3439 2496 3506 membra
2528 3437 2753 3507 sancti

190 3525 411 3596 Albini
464 3528 537 3595 in
589 3549 837 3596 novam
873 3527 1231 3596 basilicam
1280 3527 1515 3595 devote
1573 3539 2042 3616 transponere,
2089 3539 2154 3594 et
2203 3541 2481 3617 propter
2539 3526 2758 3594 cellu-

192 3613 294 3684 lae
339 3615 766 3706 angustiam,
820 3616 1059 3703 inqua
1106 3615 1425 3685 conditus
1464 3616 1707 3694 fuerat,
1743 3638 1879 3684 non
1920 3615 2203 3684 daretur
2231 3616 2407 3683 sacri
2440 3615 2752 3704 corporis

189 3705 592 3774 extrahendi
642 3705 941 3784 licentia,
995 3704 1264 3773 cunctis
1313 3705 1814 3773 haesitantibus
1846 3716 1910 3772 et
1941 3704 2221 3773 incertis
2251 3705 2418 3790 quid
2471 3715 2760 3793 agerent

188 3796 375 3863 curis
415 3792 881 3884 popularibus
928 3815 998 3862 se
1066 3795 1283 3862 virtus
1346 3793 1729 3863 beatissimi
1781 3793 1908 3862 viri
1967 3793 2330 3862 mediatrix
2386 3793 2754 3863 interserit.

188 3886 355 3951 Nam
389 3882 914 3973 expectantibus
952 3882 1287 3952 ‘omnibus
1319 3893 1384 3950 et
1433 3882 1606 3950 nihil
1649 3882 2218 3962 deliberantibuS,
2275 3895 2552 3972 repente
2581 3893 2757 3950 nutu

186 3970 422 4040 divino
471 3971 769 4040 discisso
826 3974 1081 4061 pariete
1141 3970 1433 4039 cellulae
1479 3970 1599 4058 qui
1647 3984 1794 4040 erat
1840 3971 1926 4040 ad
1977 3971 2184 4061 pedes
2231 3973 2405 4060 ejus,
2460 3993 2500 4039 a
2559 3981 2751 4060 parte

187 4060 506 4129 orientali
574 4073 709 4128 tres
758 4059 1021 4149 lapides
1069 4059 1428 4141 decidunt,
1486 4059 1747 4129 scilicet
1795 4060 1953 4128 dato
2004 4060 2227 4149 signo,
2301 4082 2421 4150 per
2476 4059 2755 4146 qualem

193 4144 422 4218 locum
474 4171 546 4218 se
586 4148 863 4238 juberet
910 4148 1113 4218 educi
1165 4171 1388 4239 posse.
1444 4154 1711 4218 Interea
1743 4147 1918 4217 sacto
1970 4149 2187 4230 aditu,
2239 4147 2407 4218 dum
2460 4170 2756 4217 concen-

188 4247 300 4308 tus
349 4236 799 4328 psallentium
836 4236 920 4306 ad
971 4250 1286 4308 sanctum
1332 4237 1728 4328 sepulcrum
1767 4236 2226 4327 progreditur,
2282 4238 2352 4306 in
2406 4237 2577 4318 loce,
2637 4257 2755 4326 per

188 4346 397 4482 quem
448 4338 553 4395 est
599 4325 914 4406 eductus,
959 4325 1190 4416 palam
1244 4339 1380 4394 tres
1434 4326 1822 4416 paralytici,
1862 4326 2136 4414 jamdiu
2184 4326 2546 4418 desperati,
2601 4324 2756 4394 red-

244 4414 320 4483 iti
371 4427 537 4486 sunt
607 4414 935 4497 sanitati,
1012 4437 1091 4485 ac
1158 4415 1350 4485 nervi
1417 4415 1880 4505 praemortui,
1962 4415 2297 4485 vivificari
2367 4415 2758 4485 didicerunt
