3327 4999
795 351 923 421 6⁴2
1510 370 1588 416 nn
1637 370 1693 417 s.
1747 367 2058 417 nactovio
2106 358 2405 417 ssr1scoro
2760 351 2867 417 EX
2912 350 3101 419 AUG.
3163 352 3248 418 16

678 455 1058 537 'castitati3‚
1110 455 1316 524 etiam
1391 454 1744 524 lucernam
1821 454 2170 523 ardentem
2222 454 2493 523 tenebat
2538 452 2607 523 in
2659 455 2982 524 manibus
3040 455 3245 539 suis‘,

682 566 862 615 ¹cum
919 566 1036 635 per
1068 545 1245 614 bona
1293 565 1499 633 opera
1536 543 1714 614 lucis
1761 542 2074 633 exempla
2123 544 2545 612 monstrabat
2600 543 2953 633 proximis.
3009 548 3111 614 Ita
3163 544 3251 613 fi-

704 633 948 703 deliter
992 646 1073 703 et.
1104 631 1477 723 prudenter
1522 631 1887 723 geminans
1935 654 1975 701 a
2025 637 2156 701 Deo
2202 630 2335 700 sibi
2382 631 2641 701 credita
2683 631 2928 702 talenta
2981 633 3253 703 intelle·-

679 736 855 793 ·ctus
886 734 951 791 et
978 721 1415 812 operationis,
1466 743 1944 809 quoscumque
1979 720 2198 811 potuit
2243 721 2447 791 verbo
2495 735 2561 790 et
2602 720 2914 813 exemplo
2963 721 3252 793 allicere

672 811 790 881 ‘ad
840 810 1269 900 propositum
1334 824 1608 880 sanctae
1667 808 2224 889 conversationis,
2286 809 2655 900 participes
2714 823 2779 879 et
2839 810 3061 880 socios
3111 812 3252 882 sibi

703 899 998 970 concivit
1030 899 1115 969 ad
1157 900 1629 969 scandendum
1669 899 1796 968 iter
1826 898 2282 990 perfectionis,
2333 900 2495 968 Jarn
2546 920 2700 968 vero
2747 922 2956 987 quam
2988 901 3053 969 ei
3103 899 3252 970 fru—

704 988 950 1079 galitas
982 988 1204 1057 amica
1225 988 1459 1068 fuerit,
1515 1010 1724 1075 quam
1758 987 1819 1056 ei
1869 986 2291 1078 parsimonia
2342 987 2698 1078 placuerit,
2755 988 3103 1077 quomodo
3168 1012 3251 1060 u-

680 1078 978 1164 ·trinque
1052 1077 1331 1147 reducto
1405 1077 1567 1146 fune
1638 1078 2169 1167 temperantiae,
2229 1097 2500 1166 semper
2559 1076 2856 1146 mediam
2909 1077 3248 1148 virtutum

700 1166 885 1237 viam
932 1166 1004 1234 in
1054 1166 1380 1237 omnibus
1431 1166 1741 1246 tenuerit,
1798 1165 1960 1236 satis
2007 1188 2086 1240 ex
2136 1165 2265 1235 hoc
2295 1166 2514 1256 patuit
2541 1166 2704 1253 quia
2745 1166 2831 1235 ad
2880 1188 3246 1236 summum

705 1253 1199 1325 sanctimoniae
1261 1255 1535 1324 culmen
1599 1254 1884 1323 feliciter
1932 1254 2256 1345 pervenit.
2311 1254 2519 1345 Cujus
2585 1255 2758 1324 vitae
2831 1255 3250 1325 rectitudine

690 1343 932 1412 omnis
1017 1344 1271 1435 opulus
1300 1342 1385 1413 ad
1439 1342 1974 1412 meliorationem
2029 1363 2296 1412 morum
2350 1365 2483 1413 non
2537 1365 2781 1433 parum
2823 1344 3132 1414 directus
3179 1358 3248 1414 et

703 1432 972 1502 miracu
1002 1455 1199 1502 orum
1233 1433 1382 1523 ejus
1430 1432 1647 1523 gloria
1697 1432 1904 1501 nimis
1944 1431 2397 1519 jucundatuS,
2454 1432 2836 1523 promoveri
2883 1454 3041 1501 eum
3085 1433 3249 1503 fecit

702 1520 788 1590 ad
821 1522 1143 1591 Ordinem
1192 1522 1662 1613 EpiscopatuS,
1717 1535 1793 1590 ut
1841 1521 2125 1591 uberius
2176 1521 2585 1617 sanctificari
2628 1521 2777 1612 ejus
2819 1522 3247 1592 benedictio—

705 1610 914 1679 nibus
951 1625 1396 1679 mererentur.
3134 1644 3139 1648 ·

793 1701 828 1786 ξ
875 1703 951 1768 7.
1006 1704 1172 1769 Cum
1206 1700 1390 1769 enim
1441 1698 1507 1766 in
1560 1697 1690 1767 hoc
1725 1709 1902 1768 totus
1948 1710 2145 1779 esset,
2200 1708 2276 1767 ut
2296 1698 2442 1787 jam
2481 1699 2767 1787 jamque
2802 1698 3244 1788 perfectionis

704 1786 833 1856 iter
877 1788 1228 1888 arriperet,
1280 1810 1438 1856 cum
1490 1787 1574 1856 de
1611 1809 1796 1857 more
1836 1787 2189 1856 interesset
2233 1787 2688 1858 Ecclesiastici
2729 1787 2935 1857 officii
2988 1801 3245 1878 myste-

703 1876 831 1958 ri0,
870 1875 1131 1946 audivit
1177 1875 1618 1965 Evangelium
1667 1876 2108 1966 pronunciari
2158 1899 2198 1944 a
2231 1875 2558 1946 Diacono:
2603 1878 2682 1945 Si
2724 1880 2875 1968 quis
2930 1880 3112 1945 venit
3155 1879 3248 1947 ad

702 1988 830 2046 me,
869 1976 930 2034 et
960 1989 1089 2035 non
1117 1966 1255 2034 odic
1291 1976 1552 2056 patrem
1602 1976 1666 2034 et
1694 1976 1977 2034 matrem
2020 1975 2082 2034 et
2124 1987 2409 2034 umorem
2453 1977 2514 2035 ee
2564 1967 2743 2055 filios
2780 1977 2842 2034 et
2887 1968 3138 2055 fratres
3181 1978 3246 2035 et

703 2076 980 2135 sororeS,
1030 2054 1251 2124 adhuc
1292 2064 1516 2123 autem
1566 2065 1629 2123 et
1682 2057 1980 2123 animam
2032 2076 2249 2134 suam,
2286 2077 2414 2123 non
2466 2064 2678 2143 potest
2719 2077 2902 2124 meus
2953 2078 3090 2124 esse
3142 2054 3247 2123 di-

703 2144 1046 2233 scipulus:
1110 2156 1196 2222 et,
1252 2144 1382 2225 Qui
1424 2166 1550 2211 non
1597 2145 1947 2212 renunciat
2000 2144 2301 2211 omnibus
2352 2166 2528 2234 quae
2547 2144 2863 2233 possidet,
2915 2167 3047 2212 non
3097 2151 3245 2233 pol-

705 2242 802 2302 est
855 2254 1039 2301 meus
1071 2254 1205 2300 esse
1249 2232 1641 2322 discipulus.
1699 2236 1773 2300 Et
1823 2230 2096 2321 rapiens
2153 2252 2384 2301 vocem
2432 2253 2511 2300 ex
2566 2253 2682 2300 ore
2733 2232 3033 2310 Diaconi,
3091 2254 3246 2300 cre-

703 2319 876 2389 dens
924 2320 1051 2389 hoc
1101 2320 1469 2389 consilium
1503 2320 1633 2389 sibi
1666 2320 1734 2388 in
1773 2333 2074 2409 tempore
2109 2319 2510 2389 mandatum
2545 2342 2694 2391 esse
2725 2342 2803 2389 ex
2853 2343 2968 2390 ore
3016 2321 3243 2410 ipsius

686 2409 1001 2489 Domini,
1056 2430 1137 2478 ex
1201 2408 1354 2498 ipsa
1402 2408 1710 2479 lectionis
1760 2408 2265 2499 opportunitate
2315 2422 2576 2499 patrem
2628 2432 2832 2478 suum
2883 2409 3239 2490 convenit,

703 2497 1110 2589 legationem
1168 2498 1502 2568 Dominici
1550 2497 1858 2568 mandati
1909 2521 2028 2589 per
2076 2499 2449 2568 Diaconum
2483 2497 2614 2568 sibi
2667 2497 2952 2568 missam
3003 2498 3064 2567 ei
3111 2498 3242 2568 ob-

711 2587 884 2667 'ecit‚
959 2600 1023 2657 et
1072 2587 1416 2657 licentiam
1491 2587 2036 2657 abrenunciandi
2085 2587 2219 2657 sibi
2285 2588 2567 2678 suisque
2624 2588 2950 2658 omnibus
3016 2588 3105 2656 ab
3162 2610 3248 2657 eo

756 2676 1062 2746 umiliter
1109 2677 1321 2766 petiit,
1375 2698 1583 2762 seque
1632 2689 1821 2744 trans
1870 2697 2056 2744 mare
2132 2676 2748 2764 peregrinationem
2803 2698 2921 2767 pro
2971 2677 3244 2747 Christo

700 2764 875 2835 velle
922 2765 1271 2855 suscipere
1323 2764 1679 2854 praedixit.
1734 2769 1928 2832 Pater
1972 2764 2269 2853 diligens
2304 2765 2526 2834 silium
2573 2764 2779 2834 nimis
2826 2766 3090 2834 carnali
3141 2767 3249 2834 af-

700 2852 1014 2934 fectione,
1071 2876 1273 2940 quem
1325 2853 1665 2942 gaudebat
1734 2852 2018 2921 rediisse
2064 2853 2149 2922 de
2197 2866 2334 2922 tam
2401 2852 2776 2944 longinqua
2840 2854 3250 2944 peregrina-

702 2943 925 3024 tione,
978 2942 1193 3011 voluit
1242 2942 1457 3010 bonae
1504 2942 1653 3031 ejus
1714 2941 2043 3011 voluntati
2109 2941 2470 3011 contraire.
2525 2947 2603 3011 Et
2652 2964 3106 3032 praecurrens
3155 2943 3246 3012 ad

703 3031 916 3100 maris
982 3030 1169 3108 litus,
1223 3029 2035 3117 amotisusquequaque
2109 3031 2446 3112 navibuS,
2524 3030 2873 3101 interdixit
2933 3044 3254 3121 potenter

702 3119 935 3188 nautis
1003 3117 1367 3199 omnibus,
1427 3140 1507 3186 ne
1553 3120 1711 3205 quis
1783 3141 2023 3188 eorum
2073 3118 2216 3188 filio
2266 3141 2389 3188 suo
2460 3119 2852 3189 facultatem
2911 3119 3250 3190 transfre-

702 3207 892 3277 tandi
945 3219 1315 3298 praestaret
1359 3206 1818 3294 aliquatenus.
1852 3208 1976 3277 Sed
2022 3207 2122 3276 vir
2155 3208 2573 3297 Apostolicae
2622 3210 2817 3289 vitae,
2856 3208 3080 3279 sciens
3117 3214 3252 3279 Do-

702 3296 973 3367 minum
1026 3295 1474 3386 praecepisse.
1532 3296 1599 3365 Si
1647 3295 1923 3366 dextera
1972 3318 2244 3378 manuS,
2284 3297 2383 3366 vel
2425 3319 2563 3387 pes,
2620 3298 2721 3367 vel
2757 3298 3001 3367 oculus
3038 3320 3246 3367 scan-

701 3384 951 3455 dalizat
999 3398 1083 3465 te,
1136 3406 1298 3454 erue
1358 3406 1542 3465 eum,
1595 3398 1659 3454 et
1710 3386 1962 3475 projice
2010 3386 2134 3456 abs
2192 3397 2290 3454 te:
2346 3385 2590 3455 maluit
2638 3386 2827 3456 solus
2892 3387 2975 3456 ad
3033 3387 3242 3455 vitam

686 3474 993 3565 ingredi,
1048 3496 1257 3562 quam
1306 3496 1467 3543 cum
1541 3475 1938 3563 parentibus
1988 3474 2133 3557 suis
2184 3475 2562 3564 perniciose
2609 3474 2914 3554 dilectis,
2996 3476 3065 3545 in
3130 3499 3250 3566 ge-

701 3564 1007 3632 hennam
1055 3563 1256 3633 mitti.
1308 3567 1596 3632 Omnem
1647 3585 1809 3654 ergo
1873 3564 2169 3633 carnalis
2235 3563 2764 3633 necessitudinis
2811 3565 3248 3634 affectionem

702 3666 1122 3743 postponens
1172 3651 1417 3721 Christi
1465 3653 1708 3732 amori,
1760 3652 2281 3722 abrenunciavit
2328 3653 2529 3742 patri,
2562 3654 3085 3723 abrenunciavit
3119 3676 3248 3742 pa-

704 3753 936 3811 ternae
983 3740 1313 3818 facultati,
1352 3741 1872 3810 abrenunciavit
1917 3741 2119 3809 etiam
2170 3741 2327 3824 sibi,
2374 3754 2449 3811 ut
2497 3742 2729 3813 nudus
2767 3755 2831 3811 et
2877 3742 3249 3832 expeditus

706 3841 1108 3916 sequeretur
1152 3828 1542 3919 discipulus
1590 3829 1755 3898 vesti
1813 3829 1875 3899 ia
1907 3828 2241 3919 magistri.

793 3926 831 3999 §5
878 3923 959 3989 8.
1012 3918 1251 3987 Ascitis
1298 3918 1526 4004 itaque
1590 3941 1779 3989 omni
1834 3941 1917 3987 us
1983 3918 2104 4004 qui
2155 3940 2390 3987 secum
2442 3920 2762 3989 tenebant
2810 3919 3249 4008 propositum

702 4006 1066 4077 monastici
1111 4007 1415 4085 ordiniS,
1463 4005 1753 4097 allegato
1825 4028 2097 4094 quoque
2148 4008 2474 4097 magistro
2521 4030 2647 4076 suo
2697 4008 3052 4076 Brendano
3104 4008 3246 4078 Ab-

700 4096 854 4166 bate
899 4095 977 4176 *,-
1011 4096 1194 4165 venit
1239 4095 1324 4164 ad
1376 4095 1538 4165 litus
1590 4096 1821 4166 maris.
1880 4096 2004 4165 Ubi
2062 4096 2310 4166 amotis
2358 4096 2649 4166 navibus
2698 4109 2762 4165 et
2813 4096 3044 4165 nautis
3095 4119 3250 4166 om-

703 4184 958 4264 nibuS,
1007 4185 1205 4275 juxta
1250 4184 1692 4253 interdictum
1743 4184 1955 4275 patris
2003 4184 2146 4264 sui,
2198 4207 2356 4253 cum
2433 4185 2626 4254 nulla
2690 4197 3084 4275 suppeteret
3135 4187 3254 4258 via

704 4272 1211 4354 transfretandi,
1266 4272 1603 4342 recolebat
1636 4272 1808 4343 illud
1865 4273 2297 4343 psalmistae:
2353 4278 2606 4343 Bonum
2650 4285 2745 4343 est
2800 4275 3129 4365 confidere
3179 4277 3256 4345 in

700 4364 996 4443 Domz'nO,
1061 4385 1265 4453 quam
1333 4363 1656 4452 confidere
1707 4364 1778 4431 in
1817 4363 2078 4432 homine
2124 4366 2284 4450 (Ps.
2341 4366 2465 4432 117
2499 4361 2549 4452 ).
2606 4368 2911 4451 Cumque
2959 4385 3082 4433 cor
3127 4364 3250 4454 ,ad

755 4484 781 4512 ¹*
811 4485 993 4527 Colitur
1020 4484 1095 4526 die
1126 4493 1210 4525 xvi
1239 4484 1370 4533 τηεμ.

682 2755 687 2768 t
