3327 4999
195 369 302 435 EX
349 367 531 435 NOV.
588 370 670 434 ⁴2
996 389 1075 436 nn
1123 390 1176 437 s.
1233 389 1503 438 manino
1551 389 1946 440 rnnsnvrssno
2532 374 2661 439 7⁴5

195 472 592 540 comitatum
619 471 789 572 Agrii
822 472 1085 562 suscipi
1121 472 1395 554 meruit,
1431 474 1826 561 habentque
1853 495 2041 542 nunc
2073 473 2560 545 haereditatem
2589 498 2750 546 cum

198 559 460 630 Christo
507 560 627 646 qui
677 581 745 628 in
784 561 913 629 hac
964 561 1095 630 vita
1149 582 1531 648 numquam
1577 561 1764 652 passi
1811 574 1975 631 sunt
2016 563 2320 652 separari
2370 585 2409 631 a
2458 564 2746 633 ChristO.

198 653 335 717 Hos
382 661 563 717 certe
597 649 798 718 nobis
848 648 1219 719 imitabiles
1268 649 1503 718 divina
1545 651 1764 741 pietas
1798 650 2236 719 condonavit:
2276 662 2353 720 ut
2399 673 2601 737 quem
2638 651 2753 720 de-

199 748 399 806 terret
437 759 478 805 a
516 736 746 827 gladio
790 759 1040 808 manus
1078 738 1371 808 violenta
1416 738 1788 819 carnificis,
1849 760 2182 838 magnum
2230 739 2750 810 Willibrordum

199 826 267 894 in
309 825 582 894 divinae
631 826 824 917 pacis
879 827 1284 913 quietudine
1332 828 1621 896 Domino
1672 827 2113 896 laudabiliter
2168 828 2575 897 servientem
2606 883 2621 909 ‚
2693 829 2752 897 si

200 916 413 1004 possit
460 936 533 983 se
572 915 992 1004 aequiparet:
1046 916 1168 1001 qui
1226 926 1454 985 autem
1508 938 1579 987 se
1643 916 1978 1006 agonistis
2025 916 2565 1005 comparabilem
2615 917 2754 985 exi-

198 1004 429 1073 stimat
465 1058 479 1082 ,
552 1013 866 1072 sanctum
935 1003 1361 1073 Bonifaciuin
1418 1003 1572 1073 suso
1674 1027 1747 1074 ro
1806 1003 2053 1074 Christi
2115 1026 2348 1073 amore
2408 1005 2753 1093 sanguine

198 1091 531 1177 subsequi
582 1114 714 1160 non
768 1091 1109 1161 formidet.
1165 1092 1357 1174 Quod
1409 1093 1465 1161 si
1514 1093 1599 1161 de
1629 1092 1808 1162 uerit
1862 1093 2314 1182 peremptoris
2374 1094 2697 1163 atrocitas
2731 1149 2745 1175 ,

200 1181 345 1280 ipse
395 1181 529 1250 sibi
582 1202 865 1249 manuni
919 1179 1158 1249 divina
1207 1181 1581 1271 romphaea
1629 1194 1995 1271 perarmet,
2048 1180 2196 1270 ipse
2244 1181 2378 1250 sibi
2428 1182 2754 1272 spiritua-

198 1269 351 1337 liter
404 1281 469 1338 et
517 1281 914 1358 persecutor
960 1269 1301 1339 efficiatur
1346 1283 1410 1339 et
1461 1281 1759 1359 martyr,
1805 1269 2187 1338 dummodo
2247 1283 2367 1340 aut
2414 1274 2629 1340 unius
2677 1271 2748 1339 in

197 1378 364 1513 pape
413 1356 859 1438 munditiam,
913 1371 1032 1427 aut
1071 1357 1355 1428 alterius
1403 1358 1474 1427 in
1524 1358 1880 1428 carnificio
1919 1356 2211 1447 adipisci
2258 1379 2394 1428 non
2448 1359 2753 1449 negligat

246 1469 283 1514 a
320 1467 528 1514 mam.

198 1468 241 1536 p
285 1537 321 1621 ξ
367 1538 459 1605 8.
516 1534 643 1603 Sed
696 1535 805 1604 his
871 1527 1352 1606 summotenus
1429 1536 1872 1615 memoratis,
1951 1534 2321 1635 repetenda
2390 1548 2492 1605 est
2548 1536 2751 1608 nobis

196 1622 483 1692 historia
513 1644 719 1708 quam
777 1624 982 1714 paulo
1033 1635 1191 1693 ante
1241 1647 1364 1694 nos
1413 1625 1729 1695 omisisse
1835 1623 2371 1713 erscripsimus:
2425 1647 2602 1710 quae
2652 1638 2751 1696 ta-

198 1733 351 1781 men
388 1711 663 1800 penitus
710 1713 964 1781 omissa
998 1734 1132 1781 non
1174 1725 1298 1794 est,
1334 1713 1499 1799 quia
1548 1714 1753 1783 subin
1810 1735 1845 1781 e
1879 1734 1950 1781 se
1991 1713 2168 1781 inter
2200 1723 2466 1782 caetera
2513 1714 2750 1784 animo

197 1800 359 1869 huic
421 1823 694 1890 semper
742 1801 1142 1871 inhaerente
1201 1802 1525 1892 opposuit
1589 1802 1876 1870 affectus
1924 1800 2271 1877 dictantis,
2331 1801 2561 1871 nescio
2609 1824 2749 1888 qua

193 1888 559 1959 dulcedine
608 1889 983 1969 delibutuS,
1016 1890 1185 1958 dum
1236 1890 1592 1980 superiora
1637 1911 1786 1959 com
1844 1902 2079 1960 oneret
2126 1889 2552 1977 reliquorum
2593 1890 2750 1976 qui-

194 1977 349 2046 dem
400 1976 659 2078 digitis,
727 1977 1014 2047 Lebuini
1074 1991 1301 2047 autem
1360 1979 1605 2068 ‘ugiter
1650 2001 1768 2047 coi·
1820 1999 1855 2047 e
1904 1978 2305 2047 conteritur.
2363 1983 2537 2047 Sane
2584 1978 2751 2065 quia

193 2065 277 2134 de
326 2065 444 2135 illo
496 2066 817 2156 inprimis
878 2066 1266 2156 scriptitare
1361 2079 1725 2147 ecreverat,
1780 2066 1936 2136 licet
1983 2065 2164 2135 viros
2214 2065 2750 2156 pretiosissimos

194 2167 469 2243 repente
519 2155 590 2223 in
643 2154 948 2224 medium
1002 2154 1355 2245 proferret,
1409 2156 1495 2225 ab
1547 2155 1759 2244 liujus
1795 2167 2020 2228 tamen
2073 2155 2332 2224 intuitu
2381 2155 2748 2245 cogitantis

195 2243 482 2313 intentio
531 2244 950 2314 summoveri
987 2266 1121 2313 non
1167 2245 1408 2334 potuit:
1461 2245 1790 2331 quoniam
1824 2245 2002 2314 bona
2051 2265 2227 2330 quae
2256 2242 2343 2313 de
2392 2244 2410 2311 i
2468 2265 2543 2312 so
2604 2243 2742 2311 dici

192 2342 448 2418 queant
494 2331 674 2400 ultro
724 2353 795 2401 se
843 2332 1171 2412 offerunt;
1247 2355 1423 2419 quae
1472 2333 1530 2401 si
1578 2333 1738 2419 quis
1794 2332 2029 2401 omnia
2087 2354 2394 2422 exponen
2451 2354 2491 2401 a
2546 2353 2745 2422 prae-

192 2431 517 2501 sumeret,
548 2419 926 2501 Tullianae,
966 2420 1402 2490 Plautinaeve
1427 2420 1857 2508 eloquentiae
1888 2421 2176 2491 floribus
2199 2421 2559 2512 indigeret.
2588 2426 2749 2490 Bea-

194 2520 306 2577 tus
352 2508 565 2609 igitur
612 2509 959 2578 Lebuinus
1009 2510 1187 2579 inter
1223 2510 1402 2580 feros
1431 2522 1497 2579 et
1545 2511 2053 2581 semibarbaros
2112 2510 2474 2579 hominum
2522 2530 2747 2579 mores

191 2609 632 2677 constitutus,
687 2598 850 2685 agni
901 2597 1365 2668 innocentiam
1417 2599 1776 2679 retinebat,
1833 2619 2097 2667 memor
2136 2598 2529 2668 Dominicae
2558 2598 2746 2668 vocis

191 2708 329 2772 qua
361 2685 646 2766 dixerat,
702 2708 773 2755 se
820 2685 1174 2776 Apostolos
1222 2688 1401 2758 sicut
1448 2709 1665 2777 agnos
1706 2686 1883 2755 inter
1918 2686 2119 2777 lupos
2169 2686 2576 2756 missurum.
2613 2691 2745 2756 Nec

194 2774 335 2843 viro
386 2786 623 2844 sancto
671 2774 888 2843 defuit
936 2776 1330 2864 serpentina
1381 2775 1753 2866 prudentia
1800 2774 1966 2844 duni
2020 2776 2074 2845 si
2125 2775 2284 2861 quis
2331 2774 2541 2864 capiti
2591 2796 2742 2855 δυο,

190 2862 257 2931 id
294 2876 418 2944 est,
465 2863 750 2943 Christo,
808 2863 1134 2953 injuriam
1168 2862 1389 2933 facere
1485 2875 1872 2944 ertentaret‚
1919 2863 2033 2931 ille
2065 2885 2187 2953 pro
2227 2885 2306 2932 eo
2348 2875 2560 2933 totum
2595 2883 2747 2932 coi·-

190 2974 323 3041 pus
378 2952 853 3023 indubitanter
886 2952 1232 3042 objiceret.
1308 2957 1404 3022 Un
1462 2976 1497 3021 e
1545 2952 1803 3022 factum
1855 2964 1956 3021 est
2003 2965 2077 3021 ut
2127 2952 2194 3019 in
2249 2951 2495 3021 virtute
2544 2950 2745 3021 Altis-

190 3039 372 3120 simi,
441 3039 526 3109 ad
590 3040 902 3109 divinum
953 3053 1164 3132 caput
1212 3042 1522 3110 membra
1570 3052 2041 3121 connecteret,
2105 3052 2339 3129 utpote
2378 3052 2455 3109 ut
2501 3039 2624 3126 qui
2674 3060 2746 3108 se

191 3128 368 3197 inter
400 3128 529 3199 ista
563 3129 867 3199 medium
899 3130 1098 3217 quasi
1147 3130 1501 3199 charitatis
1534 3129 1904 3199 viscarium
1940 3129 2308 3209 inserebat,
2362 3127 2746 3213 intimaque

191 3216 487 3285 summis
557 3217 936 3307 copulans,
1017 3218 1484 3288 infirmitatem
1557 3218 1937 3286 humanam
2015 3217 2337 3307 dignitati
2387 3216 2748 3306 Angelicae

190 3325 567 3390 coaequare
614 3305 954 3375 studebat.
1011 3306 1297 3396 Sapiens
1395 3308 1549 3376 lane
1598 3306 2014 3375 architectus
2062 3306 2177 3394 qui
2223 3304 2583 3376 coelestem
2633 3326 2747 3374 ae-

190 3392 501 3483 dificans!
530 3392 843 3473 domuin,
878 3406 1138 3494 petram
1192 3396 1261 3462 in
1386 3394 1755 3464 ndamento
1789 3394 2144 3475 locaverat,
2183 3394 2216 3428 ⁴*
2251 3416 2335 3463 ne
2357 3392 2747 3462 furentibus

193 3480 433 3560 ventiS,
490 3502 573 3549 ne
626 3482 943 3570 procellis
991 3484 1492 3563 aestuantibuS‚
1553 3495 1895 3572 postremo
1944 3506 2030 3551 ne
2079 3484 2489 3574 impugnata
2537 3481 2744 3551 totius

190 3568 620 3638 adversitatis
669 3570 1015 3641 machinis
1051 3571 1381 3640 virtutum
1432 3571 1857 3659 contignatio
1906 3571 2312 3641 laederetur.
2369 3577 2563 3640 Petra
2619 3591 2746 3639 au-

190 3663 321 3726 tem
373 3669 517 3727 erat
565 3657 897 3728 Christus.
954 3664 1086 3748 Age
1119 3681 1280 3749 ergo
1311 3659 1634 3747 quisquis
1667 3659 1836 3728 haec
1874 3660 2116 3730 audire
2155 3660 2530 3738 desideras,
2573 3679 2743 3727 num

189 3746 311 3816 tibi
358 3745 719 3836 quippiam
765 3746 1032 3816 videtur
1080 3761 1197 3816 aut
1245 3747 1365 3816 illa
1398 3748 1824 3818 connexione
1873 3748 2249 3829 salubrius,
2289 3759 2408 3818 aut
2455 3748 2581 3817 ista
2625 3746 2745 3815 fir—

188 3835 423 3904 mitate
470 3834 787 3913 solidiuS,
843 3835 1012 3904 dum
1075 3835 1258 3921 quod
1311 3836 1405 3905 ibi
1461 3837 1862 3926 copulatum
1930 3849 2032 3906 est
2082 3837 2274 3906 nulla
2325 3835 2742 3906 resolutione

187 3924 477 3993 laxatur:
531 3923 714 4010 quod
760 3924 872 3992 hic
923 3923 1286 3993 fundatum
1333 3935 1456 4005 est,
1513 3925 1707 3994 nulla
1758 3937 1892 3993 tem
1947 3937 2156 3995 estate
2204 3926 2648 3995 subvertitur.

275 4016 310 4099 ξ
358 4018 443 4084 4.
499 4011 692 4094 Quod
732 4013 788 4082 si
840 4012 1009 4083 forte
1055 4013 1340 4083 cuilibet
1389 4014 1847 4084 monstruosis
1908 4014 2135 4084 abulis
2182 4036 2419 4083 aurem
2472 4033 2744 4083 accom-

186 4101 467 4170 modare
515 4114 708 4170 vacat
756 4114 875 4171 aut
927 4102 1171 4191 placet,
1230 4102 1531 4171 invisum
1592 4124 1665 4171 se
1716 4102 1894 4171 veris
1961 4102 2448 4182 relatioiiibuS,
2503 4101 2746 4190 hujus·

188 4190 376 4258 modi
440 4190 739 4259 vanitate
801 4190 1331 4270 demonstranS,
1399 4193 1755 4280 poetarum
1816 4190 2287 4261 deliramentis
2344 4190 2745 4260 incumbere

198 4278 465 4367 poterit,
532 4279 650 4368 qui
721 4301 944 4366 usque
998 4278 1169 4349 adeo
1239 4279 1710 4369 praestigiosis
1767 4280 2254 4370 figmentorum
2309 4277 2746 4369 imaginatio-

188 4367 394 4437 nibus
455 4367 829 4438 dementati
901 4380 1086 4448 sunt,
1142 4380 1216 4436 ut
1268 4390 1351 4436 ne
1412 4368 1563 4458 ipsa
1633 4367 1915 4455 quidem
1971 4391 2146 4456 quae
2201 4368 2546 4440 interdum
2596 4387 2744 4436 esse

240 4494 262 4514 '⁹
293 4492 432 4533 Petra
454 4493 503 4533 in
523 4495 843 4546 fundamento,
867 4495 1005 4544 Juxta
1026 4496 1199 4543 Evang.
1223 4496 1398 4539 (Mutela.
1421 4496 1518 4542 vii).
