3327 4999
204 367 309 432 EX
360 367 539 434 NOV.
592 366 675 432 26
1080 387 1158 434 na
1206 389 1260 436 s.
1316 389 1537 437 ALvrro
1586 389 1840 438 crolum
2516 376 2643 441 729

196 470 564 553 civitatem,
603 483 679 541 ut
726 494 873 542 eam
930 473 997 541 in
1066 473 1367 544 minutas
1416 475 1592 545 aeris
1641 486 1870 566 partes
1931 487 2445 558 commutatam,
2482 498 2730 550 consu—

198 572 413 630 meret
460 561 544 630 ad
596 584 765 632 usus
813 561 922 630 sui
972 561 1212 631 victus.
1270 567 1434 632 Cum
1490 577 1743 645 autem,
1803 575 2164 666 postquam
2217 564 2382 635 haec
2431 565 2721 648 fecisset,

202 663 668 731 reverteretur,
720 650 933 720 fracta
981 672 1363 742 pauperum
1415 651 1990 753 adjurationibuS,
2045 653 2444 725 universum
2498 656 2734 726 distri-'

194 740 369 810 buit.
425 739 675 810 Deinde
722 763 880 809 cum
914 762 1059 808 eam
1112 741 1391 810 vidisset
1423 741 1610 811 filius
1638 742 1810 811 nihil
1839 743 2204 813 habentem
2254 743 2322 811 in
2377 745 2722 827 manibuS,

197 852 231 895 ι(
273 830 395 899 Ubi
423 841 545 910 est,
584 829 830 916 inquit,
888 830 1152 898 minuta
1203 835 1522 899 moneta?
1560 835 1746 931 Opus
1795 831 1978 901 enim
2016 832 2351 902 habemus
2401 834 2485 903 ad
2537 857 2728 904 sum-

194 930 413 1009 ptum.
470 924 623 1000 Deo,
669 917 914 1004 inquit,
974 940 1012 986 o
1061 919 1185 1000 tili,
1242 931 1307 988 et
1357 920 1781 1010 pauperlbus
1841 942 1965 992 nos
2017 921 2302 991 credidi.
2349 927 2489 993 Non
2540 923 2725 993 enirn

190 1007 387 1099 pium
435 1030 583 1078 esse
614 1008 817 1077 statui
871 1019 1142 1097 propter
1183 1029 1306 1078 nos
1355 1009 1706 1100 despicere
1751 1010 2150 1101 juramenta
2198 1033 2609 1102 pauperum,
2661 1025 2728 1083 et

193 1097 495 1198 pejerare
532 1103 742 1166 Deum
791 1096 1160 1197 viventem:
1215 1098 1500 1168 credens
1548 1098 1713 1180 sore,
1755 1110 1828 1169 ut
1863 1121 1985 1170 nos
2017 1121 2288 1187 quoque
2337 1119 2572 1172 eorum
2606 1103 2726 1189 qui

192 1186 735 1265 misericordiam
784 1199 1131 1256 consecuti
1182 1198 1364 1269 sunt,
1399 1188 1719 1278 precibus
1768 1210 2295 1277 assequeremur
2342 1191 2729 1261 misericor-

191 1276 463 1346 diam.»
499 1281 778 1366 Propter
825 1275 953 1344 hoc
1002 1274 1254 1346 sactum
1290 1276 1636 1348 benedixit
1685 1290 1996 1359 matrem,
2050 1291 2114 1348 et
2160 1281 2446 1370 accepit,
2502 1280 2727 1354 laetus

190 1366 374 1452 quod
424 1364 676 1435 sactum
728 1363 968 1446 suerat,
1024 1378 1099 1436 ut
1144 1365 1264 1452 qui
1314 1365 1503 1435 illius
1534 1379 1712 1438 esset
1760 1379 1985 1437 natus.
2041 1369 2497 1450 Quamobrem
2549 1374 2727 1440 Deus

190 1477 307 1524 eos
353 1454 555 1523 etiam
589 1454 659 1522 in
696 1453 909 1523 altum
963 1455 1028 1522 in
1083 1464 1259 1523 terra
1292 1454 1591 1536 sustulit,
1644 1456 1820 1525 dans
1869 1459 2049 1528 bona
2098 1458 2168 1526 in
2221 1469 2422 1540 terra,
2458 1469 2523 1529 et
2550 1481 2728 1547 quae

191 1555 355 1612 sunt
404 1543 472 1612 in
520 1542 729 1613 coelis
788 1542 1094 1614 meliora.
1152 1548 1404 1613 Nomen
1454 1545 1639 1614 enim
1705 1547 1947 1627 sancti,
1987 1558 2051 1614 et
2098 1547 2319 1638 gratia
2347 1548 2504 1628 Dei,
2548 1570 2727 1636 quae

191 1632 452 1720 ubique
497 1644 770 1723 propter
804 1631 1031 1722 ipsum
1075 1633 1620 1723 praedicabatur,
1675 1634 1929 1704 multas
1990 1636 2260 1705 animas
2306 1637 2590 1707 vocabat
2638 1637 2722 1708 ad

194 1722 679 1811 poenitentiam
715 1720 1017 1790 virorum
1066 1733 1131 1791 et
1182 1723 1577 1793 mulierum.
1623 1723 1924 1793 Primam
1975 1736 2202 1794 autem
2263 1726 2719 1817 Euphemiam

191 1811 566 1898 quamdam
617 1831 795 1898 quae
853 1821 995 1879 erat
1042 1833 1183 1880 una
1229 1834 1308 1881 ex
1354 1812 1746 1883 illustribus
1795 1812 2110 1883 foeminis
2166 1814 2458 1884 civitatis
2507 1816 2724 1886 sancti

192 1900 439 2002 Alypii,
495 1913 758 1970 tantum
810 1899 1116 1971 incitavit
1145 1901 1332 1971 zelus
1372 1902 1438 1970 in
1502 1906 1739 1982 Deum,
1795 1915 1870 1972 ut
1920 1901 2146 1972 mariti
2194 1915 2259 1972 et
2312 1902 2715 1993 liberorum,

191 2011 712 2077 amicorumque
759 2001 823 2058 et
870 2004 1316 2079 cognatorum
1369 1990 1630 2060 nullam
1668 2012 1906 2061 curam
1958 1991 2242 2075 ducens,
2298 2014 2370 2063 se
2404 1994 2472 2062 in
2536 1993 2724 2063 vilis-

194 2077 371 2147 sima
417 2077 777 2150 incluserit
822 2078 1246 2150 domuncula
1287 2093 1560 2171 propter
1607 2080 1785 2151 beati
1823 2079 2245 2163 columnam,
2294 2094 2520 2152 arctae
2568 2105 2723 2173 por-

194 2178 299 2236 tae
336 2167 597 2239 sortiter
630 2168 1096 2238 transmittens
1136 2170 1513 2260 angustias,
1558 2181 1623 2240 et
1663 2192 1849 2240 nunc
1898 2170 2154 2240 affatim
2193 2193 2263 2240 se
2311 2170 2593 2263 explens
2628 2173 2723 2241 vi-

197 2268 301 2326 tae
348 2269 660 2327 aeternae
694 2256 981 2327 deliciis.
1923 2335 1928 2340 ¹

273 2346 310 2432 ξ
373 2351 523 2418 16.
577 2351 732 2416 Post
776 2368 928 2416 eam
958 2358 1186 2417 autem
1224 2347 1338 2417 Dei
1371 2369 1508 2434 quo
1562 2368 1644 2417 ue
1685 2369 1879 2417 amor
1911 2348 2247 2440 compulit
2274 2371 2600 2442 magnam
2633 2350 2721 2419 il-

186 2434 326 2504 lam
365 2435 541 2505 inter
572 2434 916 2518 muliereS,
970 2447 1033 2507 et
1080 2436 1375 2527 primam
1410 2458 1529 2507 mu
1562 2436 1770 2507 icbris
1805 2437 1994 2508 aedis
2033 2437 2278 2509 ducem
2329 2438 2666 2510 Eubulem
2702 2463 2716 2507 :

185 2545 361 2610 quae
407 2524 492 2611 ad
543 2536 799 2595 tantam
856 2525 1158 2615 pervenit
1198 2548 1590 2596 mensuram
1643 2526 1936 2609 virtutis,
1976 2539 2051 2598 ut
2101 2529 2322 2599 media
2358 2542 2553 2600 nocte
2587 2529 2720 2598 ali-

185 2613 463 2699 quando
496 2613 780 2684 suffiens
806 2614 980 2703 (erat
1008 2614 1190 2684 enim
1241 2614 1369 2683 hoc
1401 2615 1462 2684 ei
1504 2615 1572 2685 in
1625 2637 1813 2685 more
1854 2616 2181 2706 positum)
2209 2618 2547 2709 plurimas
2596 2619 2719 2689 bo-

188 2723 321 2782 raS,
366 2703 457 2773 ita
487 2715 562 2774 ut
603 2702 821 2773 oculis
851 2703 1291 2793 aspiceretur,
1331 2704 1411 2772 ad
1426 2727 1660 2776 versus
1693 2706 2096 2779 daemonem
2128 2708 2565 2778 concertavit:
2600 2709 2721 2796 qui

187 2812 322 2860 non
365 2792 629 2863 sinebat
686 2805 991 2862 sanctam
1036 2794 1348 2874 transire,
1389 2793 1503 2863 sed
1555 2794 2018 2885 depugnabat,
2065 2818 2149 2866 ne
2191 2795 2457 2867 mediae
2502 2797 2720 2869 noctis

237 2903 421 2952 reces
463 2881 747 2952 Domino
798 2881 1129 2964 redderet,
1168 2894 1244 2953 ut
1290 2898 1754 2954 consueverat.
1801 2889 1986 2966 Quae
2032 2896 2096 2955 et
2156 2884 2328 2957 vitae
2375 2885 2721 2956 iacultati-

187 2903 342 3053 ssuS,
382 2983 446 3040 et
496 2971 709 3040 multa
758 2971 973 3062 gloria
1023 2972 1326 3053 viduata,
1381 2972 1449 3040 in
1502 2973 1637 3043 vita
1685 2995 1861 3060 quae
1909 2995 1986 3043 ex
2031 2975 2275 3045 virtute
2324 2976 2573 3067 agitur,
2628 2975 2721 3045 ita

188 3058 473 3141 refulsit,
527 3071 604 3130 ut
653 3083 913 3149 paucae
944 3083 1023 3131 ex
1073 3061 1157 3131 iis
1205 3083 1381 3149 quae
1429 3074 1622 3132 erant
1671 3062 1739 3131 in
1796 3075 1993 3132 terra.
2050 3064 2160 3134 Eis
2209 3076 2438 3135 autem
2481 3064 2720 3155 paulo-

187 3160 338 3238 post
386 3150 560 3219 fiunt
608 3150 870 3220 similes
908 3162 973 3220 et
1022 3152 1228 3221 Maria
1277 3153 1497 3221 sancti
1557 3152 1774 3222 Patris
1808 3175 2000 3223 soror
2038 3175 2214 3240 quae
2251 3154 2399 3245 ipsa
2445 3176 2720 3243 quoque

187 3238 616 3307 renunciavit
669 3239 995 3310 omnibus
1040 3262 1216 3328 quae
1263 3254 1427 3311 sunt
1482 3242 1549 3309 in
1596 3253 1809 3311 terra:
1864 3242 2133 3324 marim,
2186 3243 2497 3331 inquam,
2532 3256 2598 3313 et
2636 3244 2720 3313 iis

183 3347 359 3412 quae
408 3337 568 3395 sunt
600 3326 685 3395 ad
739 3340 1032 3418 tempus,
1075 3329 1377 3398 deliciis:
1422 3343 1660 3400 setam
1713 3329 1973 3401 sortiter
2002 3354 2246 3423 gerens
2288 3333 2356 3401 in
2388 3333 2719 3402 exercita-

164 3415 390 3495 tione,
444 3428 519 3484 ut
554 3414 742 3487 illius
774 3416 1192 3487 continentia
1232 3419 1320 3488 sit
1369 3418 1651 3507 reliquis
1682 3419 2069 3511 exemplum
2112 3443 2192 3490 cx
2251 3421 2334 3492 iis
2382 3444 2558 3509 quae
2604 3422 2719 3492 de-

184 3514 465 3586 certant,
519 3524 739 3591 usque
773 3505 842 3573 in
894 3506 1306 3577 hodiernum
1355 3508 1578 3577 diem:
1632 3520 1698 3577 et
1744 3508 1918 3578 aliae
1950 3510 2341 3600 complures
2369 3533 2547 3598 quae
2577 3511 2718 3581 col-

185 3591 576 3684 ligebantur
607 3606 738 3665 tarn
780 3596 1198 3686 peregrinae,
1250 3618 1458 3683 quam
1509 3597 1653 3666 indi
1706 3619 1916 3667 enae:
1970 3620 2145 3685 quae
2176 3621 2284 3670 res
2332 3622 2493 3671 suas
2520 3601 2715 3691 humi

180 3683 533 3771 jacienteS,
570 3683 653 3753 ad
707 3685 925 3754 sancti
963 3686 1174 3775 patris
1206 3707 1432 3775 genua
1472 3709 1651 3779 supp
1685 3687 1823 3756 ices
1872 3687 2340 3777 procidebant,
2383 3689 2711 3760 dicentes:

184 3775 367 3840 «Per
417 3785 475 3840 te
514 3772 738 3843 salvae
786 3773 1062 3855 siamuS,
1116 3774 1175 3843 si
1220 3775 1444 3844 curris
1492 3788 1768 3866 propter
1818 3798 2169 3858 coronam,
2207 3779 2276 3846 in
2331 3800 2539 3866 quam
2578 3801 2714 3848 non

183 3860 368 3930 cadit
415 3860 755 3931 interitus.
808 3867 941 3931 Nos
987 3883 1261 3951 quoque
1291 3863 1505 3942 ‚sortes
1551 3866 1922 3936 evademus
1968 3878 2034 3935 et
2080 3866 2334 3936 viriles,
2371 3873 2536 3937 Nam
2591 3869 2716 3939 etsi

186 3971 349 4019 sexu
399 3949 617 4021 simus
649 3950 1157 4034 imbecilliores,
1205 3966 1419 4023 vestra
1456 3966 1678 4023 tamen
1712 3954 2083 4054 imaginem
2115 3978 2359 4026 sumus
2391 3979 2514 4027 nos
2544 3978 2717 4045 quo-

183 4060 317 4194 ‹13ue
363 4051 641 4108 ornatae
688 4041 776 4110 ab
822 4062 899 4109 eo
947 4042 1063 4129 qui
1100 4055 1202 4112 est
1242 4044 1599 4133 potentior,
1654 4066 1777 4134 pro
1827 4056 2072 4114 virtute
2129 4044 2365 4115 eadem
2415 4045 2717 4116 valentes

210 4149 424 4197 acere.
479 4133 618 4199 Non
671 4140 771 4198 est
815 4129 998 4198 enim
1051 4131 1403 4201 masculus
1449 4144 1513 4201 et
1546 4131 1844 4203 foemina
1883 4134 2066 4225 apud
2121 4133 2492 4205 Christum.
2532 4140 2719 4218 Quae

187 4215 638 4309 intelligentia
697 4218 1114 4309 percipitur,
1176 4221 1739 4322 pretiosissimam
1808 4246 2193 4293 mercemur
2242 4224 2710 4315 margaritam.

189 4303 417 4375 Simus
478 4308 701 4378 sociae
767 4308 1267 4399 negotiationis.
1331 4316 1562 4381 Vestra
1608 4312 1696 4381 sit
1743 4313 2044 4382 maxima
2094 4335 2251 4403 pars
2302 4312 2517 4384 lucri:
2570 4312 2716 4383 effl-

188 4392 455 4464 ciamur
502 4419 625 4467 nos
691 4396 913 4466 solum
966 4398 1333 4489 participes
1394 4401 1896 4491 negotiationis.
1965 4407 2056 4473 Ne
2103 4424 2229 4472 nos
2286 4402 2621 4480 timueris,
2677 4425 2716 4472 o

188 4494 397 4573 pater,
434 4486 614 4573 quod
657 4487 878 4557 simus
926 4509 1146 4578 genus
1193 4488 1479 4572 humile,
1533 4503 1598 4560 et
1645 4490 1843 4560 facile
1891 4491 2331 4563 inclinemur.
2380 4491 2712 4563 Mundum
