3327 4999
213 307 465 372 MART.
521 308 605 370 ⁴2
1112 326 1193 372 ΒΕ
1240 324 1296 372 S.
1349 324 1663 373 Gnsseomo
1713 325 1873 372 rArA
2563 311 2694 376 249

201 417 469 493 partem
515 403 862 494 coagulati
909 404 1275 495 sanguinis
1324 404 1394 473 in
1447 425 1707 474 morem
1760 404 2012 491 lapidis
2044 426 2117 474 re
2147 427 2305 475 vero
2355 407 2667 497 projecit,
2706 419 2773 478 et

200 493 289 561 ab
339 494 514 592 ipsis
565 514 735 582 pene
787 493 1027 562 mortis
1063 494 1305 582 janu=s
1338 492 1694 571 liberatus,
1745 494 1986 562 eadem
2039 506 2233 563 nocte
2281 508 2519 564 contra
2572 517 2773 585 spem

200 602 516 651 omnium
555 581 1083 650 matutinalibus
1133 581 1413 669 hymnis
1444 580 1776 651 interfuit.
1819 582 2228 651 Mirantibus
2259 582 2613 665 fratribuS,
2655 607 2770 654 sa-

200 669 440 741 nitatis
488 690 653 738 suae
689 669 972 737 modum
1023 669 1345 748 innotuit,
1384 690 1559 755 quos
1606 670 1887 757 quando
1935 684 2001 739 et
2046 670 2344 756 qualiter
2387 693 2468 740 ex
2527 693 2776 742 mona-

201 758 392 827 sterii
452 756 719 827 familia
788 757 1155 826 morituros
1224 757 1659 847 praeviderit,
1725 758 2077 827 indicavit.
2147 764 2236 827 De
2283 759 2430 828 sola
2480 760 2762 831 interim

201 846 513 936 episcopi
563 857 778 915 morte
824 845 1249 926 dubitande,
1318 846 1674 915 conticuit.
1738 851 1816 914 Et
1861 846 2187 936 evestigio
2236 847 2305 915 in
2359 862 2774 917 cunctorum

203 935 410 1004 morti
449 934 937 1023 deputatorum
988 934 1279 1003 auribus
1328 935 1567 1003 volans
1615 934 1801 1002 sama
1848 934 2198 1010 discurrit.
2235 948 2303 1004 et
2332 936 2503 1004 dum
2553 959 2633 1004 ex
2665 958 2770 1005 re-

205 1021 459 1091 latione
508 1023 829 1091 monachi
892 1044 964 1093 se
1025 1023 1395 1091 morituros
1440 1035 1625 1091 certo
1675 1022 1788 1090 die
1834 1038 2348 1111 cognoscerent,
2407 1024 2768 1113 dispositis

205 1111 350 1181 suis
379 1110 677 1210 reculis,
734 1111 826 1179 ita
873 1132 946 1179 se
993 1111 1063 1178 in
1115 1122 1407 1179 mortem
1443 1110 1660 1180 secuti
1691 1121 1877 1190 sunt,
1918 1110 2396 1181 sicutfuerant
2424 1112 2495 1180 in
2524 1134 2772 1182 somno

204 1211 572 1268 nomlnatt.

291 1295 330 1367 ἓ
395 1291 532 1357 π.
587 1291 893 1373 Cumque
942 1288 1300 1377 presbyter
1346 1297 1412 1354 et
1483 1286 1869 1355 monachus
1937 1286 2192 1357 Lucido
2246 1288 2574 1378 episcopo
2627 1300 2768 1358 tam

204 1374 437 1443 dirum
491 1376 829 1444 nuncium
882 1374 1182 1443 revelare
1243 1375 1536 1449 timeret.
1578 1387 1800 1444 tacere
1858 1387 2090 1445 autem
2135 1377 2411 1465 penitus
2460 1398 2596 1444 non
2648 1399 2777 1445 au-

205 1463 419 1543 deret,
476 1464 894 1532 monasterio
944 1486 1015 1531 se
1049 1463 1324 1532 tandem
1361 1464 1725 1553 proripuit,
1769 1464 1942 1533 etad
1980 1464 2262 1532 domum
2301 1465 2608 1555 episcopi
2637 1486 2775 1533 non

207 1550 412 1642 longe
461 1574 501 1620 a
550 1552 839 1619 flumine
871 1552 1118 1631 Tiberi,
1168 1551 1446 1637 regione
1497 1552 1815 1620 videlicet
1853 1553 2052 1642 juxta
2090 1552 2451 1621 basilicam
2504 1566 2778 1622 sancto-

206 1662 360 1708 rum
415 1641 570 1729 Cyri
637 1651 703 1707 et
761 1641 1053 1708 Joannis
1103 1640 1441 1729 positam,
1507 1641 1862 1709 somnium
1931 1641 2392 1711 nunciaturus
2456 1641 2770 1711 accessit.

207 1733 421 1810 Quem
474 1727 741 1797 scilicet
797 1728 920 1796 ubi
977 1749 1138 1797 cum
1209 1728 1534 1816 pontifice
1593 1729 1663 1796 in
1738 1728 1990 1817 palatio
2040 1730 2382 1828 prandere
2429 1729 2771 1820 cognovit,

199 1838 280 1885 ex
332 1830 571 1884 ectans
622 1815 1022 1884 redeuntem
1070 1816 1618 1884 sacerdotalibus
1665 1816 2095 1885 vestimentis
2146 1817 2495 1897 indutum,
2550 1818 2777 1886 colore

206 1903 278 1973 fu
312 1905 582 1994 gidum,
655 1904 1050 1973 valetudine
1106 1926 1379 1990 quoque
1438 1905 1889 1973 sanissimum
1946 1905 2246 1974 salutare
2294 1905 2582 1975 curavit.
2654 1906 2778 1975 Cui

207 1994 581 2083 episcopus
629 1992 763 2062 ait:
809 1998 1024 2060 «Jam
1071 2013 1258 2061 nunc
1309 1992 1376 2060 in
1433 2003 1568 2060 tota
1619 1992 1796 2060 Urbe
1845 2015 1969 2082 pro
1999 1992 2234 2062 divino
2283 1994 2582 2074 haberiS‚
2610 1994 2778 2080 quia

206 2080 292 2149 de
338 2081 464 2161 eiS,
518 2102 693 2167 quos
744 2080 1117 2150 morituros
1218 2072 1667 2160 rorffinciasti‚
1734 2080 1924 2151 solus
1976 2103 2162 2150 unus
2215 2082 2565 2151 remansit.
2598 2106 2625 2144 ι»
2699 2087 2777 2151 At

206 2168 359 2239 ille:
417 2191 453 2233 a
486 2170 753 2238 Utinam
808 2169 988 2239 sieut
1033 2179 1098 2237 et
1145 2169 1166 2235 i
1201 2169 1284 2246 le,
1327 2190 1534 2254 quem
1584 2169 1810 2236 vivere
1845 2182 2070 2257 putas,
2107 2169 2481 2239 defunctus
2522 2179 2646 2249 est,
2674 2170 2776 2239 sic

209 2257 359 2348 ipse
407 2258 528 2345 qui
578 2258 767 2326 hunc
801 2258 998 2343 sequi
1047 2256 1446 2347 praedictus
1474 2267 1599 2337 est,
1637 2255 1990 2325 exiliret.»
2034 2262 2341 2344 Cumque
2399 2258 2774 2347 episcopus

201 2346 289 2414 de
336 2367 417 2414 eo
468 2358 603 2414 tota
651 2346 1046 2414 curiositate
1098 2346 1494 2431 requireret,
1549 2356 1616 2413 et
1666 2346 2053 2414 monachus
2100 2345 2327 2413 dicere
2378 2345 2768 2436 palpitaret.

202 2435 480 2505 tandem
532 2434 654 2504 ubi
705 2433 817 2503 die
864 2447 1051 2504 sexto
1113 2455 1184 2505 se
1240 2434 1657 2503 moriturum
1727 2434 2086 2524 cognovit,
2160 2434 2495 2524 expalluit
2560 2447 2772 2522 atque

198 2523 651 2602 contremuit,
708 2523 1221 2612 resumptisque
1279 2522 1585 2602 viribus,
1656 2536 1898 2592 contra
1957 2525 2370 2591 Monachum
2429 2524 2762 2603 frenduit,

196 2633 403 2698 quem
456 2612 677 2680 redire
728 2612 1062 2680 volentem
1127 2611 1434 2691 retinuit,
1488 2612 1817 2680 interiora
1877 2610 2183 2679 cubiculi
2247 2633 2594 2700 pervagus
2645 2633 2764 2701 pe-

196 2700 511 2780 netravit,
551 2700 884 2789 paulatim
936 2700 1070 2769 sibi
1116 2698 1351 2768 fauces
1397 2698 1627 2769 dolere
1679 2701 2041 2788 persensit.
2099 2700 2352 2767 Deinde
2400 2712 2576 2768 tacto
2626 2699 2763 2767 sibi

196 2790 430 2878 pulsu,
488 2810 642 2857 mox
702 2787 913 2856 febris
976 2789 1177 2877 signa
1224 2787 1581 2877 cognovit,
1653 2789 1992 2856 monacho
2057 2787 2390 2867 credidit,
2465 2788 2757 2856 domum

195 2899 394 2946 suam
444 2876 811 2967 disposuit,
849 2876 934 2944 ad
991 2877 1513 2956 monasterium,
1567 2876 1683 2945 cui
1731 2887 2064 2963 praeerat,
2096 2876 2357 2946 eisdem
2389 2876 2759 2946 redimitus

193 2966 450 3052 quibus
497 2987 539 3033 a
588 2965 1003 3054 patriarchio
1061 2986 1372 3034 reversus
1421 2963 1667 3043 fuerat,
1725 2964 1931 3045 venit,
1972 2964 2280 3032 secunda
2331 2964 2524 3046 feria,
2579 2986 2762 3033 cun-

193 3054 322 3123 ctis
371 3070 507 3123 tam
541 3053 841 3124 subitam
869 3053 1384 3122 conversionem
1430 3053 1870 3130 mirantibuS,
1917 3053 2403 3121 monachicum
2435 3053 2756 3120 habitum

196 3143 539 3232 suscepit:
590 3153 656 3210 et
697 3141 1029 3230 paulatim
1081 3141 1594 3229 ingravescente
1645 3140 1979 3219 molestia,
2053 3154 2277 3209 sextae
2327 3141 2536 3210 feriae
2575 3140 2761 3208 dilu-

193 3231 352 3300 culo
393 3230 872 3300 subdormivit.
928 3235 1015 3298 Ac
1049 3229 1280 3298 denuo
1328 3229 1724 3308 suscitatus,
1779 3230 2191 3317 apparuisse
2240 3229 2374 3297 sibi
2432 3241 2754 3298 sanctum

194 3320 534 3387 Andream
584 3318 1003 3407 Apostolum,
1059 3340 1268 3403 seque
1315 3317 1498 3385 circa
1546 3317 1790 3385 horam
1828 3318 2096 3385 tertiam
2147 3317 2537 3385 vocandum
2579 3338 2757 3398 esse,

196 3408 470 3494 sibique
529 3419 974 3496 praeceptum
1025 3405 1401 3496 perhibuit,
1443 3418 1521 3474 ut
1568 3405 1735 3490 quia
1783 3426 1950 3473 suae
2001 3406 2244 3474 mortis
2291 3406 2766 3495 expectatione

196 3494 519 3586 suspensi
578 3495 943 3573 monachi,
1008 3496 1228 3564 sancti
1297 3493 1579 3561 Fabiani
1646 3493 1891 3561 munia
1955 3492 2156 3561 solita
2216 3492 2564 3563 celebrare
2626 3514 2765 3561 non

197 3595 535 3673 poterant,
592 3605 748 3652 mox
796 3605 1050 3682 corpus
1097 3604 1305 3651 suum
1359 3581 1760 3672 sepulturae
1809 3581 2179 3658 traderent,
2238 3582 2679 3670 acceptisque
2727 3603 2770 3650 a

196 3693 268 3742 se
314 3672 534 3742 cereis
583 3694 660 3740 ac
714 3671 1309 3760 thymiamatibuS,
1353 3671 1435 3738 ad
1488 3670 1884 3760 peragenda
1941 3669 2281 3738 solemnia
2334 3668 2762 3740 festinarent.

194 3764 377 3830 Hora
429 3761 659 3845 itaque
708 3759 904 3828 tertia
936 3759 1306 3849 episcopus
1357 3758 1578 3828 laetus
1628 3756 2056 3847 defungitur,
2111 3770 2188 3826 ut
2220 3758 2289 3825 in
2336 3758 2485 3848 ipsa
2539 3758 2770 3826 vultus

194 3849 345 3948 ejus
394 3848 677 3927 laetitia,
725 3847 1083 3917 conversio
1132 3848 1358 3938 ipsius
1393 3852 1524 3916 Deo
1572 3845 1790 3916 fuisse
1829 3846 2197 3937 placabilis
2226 3847 2500 3918 cunctis
2534 3847 2772 3915 viden-

200 3937 386 4006 tibus
438 3947 970 4006 monstraretur.

283 4028 320 4111 ἓ
379 4029 519 4097 28.
573 4025 826 4093 Eodem
880 4037 1185 4115 tempore
1240 4045 1617 4114 germanus
1684 4023 2051 4113 cujusdam
2107 4023 2458 4103 monachi,
2517 4022 2770 4092 mentis

197 4112 537 4183 insaniam
588 4135 838 4203 passus
901 4124 1047 4193 est,
1122 4113 1213 4180 ita
1278 4122 1353 4180 ut
1419 4113 1731 4185 humana
1779 4111 2125 4181 consortia
2176 4109 2479 4200 fugiens,
2540 4110 2768 4180 multo

197 4211 499 4294 tempore
558 4224 899 4301 pervagus
948 4222 1070 4289 per
1116 4214 1394 4290 cryptas
1442 4199 1788 4270 solitarias
1834 4211 1900 4268 et
1955 4220 2248 4268 coenosa
2300 4210 2768 4269 monumenta

190 4287 628 4360 discurreret.
681 4295 891 4378 CuJus
941 4288 1254 4358 insaniae
1318 4288 1527 4357 frater
1580 4288 1879 4358 nimium
1946 4287 2365 4367 condolenS‚
2440 4286 2757 4374 quotidie

193 4391 511 4450 sanctum
561 4378 969 4468 Gregorium
1018 4376 1322 4468 profusis
1353 4376 1679 4466 lacrymis
1712 4376 2148 4468 precabatur,
2186 4388 2264 4446 ut
2303 4377 2438 4447 sibi
2476 4377 2762 4444 fratrem
