3327 4999
635 304 722 368 40
963 310 967 313 “
1478 320 1560 367 ne
1610 320 1667 366 s.
1720 318 1955 366 coum
2003 318 2173 367 vine.
2768 301 3022 368 MART.
3082 306 3130 369 6

536 402 759 475 multa
802 402 1192 473 humilitate
1242 401 1634 472 conferebat
1682 402 1994 473 subsidia
2043 402 2113 471 in
2165 424 2527 492 paupereS,
2567 403 2928 490 variasque
2959 406 3125 475 suis

536 492 867 561 manibus
917 491 1310 582 praestabat
1356 492 1593 582 egenis
1623 489 2121 580 eleemosynas.
2157 491 2416 560 Sedens
2463 492 2530 559 in
2585 504 2872 582 paterna
2897 492 3126 563 domo

534 580 620 649 ad
674 602 1015 660 mensam,
1069 580 1128 648 si
1178 578 1556 649 audivisset
1605 578 1980 660 mendicOS,
2020 580 2348 670 surgebat
2395 603 2436 648 a
2486 602 2747 660 mensa,
2792 581 3125 672 porrige-

533 669 651 738 bat
699 669 800 738 eis
847 692 928 738 ex
976 668 1259 758 optimis
1306 669 1484 738 cibis
1533 689 1866 759 perquam
1898 666 2331 737 familiariter
2355 681 2421 737 et
2448 668 2768 759 benigne,
2825 669 3126 741 edebat-

534 779 671 843 que
721 757 1016 826 libenter
1044 768 1108 825 et
1154 756 1434 826 bibebat
1480 778 1639 826 cum
1678 756 1800 836 eis,
1837 756 2028 825 omni
2077 757 2358 827 horrore
2405 769 2675 826 contem
2732 771 2796 826 to
2829 769 2896 826 et
2947 772 3125 848 pro-

535 845 831 915 culcato.
889 846 958 914 Si
1022 844 1291 915 adesset
1349 845 1874 936 opportunitaS,
1948 844 2267 914 alacriter
2312 846 2520 915 etiam
2571 868 2655 936 pe
2708 869 2780 914 es
2830 846 2933 915 illi
2989 850 3129 919 ab·

536 933 792 1015 luebat,
848 935 1155 1024 tergebat
1200 943 1266 1003 et
1316 934 1655 1025 purgabat
1705 932 1962 1015 ulcera,
2018 934 2314 1002 maxime
2369 934 2428 1002 si
2481 947 2659 1005 esset
2726 934 2874 1004 sola
2939 957 3120 1007 cum

532 1023 655 1103 eis,
704 1044 836 1091 non
889 1022 1219 1091 dubitans
1267 1044 1339 1092 se
1388 1022 1650 1092 Christo
1702 1021 1945 1103 faeere,
1982 1021 2316 1109 quiequid
2365 1022 2505 1092 illis
2547 1022 2842 1093 fecisset.

624 1114 660 1198 ξ
720 1116 814 1182 9.
872 1111 1024 1179 Fuit
1070 1133 1227 1180 vero
1289 1112 1496 1180 etiam
1557 1110 1986 1180 obedientiae
2043 1111 2262 1180 virtus
2321 1111 2573 1180 eximia
2644 1112 2709 1178 in
2770 1135 2874 1181 ea.
2933 1117 3116 1183 Nam

531 1200 1121 1286 quemadmodum
1174 1200 1476 1289 Apostoli
1523 1199 1868 1269 Christum
1900 1212 2252 1269 vocantem
2287 1211 2599 1289 prompte
2627 1202 2845 1269 secuti
2876 1200 3109 1282 suere,

532 1287 627 1356 ita
674 1301 740 1356 et
786 1289 904 1356 illa
949 1289 1038 1356 ad
1091 1289 1395 1377 primum
1449 1287 1680 1357 Sancti
1730 1288 2027 1386 Spiritus
2090 1287 2495 1357 instinctum
2565 1288 2805 1358 libenti
2866 1291 3119 1360 animo

533 1399 606 1446 se
654 1377 904 1445 obtulit
950 1377 1036 1445 ad
1086 1374 1679 1466 complectendam
1730 1388 1936 1444 vitam
1991 1377 2468 1445 monasticam.
2532 1382 2607 1445 Et
2671 1378 2895 1466 primo
2947 1380 3116 1464 qui-

534 1465 688 1533 dem
714 1465 1094 1555 assumpsit
1128 1465 1402 1534 tertium
1439 1464 1617 1532 beati
1649 1463 1992 1532 Francisci
2026 1463 2377 1545 Ordinem,
2407 1464 2774 1535 includens
2796 1465 3115 1556 seipsam

534 1552 717 1623 ultro
777 1554 841 1620 in
912 1553 1215 1640 quodam
1265 1566 1559 1643 angusto
1610 1551 2028 1632 habitaculO,
2083 1554 2266 1638 quod
2319 1553 2774 1621 inclusorium
2826 1567 3110 1635 vocant,

532 1641 908 1728 conjuncto
958 1641 1237 1710 cuidam
1288 1641 1438 1710 aedi
1475 1662 1732 1718 sacrae,
1768 1641 1859 1709 ita
1894 1653 1970 1708 ut
2001 1654 2227 1730 posset
2275 1640 2517 1709 audire
2550 1641 2813 1722 MissaS,
2853 1655 2920 1712 et
2955 1665 3119 1732 per-

533 1730 763 1820 cipere
813 1730 1359 1799 sacratissimum
1414 1729 1885 1799 Eucharistiae
1934 1742 2472 1797 sacramentum.
2525 1734 2742 1816 thue
2789 1752 3119 1802 commo-

532 1818 694 1888 dius
745 1819 853 1887 his
902 1818 1103 1908 potiri
1157 1829 1407 1908 posset,
1450 1817 1737 1903 quidam
1774 1818 2274 1888 Franciscanus
2322 1817 2407 1885 ad
2443 1839 2593 1885 eam
2644 1841 2685 1887 a
2736 1823 2869 1887 Deo
2929 1821 3113 1889 mis-

532 1930 655 1976 sus
703 1920 827 1988 est,
884 1907 987 1974 vir
1036 1929 1200 1975 sane
1249 1908 1473 1976 bonus
1506 1918 1570 1974 et
1603 1904 1952 1993 praeclare
1981 1906 2317 1987 eruditus,
2365 1905 2643 1996 regulae
2677 1909 3114 1977 monasticae

535 2007 861 2064 strenuus
910 1995 1156 2064 cultor.
1211 1994 1334 2063 Ille
1381 2016 1543 2084 ergo
1589 1993 1972 2062 introduxit
2032 2015 2183 2062 eam
2244 1994 2539 2063 solemni
2603 1995 2740 2064 ritu
2800 1996 2870 2063 in
2925 1996 3111 2066 illud

532 2083 1020 2162 inclusorium,
1089 2104 1247 2150 cum
1313 2083 1510 2174 prius
1571 2084 1745 2151 bene
1795 2093 1859 2150 et
1907 2081 2273 2172 diligenter
2325 2083 2760 2152 instruxisset
2806 2105 2962 2152 eam
3019 2086 3111 2155 de

533 2172 863 2241 omnibus
912 2172 1223 2262 agendiS,
1280 2171 1673 2257 multasque
1718 2170 1779 2239 ei
1830 2169 2262 2240 adhibuisset
2308 2171 2811 2241 consolationes
2841 2185 2909 2241 et
2938 2195 3118 2242 cou-

532 2260 689 2329 silia
738 2260 1217 2341 saluberrima,
1271 2261 1708 2350 optimasque
1737 2258 2204 2328 institutiones
2233 2281 2412 2346 quae
2461 2281 2849 2346 numquam
2900 2260 3114 2331 dein-

532 2371 694 2439 ceps
744 2350 830 2417 ab
878 2349 1032 2434 ejus
1082 2349 1414 2418 memoria
1461 2347 1883 2416 exciderunt.
1939 2348 2115 2417 Huic
2152 2348 2525 2418 venerabili
2575 2349 2717 2418 viro
2764 2350 3116 2421 Dominus

529 2438 855 2508 revelavit
903 2438 1244 2508 immanes
1293 2436 1562 2506 dolores
1588 2448 1653 2506 et
1703 2435 1992 2517 labores,
2046 2456 2221 2523 quos
2255 2436 2478 2507 Coleta
2514 2459 2634 2528 pro
2683 2439 2834 2527 ejus
2862 2460 3112 2511 amore

529 2538 593 2597 et
642 2527 1036 2595 animarum
1097 2526 1318 2595 salute
1365 2525 1644 2605 ferebat,
1709 2524 2007 2594 maxime
2057 2547 2179 2615 pro
2223 2526 2658 2595 reformando
2713 2540 2897 2596 statu
2951 2551 3109 2598 mo-

531 2615 818 2695 nastice,
881 2614 996 2684 cui
1046 2626 1183 2683 tota
1230 2615 1367 2683 vita
1415 2635 1536 2682 sua
1589 2614 1939 2682 continuis
1983 2614 2325 2682 exercitiis
2373 2615 2570 2685 valde
2618 2616 2880 2685 intenta
2932 2616 3094 2686 suit.

529 2704 657 2773 Illa
705 2726 863 2773 vero
898 2703 1235 2794 praedixit
1283 2702 1354 2770 in
1415 2702 1790 2772 inclusorio
1832 2701 2099 2771 obitum
2151 2702 2361 2792 hujus
2396 2704 2519 2772 viri
2572 2705 2693 2789 qui
2743 2718 2982 2793 postea
3033 2704 3102 2774 ei

528 2793 903 2879 quotannis
952 2791 1160 2859 semel
1190 2813 1229 2858 a
1285 2812 1520 2878 parere
1552 2790 1812 2860 solebat
1841 2790 2067 2880 specie
2100 2789 2639 2879 elegantissima,
2670 2804 2733 2860 et
2762 2792 2831 2859 in
2871 2792 3102 2863 multa

529 2880 774 2970 gloria.
829 2886 905 2948 In
959 2878 1077 2947 illo
1127 2879 1238 2947 inc
1272 2879 1501 2949 usorio
1539 2879 1792 2948 mansit
1837 2901 1916 2947 ea
1955 2880 2160 2947 annis
2192 2891 2512 2966 quatuor,
2571 2880 2869 2966 vixitque
2910 2880 2981 2948 in
3020 2902 3104 2951 eo

528 2969 779 3049 sobrie,
835 2967 1029 3036 valde
1068 2966 1332 3036 duriter
1378 2981 1443 3036 et
1489 2989 1731 3058 aspere
1779 2988 1850 3037 se
1899 2967 2185 3045 habens,
2243 2968 2520 3037 horrido
2572 2979 2771 3036 utens
2832 2968 3096 3051 cilicio,

528 3057 753 3127 tribus
798 3055 1059 3126 catenis
1107 3055 1344 3124 ferreis
1392 3056 1741 3158 stringens
1789 3078 2041 3147 corpus
2091 3068 2402 3125 tenerum
2467 3078 2644 3142 quae
2707 3055 2880 3125 mire
2929 3080 3103 3129 cru-

528 3145 804 3215 ciabant
835 3166 1110 3214 carnem
1162 3145 1337 3236 ejus,
1397 3146 1594 3214 humi
1631 3146 1922 3225 cubans,
1977 3144 2187 3245 capiti
2237 3147 2640 3234 supponens
2686 3167 2809 3234 pro
2859 3146 3094 3235 pulvi·

528 3234 682 3302 nari
716 3246 1042 3302 truncum
1077 3231 1414 3321 ligneum.
1469 3234 1546 3302 Id
1586 3255 1808 3334 genus
1854 3233 2194 3301 exercitiis
2244 3233 2413 3301 adeo
2472 3233 2783 3302 edomuit
2831 3256 3098 3325 corpus

527 3343 761 3403 suum,
807 3335 883 3391 ut
930 3321 1016 3389 ad
1050 3322 1286 3390 omnia
1329 3324 1843 3412 promptissime
1877 3321 2152 3411 spiritui
2184 3321 2463 3390 obedire
2498 3322 2866 3400 videretur,
2925 3346 3093 3412 pra-

524 3412 629 3479 vis
676 3410 1175 3500 cupiditatibus
1225 3410 1429 3500 plane
1467 3411 1782 3481 extinctis
1821 3422 1885 3479 et
1935 3408 2389 3478 mortificatis.
2449 3415 2716 3479 Praeter
2764 3411 2934 3480 haec
2966 3434 3098 3480 au-

522 3512 661 3569 tem
709 3499 913 3569 certis
960 3499 1150 3569 horis
1189 3499 1257 3567 in
1314 3521 1549 3590 preces
1580 3511 1647 3568 et
1696 3499 2173 3568 meditationes
2219 3498 2691 3577 incumbebat,
2719 3498 3089 3588 officiaque

523 3588 903 3668 charitatiS,
961 3587 1248 3657 miseros
1344 3599 1687 3656 eccatores
1732 3586 2179 3668 exhortand0‚
2207 3599 2271 3656 et
2300 3608 2337 3656 e
2366 3587 2711 3656 teterrimo
2759 3586 3093 3657 vitiorum

522 3699 797 3747 carcere
845 3687 1261 3763 satanaeque
1321 3699 1356 3744 a
1413 3676 1521 3744 uei
1570 3675 1947 3755 educendo,
2002 3686 2207 3762 atque
2254 3675 2340 3744 ad
2395 3680 2607 3745 Deum
2659 3674 3089 3745 reducendo,

523 3771 601 3834 In
643 3764 970 3834 omnibus
1018 3778 1245 3834 autem
1297 3786 1376 3833 ex
1432 3763 1887 3834 ortationibus
1935 3765 2083 3834 suis
2135 3763 2360 3853 primo
2409 3764 2655 3864 agebat
2703 3764 2789 3832 de
2855 3764 2974 3833 Dei
3024 3777 3092 3835 et

520 3866 798 3924 sanetae
860 3854 1202 3924 Ecclesiae
1251 3853 1634 3943 praeceptis
1694 3865 2014 3920 accurate
2075 3852 2549 3926 observandis.
2606 3858 2812 3922 Porro
2872 3854 3089 3923 etiam

519 3955 678 4013 ante
713 3955 1113 4033 susceptum
1165 3941 1625 4010 monasticum
1680 3940 1995 4009 habitum
2045 3941 2487 4031 superiorum
2529 3942 2730 4030 jussa
2769 3954 2836 4011 et
2881 3940 3098 4012 dictis

522 4043 590 4103 et
632 4030 828 4101 factis
877 4029 1278 4118 exequenda
1311 4028 1710 4099 declaravit.

614 4123 650 4207 ξ
716 4123 874 4191 10.
930 4118 1107 4201 Quid
1159 4140 1315 4187 vero
1364 4129 1517 4208 post
1566 4116 1987 4187 monasticae
2022 4116 2197 4186 vitae
2277 4117 2722 4188 rofessionem
2772 4118 3090 4198 senserit,

527 4230 607 4277 ex
660 4209 790 4288 his,
845 4229 1020 4296 quas
1069 4205 1509 4296 subjicimus,
1547 4207 1700 4297 ejus
1748 4205 2223 4275 constitutioni
2281 4230 2364 4278 us
2397 4205 2597 4276 facile
2647 4206 2895 4297 poterit
2943 4206 3097 4275 ani-

528 4296 899 4368 madverti:
951 4295 985 4332 ⁴*
1016 4317 1051 4361 «
1079 4298 1356 4364 Sorores
1405 4316 1619 4376 meae,
1688 4294 1936 4383 inquit,
1981 4294 2280 4365 multum
2321 4295 2694 4387 diligenter
2739 4294 3094 4365 advertere

579 4424 607 4451 ¹·
636 4424 763 4465 Haec
781 4423 840 4464 nd
858 4422 1055 4464 verbum
1076 4421 1189 4461 sunt
1213 4422 1267 4460 ut
1289 4430 1318 4461 ι
1341 4420 1505 4462 sancto.
1524 4421 1690 4463 colet:
1710 4421 1991 4472 conscripta.
