3327 4999
219 327 464 395 MART.
523 329 606 394 ⁴2
1123 343 1203 390 nn
1248 343 1304 390 s.
1360 341 1672 391 cancoato
1722 341 1883 389 rArA
2230 275 2235 286 ἢ
2566 325 2693 389 473

218 425 589 497 ordinandi
641 422 1028 495 sacerdotis
1075 421 1418 512 obrepsit,
1473 443 1696 509 neque
1747 420 2143 492 cardinales
2188 421 2528 494 Ecclesiae
2573 445 2777 506 suae,

222 538 447 603 neque
497 513 879 585 monachos
914 512 1309 581 monasterii
1344 512 1453 581 sui
1489 512 1770 601 penitus
1798 511 2168 591 excusavit,
2209 532 2349 598 quo
2380 512 2614 581 minus
2646 511 2786 584 illis

224 604 594 675 ecclesiam
646 601 1017 692 regendam
1067 599 1544 680 committeret,
1602 600 1724 687 qui
1774 600 2108 690 exemplis
2155 611 2222 669 et
2268 601 2496 670 verbis
2532 601 2786 690 pariter

230 693 421 762 illam
471 692 841 762 aedificare
899 689 1147 759 melius
1196 689 1601 779 potuissent.
1658 693 1966 776 Cumque
2018 689 2408 779 Gregorius,
2467 702 2788 780 percepta

236 783 616 861 occasione,
675 801 841 849 suae
888 777 1230 847 Ecclesiae
1278 776 1696 859 cardinales,
1734 776 1792 846 si
1827 790 2057 847 tamen
2092 777 2583 860 consentirent,
2620 778 2787 852 satis

239 870 619 940 voluntarie
662 868 1081 959 proveheret,
1138 868 1481 935 neminem
1536 887 1823 958 prorsus
1869 879 2433 953 quantacumque
2484 868 2786 937 necessi-

244 970 368 1029 tate
431 971 757 1038 coactus,
810 955 1139 1026 violenter
1190 977 1590 1056 promovere
1641 956 1996 1037 certabat,
2063 977 2147 1024 ne
2199 956 2331 1025 sub
2383 955 2790 1046 hujusmodi

240 1049 598 1119 occasione
661 1067 1080 1133 quemquam
1128 1043 1553 1115 eliminando
1600 1044 1941 1135 deponere
1989 1043 2334 1114 videretur
2370 1044 2451 1113 ²⁶.
2481 1045 2575 1115 Ab
2623 1045 2782 1117 aliis

237 1158 514 1224 quoque
545 1134 875 1205 violenter
907 1146 1274 1224 promotoS,
1312 1133 1381 1202 in
1474 1133 1683 1204 radus
1733 1133 2060 1223 pristinos
2109 1135 2490 1204 revocabat.
2519 1139 2789 1217 Quanta

241 1240 470 1295 autem
530 1223 922 1294 curiositate
970 1227 1096 1293 Gre
1148 1223 1338 1292 orius
1386 1156 1668 1291 idoneos
1714 1243 2025 1310 quosqu3
2073 1221 2158 1291 ad
2212 1222 2515 1312 regimen
2578 1223 2789 1293 desti-

241 1325 546 1385 tu'arum
597 1312 962 1399 quaesierit
1011 1311 1076 1412 pl
1129 1312 1343 1391 bium,
1403 1312 1694 1381 breviter
1741 1310 2086 1390 indicabO,
2126 1324 2203 1381 ut
2241 1323 2473 1380 tantus
2510 1312 2612 1380 vir
2647 1334 2785 1381 non

239 1404 470 1473 solum
519 1401 876 1481 doctriniS,
914 1422 1081 1486 qum
1132 1411 1197 1469 et
1241 1401 1568 1489 operibus
1609 1422 1812 1470 verus
1862 1399 2356 1491 paterfamilias
2396 1399 2609 1470 fuisse
2640 1423 2793 1490 gre-

234 1494 350 1584 gis
402 1490 737 1561 Dominici
789 1489 1230 1580 probabiliter
1286 1488 1674 1580 colligatur.
1728 1489 1831 1558 Ait
1876 1489 2062 1558 enim
2115 1489 2183 1556 in
2233 1488 2522 1579 epistola
2575 1492 2785 1559 Maxi-

236 1581 484 1652 miano
527 1579 848 1670 episcopo
898 1583 1365 1667 Syracusano:
1408 1601 1442 1644 «
1481 1577 1662 1647 Felix
1694 1579 1796 1646 vir
1826 1577 2281 1658 clarissimuS,
2322 1578 2791 1668 praesentium

235 1669 444 1750 lator,
482 1668 755 1737 edocuit
806 1688 950 1747 nOS,
985 1688 1134 1736 esse
1180 1666 1550 1754 quemdam
1603 1667 1671 1735 in
1723 1666 1863 1735 illis
1916 1667 2226 1757 partibus
2277 1666 2784 1757 presbyterum,

235 1759 364 1847 qui
415 1758 499 1826 ad
549 1757 988 1847 episcopatus
1035 1755 1345 1824 ordinem
1383 1755 1665 1856 provehi
1698 1757 2021 1846 probatae
2058 1755 2230 1825 vitae
2266 1756 2507 1826 merito
2539 1756 2796 1847 dignus

239 1859 600 1938 appareat.
671 1850 872 1914 Hunc
918 1866 1080 1935 ergo
1128 1844 1517 1913 fraternitas
1569 1857 1684 1914 tua
1730 1866 1961 1914 coram
2013 1866 2086 1914 se
2132 1843 2384 1914 deduci
2433 1844 2636 1915 faciat
2666 1900 2681 1926 ,
2733 1856 2800 1914 et

241 1958 430 2015 eum,
487 1934 670 2004 sicut
714 1945 943 2004 certus
974 1956 1155 2012 sum,
1196 1945 1473 2023 propter
1507 1934 1779 2002 animae
1814 1933 2199 2024 periculum
2249 1934 2616 2025 diligenter
2644 1956 2801 2003 exa-

239 2026 490 2094 minet.
546 2028 760 2106 Quem
823 2021 881 2090 si
930 2021 1015 2091 ad
1069 2022 1254 2091 hunc
1307 2022 1584 2112 provehi
1634 2022 1928 2112 gradum
1981 2022 2274 2113 dignum
2323 2044 2471 2092 esse
2523 2044 2799 2112 perspe-

235 2111 444 2192 xerit,
485 2112 573 2181 ad
623 2133 748 2181 nos
796 2111 1068 2181 studeat
1115 2110 1480 2191 destinare,
1519 2122 1595 2178 ut
1625 2132 1812 2190 eum,
1854 2111 2136 2181 Domino
2184 2111 2612 2200 disponente,
2654 2112 2800 2180 loco

235 2203 360 2272 cui
419 2199 990 2290 praeviderimus,
1045 2200 1395 2289 possimus
1444 2199 1763 2268 ordinare
1814 2212 2182 2288 pastorem.
2230 2222 2265 2266 »
2310 2206 2475 2269 Item
2527 2199 2711 2269 Libri
2757 2205 2797 2269 4

238 2291 467 2383 Epist.
511 2295 618 2366 49,
657 2300 722 2358 et
770 2288 952 2357 Libri
1001 2294 1041 2356 8
1091 2293 1211 2379 Ep.
1267 2293 1374 2368 47,
1430 2287 1630 2358 Libro
1683 2293 1765 2356 to
1815 2292 1935 2378 Ep.
1992 2293 2097 2368 43,
2152 2288 2351 2358 Libro
2404 2294 2473 2358 Μ
2521 2294 2642 2379 Ερ.
2692 2294 2799 2357 44.

325 2387 379 2462 ἓ
429 2384 525 2448 9.
582 2383 656 2447 Et
693 2376 975 2464 quidem
1039 2379 1167 2446 Gre
1217 2378 1407 2446 orius
1458 2377 1830 2467 prudenter
1874 2398 2328 2467 cognoscenS,
2386 2390 2600 2447 totum
2651 2399 2802 2446 cor-

237 2491 389 2560 pus
438 2466 780 2537 Ecclesiae
829 2475 966 2535 tam
1018 2487 1139 2555 per
1234 2487 1402 2536 onos
1448 2467 1808 2557 episcopos
1854 2465 2144 2536 feliciter
2188 2479 2389 2547 stare,
2439 2489 2648 2555 quam
2688 2488 2806 2557 per

234 2556 477 2629 malos
527 2556 891 2624 infeliciter
937 2555 1203 2624 cadere:
1247 2578 1381 2625 non
1433 2556 1657 2626 solum
1711 2556 2141 2624 diversarum
2191 2556 2502 2646 gentium
2555 2555 2807 2625 diversi

235 2646 524 2715 ordinis
571 2646 858 2714 clericos
889 2699 905 2724 ,
956 2665 1195 2713 verum
1245 2646 1449 2714 etiam
1503 2658 1820 2714 vacantes
1867 2644 2229 2735 episcopos
2277 2644 2346 2713 in
2408 2666 2574 2714 suae
2622 2643 2808 2713 dioe-

233 2757 487 2807 ceseos
534 2734 974 2823 episcopatus
1017 2732 1371 2803 invitabat.
1415 2733 1604 2803 Unde
1638 2733 2037 2804 Sebastiano
2070 2734 2392 2835 episcopo
2433 2732 2808 2803 Seriniensi

238 2824 431 2893 inter
482 2836 749 2893 caetera
797 2820 1058 2899 scribit,
1113 2821 1392 2891 dicens:
1449 2845 1485 2887 «
1543 2823 1855 2892 Debitum
1924 2822 2360 2894 salutationis
2423 2821 2808 2909 alloquium

238 2914 554 2993 solvens,
592 2910 847 2991 indico,
882 2910 1066 2998 quod
1102 2910 1188 2978 ad
1240 2931 1350 2979 me
1396 2910 1741 2980 Bonifacio
1788 2910 2145 2980 defensore
2193 2911 2525 2982 referente
2574 2932 2809 3000 perve-

240 3003 434 3071 nerit
469 3055 485 3081 ,
540 2999 701 3087 quia
771 3000 876 3069 vir
939 2999 1423 3070 sanctissimus
1489 2999 1696 3069 frater
1763 3014 1992 3069 noster
2037 2999 2366 3069 dominus
2411 2999 2812 3071 Anastasius

242 3089 656 3181 patriarcha
722 3088 792 3157 in
851 3110 992 3157 una
1040 3110 1327 3157 suarum
1376 3088 1731 3158 civitatum
1783 3088 2155 3190 regendam
2205 3089 2397 3159 vobis
2443 3088 2810 3159 ecclesiam

243 3178 692 3249 committere
753 3175 1009 3257 voluit,
1065 3189 1128 3246 et
1174 3178 1561 3246 consentire
1609 3176 1954 3247 noluisus.
2008 3183 2225 3260 Quem
2275 3200 2555 3248 sensum
2607 3190 2814 3266 atque

243 3290 324 3338 sa
387 3266 678 3335 ientiam
714 3277 1031 3346 vestram,
1069 3265 1264 3334 valde
1294 3288 1419 3357 ego
1461 3265 1753 3335 libenter
1799 3266 2163 3357 amplexus
2210 3289 2392 3348 sum,
2430 3279 2497 3336 et
2536 3266 2812 3335 laudavi

243 3290 731 3437 veliementer,
782 3366 848 3424 et
893 3376 1014 3423 vos
1061 3352 1314 3433 felices,
1368 3378 1477 3423 me
1527 3354 1870 3425 infelicem
1920 3377 2071 3426 esse
2118 3355 2465 3446 deputavi,
2522 3355 2644 3442 qui
2694 3355 2815 3425 tali

244 3444 393 3514 hoc
436 3456 743 3534 tempore
792 3443 1095 3533 regimen
1147 3442 1486 3512 Ecclesiae
1533 3445 1885 3534 suscipere
1931 3445 2275 3515 consensi.
2343 3445 2411 3515 Si
2461 3456 2686 3513 tamen
2738 3467 2812 3513 a-

245 3534 503 3602 nimus
551 3546 772 3602 vester
817 3531 1124 3602 fortassis
1173 3531 1500 3602 fratribus
1531 3531 2168 3613 condescendendo,
2205 3546 2272 3602 et
2306 3533 2816 3603 misericordiae

246 3622 597 3712 operibus
647 3622 975 3702 intentus,
1028 3620 1113 3690 ad
1160 3620 1286 3689 hoc
1333 3643 1642 3708 unquam
1692 3622 2077 3691 consentire
2123 3621 2517 3699 decreverit,
2603 3635 2707 3692 eto
2740 3633 2817 3691 ut

250 3710 491 3780 amori
543 3731 695 3779 meo
742 3708 953 3778 alium
1007 3709 1295 3779 minime
1345 3711 1804 3801 praeponatis.
1846 3715 2020 3780 Sunt
2064 3710 2250 3779 enirn
2302 3710 2370 3778 in
2424 3645 2658 3781 sicilia
2706 3712 2814 3780 in·-

246 3798 423 3869 sula
493 3797 825 3868 ecclesiae
894 3811 1210 3868 vacantes
1283 3798 1666 3888 Episcopis.
1736 3804 1815 3867 Et
1873 3799 1933 3869 si
1981 3799 2173 3869 vobis
2222 3798 2488 3888 placet,
2540 3812 2819 3870 auctore

252 3892 402 3956 Deo
436 3941 452 3967 ,
505 3887 879 3956 Ecclesiam
930 3908 1204 3987 regere,
1256 3887 1456 3976 juxta
1522 3887 1699 3958 beati
1769 3887 1941 3957 Petri
2010 3893 2057 3957 Α
2110 3887 2310 3956 ostoli
2367 3887 2611 3958 limina
2655 3910 2818 3959 cum

254 3975 425 4064 ejus
473 3975 818 4066 adjutorio
867 3976 1116 4045 melius
1165 3977 1470 4066 potestiS.
1510 3978 1578 4046 Si
1625 3998 1783 4046 vero
1830 3998 1967 4046 non
2020 3999 2062 4067 p
2094 3989 2263 4060 acet,
2303 3975 2588 4049 feliciter
2617 3990 2811 4059 state,

253 4078 322 4133 et
381 4086 507 4153 pro
556 4063 764 4134 nobis
808 4062 1201 4133 infelicibus
1248 4078 1539 4135 exorate.

350 4154 392 4238 ξ
443 4158 597 4224 1⁰.
672 4158 934 4222 Interea
1000 4156 1127 4223 Gre
1177 4155 1368 4223 orius
1421 4154 1590 4224 locis
1648 4153 1937 4223 munitis
1994 4155 2350 4246 Episcopis
2398 4156 2814 4237 constitutis,

261 4239 640 4340 dissipatas
696 4240 1022 4312 ecclesias
1087 4176 1459 4313 adunabat.
1525 4247 1955 4333 Quapropter
2014 4246 2377 4346 Bagaudae
2439 4244 2822 4316 Formiensi

261 4332 611 4420 Eplscopo
659 4330 1260 4413 scribit,.dicens:
1299 4355 1336 4399 «
1369 4337 1449 4402 Et
1496 4331 1826 4423 temporis
1878 4347 2246 4406 necessitas
2293 4356 2420 4405 nos
2468 4345 2814 4425 perurget,

315 4452 343 4478 ο
377 4448 1028 4505 τωομπαιιιυωιωιο.
