3327 4999
188 350 437 416 MART.
495 347 576 410 ⁴2
1078 361 1156 407 1>ss
1203 361 1259 406 s.
1314 357 1629 407 Gal-:como
1682 360 1841 406 rara
2145 310 2150 319 ¹
2518 344 2647 409 237

279 460 319 533 ἓ
390 455 553 522 59.
608 453 754 531 Quo
803 446 1062 516 scilicet
1111 443 1596 514 liberalissimo
1656 458 1923 534 pastore
1971 443 2316 526 defunctO,
2369 446 2738 516 vehemen-

194 542 465 612 tissima
516 538 731 606 sames
803 536 1041 604 eodem
1113 555 1297 602 anno
1376 534 1716 602 incubuit.
1769 539 1847 603 Et
1911 547 2169 619 quanto
2241 546 2525 624 patrono
2575 548 2740 604 tunc

198 636 417 699 Roma
464 626 802 706 caruerit,
858 625 1015 693 licet
1078 644 1307 692 rerum
1385 622 1617 713 inopia
1667 634 1802 692 toto
1853 645 2023 712 pene
2093 623 2355 692 mundo
2405 635 2745 693 monstra-

196 718 389 797 verit,
454 715 844 785 invidorum
898 726 1128 782 tamen
1175 711 1408 780 feritas
1458 712 1744 780 minime
1792 712 2204 804 recognovit.
2258 717 2422 780 Nam
2480 713 2659 781 sicut
2704 734 2746 781 a

194 806 579 897 maioribus
628 803 954 882 traditur,
1010 824 1168 870 cum
1239 800 1747 869 calumniarum
1801 815 2103 869 veterum
2154 801 2535 870 incentores
2584 806 2747 870 Gre-

201 897 474 988 gorium
515 892 879 985 prodigum
930 889 1593 980 dilapidatoremque
1643 889 2049 979 multiplicis
2099 889 2565 980 patiarchatus
2599 890 2744 958 the-

203 985 392 1056 sauri
445 991 967 1074 perstreperent,
999 979 1358 1047 deficiente
1399 978 1743 1066 personali
1779 979 2081 1059 materie,
2120 979 2203 1047 ad
2241 978 2748 1047 comburendos

198 1074 411 1144 libros
481 1072 632 1161 ejus
678 1082 1049 1159 coeperunt
1098 1067 1351 1156 pariter
1409 1066 1758 1136 anhelare.
1813 1072 2120 1149 Quorum
2168 1067 2336 1136 dum
2399 1067 2746 1153 quosdam

190 1164 334 1252 jam
387 1160 929 1229 combussissent
976 1171 1039 1225 et
1087 1155 1387 1242 reliquos
1438 1155 1685 1224 vellent
1722 1178 2004 1225 exurere
2029 1157 2085 1237 *‚
2135 1162 2372 1227 Petrus
2409 1157 2745 1226 diaconus

199 1249 788 1319 familiarissimus
833 1248 1006 1336 ejuS,
1039 1268 1196 1315 cum
1247 1266 1383 1331 quo
1431 1257 1729 1330 quatuor
1757 1245 2190 1335 Dialogorum
2243 1246 2456 1315 libros
2505 1245 2746 1334 dispu-

202 1353 478 1417 taverat,
517 1336 821 1406 creditur
867 1335 1336 1402 vehementius
1385 1334 1753 1416 obstitisse,
1808 1335 2067 1414 dicens,
2121 1335 2206 1403 ad
2242 1334 2743 1404 obliterandam

200 1430 346 1519 ejus
396 1426 799 1496 memoriam
873 1424 1206 1493 librorum
1280 1423 1704 1492 exustionem
1785 1424 1956 1509 nihil
2025 1423 2374 1514 proficere,
2446 1444 2743 1509 quorum

197 1515 619 1607 exemplaria
693 1514 980 1583 diversis
1056 1511 1443 1601 petentibus
1516 1512 1759 1582 mundi
1831 1513 2167 1582 ambitum
2243 1525 2736 1603 penetrassent.

200 1606 667 1695 subjungenS,
722 1601 1025 1670 immane
1072 1600 1508 1691 sacrilegium
1558 1625 1747 1683 esse,
1803 1604 1975 1672 tanti
2040 1602 2253 1693 patris
2322 1615 2414 1672 tot
2465 1615 2531 1671 et
2579 1602 2746 1671 tales

196 1695 413 1764 libros
461 1713 766 1770 exurere,
822 1712 1032 1780 super
1077 1690 1275 1777 cujus
1323 1703 1530 1780 caput
1579 1692 1911 1782 Spiritum
1962 1697 2288 1761 Sanctum
2332 1692 2476 1782 ipse
2525 1692 2598 1759 in
2649 1691 2744 1761 si-

196 1782 597 1853 militudine
644 1781 1004 1849 columbae
1051 1780 1404 1848 tractantis
1438 1780 1986 1866 frequentissime
2029 1781 2505 1870 perspexisset.
2545 1784 2749 1849 Cum-

198 1895 333 1960 que
381 1871 650 1940 dudum
700 1869 1017 1967 devotum
1069 1867 1408 1959 populum
1445 1869 1786 1938 Diaconus
1832 1881 2139 1939 cerneret
2186 1871 2542 1940 occasione
2573 1882 2746 1938 tem-

200 1961 395 2052 poris
443 1982 604 2028 curn
657 1956 907 2026 invidis
957 1957 1324 2036 resultare,
1381 1956 1449 2025 in
1502 1957 1628 2026 hoc
1676 1959 1986 2027 omnium
2039 1959 2447 2027 sententiam
2495 1957 2750 2026 dicitur

202 2069 636 2141 provocasse,
671 2059 748 2117 ut
780 2046 835 2115 si
878 2045 1058 2132 quod
1094 2045 1836 2134 dixeratjurejurando
1873 2046 2318 2128 conlirman5‚
2360 2046 2531 2114 mori
2581 2067 2748 2113 con-

200 2139 400 2208 tinuo
462 2137 860 2216 meruisset,
915 2133 1047 2224 ipsi
1115 2157 1155 2202 a
1203 2133 1535 2202 librorum
1587 2135 1937 2203 exustione
1985 2135 2411 2203 desisterent.
2475 2135 2542 2203 Si
2591 2155 2748 2202 vero

203 2240 556 2318 superstes
602 2224 714 2293 sui
761 2222 1132 2293 testimonii
1198 2222 1567 2302 extitisset,
1651 2223 1795 2313 ipse
1909 2245 2132 2309 uoque
2180 2221 2740 2293 combustoribus

197 2337 451 2385 manus
498 2314 712 2382 daret.
751 2318 985 2397 Itaque
1013 2334 1170 2379 cum
1223 2312 1595 2401 evangeliis
1645 2313 1715 2381 in
1766 2334 1875 2382 am
1931 2334 2130 2380 onem
2183 2312 2592 2381 venerabilis
2627 2316 2743 2379 Le-

194 2404 335 2471 vita
383 2409 621 2473 Petrus
668 2401 1068 2481 ascendens,
1101 2423 1255 2470 mox
1289 2412 1364 2469 ut
1394 2402 1849 2492 Gregorianae
1897 2401 2240 2470 sanctitati
2277 2400 2745 2469 testimonium

258 2491 547 2567 raebuit‚
602 2490 779 2559 inter
808 2490 1013 2559 verba
1060 2512 1255 2559 verae
1288 2490 1738 2561 confessionis
1771 2489 2089 2581 spiritum
2139 2490 2409 2560 efflavit:
2465 2503 2527 2559 et
2560 2513 2599 2559 a
2628 2488 2748 2557 do-

231 2603 347 2650 ore
398 2580 638 2649 mortis
676 2591 1063 2657 extraneus,
1107 2579 1303 2668 juxta
1354 2581 1551 2670 pyrgi
1603 2580 1849 2662 basim,
1902 2580 2080 2650 sicut
2129 2579 2461 2649 hactenus
2526 2578 2751 2648 cerni-

201 2683 342 2750 tur,
393 2669 744 2738 consessor
792 2667 1091 2736 veritatis
1142 2669 1391 2736 meruit
1437 2670 1735 2758 sepeliri.

296 2761 332 2844 ξ
400 2762 575 2829 60.
632 2756 805 2825 Hinc
853 2768 955 2824 est
1009 2754 1192 2841 quod
1249 2757 1910 2828 consuetudinaliter
1980 2757 2273 2848 Spiritus
2324 2762 2614 2826 Sanctus
2679 2755 2750 2823 in

200 2847 433 2937 specie
479 2846 842 2915 columbae
890 2866 1099 2935 super
1173 2845 1534 2916 scribentis
1583 2847 1888 2936 Gregorii
1936 2859 2143 2936 caput
2190 2846 2635 2937 depincritur:
2689 2855 2755 2913 et

200 2936 385 3024 quod
438 2934 947 3024 expositionum
1018 2932 1207 3001 illius
1279 2956 1437 3023 pars
1487 2937 1787 3004 maxima
1841 2956 2018 3022 quae
2080 2936 2316 3022 utique
2363 2900 2449 3004 ab
2496 2932 2751 3002 invidis

198 3035 443 3094 exusta
500 3023 844 3102 recolitur,
923 3043 1058 3090 non
1127 3021 1440 3092 babetur.
1495 3028 1800 3105 Quarum
1872 3024 2021 3113 ipse
2082 3046 2430 3093 summam
2493 3023 2746 3092 Joanni

198 3113 630 3184 subdiacono
660 3118 1021 3182 Ravennae
1071 3111 1450 3199 responsali
1483 3135 1606 3182 suo
1634 3113 2028 3203 significare
2070 3112 2357 3194 videtur,
2397 3113 2575 3181 inter
2602 3133 2754 3181 cae-

201 3215 345 3271 tera
397 3202 497 3272 sic
545 3200 966 3280 describens:
999 3200 1216 3281 «Quia
1236 3200 1690 3272 charissimus
1723 3201 2076 3287 quondam
2111 3201 2298 3270 filius
2334 3223 2528 3270 meus
2557 3200 2755 3270 Clau-

199 3290 364 3361 dius
413 3289 669 3377 aliqua,
726 3311 834 3358 me
881 3288 1224 3376 loquente,
1261 3288 1346 3359 de
1394 3290 1796 3371 Proverbiis,
1832 3289 1918 3360 de
1947 3290 2242 3360 Canticis
2289 3291 2744 3369 canticorum,

204 3379 291 3449 de
340 3379 718 3468 ProphetiS,
773 3378 859 3447 de
907 3376 1103 3447 libris
1149 3399 1423 3465 quoque
1489 3384 1752 3471 Regum
1801 3393 1867 3448 et
1912 3378 1998 3447 de
2045 3379 2396 3469 Heptatico
2446 3378 2758 3448 audierat

206 3489 385 3555 quae
432 3490 558 3536 erro
605 3468 861 3558 scripto
903 3467 1167 3537 tradere
1216 3491 1376 3558 prae
1425 3467 1825 3538 infirmitate
1873 3490 2009 3538 non
2058 3468 2274 3560 potui,
2329 3468 2476 3557 ipse
2523 3490 2601 3536 ea
2628 3489 2756 3535 suo

210 3578 423 3627 sensu
469 3521 771 3638 dictavit,
829 3579 911 3626 ne
957 3557 1300 3628 oblivione
1347 3557 1758 3648 deperirent,
1797 3570 1874 3628 ut
1906 3570 2065 3648 apto
2114 3571 2417 3646 tempore
2449 3556 2617 3625 haec
2647 3557 2758 3623 ea-

210 3646 366 3716 dem
418 3646 590 3714 mihi
640 3645 1057 3716 inferrentur
1084 3659 1148 3717 et
1195 3646 1626 3716 emendatius
1654 3647 2100 3717 dictarentur.
2139 3652 2325 3729 Quae
2371 3667 2530 3715 cum
2582 3642 2758 3713 mihi

208 3733 512 3826 legisset,
565 3735 799 3804 inveni
845 3735 1188 3805 dictorum
1233 3757 1541 3806 meorum
1590 3758 1873 3806 sensum
1907 3736 2102 3805 valde
2152 3736 2219 3804 in
2273 3733 2511 3803 multis
2544 3732 2759 3802 fuisse

207 3835 702 3913 permutatum.
745 3825 935 3892 Unde
984 3845 1259 3894 necesse
1306 3835 1430 3904 est,
1485 3837 1562 3894 ut
1606 3836 1723 3894 tua
1770 3825 2187 3916 experientia
2233 3824 2424 3893 omni
2471 3843 2758 3891 excusa-

211 3912 391 3981 tione
440 3924 643 3998 atque
691 3916 883 3981 mora
931 3925 1271 3992 cessante,
1326 3913 1411 3982 ad
1461 3912 1612 4002 ejus
1659 3915 2154 3984 monasterium
2205 3912 2504 3991 accedat,
2558 3932 2758 3979 eum-

211 4023 343 4087 que
390 4001 620 4070 venire
669 4000 873 4071 faciat
901 4014 966 4070 et
998 4025 1155 4070 cum
1188 4002 1375 4070 omni
1419 4002 1699 4071 veritate
1731 4014 2328 4090 quantascumque
2351 4001 2436 4069 de
2466 3998 2758 4069 diversis

214 4089 575 4180 scripturis
622 4089 973 4159 chartulas
1020 4090 1285 4171 detulit,
1318 4090 1405 4160 ad
1441 4091 1749 4160 medium
1798 4090 2115 4161 deducat.
2148 4095 2329 4172 Quas
2359 4100 2434 4160 tu
2481 4087 2759 4178 suscipe

213 4189 277 4246 et
322 4178 494 4247 mihi
544 4178 900 4249 celerrime
948 4179 1353 4249 transmitte.
1409 4180 1772 4250 Enimvero
1817 4180 1981 4267 quia
2013 4178 2411 4250 studiositas
2451 4175 2758 4267 Gregorii

214 4267 331 4352 qui
380 4278 533 4358 post
596 4268 765 4338 haec
832 4268 1051 4338 tribus
1103 4267 1314 4338 ferme
1374 4268 1580 4338 annis
1641 4268 2021 4359 superfuit,
2079 4268 2226 4338 falli
2290 4289 2428 4337 non
2486 4266 2752 4357 potuit,

270 4429 295 4452 ⁸
319 4430 527 4473 Aemulis
548 4431 695 4472 libros
715 4431 928 4481 Gregorii
946 4432 1195 4473 incendere
1225 4431 1543 4477 molientibus.
1575 4432 1789 4482 Gregorii
1823 4433 1998 4481 script·
2024 4431 2192 4472 Petrus
2221 4432 2323 4480 ejus
2352 4430 2586 4470 Diu-onus
2616 4427 2749 4468 admi·

218 4482 352 4525 nudo
370 4495 573 4535 prorsus
589 4486 728 4526 modo
749 4487 969 4527 servavit.
1003 4487 1097 4527 Cur
1116 4486 1285 4527 deinde
1306 4485 1524 4526 columba
1545 4495 1689 4536 super
1709 4486 1959 4528 sci-theutin
1982 4486 2196 4536 Gregorii
2214 4485 2354 4534 caput
2370 4483 2665 4532 depingatur.
