3327 4999
210 349 318 413 Ex
364 349 537 414 JUL.
593 351 633 414 8
1054 370 1132 415 nr.
1182 370 1236 415 5.
1292 370 1582 416 1115150110
1630 369 1928 416 1111511030
2546 358 2663 421 601

207 446 538 535 lacrymis
585 448 711 516 1135
760 432 939 516 fu'du
990 471 1267 537 preces:
1331 453 1382 517 Ο
1446 455 1618 518 Deus
1666 449 2105 537 omnipotens
2149 451 2273 535 qui
2311 452 2760 539 judicaturus

203 557 279 606 es
326 536 513 603 vivos
573 548 639 603 et
702 550 1032 616 mortuos,
1095 550 1160 605 et
1225 537 1294 604 in
1365 537 1730 606 hominum
1781 537 1958 605 sacta
2018 537 2515 623 inquisiturus:
2574 564 2754 627 quae

207 645 360 692 mea
406 623 671 692 utilitas
708 638 832 704 est,
891 624 1123 694 labore
1149 625 1395 693 confici
1446 626 1518 693 in
1552 640 1753 725 gente
1785 626 1936 704 bac,
1982 646 2158 711 quae
2193 639 2379 694 tuam
2409 629 2759 717 justitiam

206 733 346 779 non
397 712 601 779 modo
650 712 825 780 ferre
862 734 997 781 non
1050 725 1290 803 potest,
1333 713 1449 781 sed
1492 726 1699 782 3113111
1752 713 2014 782 rabidis
2064 716 2418 784 morsibus
2474 718 2607 787 sibi
2660 718 2762 787 la-

208 798 583 869 cerandam
636 801 899 870 sumit?

293 890 331 974 ξ
393 892 470 959 2.
528 888 635 956 Sic
686 888 801 957 ille
847 890 1087 958 oravit.
1127 894 1332 957 Porro
1379 910 1644 968 eorum,
1682 910 1856 973 quos
1903 888 2233 970 (1111111115,
2280 912 2592 960 errorum
2647 915 2755 961 ar-

198 976 477 1045 chitecti
524 988 590 1044 et
624 977 916 1066 patroni,
957 977 1395 1067 populusque
1443 978 1530 1044 iis
1584 977 1937 1045 erroribus
1988 977 2413 1065 implicatus,
2455 993 2533 1049 ut
2567 981 2756 1050 vide-

202 1079 369 1133 runt
414 1064 640 1131 virum
692 1078 1009 1134 sanctum
1061 1067 1081 1133 i
1138 1065 1233 1134 sis
1266 1065 1448 1133 nolle
1477 1065 1821 1145 assentiri,
1868 1064 1983 1133 sed
2021 1066 2248 1154 potius
2277 1068 2585 1153 ubiquei
2644 1090 2757 1137 sos

200 1152 354 1221 sine
399 1151 546 1220 11113
597 1153 835 1222 mortis
866 1153 1064 1221 sormi
1125 1154 1259 1233 ine,
1298 1153 1516 1221 multa
1563 1153 1781 1221 animi
1808 1153 2194 1222 constantia
2229 1156 2559 1244 repreben
2616 1179 2751 1239 ere,

204 1261 340 1308 non
392 1262 652 1329 paucas
684 1240 747 1309 ei
799 1241 1140 1310 tetendere
1176 1241 1505 1309 insidias:
1560 1253 1626 1309 et
1658 1240 1934 1309 tandem
1968 1241 2484 1312 incredulorum
2513 1258 2749 1314 coacto

200 1349 237 1395 a
296 1327 502 1407 mine,
549 1351 585 1396 e
634 1329 792 1397 sede
841 1351 962 1397 sua
1018 1329 1259 1398 multis
1306 1330 1624 1399 affectum
1671 1329 2111 1399 contumeliis
2159 1331 2635 1401 exturbarunt.
2679 1339 2755 1405 Et

200 1416 245 1484 il
283 1438 319 1482 3
357 1416 635 1501 quidem
682 1421 808 1485 Deo
858 1417 1124 1486 malens
1175 1418 1240 1486 in
1292 1417 1519 1503 quiete
1566 1417 1845 1495 servire,
1899 1439 2105 1502 quarn
2139 1417 2287 1486 sine
2330 1418 2559 1488 fructu
2591 1421 2753 1489 diu-

200 1503 340 1572 tius
370 1503 555 1590 apud
607 1504 764 1572 illos
808 1505 1108 1585 haerere,
1165 1506 1408 1595 paucis
1447 1506 1581 1574 sibi
1629 1504 1979 1594 adjunctis
2017 1505 2361 1595 religiosis
2399 1507 2587 1588 viriS,
2649 1531 2753 1579 se-

199 1592 355 1659 dem
409 1590 625 1671 illam,
664 1614 873 1678 quam
908 1593 1111 1662 annis
1159 1593 1394 1661 decem
1433 1605 1713 1663 strenue
1741 1607 1805 1662 et
1835 1593 1942 1683 pie
1974 1594 2416 1683 gubernarat,
2456 1597 2750 1685 patriam

196 1701 473 1766 quoque
521 1681 742 1767 ipsam
795 1693 861 1748 et
910 1703 1017 1749 res
1057 1704 1221 1751 suas
1267 1703 1511 1750 omnes
1551 1682 1799 1750 Christi
1848 1704 2082 1750 amore
2123 1682 2424 1768 reliquit,
2479 1684 2741 1753 dicens:

198 1789 421 1854 neque
470 1768 603 1836 sibi
654 1789 874 1854 neque
922 1769 1079 1837 aliis
1130 1768 1474 1859 prodesse,
1515 1769 1574 1839 si
1624 1769 1768 1838 illic
1817 1769 1974 1837 velit
2025 1771 2301 1851 morari,
2342 1772 2463 1839 ubi
2500 1793 2752 1858 usque-

195 1855 367 1925 adeo
416 1856 780 1925 increverit
828 1857 1143 1946 perfidia,
1208 1857 1683 1936 incredulitas,
1757 1871 1821 1926 et
1872 1858 2182 1947 pertinax
2231 1858 2584 1945 iniquitas,
2639 1866 2750 1928 At-

195 1965 333 2030 que
379 1944 472 2012 ita
522 1945 1146 2034 peregrinationem
1208 1945 1333 2014 diu
1380 1957 1709 2036 optatam,
1768 1967 1892 2034 pro
1940 1946 2075 2014 vita
2124 1958 2400 2015 aeterna
2430 1947 2750 2036 jucundo

195 2032 431 2100 31111110
479 2033 808 2122 suscepit.
873 2039 1038 2101 Cum
1090 2046 1319 2103 autem
1384 2057 1463 2102 ex
1510 2033 1841 2102 Hibernia
1888 2055 2208 2123 egressus
2255 2048 2456 2114 esset,
2512 2035 2751 2106 multis

195 2121 581 2211 peragratis
632 2120 1056 2209 regionibus,
1109 2134 1174 2190 et
1224 2122 1395 2190 locis
1460 2143 1595 2189 non
1668 2121 1908 2209 paucis
1968 2135 2289 2191 accurate
2347 2123 2744 2213 exploratis,

194 2208 319 2276 ubi
368 2208 643 2277 animae
691 2230 858 2278 suae
940 2221 1122 2278 osset
1151 2209 1459 2277 invenire
1506 2209 1840 2295 requiem,
1875 2210 2147 2278 tandem
2201 2210 2269 2277 in
2322 2210 2748 2279 Alemaniam
2807 2237 2811 2241 ⁴

245 2296 531 2365 ervenit.
578 2297 705 2366 Ubi
754 2297 823 2365 in
924 2319 1133 2366 urum
1166 2319 1332 2365 sane
1372 2310 1438 2366 31
1476 2296 1695 2366 ferum
1734 2296 2071 2396 populum
2114 2297 2381 2377 incidit,
2417 2312 2485 2366 at
2515 2312 2745 2368 tamen

221 2404 441 2463 355115,
494 2384 930 2470 aliquamdiu
979 2384 1223 2474 pedem
1275 2385 1418 2453 illic
1453 2385 1619 2464 fixit,
1657 2397 1983 2473 gentique
2015 2385 2118 2452 illi
2148 2386 2353 2454 verba
2403 2386 2650 2455 salutis
2681 2398 2748 2455 et

194 2472 577 2543 sanctitatis
625 2473 937 2563 exempla
988 2473 1370 2563 proposuit.
1410 2477 1540 2542 Nec
1589 2472 1874 2542 deerant
1906 2472 2028 2558 qui
2076 2473 2313 2544 audito
2360 2473 2502 2555 illo,
2553 2496 2747 2543 ama-

192 2572 347 2630 rent
393 2574 708 2630 sanctum
764 2562 875 2629 Dei
928 2562 1321 2630 hominem:
1375 2576 1444 2630 at
1479 2561 1804 2651 permulti
1844 2583 1970 2630 nec
2017 2562 2262 2630 audire
2309 2585 2470 2631 eum
2533 2563 2746 2631 susti-

194 2648 471 2728 nebant,
513 2661 780 2718 tantum
832 2651 1047 2726 abest,
1087 2663 1164 2719 ut
1210 2671 1444 2718 amore
1491 2663 1556 2717 et
1587 2649 2059 2718 benevolentia
2110 2651 2435 2738 prosequi
2465 2651 2740 2720 vellent.

191 2737 472 2806 Interim
523 2738 690 2805 dum
741 2738 924 2826 apud
980 2737 1137 2805 illos
1184 2759 1447 2805 moram
1500 2737 1685 2814 facit,
1752 2737 1938 2826 apud
1984 2757 2056 2805 se
2104 2737 2520 2818 deliberanS,
2565 2761 2741 2824 quo-

153 2846 354 2893 .nam
405 2823 714 2894 conferre
762 2846 835 2894 se
889 2825 1155 2906 debeat,
1212 2825 1611 2914 gratissima
1658 2825 1836 2893 beati
1880 2825 2228 2894 Benedicti
2277 2839 2341 2894 et
2391 2825 2747 2916 religionis

191 2913 615 2982 monasticae
655 2912 743 2980 ab
794 2912 911 2982 illo
960 2913 1316 2982 institutae
1363 2914 1548 2982 sama
1580 2912 1666 2982 ad
1702 2934 1862 2981 eum
1918 2912 2177 3001 perlata
2222 2926 2346 2983 est.
2383 2919 2549 2982 Nam
2602 2935 2742 2982 non

187 2999 279 3070 ita
315 3002 578 3090 pridem
629 3022 667 3068 3
713 3001 850 3069 vita
879 3012 1260 3070 excesserat
1289 3016 1571 3071 sanctus
1599 3001 2134 3081 BenedictuS„et
2216 3001 2507 3071 lurimos
2542 3002 2742 3070 insti-

187 3089 316 3157 tuti
368 3090 477 3158 sui
525 3088 819 3177 cupidos
845 3101 1211 3157 sectatores
1263 3102 1414 3177 post
1460 3110 1532 3157 se
1562 3088 1954 3174 reliquerat.
1992 3089 2161 3157 Intel
2199 3090 2334 3158 exit
2379 3089 2594 3178 igitur
2640 3089 2746 3157 di-

185 3175 449 3245 vinitus
497 3175 780 3246 edoctus
846 3176 950 3244 vir
1007 3176 1145 3256 Dei,
1199 3176 1621 3245 desiderium
1676 3199 1884 3245 suum
1937 3177 2235 3245 necdum
2288 3177 2737 3266 completum.

183 3263 477 3331 Jamdiu
505 3263 691 3331 3111111
723 3274 1013 3351 optarat,
1055 3275 1130 3332 ut
1159 3285 1280 3353 pro
1332 3263 1589 3353 populo
1637 3286 1766 3332 suo
1814 3263 2081 3349 aliquot
2127 3286 2323 3333 verae
2375 3265 2747 3354 perfectae-

184 3371 322 3436 que
370 3350 725 3438 religionis
774 3351 955 3420 viros
1002 3351 1136 3420 sibi
1186 3364 1414 3440 posset
1460 3351 1842 3441 adjungere
1890 3353 2135 3420 503105.
2172 3357 2385 3439 Atque
2413 3374 2489 3422 ea
2527 3356 2743 3421 causa

186 3459 434 3506 rursus
483 3438 629 3506 loca
677 3437 813 3506 alia
862 3450 1015 3526 post
1061 3439 1195 3507 alia
1232 3439 1485 3518 invisit,
1536 3460 1659 3507 nec
1704 3454 1927 3507 tamen
1981 3438 2049 3507 111
2102 3441 2414 3530 gentium
2457 3440 2738 3509 illarum

184 3525 521 3605 moribus,
565 3526 751 3611 quod
800 3525 934 3625 ipsi
985 3526 1306 3615 placeret,
1347 3525 1568 3616 potuit
1614 3527 2023 3614 comperire.

273 3617 311 3700 ξ
377 3618 456 3685 8.
514 3614 712 3682 Flens
761 3612 975 3702 igitur
1018 3626 1085 3682 et
1138 3636 1390 3692 orans,
1458 3614 1629 3682 dixit
1676 3613 1760 3681 ad
1815 3615 2229 3682 Dominum:
2283 3616 2551 3683 Inclina
2612 3620 2742 3683 Do-

183 3705 365 3770 mine
391 3724 627 3770 aurem
659 3713 871 3781 tuam,
912 3713 975 3770 et
1004 3703 1269 3770 eoeaudz‘
1292 3724 1417 3782 me,
1449 3703 1770 3792 quoniam
1813 3703 2003 3790 inops
2033 3713 2096 3770 et
2124 3725 2394 3791 pauper
2433 3724 2584 3770 sum
2623 3725 2744 3792 eqo

180 3790 397 3879 (Psal.
434 3790 552 3877 85)
603 3790 671 3855 *ε
724 3810 1023 3874 quorum
1073 3791 1441 3858 verborum
1491 3790 1623 3858 ista
1668 3800 1771 3860 est
1818 3788 2275 3878 significatio:
2322 3789 2736 3858 Afflictiones

187 3900 378 3948 meas
415 3878 804 3957 miseratus,
843 3876 1101 3945 inclina
1153 3889 1226 3945 tu
1276 3876 1563 3945 Domine
1591 3876 1713 3962 qui
1762 3878 2080 3945 omnium
2112 3899 2185 3948 es
2224 3892 2468 3957 rector,
2503 3898 2748 3946 aurem

187 3966 705 4035 misericordiae
753 3977 910 4034 tuae
944 4019 959 4045 ,
1019 3975 1085 4034 et
1145 3964 1395 4033 exaudi
1459 3964 1667 4033 verba
1724 3965 2059 4035 orationis
2122 3987 2353 4034 meae:
2407 3965 2743 4052 quoniam

185 4054 389 4143 inops
436 4054 506 4122 111
559 4055 791 4123 31111113
843 4074 968 4142 per
1014 4054 1265 4121 mentis
1328 4052 2000 4152 pusillanimitatem,
2054 4066 2120 4122 et
2156 4075 2422 4145 pauper
2468 4053 2540 4122 in
2589 4074 2744 4122 cor·

184 4163 351 4232 pore
399 4164 522 4231 per
567 4141 1021 4211 afflictionum
1073 4141 1556 4210 contritionem
1608 4163 1764 4210 sum
1807 4162 1934 4230 ego
1965 4141 2086 4228 qui
2118 4154 2180 4210 te
2216 4142 2436 4228 sequi,
2479 4154 2540 4210 te
2587 4139 2749 4208 dili-

184 4250 345 4319 gere
394 4252 605 4320 super
652 4230 889 4299 omnia
938 4229 1172 4298 debui.
1211 4229 1594 4299 Recordare
1624 4230 1881 4315 itaque,
1919 4228 2104 4316 quod
2155 4231 2242 4299 ab
2291 4229 2584 4299 infantia
2615 4226 2744 4297 tibi

186 4317 445 4389 servire
478 4318 741 4398 studui,
784 4317 1025 4404 tuique
1061 4338 1298 4386 amore
1344 4330 1822 4407 paupertatem
1854 4329 1919 4386 et
1967 4318 2216 4406 1111111111
2263 4327 2741 4406 contemptum

237 4435 266 4462 ²⁸¹
293 4434 471 4476 Versus
500 4435 574 4476 Pa.
602 4436 676 4476 86:
703 4433 903 4482 Ineunt,
930 4434 1128 4474 Domine
1157 4434 1247 4473 etc.
1273 4433 1595 4483 paraphrasis.
