3327 4999
153 327 365 393 MART.
419 326 503 390 42
1010 340 1093 389 m:
1142 344 1198 391 s.
1250 343 1560 392 Gnssoomo
1609 343 1769 391 ΡΑΡΑ
1971 312 1975 316 ’
2438 326 2567 391 205

148 426 475 494 sacerdotis
504 425 883 493 custodiunt
913 425 1284 503 scientiam,
1327 435 1389 493 et
1432 426 1647 514 leyem
1671 426 2014 515 requirent
2045 447 2134 493 ex
2158 447 2268 494 ore
2292 426 2460 514 ejus,
2495 426 2661 515 quia

150 518 400 603 anqelus
430 514 697 582 Domini
724 514 1142 582 emerczzuum
1175 523 1266 580 est
1305 513 1628 601 (Malach.
1682 515 1781 601 11).
1836 512 2012 595 Quid
2063 535 2222 603 ergo
2272 513 2553 592 mirum,
2600 511 2661 581 si

151 601 283 671 illos
324 616 542 673 vestra
590 601 805 693 pietas
836 601 1160 691 dignetur
1190 601 1550 683 honorare,
1583 602 1841 689 quibus
1873 602 1940 669 in
1979 623 2103 672 suo
2133 601 2404 687 eloquio
2438 602 2654 670 hono-

145 710 268 760 rem
313 692 642 771 tribuens,
695 710 810 759 eos
843 702 963 759 aut
996 689 1300 779 angelOS,
1344 703 1464 760 aut
1492 692 1656 760 deos
1688 691 1832 782 ipse
1862 691 2066 760 etiam
2098 690 2399 780 appellat
2435 695 2609 759 Deus
2631 693 2663 757 ⁶?

216 783 247 866 ἓ
288 786 439 853 11).
496 802 532 845 «
584 778 1056 848 Ecclesiastica
1102 798 1378 865 quoque
1427 792 1713 849 testatur
1763 780 2066 860 historia,
2106 781 2269 867 quia
2303 800 2463 848 cum
2500 778 2656 868 piae

147 870 486 939 memoriae
537 868 973 938 Constantino
1035 868 1333 958 principi
1401 868 1471 937 in
1540 869 1793 958 scripto
1854 868 2119 937 oblatae
2185 867 2659 937 accusationes

143 970 346 1028 contra
391 958 750 1048 episcopos
799 955 1122 1036 fuissent,
1192 955 1460 1027 libellos
1508 957 1787 1044 quidem
1836 957 2294 1027 accusationis
2354 956 2655 1047 accepit,

148 1058 201 1114 et
237 1047 501 1117 eosdem
550 1045 670 1131 qui
720 1046 1018 1115 accusati
1074 1045 1378 1126 fuerant,
1434 1047 1791 1137 episcopos
1839 1068 2245 1127 convocans,
2298 1045 2367 1113 in
2416 1067 2656 1114 corum

147 1149 492 1227 conspectu
540 1132 828 1215 libellos,
882 1155 1054 1220 quos
1104 1146 1480 1223 acceperat,
1535 1135 1861 1215 incendit,
1915 1134 2195 1204 dicens:
2258 1138 2387 1203 Vos
2452 1134 2550 1202 dii
2619 1156 2660 1202 a

148 1245 273 1294 vero
323 1231 452 1294 Deo
502 1223 874 1292 constituti.
958 1228 1054 1292 Ite
1101 1236 1166 1292 et
1220 1224 1399 1292 inter
1464 1246 1580 1293 vos
1635 1245 1883 1293 causas
1939 1236 2195 1294 vestras
2264 1222 2650 1313 disponite:

147 1313 277 1398 quia
326 1314 622 1403 dignum
674 1334 807 1381 non
866 1324 1011 1392 est,
1072 1322 1150 1380 ut
1206 1333 1329 1382 nos
1385 1311 1785 1413 judicemus
1832 1312 2018 1382 deos.
2099 1318 2174 1381 In
2238 1334 2376 1398 qua
2425 1324 2651 1380 tamen

143 1404 472 1482 sententia,
526 1401 634 1490 pie
684 1401 986 1482 Domine,
1041 1399 1175 1470 sibi
1224 1423 1444 1490 magis
1489 1423 1568 1470 ex
1618 1401 2045 1482 humilitate,
2115 1422 2324 1487 quam
2394 1399 2535 1469 illis
2583 1423 2654 1468 a-

140 1486 329 1576 liquid
378 1490 660 1581 praestit
705 1512 784 1557 ex
833 1490 1198 1559 reverentia
1262 1490 1597 1580 impensa.
1650 1493 1816 1559 Ante
1862 1512 2021 1560 eum
2077 1490 2336 1580 quippe
2397 1488 2653 1579 pagani

138 1575 197 1645 in
252 1579 625 1681 Republica
688 1577 1036 1668 principes
1102 1577 1379 1648 fuerunt
1441 1580 1561 1666 qui
1627 1601 1862 1648 verum
1939 1584 2148 1648 Deum
2219 1578 2598 1647 nescientes
2635 1632 2650 1659 ,

141 1664 281 1737 deos
318 1669 585 1759 ligneos
631 1679 696 1735 et
744 1667 1048 1756 lapideos
1094 1666 1448 1737 colebant:
1500 1681 1564 1738 et
1612 1680 1837 1736 tamen
1888 1689 2127 1737 eorum
2180 1666 2652 1736 sacerdotibus

136 1753 442 1826 honorem
507 1756 882 1824 maximum
950 1754 1363 1825 tribuebant.
1420 1756 1610 1839 Quod
1662 1757 1875 1847 igitur
1915 1757 2195 1837 mirum,
2235 1756 2294 1824 si
2324 1756 2651 1826 Christia-

138 1864 251 1914 nus
296 1852 721 1937 Imperator,
778 1843 915 1913 veri
966 1844 1080 1913 Dei
1128 1844 1392 1925 cultor,
1458 1846 1843 1916 sacerdotes
1891 1846 2215 1946 dignetur
2261 1845 2650 1926 honorare,

137 1929 306 2014 dum,
369 1947 445 2006 ut
496 1931 834 2023 praedixi,
902 1933 1152 2023 pagani
1201 1934 1548 2024 principes
1598 1935 1927 2004 honorem
1975 1933 2375 2023 lmpendere
2422 1955 2652 2002 sacer-

138 2018 391 2093 dotibus
460 2034 792 2091 noverunt
840 2022 962 2107 qui
1029 2021 1164 2090 diis
1222 2021 1468 2112 ligneis
1517 2035 1582 2092 et
1631 2022 1924 2112 lapideis
1984 2022 2413 2092 serviebant?
2474 2026 2654 2089 Haec

135 2129 245 2197 ego
290 2111 523 2201 pietati
571 2110 1008 2179 dominorum
1070 2132 1203 2179 non
1259 2133 1378 2200 pro
1437 2134 1566 2190 me,
1620 2111 1738 2179 sed
1793 2133 1917 2200 pro
1962 2111 2228 2201 cunctis
2278 2110 2650 2180 sacerdoti-

137 2195 253 2267 bus
298 2220 617 2292 suggero.
660 2204 795 2287 Ego
834 2198 1017 2267 enim
1069 2211 1381 2289 peccator
1427 2199 1633 2269 homo
1673 2220 1828 2268 sum
1877 2212 1943 2268 et
1988 2200 2149 2285 quia
2198 2198 2654 2288 omnipotenti

138 2287 254 2356 Deo
307 2289 732 2359 incessanter
792 2286 1097 2374 quotidie
1145 2287 1512 2375 delinqu0‚
1570 2287 1850 2375 aliquod
1903 2287 2076 2356 mihi
2123 2287 2306 2377 apud
2360 2301 2658 2357 tremen-

144 2372 289 2445 dum
336 2398 622 2448 examen
675 2377 896 2466 ipsius
961 2398 1108 2446 esse
1157 2377 1538 2446 remedium
1606 2377 1964 2466 suspicor,
2029 2378 2089 2446 si
2151 2376 2659 2446 incessantibus

145 2466 424 2550 quotidie
480 2464 709 2558 plagis
769 2464 994 2534 ferior.
1078 2471 1155 2535 Et
1199 2466 1443 2547 credo,
1500 2465 1663 2553 quia
1729 2465 2049 2535 eumdem
2118 2466 2658 2556 omnipotentem

146 2554 495 2627 Dominum
549 2567 734 2624 tanto
779 2555 971 2623 vobis
1013 2555 1315 2654 amplius
1362 2555 1673 2646 placatiS,
1726 2569 1983 2642 quanto
2025 2578 2133 2624 me
2178 2555 2242 2624 ei
2290 2554 2468 2623 male
2515 2576 2660 2623 ser-

147 2640 414 2714 rientem
453 2643 838 2714 districtius
884 2643 1208 2734 affligitis.
1265 2644 1508 2714 Multas
1555 2645 1739 2713 enim
1770 2645 1916 2734 jam
1963 2644 2200 2734 plagas
2228 2664 2652 2733 acceperam,

144 2743 198 2798 et
239 2731 884 2825 supervenientibus
931 2731 1368 2803 dominorum
1407 2732 1892 2823 jussionibus,
1956 2733 2185 2802 inveni
2253 2731 2659 2802 consolatio-

142 2838 269 2898 nes,
320 2845 495 2908 quas
548 2842 684 2890 non
734 2820 1121 2911 sperabam.

210 2909 242 2996 ξ
301 2918 435 2983 11.
494 2910 615 2980 «Si
716 2930 977 2991 ossum,
1030 2908 1155 2979 has
1202 2908 1513 2980 celeriter
1560 2909 1799 3001 plagas
1827 2931 2180 2979 enumero.
2216 2908 2444 2979 Primo
2474 2908 2658 2995 quod

138 2996 285 3092 rnihi
328 3022 461 3088 pax
513 2998 643 3069 sub
700 3011 856 3067 ucta
903 3009 1026 3076 est,
1064 3020 1271 3084 quam
1325 3020 1486 3068 cum
1540 2998 2006 3090 Longobardis
2035 2999 2104 3068 in
2137 2999 2385 3069 Tuscia
2416 2998 2660 3089 positis

137 3102 261 3156 sine
308 3088 454 3158 ullo
506 3085 951 3177 Reipublicae
997 3086 1361 3177 dispendio
1409 3086 1728 3158 feceram.
1793 3086 2046 3157 Deinde
2093 3099 2416 3177 corrupta
2463 3109 2654 3177 pace,

135 3168 204 3240 de
247 3179 559 3247 Romana
604 3176 874 3245 civitate
924 3175 1175 3246 milites
1207 3176 1417 3246 ablati
1466 3189 1650 3245 sunt.
1690 3182 1767 3245 Et
1811 3176 2093 3263 quidem
2142 3176 2261 3245 alii
2296 3177 2383 3245 ab
2441 3176 2657 3246 hosti-

133 3257 244 3331 bus
289 3265 529 3346 occisi,
564 3265 683 3333 alii
717 3286 873 3334 vero
920 3265 1193 3334 Narniis
1234 3277 1299 3333 et
1347 3265 1609 3334 Perusii
1662 3265 1887 3355 positi,
1940 3277 2005 3334 et
2050 3278 2128 3334 ut
2161 3264 2519 3335 Perusium
2561 3276 2660 3333 te-

132 3367 410 3434 neretur,
472 3359 690 3422 Roma
723 3352 955 3422 relicta
995 3366 1118 3422 est.
1164 3359 1320 3422 Post
1366 3353 1532 3424 haec
1582 3353 1784 3445 plaga
1834 3352 2106 3444 gravior
2141 3352 2292 3435 fuit,
2326 3353 2663 3423 adventus

130 3440 329 3534 agilul
388 3443 461 3511 hi
512 3442 587 3522 *,
645 3444 737 3511 ita
776 3454 852 3512 ut
891 3442 1111 3512 oculis
1161 3442 1333 3511 meis
1378 3464 1728 3512 cernerem
1767 3448 2133 3523 RomanoS‚
2168 3464 2357 3512 more
2404 3461 2658 3511 canum

130 3546 192 3595 ln
233 3530 330 3598 col
370 3532 428 3602 is
493 3528 779 3600 funibus
832 3529 1076 3622 ligatos
1122 3531 1240 3618 qui
1289 3531 1372 3599 ad
1428 3532 1781 3600 Franciam
1835 3530 2300 3611 ducebantur,
2354 3531 2655 3600 venales.

130 3617 197 3682 Et
254 3620 417 3705 quia
466 3640 594 3689 nos
642 3620 764 3706 qui
811 3618 991 3688 intra
1051 3620 1392 3689 civitatem
1442 3643 1713 3699 sumuS,
1755 3625 1886 3689 Deo
1937 3632 2355 3711 protegente,
2410 3641 2663 3688 manus

130 3701 261 3802 ejus
306 3708 682 3789 evasimus,
744 3708 1131 3794 quaesitum
1181 3720 1304 3791 est,
1363 3708 1546 3778 unde
1592 3708 1977 3809 culpabiles
2022 3729 2171 3778 esse
2217 3708 2654 3777 videremur:

130 3792 462 3877 Videlicet,
534 3819 660 3866 cur
708 3795 1047 3866 frumenta
1096 3796 1439 3867 defuerint
1484 3819 1662 3885 quae
1711 3819 1780 3866 1n
1848 3797 1975 3867 hac
2035 3796 2206 3865 urbe
2270 3796 2395 3867 diu
2443 3795 2665 3867 multa

130 3886 365 3980 servari
416 3883 817 3955 nullatenus
859 3899 1167 3973 possunt,
1206 3886 1386 3956 sicut
1433 3886 1505 3954 in
1555 3886 1694 3955 alia
1741 3909 1874 3976 sug
1920 3885 2180 3955 estione
2228 3885 2508 3977 plenius
2557 3886 2665 3954 in·-

130 3965 355 4041 dicavi.
411 3979 494 4043 Et
540 3974 816 4061 quidem
849 3974 934 4043 de
969 3977 1370 4065 memetipso
1417 3974 1487 4044 in
1540 3974 1735 4045 nullo
1783 3910 2099 4044 turgbatus
2148 3997 2331 4056 sum,
2368 3974 2533 4061 quia
2561 3987 2663 4044 te-

129 4068 215 4127 ste
259 4062 705 4143 conscientia,
758 4063 969 4131 fateor
1016 4062 1298 4133 adversa
1344 4064 1690 4151 quaelibet
1740 4063 1879 4153 pati
1917 4075 2199 4154 paratus
2230 4086 2414 4145 sum,
2453 4063 2664 4132 dum-

132 4149 316 4218 modo
366 4151 537 4221 haec
570 4150 802 4220 omnia
832 4174 988 4220 cum
1040 4152 1257 4222 salute
1287 4153 1617 4222 duntaxat
1650 4173 1843 4222 meae
1873 4152 2149 4221 animae
2177 4153 2490 4221 evadam.
2525 4150 2655 4222 Sed

129 4229 202 4302 de
226 4237 544 4328 gloriosis
576 4238 761 4321 viriS,
799 4241 1117 4332 Gregorio
1160 4240 1497 4332 praefecto
1529 4255 1594 4312 et
1625 4241 1928 4312 Castorio
1961 4241 2654 4333 magistrornilitum,

186 4396 209 4421 ⁶
237 4399 601 4442 mutinensium
616 4403 775 4448 Ducis.
791 4412 931 4453 quem
950 4404 1245 4456 Longobsrdt
1263 4414 1371 4462 qum
1387 4404 1758 4449 Theodoundun
1796 4406 2031 4448 demortui
2057 4407 2265 4449 auctarii
2294 4406 2512 4452 viduam,
2554 4415 2663 4446 uxo-

126 4454 214 4490 rem
239 4453 441 4503 duxettt,
460 4464 621 4507 regem
641 4456 923 4498 salutarunt.
