3327 4999
213 335 450 403 MART.
506 335 590 401 46
991 354 1072 401 ns
1119 354 1174 401 s.
1226 352 1500 402 Annamo
1549 351 1945 403 cosrssssonn
2516 339 2644 405 303

214 433 579 513 examinas,
633 443 699 502 et
746 431 1075 523 intelligis
1120 433 1272 523 ejus
1317 433 1802 525 cogitationes:
1858 455 1941 502 ne
1988 432 2332 525 despicias
2382 446 2574 506 tuum
2606 437 2733 528 fig-

216 536 558 604 mentum,
623 543 800 610 opus
860 533 1133 591 tuarum
1198 544 1567 599 manuum,
1623 521 1739 591 sed
1808 521 2024 592 libera
2087 545 2203 592 eos
2263 546 2305 593 a
2352 526 2723 613 tyrannide

214 608 490 691 inimici,
533 622 598 680 et
634 610 725 681 da
766 609 868 680 eis
909 610 1207 681 veritatis
1257 624 1412 681 tuae
1462 610 1908 701 agnitionem.
1971 616 2069 681 Tu
2115 612 2302 682 enim
2351 613 2487 683 scis
2534 616 2723 703 quod

216 721 346 770 non
400 711 676 791 propter
738 699 1114 769 humanam
1173 699 1497 790 gloriam,
1562 698 1682 768 sed
1749 710 2024 789 propter
2082 701 2478 772 animarum
2540 703 2731 774 salu-

217 799 341 858 tem
387 788 658 879 suscepi
719 787 898 857 hanc
944 809 1184 858 curam
1249 801 1314 858 et
1381 790 1501 858 hoc
1574 787 2146 876 ministerium.{»
2200 793 2366 860 Cum
2417 792 2518 861 sic
2564 815 2728 883 ergo

214 889 379 948 esset
411 890 750 969 precatus,
805 888 871 946 et
918 875 1187 964 aliquas
1234 875 1597 966 accepisset
1656 877 2009 967 pecuniaS.
2071 899 2250 963 quae
2303 894 2725 952 remanserat

215 966 389 1057 apud
436 967 765 1047 amicum,
825 965 941 1037 cui
994 989 1233 1036 curam
1284 966 1713 1036 commiserat
1756 964 2187 1048 facultatum,
2253 989 2335 1037 ex
2392 968 2566 1059 ipsis
2621 992 2732 1040 ae·-

211 1054 355 1124 dem
404 1056 655 1125 extruit
701 1054 1069 1124 oratoriam
1134 1054 1333 1144 longe
1386 1053 1995 1145 elegantissimam.
2070 1060 2435 1141 Postquam
2498 1069 2732 1128 autem

208 1143 476 1215 finitum
526 1144 656 1214 fuit
701 1143 1120 1217 aedilicium,
1175 1142 1603 1213 incruentum
1654 1143 1726 1212 in
1775 1164 1853 1212 eo
1902 1140 2323 1214 sacrificium
2387 1150 2520 1216 Deo
2567 1148 2730 1218 offe-

204 1235 443 1314 rebat,
495 1244 560 1302 et
606 1231 866 1304 similes
915 1232 1261 1323 prioribus
1306 1253 1543 1302 rursus
1603 1231 1932 1302 fundebat
1981 1253 2216 1323 preces
2248 1256 2290 1303 :.
2333 1259 2359 1296 ιι
2427 1235 2722 1327 Collige,

204 1323 511 1403 Domine,
562 1321 803 1391 dicens
836 1376 852 1403 ,
904 1342 1061 1390 oves
1112 1332 1262 1394 tuas
1305 1333 1598 1390 errantes
1662 1321 1730 1389 in
1783 1320 1960 1390 hanc
2011 1321 2371 1390 mandram
2418 1338 2729 1395 recenter

200 1411 633 1481 aedificatam
665 1465 680 1493 ,
737 1432 778 1479 a
828 1409 1052 1479 eriens
1108 1409 1207 1479 eis
1275 1410 1444 1478 viam
1496 1409 1741 1479 salutis
1791 1432 1913 1500 per
1958 1410 2054 1479 tui
2104 1409 2569 1501 agnitionem,
2637 1414 2727 1484 ad

199 1499 490 1591 gloriam
565 1498 666 1568 tui
734 1498 1015 1588 goriosi
1075 1497 1389 1569 nominis,
1458 1503 1556 1567 Tu
1608 1520 1682 1569 es
1736 1497 1921 1569 enim
1988 1504 2163 1568 Deus
2218 1511 2282 1569 et
2339 1500 2725 1572 miseratio-

198 1611 393 1671 num,
462 1586 586 1675 qui
647 1608 783 1657 non
847 1587 948 1656 vis
1013 1599 1289 1676 mortem
1355 1587 1776 1676 peccatoris,
1832 1587 1949 1657 sed
2027 1587 2248 1677 magis
2303 1600 2381 1657 ut
2439 1612 2723 1661 conver-

197 1688 379 1748 tatur
425 1689 492 1748 et
540 1676 786 1745 vivat.»
818 1679 985 1744 Cum
1042 1675 1167 1746 has
1230 1675 1284 1745 ei
1332 1697 1564 1766 preces
1611 1676 1992 1756 obtulisset,
2047 1688 2113 1745 et
2158 1699 2276 1746 cor
2321 1677 2572 1749 deinde
2623 1680 2726 1750 vir

201 1766 476 1856 sapiens
522 1764 1022 1846 confirmasset,
1071 1777 1134 1833 et
1181 1764 1412 1834 fuisset
1443 1764 1744 1854 repletus
1783 1764 1925 1835 zelo
1970 1778 2036 1834 et
2082 1765 2445 1849 desiderio,
2477 1769 2718 1841 obiens

200 1865 457 1926 statuas
508 1854 949 1934 daemonum,
1002 1874 1118 1922 eas
1163 1875 1391 1922 omnes
1439 1853 1674 1935 diruit,
1738 1867 1804 1924 et
1845 1854 2044 1922 humi
2101 1854 2361 1925 evertit.

284 1946 321 2031 ξ
367 1948 530 2016 10.
584 1947 751 2014 Cum
801 1955 1028 2012 autem
1066 1955 1219 2031 post
1254 1941 1419 2010 haec
1467 1942 1916 2014 accessissent
1962 1942 2246 2028 quidam
2294 1965 2373 2013 ex
2422 1944 2726 2015 infideli-

199 2030 353 2113 bus,
404 2043 484 2101 ut
517 2030 658 2101 illis
704 2031 1174 2101 sacrificarent
1206 2030 1451 2101 statuis
1496 2041 1561 2099 et
1588 2052 1704 2100 eas
1804 2042 2211 2101 recarentur.
2256 2032 2725 2121 vidissentque

202 2121 390 2211 gravi
437 2142 607 2192 casu
653 2119 995 2189 corruisse
1024 2174 1040 2201 ,
1095 2141 1218 2189 non
1276 2119 1682 2209 ignorarunt
1792 2133 2033 2189 ostem:
2086 2121 2453 2208 statimque
2500 2145 2724 2193 corre-

201 2210 337 2298 ptis
375 2209 584 2300 lignis
630 2220 695 2279 et
741 2208 1114 2299 lapidibus,
1155 2222 1415 2297 repente
1463 2207 1530 2276 in
1575 2221 1890 2277 sanctum
1941 2208 2314 2278 irruerunt:
2355 2232 2479 2280 nec
2528 2211 2723 2302 prius

206 2311 557 2368 cessarunt
601 2320 763 2369 eum
814 2311 1036 2387 petere
1089 2310 1155 2365 et
1201 2296 1677 2367 crudelissime
1739 2309 2093 2387 percutere
2152 2320 2358 2384 quam
2409 2321 2568 2370 eum
2619 2302 2723 2369 vi-

210 2383 467 2455 dissent
512 2387 714 2477 plane
751 2385 1077 2456 defecisse
1122 2404 1177 2454 et
1234 2398 1602 2455 extremam
1648 2386 1796 2476 jam
1846 2407 2047 2476 agere
2094 2386 2423 2457 animam.
2479 2393 2723 2460 Reces-

211 2486 440 2545 serunt
487 2476 696 2558 enim,
749 2475 1203 2546 existimantes
1231 2495 1389 2544 eum
1443 2494 1597 2544 mox
1634 2496 1783 2545 esse
1834 2475 2270 2548 moriturum.
2321 2475 2442 2546 Ille
2488 2492 2721 2550 autem

210 2582 361 2633 cum
405 2565 588 2635 circa
648 2565 947 2634 mediam
1008 2577 1260 2632 noctem
1338 2577 1680 2634 recreatus
1728 2577 1905 2634 esset
1950 2565 2036 2634 ab
2083 2564 2223 2636 illis
2270 2565 2720 2638 intolerandis

209 2649 554 2725 doloribus
590 2708 605 2735 ,
674 2653 784 2723 vix
850 2651 1113 2721 tandem
1179 2674 1491 2752 surgenS,
1547 2653 1617 2722 in
1667 2654 2006 2744 templum
2065 2665 2167 2725 est
2212 2653 2603 2744 ingressus:
2655 2666 2722 2726 et

205 2761 354 2811 cum
402 2766 478 2813 se
538 2763 834 2832 pronum
885 2741 1071 2811 humi
1116 2740 1504 2830 dejecisset,
1558 2742 1731 2811 flens
1779 2742 2075 2832 graviter
2114 2754 2178 2812 et
2226 2742 2444 2813 fronte
2492 2744 2719 2816 solum

199 2831 588 2913 verberans,
640 2830 971 2900 acerrimo
1017 2839 1077 2897 et
1121 2829 1418 2898 maximo
1449 2830 1675 2900 studio
1723 2830 2056 2903 fundebat
2104 2853 2338 2922 preces
2433 2854 2506 2903 ro
2568 2832 2722 2903 illo-

193 2940 347 2989 rum
395 2920 646 3002 salute,
713 2931 790 2990 ut
835 2916 1187 3008 depelleret
1235 2917 1604 3008 impietatis
1661 2921 1917 2990 nubem
1966 2942 2143 3007 quae
2210 2942 2327 2991 eos
2422 2922 2722 2992 etinebat

191 3019 253 3077 et
300 3031 478 3099 pure
507 3008 890 3099 aspicerent
932 3007 1012 3077 ad
1057 3005 1285 3076 radios
1336 3007 1656 3078 veritatis.
1714 3014 1904 3078 Mane
1943 3021 2171 3078 autem
2230 3030 2390 3079 cum
2453 3010 2557 3079 illi
2606 3033 2721 3082 ve-

192 3096 452 3168 nissent
506 3097 576 3166 in
627 3096 955 3188 templum
1013 3106 1078 3194 et
1145 3096 1587 3166 offendissent
1639 3109 1955 3167 sanctum
2013 3097 2084 3166 in
2145 3119 2224 3167 eo
2277 3112 2714 3188 precantem,

190 3187 490 3276 priorem
536 3208 780 3256 rursus
812 3183 1146 3256 saevinam
1196 3195 1260 3253 et
1308 3185 1566 3254 rabiem
1605 3185 1677 3254 in
1706 3208 1864 3256 eum
1918 3186 2400 3257 ostenderunt:
2445 3200 2510 3257 et
2556 3210 2718 3259 cum

189 3295 347 3345 eum
410 3297 659 3346 rursus
719 3274 920 3344 variis
970 3270 1183 3341 modis
1228 3285 1293 3342 et
1339 3273 1773 3344 vehementer
1818 3275 2251 3357 cecidissent,
2305 3275 2606 3348 vinculis
2653 3288 2718 3346 et

190 3362 478 3436 funibus
527 3362 716 3433 omni
754 3385 833 3433 ex
894 3373 1073 3452 parte
1119 3362 1721 3451 comprehensum,
1775 3363 2058 3433 trahunt
2105 3386 2226 3454 per
2275 3365 2580 3434 medium
2620 3366 2719 3433 vi-

185 3474 344 3522 cum
393 3465 463 3524 et
508 3452 581 3521 in
629 3475 787 3522 eum
834 3449 1012 3520 omni
1040 3472 1120 3519 ex
1152 3461 1339 3540 parte
1377 3450 1641 3541 lapides
1675 3451 1827 3521 nive
1855 3451 2140 3522 cadente
2166 3452 2522 3524 densiores
2553 3476 2717 3524 con-

178 3541 520 3630 jecerunt,
575 3540 955 3632 ignorantes
1003 3537 1217 3619 stulti,
1284 3561 1405 3628 pro
1451 3539 1641 3626 quali
1681 3540 1923 3630 gratia,
1972 3563 2097 3632 pro
2150 3540 2340 3628 quali
2382 3564 2504 3631 pro
2543 3542 2716 3633 ipsis

185 3630 605 3721 precatione,
647 3629 912 3718 qualem
941 3626 1362 3698 reddiderint
1392 3626 1456 3698 ei
1505 3629 2150 3699 remunerationem.
2192 3629 2312 3699 Ille
2359 3652 2522 3721 ergo
2550 3642 2715 3701 tunc

185 3721 470 3806 quidem
506 3719 593 3788 ab
640 3720 740 3789 eis
785 3717 1049 3787 relictus
1078 3729 1180 3788 est
1211 3717 1725 3798 semimortuuS,
1768 3718 1914 3808 jam
1974 3739 2014 3787 a
2064 3718 2287 3809 plagis
2334 3719 2715 3792 dissolutus

183 3820 248 3878 et
293 3810 363 3879 in
420 3821 671 3886 terram
714 3806 1143 3877 fluxionibus.
1199 3811 1364 3876 Cum
1415 3818 1642 3877 autem
1696 3806 1922 3876 media
1973 3819 2166 3876 nocte
2214 3805 2296 3875 ad
2349 3830 2422 3876 se
2470 3808 2715 3878 rediis-

184 3909 300 3971 set.
339 3897 653 3969 dicebat:
693 3895 1025 3977 «Domine,
1051 3916 1413 3983 quousque
1459 3894 1886 3966 oblivisceris
1919 3895 2051 3964 mei
2102 3895 2169 3964 in
2221 3895 2483 3965 finem?
2532 3901 2714 3978 Quo-

184 4006 403 4075 usque
453 3987 705 4056 avertis
745 3984 982 4057 faciem
1019 3997 1207 4054 tuam
1255 4007 1295 4054 a
1334 3988 1488 4055 me?
1519 3990 1892 4085 Quousque
1937 4006 2145 4074 opera
2195 4006 2528 4054 manuum
2565 3996 2715 4054 tua-

187 4095 333 4145 rum
376 4075 684 4166 despicis
723 4095 889 4162 quae
938 4076 1300 4164 pereunti»
1337 4077 1517 4143 Haec
1565 4079 1697 4144 Deo
1730 4074 2022 4154 dicebat,
2047 4084 2113 4142 et
2145 4073 2346 4142 verba
2389 4073 2719 4145 miscebat

190 4159 538 4256 lacrymis,
594 4163 839 4234 Deinde
878 4175 1106 4233 autem
1156 4162 1264 4232 vix
1306 4162 1579 4233 tandem
1628 4184 1667 4232 e
1705 4162 1848 4232 solo
1897 4162 2141 4253 surgit,
2196 4162 2481 4253 perinde
2519 4185 2598 4232 ac
2654 4162 2715 4232 si

188 4270 317 4323 non
367 4265 551 4324 esset
595 4251 929 4324 confectus
977 4262 1071 4321 tot
1116 4251 1340 4344 plagis
1385 4265 1450 4322 et
1495 4250 1920 4334 vulneribuS‚
1990 4263 2056 4321 et
2102 4251 2173 4321 in
2221 4251 2488 4321 dictum
2538 4264 2708 4321 tem-

184 4339 379 4430 plum
419 4364 666 4412 rursus
706 4340 1107 4433 ingreditur.

268 4433 305 4517 ἓ
351 4436 491 4505 11.
555 4430 671 4499 Die
719 4444 936 4500 autem
988 4429 1298 4518 sequenti
1350 4429 1621 4500 belluae
1668 4429 1828 4499 illae
1885 4429 2131 4501 Christi
2159 4430 2504 4511 inimicae,
2548 4448 2711 4497 cum
