3327 4999
233 332 339 397 Ex
388 331 569 398 NOV.
627 331 707 396 ⁴3
830 393 841 405 ,
890 305 968 397 132
1017 350 1072 397 s.
1129 348 1535 397 qunLLENnE
1583 348 1754 396 vinc.
1809 347 1886 394 m·
1933 348 2122 396 MART.
2560 332 2686 396 7217

318 437 353 520 ξ
405 440 492 505 2.
565 437 769 503 Fama
832 447 1063 505 autem
1113 433 1304 503 illius
1377 455 1447 504 se
1504 433 1985 514 diffundente,
2041 432 2243 503 multi
2292 453 2443 502 eam
2495 456 2534 501 a
2584 444 2776 524 patre

233 523 429 594 illius
480 523 610 594 sibi
660 523 1027 614 conjugem
1079 523 1354 613 petiere.
1411 521 1537 591 Sed
1588 522 1814 592 sciens
1864 521 1978 592 ille
2027 521 2242 591 filiam
2276 543 2318 590 a
2348 522 2611 612 nuptiis
2657 523 2777 591 ab·

232 612 551 692 horrere,
607 633 847 682 eorum
918 634 1153 703 preces
1216 610 1594 680 differebat.
1673 616 1829 681 Erat
1887 611 1956 679 in
2008 611 2119 679 his
2185 609 2440 680 nobilis
2487 610 2773 698 quidam

229 700 630 770 Harduinus
679 701 980 782 nomine,
1034 700 1155 788 qui
1203 711 1279 770 ut
1324 699 1608 770 caeteris
1708 699 1998 769 otentior
2044 698 2506 769 confidentius
2553 703 2774 769 Hum-

236 789 457 859 linum
533 801 597 858 et
719 790 1032 860 remissis
1088 800 1153 858 et
1211 789 1536 879 precibus
1586 811 1623 857 a
1723 787 2298 859 consentiendum
2355 786 2773 877 impellebat,

229 899 354 947 nec
406 877 602 967 prius
650 811 907 948 destitit
954 899 1161 966 quam
1215 876 1351 947 voti
1399 877 1590 946 fieret
1638 897 1945 966 compos,
1983 881 2290 964 Cumque
2337 888 2519 946 esset
2568 897 2780 977 spon-

227 967 493 1035 salibus
531 966 975 1055 praestitutus
1008 966 1155 1035 dies
1191 966 1412 1035 laetus
1442 965 1799 1037 abscessit.
1839 969 2116 1036 Factum
2167 977 2267 1034 est
2317 964 2384 1033 id
2433 976 2779 1036 nesciente

228 1053 484 1145 puella.
543 1060 777 1140 Itaque
826 1066 977 1144 post
1023 1054 1170 1123 dies
1218 1053 1480 1140 aliquot
1513 1053 1956 1124 sciscitantur
1997 1076 2078 1123 ex
2116 1076 2196 1123 ea
2246 1064 2586 1144 parenteS,
2623 1052 2780 1122 velit

230 1164 318 1212 ne
368 1142 627 1211 nubere
683 1144 826 1211 viro
875 1143 977 1211 illi
1014 1198 1029 1224 ,
1083 1143 1284 1232 cujus
1350 1143 1438 1211 sit
1499 1141 1721 1211 forma
1780 1142 2089 1242 egregia,
2147 1164 2397 1232 magna
2446 1141 2770 1233 dignitaS‚

231 1230 492 1301 multae
522 1252 710 1320 opes:
752 1231 1086 1319 ajuntque
1136 1251 1336 1321 posse
1382 1252 1531 1299 eam
1583 1230 1786 1300 etiam
1832 1252 1900 1298 m
1947 1230 2386 1299 matrimonio
2417 1230 2778 1301 commode

229 1320 484 1388 servire
550 1324 703 1389 Deo.
780 1320 982 1410 Virgo
1042 1330 1327 1396 sancta,
1381 1318 1587 1406 cujus
1654 1318 1889 1387 animo
1941 1319 2089 1409 jam
2157 1318 2321 1387 haee
2385 1331 2451 1388 et
2508 1332 2777 1389 terrena

225 1407 461 1476 omnia
533 1407 917 1490 viluerant,
973 1409 1136 1498 petit
1206 1407 1337 1476 sibi
1409 1406 1558 1475 dari
1630 1407 1933 1498 spatium
1983 1407 2413 1476 deliberandi
2466 1408 2531 1476 in
2584 1407 2767 1477 diem

226 1497 634 1565 crastinum.
692 1497 970 1566 Interim
1023 1508 1159 1566 tota
1208 1507 1399 1565 nocte
1451 1496 1517 1563 in
1569 1518 1804 1586 preces
1855 1496 2290 1577 incumbenS,
2345 1508 2493 1565 orat
2525 1497 2777 1566 obnixe

226 1585 623 1665 Dominum,
683 1608 763 1654 ne
812 1587 993 1655 sinat
1023 1607 1332 1671 unquam
1376 1585 1734 1674 corrumpi
1776 1607 2029 1674 corpus
2071 1606 2303 1666 suum,
2338 1586 2524 1672 quod
2558 1607 2630 1656 se
2662 1607 2778 1655 vo·

231 1675 435 1743 visset
465 1674 523 1742 ei
555 1685 823 1743 castum
859 1687 923 1744 et
954 1675 1297 1765 integrum
1332 1686 1891 1744 conservaturam
1922 1697 1934 1741 :
1968 1673 2085 1743 sed
2120 1673 2297 1742 vires
2328 1686 2532 1760 atque
2566 1674 2778 1743 robur

229 1763 363 1832 sibi
393 1763 806 1853 suppeditet,
843 1785 980 1850 quo
1016 1762 1231 1853 possit
1261 1761 1540 1833 vincere
1587 1762 2042 1832 adversarios
2100 1760 2354 1830 Deinde
2386 1774 2450 1832 et
2476 1768 2776 1853 Evange-

230 1851 383 1921 licis
432 1850 838 1921 confirmata
886 1851 1263 1930 sententiiS,
1298 1863 1365 1921 et
1397 1850 1745 1940 Angelica‚
1783 1862 1860 1921 ut
1892 1850 2111 1940 ajunt,
2150 1849 2413 1920 visione
2444 1852 2772 1932 animata,

236 1960 440 2008 mane
470 1939 733 2010 accedit
766 1952 1101 2030 parentes,
1127 1961 1380 2026 eosque
1407 1939 1504 2010 sic
1533 1938 1860 2029 appellat:
1890 1944 2128 2008 «Decet
2150 1938 2437 2025 quidem
2459 1951 2524 2009 et
2549 1960 2680 2020 me,
2712 1951 2777 2008 et

229 2049 471 2097 omnes
505 2027 778 2098 divinae
829 2028 997 2120 legis
1046 2028 1366 2110 cultoreS,
1406 2027 1807 2118 parentibus
1840 2027 1987 2097 suis
2015 2048 2200 2107 eum,
2236 2048 2445 2113 quem
2485 2050 2608 2118 par
2642 2039 2766 2107 est,

227 2115 480 2186 habere
528 2116 882 2186 honorem:
937 2118 1052 2186 sed
1104 2117 1160 2186 si
1209 2117 1375 2204 quid
1427 2117 1785 2186 sinistrum
1823 2127 1888 2185 et
1917 2138 1951 2184 a
1987 2115 2094 2184 via
2127 2114 2240 2184 Dei
2270 2115 2579 2186 alienum
2619 2136 2772 2206 per·
2821 2167 2828 2176 .

228 2204 517 2274 suadere
567 2205 808 2286 velint,
865 2206 1406 2293 haudquaquam
1458 2226 1605 2274 mos
1653 2204 1793 2272 illis
1841 2203 2186 2293 gerendus
2260 2215 2412 2285 est,
2467 2204 2585 2274 sed
2642 2208 2770 2274 Deo

276 2293 457 2362 otius
504 2292 1147 2383 obtemperandum.
1211 2299 1308 2362 Ita
1357 2314 1517 2364 cum
1566 2314 1694 2382 erro
1740 2288 2032 2361 consilia
2082 2303 2302 2361 vestra
2350 2292 2552 2384 longe
2592 2315 2631 2362 a
2663 2315 2773 2362 sa·

259 2394 368 2450 ute
420 2403 567 2450 mea
615 2381 1005 2471 discrepare
1053 2381 1362 2461 videam,
1421 2380 1487 2449 id
1545 2349 1735 2449 vo‘his
1785 2380 1992 2480 plane
2039 2380 2377 2450 confirmo
2414 2437 2429 2462 ,
2478 2402 2586 2450 me
2638 2381 2770 2450 mi-

232 2470 416 2539 nime
465 2469 799 2540 facturam
849 2471 1029 2559 quod
1070 2471 1463 2540 hortamini.
1520 2474 1657 2559 Ego
1687 2490 1869 2538 enlm
1910 2468 2372 2559 virginitatem
2407 2491 2633 2540 meam
2685 2470 2773 2540 ab

231 2558 519 2627 infantia
568 2558 831 2627 Christo
880 2561 1292 2629 consecravi.
1349 2564 1490 2629 Non
1541 2581 1727 2649 erg0,
1786 2558 1879 2627 mi
1929 2572 2120 2649 pater
2152 2614 2166 2641 ,
2221 2559 2550 2645 cuiquam
2584 2613 2604 2640 ,
2665 2580 2773 2630 me

232 2646 475 2725 inscia,
531 2648 958 2736 despondere
1008 2672 1115 2718 me
1163 2648 1503 2728 debuisti,
1560 2646 1961 2737 praesertim
2013 2670 2174 2717 cum
2225 2647 2293 2716 id
2343 2648 2585 2717 aetatis
2624 2648 2772 2738 jam

228 2735 596 2826 attigerim,
651 2747 725 2805 ut
775 2736 1060 2825 possim,
1114 2736 1282 2824 quid
1334 2736 1420 2804 sit
1467 2758 1502 2804 e
1554 2758 1623 2804 re
1675 2758 1861 2815 mea,
1919 2735 2296 2824 pervidere.
2353 2737 2493 2806 Etsi
2541 2750 2771 2805 autem

227 2847 264 2893 a
315 2824 507 2895 vobis
564 2823 825 2894 dictum
891 2826 1032 2894 heri
1085 2837 1234 2905 est,
1292 2845 1491 2915 posse
1543 2846 1648 2892 me
1697 2836 1761 2892 et
1809 2824 2133 2914 conjugio
2200 2834 2266 2893 et
2317 2828 2447 2893 Deo
2501 2846 2768 2905 vacare,

227 2912 415 2981 mihi-
448 2925 627 2983 certe
675 2914 1181 3004 perabsurdum
1237 2913 1551 2989 videtur,
1605 2912 1856 3003 prioris
1903 2913 2165 3002 sponsi,
2221 2912 2288 2980 id
2339 2926 2464 2993 est,
2523 2912 2772 2985 Christi

228 3001 679 3092 redemptoris
730 3002 861 3070 mei
910 3002 1131 3072 amori
1176 3001 1552 3089 quemlibet
1602 3000 1987 3081 mortalem,
2029 3002 2479 3088 quantumvis
2530 3014 2772 3091 poten-

230 3100 387 3169 tem,
442 3100 876 3179 anteponere.
932 3095 1167 3177 ltaque
1217 3089 1388 3157 mihi
1440 3111 1723 3179 prorsus
1772 3090 2119 3159 decretum
2170 3102 2292 3171 est,
2349 3089 2597 3159 Christi
2663 3112 2771 3159 me

227 3177 593 3266 adjuvante
641 3179 882 3268 gratia,
938 3200 1321 3265 numquam
1372 3201 1413 3247 a
1460 3190 1698 3247 sancto
1740 3178 2086 3268 proposito
2134 3177 2517 3249 deflectere.
2561 3202 2596 3245 »
2649 3178 2771 3248 His

228 3265 454 3343 dictis,
512 3288 646 3335 non
699 3267 845 3336 sine
896 3280 1258 3356 parentum
1308 3266 1685 3336 offensione
1733 3265 2118 3337 discessum
2168 3279 2291 3337 est.

315 3356 350 3439 ξ
397 3358 489 3424 3.
542 3359 693 3422 Jam
748 3375 901 3423 vero
950 3355 1184 3424 aderat
1231 3354 1740 3443 sponsaliorum
1793 3354 1962 3433 dies,
2017 3366 2080 3423 et
2128 3354 2533 3425 Harduinus
2587 3355 2793 3425 ultra⁴

230 3441 509 3510 modum
564 3442 824 3531 nuptiis
874 3442 1153 3513 inhians
1191 3498 1205 3523 ,
1260 3464 1421 3511 eum
1494 3443 1712 3511 multa
1775 3444 2157 3512 amicorum
2210 3443 2414 3512 turba
2462 3443 2764 3514 advolat.

224 3535 427 3599 Porro
507 3531 879 3600 Humlinus
944 3531 1014 3599 in
1079 3553 1365 3621 magnas
1414 3531 1767 3619 conjectus
1816 3532 2196 3621 angustiaS,
2253 3531 2355 3599 vir
2410 3531 2591 3600 inem
2642 3531 2764 3601 ad-

226 3619 507 3688 modum
562 3619 1002 3689 reluctantem
1057 3642 1289 3688 secum
1343 3618 1625 3689 abducit
1671 3619 1755 3688 ad
1808 3619 2060 3698 locum,
2113 3620 2584 3689 contraiendo
2620 3643 2767 3690 ma-

227 3707 546 3777 trimonio
610 3706 1057 3779 destinatum.
1142 3707 1266 3776 Ubi
1332 3719 1672 3793 quantum
1733 3731 1804 3776 se
1852 3720 1917 3776 et
1964 3707 2168 3777 dietis
2215 3719 2280 3777 et
2329 3708 2527 3778 factis
2577 3709 2680 3777 vir
2731 3731 2769 3777 o

223 3796 638 3887 opposuerit,
696 3797 801 3866 vix
850 3797 1178 3897 explicari
1231 3796 1455 3865 verbis
1505 3796 1742 3885 possit.
1814 3796 1962 3864 Jam
2005 3797 2191 3865 enim
2253 3732 2768 3884 quodammodo

187 3886 692 3977 ‘praesentiens
760 3885 1122 3954 imminere
1189 3884 1319 3955 sibi
1378 3884 1705 3963 eaedem,
1774 3884 1871 3953 sic
1934 3907 2166 3954 coram
2229 3887 2558 3956 omnibus
2605 3908 2773 3955 con-

226 3986 482 4044 stanter
509 3986 572 4043 et
606 3973 943 4065 intrepide
995 3974 1220 4043 locuta
1259 3985 1384 4042 est:
1420 3973 1663 4041 «Video
1691 3994 1878 4054 sane,
1911 3985 1976 4042 et
2014 3973 2322 4054 admiror
2354 3996 2470 4044 vos
2499 3996 2766 4056 omneS‚

225 4063 388 4131 dum
441 4075 676 4132 contra
726 4085 936 4133 unam
992 4062 1234 4132 venitis
1284 4060 1612 4151 puellam,
1650 4060 1951 4130 laborem
2007 4062 2307 4132 multum
2359 4063 2614 4133 frustra
2652 4086 2772 4132 su·

223 4152 506 4242 scipere,
560 4164 625 4221 et
676 4173 957 4241 prorsus
1011 4150 1242 4219 inania
1291 4149 1552 4250 agitare
1599 4148 1913 4219 consilia.
1961 4154 2128 4219 Nam
2162 4151 2433 4223 etiamsi
2469 4150 2767 4221 Hardui-

226 4262 358 4309 nus
409 4240 475 4308 in
527 4241 858 4310 cervicem
911 4261 1132 4309 meam
1186 4239 1500 4329 gladium
1554 4237 1792 4319 vibret,
1839 4238 2105 4309 Christo
2154 4240 2475 4330 propitio,
2512 4241 2626 4309 cui
2665 4262 2775 4310 me

232 4341 362 4397 tota
409 4328 765 4398 devotione
811 4328 1152 4407 commisi,
1210 4348 1598 4415 numquam
1649 4348 1758 4396 me
1808 4349 2132 4417 sponsam
2179 4328 2480 4398 habebit.
2521 4352 2556 4395 »
2594 4334 2773 4398 Haec

228 4438 387 4487 cum
460 4416 578 4487 illa
647 4416 953 4497 dixisset,
1035 4416 1192 4489 aliis
1238 4416 1326 4486 ad
1399 4437 1525 4486 sua
1574 4415 2117 4499 revertentibu8‚
2181 4417 2265 4488 ad
2333 4430 2654 4508 paternas
2701 4438 2773 4487 se
