3327 4999
687 269 818 336 7t0
1396 284 1475 332 nn
1522 284 1579 331 S.
1633 282 1903 331 manino
1952 281 2345 332 ransarrssao
2666 264 2773 330 Ex
2817 263 3016 331 NOV.
3089 265 3184 329 ⁴2

596 366 713 437 sed
785 365 871 434 de
990 363 1252 434 roximo
1336 362 1555 433 instar
1619 362 1939 434 torrentis
2007 361 2435 453 rapidissimi
2507 374 3003 452 properantem
3075 361 3176 431 ad

595 453 915 524 emollien
972 475 1080 522 am
1131 450 1289 521 duri
1336 451 1565 521 cordis
1604 452 1808 520 vestri
1841 451 2284 530 ferocitatem,
2323 459 2387 519 et
2408 450 3019 539 comprimendam
3063 451 3178 519 ri·

594 543 796 632 gidae
856 540 1139 612 cervicis
1186 540 1723 609 contumaciam.
1763 540 1892 623 Qui
1943 539 2326 609 vehementi
2376 539 2639 628 impetu
2689 549 2991 608 vestram
3030 562 3178 629 ag-

645 632 914 701 rediens
946 631 1319 719 regionem,
1359 627 1613 719 gladi0,
1648 629 1980 710 vastitate,
2020 627 2342 697 incendio
2370 638 2436 696 et
2460 627 2866 697 exterminio
2892 642 3180 696 cuncta

642 719 1151 810 epopulabitur,
1190 729 1254 786 et
1284 729 1360 786 ut
1410 717 1655 785 vindex
1706 717 1846 786 irae
1896 717 2035 798 Dei,
2075 738 2280 804 quem
2332 736 2603 804 semper
2647 715 3169 796 exacerbastis,

597 830 712 877 vos
752 807 1034 895 quidem
1068 805 1317 896 partim
1369 826 1702 875 mucrone
1751 805 2146 885 concidens,
2203 804 2513 895 perimet,
2548 804 2799 894 partim
2849 812 3177 894 egestate

596 898 939 964 tabescere
1002 894 1224 975 faciet,
1282 894 1530 982 partim
1586 894 1900 984 perpetui
1949 894 2135 963 exilii
2177 914 2486 962 moerore
2532 894 2920 963 consumet.
2982 898 3172 963 Con-

586 985 793 1074 juges
841 994 1212 1053 vestrasac
1241 981 1492 1052 liberos
1527 983 1782 1072 passim
1817 983 1899 1051 ad
1940 982 2378 1052 serviendum
2411 981 2801 1062 distribuet,
2838 993 2906 1051 et
2936 982 2998 1050 si
3031 982 3167 1068 qui

598 1071 856 1141 residui
904 1071 1182 1152 fuerint,
1258 1071 1759 1161 ignominiosos
1809 1092 1933 1141 suo
1982 1070 2290 1139 dominio
2341 1069 2767 1158 subjugabit,
2821 1081 2900 1139 ut
2949 1081 3020 1139 et
3071 1070 3164 1139 de

598 1161 790 1230 vobis
837 1159 1257 1249 jamdudum
1300 1161 1459 1249 jure
1510 1159 1937 1249 praedictum
1989 1158 2205 1227 videri
2263 1157 2515 1248 possit:
2570 1163 2647 1226 Et
2715 1159 2922 1247 pauci
2991 1158 3164 1228 sacti

598 1262 782 1331 sunt,
820 1261 884 1318 et
918 1246 1138 1317 vexati
1187 1259 1348 1319 sunt
1394 1270 1431 1316 a
1468 1246 1913 1318 tribulatione
1962 1247 2303 1316 malorum
2353 1259 2417 1316 et
2457 1245 2766 1316 dolore.»

685 1340 722 1425 ξ
786 1341 933 1409 13.
987 1336 1174 1405 Talia
1222 1336 1417 1406 beato
1448 1337 1593 1405 viro
1635 1335 2020 1426 prophetali
2048 1335 2296 1426 spiritu
2329 1346 2807 1435 praeconante,
2846 1334 2953 1404 illi
2988 1335 3157 1406 dae-

599 1426 914 1495 moniaco
945 1425 1357 1495 bacchantes
1405 1447 1438 1494 s
1495 1425 1681 1505 iritu,
1728 1424 1913 1514 pleni
1961 1424 2215 1494 furoris
2243 1424 2670 1505 etinsaniae,
2706 1436 3157 1515 perstrepunt

595 1514 907 1601 undique
952 1513 1252 1583 clamore
1299 1535 1423 1582 con
1460 1527 1621 1582 uso:
1679 1518 1819 1581 «En
1851 1534 2008 1582 ecce
2033 1512 2224 1582 adest
2250 1511 2569 1581 seductor
2601 1512 2741 1592 ille,
2787 1534 3150 1600 sacrorum

600 1614 987 1673 nostrorum
1023 1615 1086 1671 et
1115 1602 1320 1672 totius
1353 1601 1682 1670 inimicus
1710 1601 1992 1691 patriae:
2029 1622 2329 1687 aequum
2357 1612 2481 1680 est,
2518 1612 2595 1670 ut
2622 1600 2892 1670 debitas
2917 1612 3155 1671 sumat

599 1713 724 1760 suo
747 1690 1086 1779 sanguine
1114 1711 1439 1779 poenas.»
1462 1695 1633 1759 Turn
1662 1711 1818 1759 vero
1844 1711 1921 1758 ex
1943 1689 2273 1779 proximis
2298 1689 2584 1777 sepibus
2612 1689 2805 1779 palos
2837 1689 3146 1779 rapiunt,

597 1779 1087 1849 detruncantet
1113 1789 1476 1858 exacuunt,
1495 1789 1571 1847 ut
1600 1777 1804 1846 veluti
1838 1777 2084 1847 assolet
2108 1777 2257 1847 fieri
2282 1776 2656 1867 lapidibuS‚
2685 1777 2785 1846 sic
2810 1797 2975 1846 eum
3010 1777 3149 1846 illis

599 1868 896 1938 sudibus
924 1870 1357 1957 perimerent.
1396 1865 1522 1936 Sed
1566 1865 1798 1935 ⁴taliter
1843 1866 2315 1937 inardescente
2351 1865 2681 1934 adversus
2720 1865 2945 1935 virum
2992 1887 3149 1935 san—

599 1969 786 2026 ctum
837 1955 1068 2025 furore
1126 1954 1708 2044 malignantium,
1777 1959 1954 2024 Deus
2020 1977 2306 2025 suorum
2369 1965 2709 2044 protector
2769 1953 3136 2033 fidelium,

603 2044 891 2133 protexit
939 2043 1137 2112 illum
1188 2043 1319 2112 sub
1367 2042 1747 2112 velamento
1796 2042 2062 2112 alarum
2101 2065 2412 2113 suarum.
2453 2043 2758 2129 Denique
2784 2042 2964 2113 sicut
2994 2043 3144 2132 ipse

601 2133 935 2206 Dominus
980 2137 1182 2202 Jesus
1229 2131 1393 2200 olim
1445 2154 1485 2200 a
1534 2130 1818 2221 perfidis
1876 2130 2168 2200 Judaeis
2232 2131 2318 2200 ad
2383 2130 2837 2221 supercilium
2889 2131 3146 2201 montis

599 2220 681 2290 ad
720 2218 1319 2320 praecipitandum
1354 2220 1751 2309 perductuS,
1788 2241 1953 2289 suae
1981 2219 2251 2288 virtutis
2281 2220 2582 2307 potentia
2619 2219 2989 2301 transiens,
3025 2241 3147 2309 per

601 2308 905 2377 medium
957 2308 1232 2378 illorum
1285 2308 1428 2378 ibat
1475 2308 1797 2378 illaesus:
1852 2307 1949 2376 sic
1979 2319 2043 2376 et
2070 2308 2195 2375 iste
2241 2306 2550 2377 famulus
2598 2331 2796 2390 suuS,
2829 2308 3139 2398 ejusdem

602 2396 870 2466 Domini
922 2396 1028 2466 sui
1082 2397 1468 2466 munimine
1505 2396 2032 2486 circumseptus,
2074 2417 2195 2485 per
2239 2395 2546 2465 medium
2609 2417 2684 2465 se
2735 2418 2981 2467 necare
3025 2419 3144 2468 cu-

602 2486 937 2575 pientium
989 2497 1052 2555 et
1101 2485 1247 2576 ipse
1288 2485 1559 2556 transiit
1606 2485 1929 2557 intactus.
1971 2489 2154 2554 Inter
2201 2483 2389 2575 ipsos
2420 2495 2646 2556 tamen
2682 2485 2968 2572 quidam
2995 2483 3139 2554 fue-

602 2588 754 2644 rant
803 2597 1008 2644 sanae
1059 2575 1328 2655 mentiS,
1382 2597 1678 2662 quorum
1728 2573 1934 2643 corda
1986 2579 2162 2643 Deus
2211 2573 2542 2663 tetigerat,
2599 2576 2721 2661 qui
2772 2574 2939 2644 baec
2999 2572 3144 2643 sieri

603 2664 671 2731 in
724 2675 1035 2732 sanctum
1090 2664 1200 2731 Dei
1255 2663 1676 2732 omnimodis
1726 2663 2204 2752 prohibebant.
2260 2666 2566 2744 Quorum
2627 2684 2815 2732 unus
2862 2663 3144 2732 caeteris

604 2752 1015 2830 honoratior,
1065 2752 1343 2820 nornine
1390 2757 1581 2831 But0,
1639 2763 1828 2821 stans
1863 2751 1930 2819 in
1981 2750 2420 2819 eminentiori
2461 2749 2633 2830 locO,
2674 2751 2769 2820 ita
2819 2762 3143 2840 protesta-

602 2854 711 2909 tus
740 2852 839 2907 est
870 2862 883 2905 :
939 2844 1032 2908 «O
1070 2839 1194 2907 viri
1233 2840 1657 2926 quicumque
1688 2838 1942 2907 adestis
1981 2838 2265 2918 cordati,
2292 2838 2584 2908 auribus
2617 2839 2947 2930 percipite
2971 2861 3145 2926 quae

601 2950 753 2997 sum
807 2928 1145 2997 dicturus.
1214 2932 1625 3014 Frequenter
1691 2926 1775 2995 ad
1830 2948 1954 2997 nos
2001 2926 2465 3013 quarumdam
2529 2928 2840 3016 gentium
2877 2983 2893 3008 ,
2948 2933 3138 2998 Nort-

601 3038 1043 3095 mannorum,
1100 3015 1494 3084 sclavorum
1545 3038 1622 3085 ac
1659 3015 2016 3086 Frisonutn
2071 3027 2405 3084 venerunt
2453 3014 2681 3116 legati,
2734 3038 2909 3103 quos
2958 3039 3145 3087 more

600 3104 798 3172 solito
846 3125 1004 3172 cum
1042 3125 1208 3193 pace
1259 3102 1718 3192 suscepimuS‚
1767 3103 1970 3172 verba
2020 3103 2382 3194 legationis
2421 3103 2787 3194 diligenter
2837 3106 3144 3174 tractavi-

603 3214 780 3271 num,
835 3205 899 3259 et
948 3191 1321 3260 honorilice
1369 3202 1608 3261 auctos
1657 3192 2070 3261 muneribus
2135 3192 2219 3261 ad
2275 3192 2551 3282 propria
2603 3193 3025 3263 remisimus
3071 3200 3145 3263 Et

598 3302 754 3348 ecce
804 3301 989 3347 nunc
1042 3279 1307 3379 legatus
1356 3280 1610 3349 summi
1667 3282 1805 3362 Dei,
1859 3280 2172 3349 deserens
2224 3281 2422 3352 nobis
2472 3280 2799 3350 mandata
2849 3282 3023 3350 vitae
3067 3305 3143 3351 ac

602 3381 869 3438 nostrae
936 3368 1225 3449 salutis,
1292 3390 1426 3438 non
1478 3368 1704 3439 solum
1756 3383 2031 3460 spretus
2087 3380 2152 3438 et
2198 3380 2466 3439 contem
2526 3382 2635 3438 tus
2691 3381 2795 3438 est
2840 3371 3134 3450 anobis,

601 3457 715 3525 sed
768 3457 969 3526 etiam
1025 3457 1398 3529 insectatus
1447 3457 1759 3547 injuriis,
1825 3481 1905 3527 ac
1957 3479 2128 3546 pene
2186 3457 2400 3527 subiit
2498 3457 2825 3527 iscrirnen
2878 3460 3136 3531 mortis.

600 3552 816 3628 Quam
870 3567 1023 3614 vero
1074 3546 1161 3615 sit
1196 3559 1436 3635 potens
1475 3548 1597 3632 qui
1628 3546 1830 3616 illum
1866 3545 2253 3627 destinavit,
2288 3555 2600 3635 patenter
2630 3546 2953 3627 ostendit,
2985 3570 3141 3625 cum

599 3636 682 3703 de
723 3635 1047 3705 manibus
1096 3635 1348 3705 nostris
1396 3658 1554 3704 eum
1588 3648 1728 3704 tam
1760 3648 2068 3735 potenter
2104 3646 2170 3703 et
2194 3633 2604 3704 mirabiliter
2634 3634 2912 3725 eripuit.
2951 3636 3144 3706 Unde

597 3737 661 3792 et
719 3745 796 3791 ea
854 3746 1031 3809 quae
1077 3723 1570 3793 comminando
1621 3723 1813 3792 vob1s
1868 3723 2332 3814 prophetavit,
2389 3722 2624 3792 futura
2672 3724 2816 3793 sive
2864 3737 3143 3793 ventura

600 3812 1057 3901 proculdubio
1096 3812 1540 3901 experiemini
1577 3810 1876 3881 nimium
1916 3833 2094 3891 vera,
2134 3811 2302 3879 dum
2339 3832 2416 3880 ea
2442 3811 2711 3900 judicio
2747 3812 2856 3880 Dei
2887 3813 2999 3882 sui
3028 3813 3141 3900 qui

598 3914 733 3968 tam
776 3912 1012 3989 potens
1059 3912 1183 3979 est,
1241 3901 1439 3970 nobis
1486 3900 1743 3968 fuerint
1777 3900 2038 3970 illata.»
2070 3897 2566 3987 Huiuscemodi
2608 3900 3135 3990 redargutionis,

597 4012 676 4057 ac
728 3988 954 4075 potius
994 3989 1272 4057 terroris
1312 3988 1752 4058 sermonibus
1784 3989 2145 4079 perculsus
2172 3988 2690 4074 aliquantulum
2721 4002 2823 4058 est
2848 3988 3141 4058 imman-

600 4088 838 4146 suetus
885 4097 1121 4145 eorum
1187 4077 1489 4157 animm,
1540 4090 1605 4146 et
1650 4078 2010 4148 communi
2059 4075 2508 4153 decreverunt
2547 4099 2918 4157 consensu,
2976 4100 3061 4147 ne
3104 4101 3139 4147 a

598 4187 945 4250 quoquam
1001 4164 1092 4233 im
1150 4177 1445 4234 eteretur
1475 4165 1586 4233 illo
1622 4166 1736 4235 Dei
1768 4166 2111 4235 nuncius:
2167 4164 2284 4235 sed
2320 4188 2763 4253 quocumque
2794 4165 2992 4237 vellet
3020 4166 3130 4248 ire,

602 4256 863 4339 absque
913 4251 1056 4323 ulla
1131 4253 1405 4323 aesione
1456 4266 1764 4343 pergeret
1798 4276 2107 4325 securus.
2501 4330 2506 4337 ,

692 4344 726 4427 ξ
786 4347 927 4414 14.
984 4346 1275 4411 Sanctus
1322 4342 1535 4432 igitur
1584 4342 1959 4430 Lebuinus,
1995 4344 2082 4413 ab
2111 4342 2558 4415 insectatione
2609 4343 3134 4433 malignantium
