3327 4999
682 342 807 408 404
1365 358 1445 405 m:
1493 353 1945 415 QUAnnAomrA
1992 357 2393 405 narramus
2770 338 3013 405 MART.
3068 340 3141 405 lo

587 439 711 527 qui
750 437 1022 529 hyemis
1053 437 1371 510 horrores
1409 437 1572 508 estis
1600 435 1887 527 experti,
1922 438 2109 525 quod
2158 438 2246 507 sit
2278 459 2499 529 genus
2532 436 2664 507 hoc
2694 457 2978 527 poenae.
3010 442 3143 507 Non

587 528 775 598 enim
824 548 1028 598 nosse
1083 525 1275 608 licet,
1337 526 1475 596 nisi
1525 525 1611 596 iis
1659 526 1782 612 qui
1830 525 2166 616 exemplis
2213 525 2565 596 similibus
2612 525 3005 616 periculum
3055 525 3145 594 fe-

586 628 856 686 cerunt.
911 620 1172 705 Corpus
1218 613 1570 705 imprimis
1617 612 1874 704 frigore
1983 625 2355 684 rostratam
2389 669 2404 695 ,
2459 615 2771 704 primum
2820 615 2892 683 in
2942 612 3149 704 pallo·

585 726 732 774 rem
783 717 1102 774 concreto
1150 703 1493 794 sanguine
1540 701 1860 772 vertitur:
1954 703 2156 772 einde
2215 703 2536 773 turbatur
2579 716 2646 773 et
2683 703 2934 783 fremit,
2991 701 3147 771 den-

586 805 687 864 tes
732 792 1086 873 frendunt,
1127 813 1339 861 venae
1369 791 1904 872 contrahuntur,
1963 791 2271 878 adeoque
2317 803 2383 861 et
2426 802 2646 861 totum
2696 812 2950 882 corpus
2995 812 3149 860 con·

586 881 976 974 stringitur.
1032 880 1234 950 Dolor
1300 880 1592 970 insuper
1649 879 1939 967 quidam
2008 892 2259 950 acutus
2305 890 2372 968 et
2420 879 2616 949 labor
2662 878 3146 949 inenarrabilis

587 992 712 1061 per
759 968 1104 1039 medullas
1200 981 1543 1049 enetrans,
1597 967 2106 1039 intolerabilem
2153 967 2317 1037 facit
2363 967 2465 1038 sic
2515 967 2771 1060 frigore
2818 967 3149 1038 concretis

588 1059 921 1129 dolorem.
975 1058 1142 1127 Dein
1195 1080 1233 1127 e
1281 1059 1351 1127 in
1404 1068 1688 1128 acutum
1740 1055 1981 1139 tendit,
2033 1067 2111 1127 ut
2143 1057 2231 1126 ab
2280 1057 2301 1124 i
2357 1077 2441 1126 ne
2490 1079 2649 1127 cum
2707 1078 2988 1127 summa
3015 1076 3150 1124 cre-

589 1157 894 1217 mantur.
929 1146 1024 1215 Ab
1073 1147 1397 1217 extremis
1427 1167 1731 1234 namque
1764 1167 1884 1215 cor
1935 1146 2076 1215 oris
2124 1146 2304 1236 parti
2357 1167 2441 1215 us
2472 1167 2907 1232 consequens
2955 1165 3150 1235 vapor

587 1247 654 1306 et
699 1235 787 1305 ad
839 1236 1167 1322 interiora
1214 1258 1295 1305 ac
1342 1233 1686 1325 penitiora
1732 1257 1861 1305 con
1897 1259 1940 1304 u
1997 1235 2168 1315 ienS,
2222 1233 2565 1321 quaedam
2614 1234 2804 1303 unde
2864 1233 3145 1313 absistit,

583 1334 859 1395 mortua
888 1324 1259 1411 relinquit:
1304 1324 1646 1393 nonnulla
1692 1344 1850 1392 vero
1898 1345 1939 1392 a
2034 1344 2215 1410 quae
2246 1320 2484 1403 tendit,
2522 1321 2886 1392 doloribus
2936 1320 3142 1390 afficit

587 1425 808 1484 morte
838 1413 1178 1504 paulatim
1277 1412 1662 1482 rocedente,
1718 1413 1942 1502 Igitur
1989 1410 2210 1480 sancti
2261 1410 2377 1480 Dei
2426 1411 2559 1480 sub
2594 1410 2708 1480 dio
2756 1422 3151 1511 pernoctare

583 1501 658 1571 in
692 1513 935 1592 stagno
980 1501 1016 1536 ¹*
1062 1434 1366 1590 quoAEam
1407 1501 1592 1591 jussi
1635 1510 1799 1571 sunt
1837 1499 2023 1586 quod
2064 1521 2189 1590 pro
2236 1499 2605 1571 moenibus
2640 1499 2941 1569 civitatis
2970 1509 3143 1569 erat:

586 1611 669 1659 ac
717 1611 839 1681 per
878 1591 1203 1660 brumam
1269 1590 1362 1660 ita
1412 1588 1635 1680 glacie
1682 1600 2084 1658 concretum
2145 1587 2563 1678 apparebat,
2632 1599 2711 1657 ut
2758 1589 2975 1674 equis·
3012 1609 3152 1677 per-

585 1678 774 1747 vium
823 1690 890 1747 et
935 1677 1329 1748 accolarum
1368 1677 1666 1769 pedibus
1715 1676 1955 1746 tritum
1992 1689 2192 1746 esset:
2232 1698 2453 1763 aquae
2495 1698 2653 1746 vero
2704 1677 2992 1747 solitum
3029 1696 3151 1744 non

587 1767 966 1836 retinerent
1013 1789 1326 1847 cursum,
1371 1786 1756 1852 earumque
1805 1774 2055 1834 natura
2095 1763 2371 1834 mollior
2417 1764 2487 1832 in
2529 1764 2785 1855 lapidis
2834 1764 3153 1834 duritiem

590 1866 1085 1925 concresceret.
1141 1859 1390 1923 Boreae
1439 1875 1744 1940 namque
1792 1852 2176 1923 mordentis
2225 1852 2539 1944 spiritus,
2596 1854 2993 1924 animantia
3019 1874 3153 1922 om-

588 1944 708 2013 nia
746 1944 947 2034 juxta
980 1942 1324 2013 versantia
1355 1942 1822 2012 interimebat.

675 2034 713 2119 §
771 2035 850 2103 ⁸2.
904 2032 1031 2102 Hic
1078 2032 1348 2118 itaque,
1401 2030 1640 2101 audito
1706 2029 2178 2100 damnationis
2217 2031 2469 2120 jussu,
2526 2042 2866 2120 martyres
2941 2029 3155 2101 consi-

589 2118 823 2190 derate
888 2133 1150 2208 quanta
1213 2119 1403 2190 fuere
1476 2118 1910 2189 constantia:
1964 2119 2086 2205 qui
2149 2118 2298 2188 loco
2362 2141 2521 2188 cum
2581 2141 2856 2191 summa
2907 2118 3156 2189 laetitia

587 2221 980 2300 conspecto,
1026 2209 1356 2278 ultimum
1406 2207 1744 2277 nuditatis
1804 2205 2140 2277 amictum
2189 2208 2509 2278 alacriter
2557 2207 2988 2295 rejicienteS,
3046 2229 3153 2298 per

585 2294 813 2384 frigus
861 2297 949 2368 ad
1027 2308 1317 2368 mortem
1379 2307 1878 2387 properarunt:
1933 2316 2072 2364 non
2139 2308 2495 2382 tamquam
2545 2296 2631 2365 ad
2696 2296 3145 2386 supplicium,

589 2384 710 2455 sed
743 2385 830 2454 ad
881 2385 1387 2475 gloriosissima
1448 2384 1673 2474 spolia
1719 2383 2100 2473 rapienda,
2171 2407 2243 2455 se
2290 2385 2585 2453 invicem
2637 2384 2985 2454 hortando
3055 2384 3160 2453 de-

587 2473 1016 2546 scendentes.
1072 2479 1256 2545 «Non
1294 2473 1509 2554 enim,
1566 2472 1917 2560 inquiunt,
1956 2472 2290 2555 amictum
2330 2473 2675 2555 exuimuS,
2711 2472 2828 2545 sed
2865 2485 3154 2545 veterem

585 2561 985 2644 hominem,
1054 2585 1279 2632 concu
1334 2562 1660 2633 iscentiae
1730 2561 2135 2652 deceptione
2204 2574 2659 2655 corruptum,
2713 2561 3151 2654 deponimus,

588 2651 856 2722 Gratias
902 2652 1180 2742 agimus
1231 2650 1275 2719 ti
1332 2650 1378 2731 i,
1435 2650 1746 2732 Domine,
1790 2650 1976 2737 quod
2002 2670 2166 2720 cum
2200 2650 2329 2721 isto
2369 2650 2630 2721 amictu
2665 2650 2874 2719 simul
2911 2664 2979 2721 et
3011 2671 3157 2742 pec-

587 2751 820 2809 catum
868 2761 1118 2809 exuere
1168 2738 1363 2807 licet:
1416 2739 1748 2825 quoniam
1797 2739 1885 2807 ob
1934 2750 2349 2829 serpentem,
2403 2760 2564 2809 eum
2627 2739 3041 2811 induimus:
3075 2738 3152 2807 ob

588 2827 936 2896 Christum
984 2848 1184 2907 vem,
1246 2825 1592 2896 exuimus,
1648 2826 2153 2914 Relinquamus
2228 2829 2417 2897 hunc
2491 2828 2825 2897 amictum
2880 2839 3154 2918 propter

585 2914 995 3005 paradisum
1029 2936 1239 3001 quem
1291 2915 1843 3005 perdideramus,
1898 2921 2083 2998 Quas
2126 2916 2417 2986 Domino
2463 2916 2584 3002 qui
2634 2938 2761 3006 pro
2810 2916 3021 2986 nobis
3067 2924 3156 2985 est

589 3002 950 3091 spoliatUS‚
1010 3002 1263 3094 dignas
1311 3004 1569 3095 gratias
1617 3003 2036 3074 reddemus?
2083 3003 2260 3086 Quid
2303 3026 2639 3094 magnum
2696 3026 2936 3083 servo,
2984 3006 3043 3075 si
3088 3023 3160 3071 ea

587 3112 765 3178 quae
801 3112 1049 3181 passus
1082 3103 1185 3162 est
1231 3092 1591 3174 Dominus,
1649 3092 1933 3163 subeat?
1974 3096 2107 3162 Nos
2145 3115 2398 3162 causae
2446 3115 2719 3174 sumuS,
2773 3103 2851 3162 ut
2904 3093 3011 3163 illi
3054 3113 3154 3160 ve·

589 3179 714 3250 stis
762 3178 1274 3249 detraheretur:
1341 3180 1544 3268 longe
1592 3182 1817 3271 magis
1864 3201 2075 3268 quam
2127 3180 2432 3250 militum
2481 3180 2775 3251 audacia
2879 3182 2961 3251 ui
3008 3201 3151 3250 eam

589 3266 943 3368 diripuere
989 3290 1071 3337 ac
1105 3267 1326 3338 sortiti
1361 3279 1548 3338 sunt.
1603 3274 1869 3339 Durum
1922 3267 2220 3358 profecto
2285 3268 2532 3360 frigus,
2588 3269 2703 3339 sed
2756 3202 2992 3341 dtilcis
3042 3290 3153 3360 pa-

586 3355 889 3425 radisus,
945 3356 1266 3448 Affligens
1362 3356 1594 3439 lacieS,
1650 3357 1770 3427 sed
1819 3356 2248 3426 delectabilis
2277 3359 2575 3445 requies,
2608 3358 2804 3427 Brevi
2852 3370 3155 3449 tempore

589 3443 970 3528 duranteS,
1025 3444 1225 3514 sinus
1271 3449 1320 3514 Α
1373 3445 1614 3515 raham
1666 3465 1794 3515 nos
1859 3458 2192 3537 perpetuo
2261 3444 2536 3516 fovebit.
2604 3450 2829 3515 Unam
2890 3458 3158 3517 noctem

588 3554 752 3602 cum
786 3554 951 3603 aevo
997 3533 1420 3624 sempiterno
1468 3533 2084 3604 commutabimus,
2138 3534 2560 3605 Incendatur
2597 3533 2853 3625 frigore
2887 3556 3038 3625 pes,
3090 3542 3159 3602 ut

590 3642 754 3689 cum
802 3620 1074 3712 angelis
1119 3622 1451 3692 continuo
1499 3620 1721 3692 saltet.
1777 3627 2144 3714 Torpescat
2191 3621 2447 3714 frigore
2494 3643 2773 3703 manuS‚
2813 3633 2894 3693 ut
2942 3619 3157 3691 facul·

592 3718 797 3777 tatem
850 3709 1101 3780 habeat
1128 3710 1203 3779 in
1253 3715 1465 3780 Deum
1515 3709 1897 3779 attollendi.
1952 3716 2129 3793 Quot
2166 3711 2356 3780 enim
2387 3712 2606 3782 nostri
2647 3710 3157 3781 commilitones

587 3796 1014 3880 ceciderunt,
1068 3798 1278 3868 fidem
1329 3797 1605 3868 mortali
1651 3798 1801 3890 regi
1849 3803 2243 3869 servantes?
2272 3805 2405 3870 Nos
2454 3821 2579 3889 pro
2629 3798 2765 3868 fide
2797 3799 2869 3867 in
2920 3818 3157 3869 verum

586 3888 804 3955 Deum
855 3886 1193 3958 servanda
1241 3887 1422 3956 hanc
1470 3886 1680 3955 vitam
1724 3908 1859 3957 non
1897 3887 2398 3979 projiciemus?
2444 3892 2620 3971 Quot
2654 3888 2818 3957 item
2863 3883 3158 3956 malefici

591 3972 914 4044 homines
962 3985 1255 4045 mortem
1306 3974 1614 4045 tulerunt
1660 3975 1731 4045 in
1811 3975 2067 4046 scelere
2135 3975 2601 4067 deprehensi?
2646 3981 2781 4046 Nos
2828 3997 2991 4046 vero
3039 3993 3157 4065 pro

593 4060 872 4131 ‘ustitia
903 4074 1196 4134 mortem
1247 4084 1383 4132 non
1452 4064 1884 4136 subeamus?
1928 4070 2021 4136 Ne
2067 4063 2353 4135 obsecro
2400 4064 2910 4135 commilitones
2948 4062 3160 4133 emol-

618 4149 870 4251 iamur,
923 4172 1063 4222 neu
1111 4161 1301 4241 terga
1348 4150 1626 4223 diabolo
1673 4153 1946 4224 demus,
2006 4152 2299 4235 Quando
2345 4152 2559 4224 semel
2609 4152 2788 4223 mori
2836 4162 3150 4243 oportet,

591 4259 977 4308 moriamur
1063 4250 1143 4309 ut
1208 4239 1546 4312 vivamus,
1643 4241 1790 4311 Fiat
1853 4240 2279 4313 sacrificium
2372 4253 2688 4313 nostrum
2786 4260 3023 4311 coram
3097 4250 3156 4306 te

642 4380 671 4408 ¹·
698 4379 806 4421 Non
832 4380 971 4430 aqui·
997 4379 1210 4421 immersi
1236 4382 1308 4431 (ut
1334 4382 1387 4424 tn
1414 4383 1740 4434 metaphraste
1767 4383 1976 4435 legitur),
2008 4384 2093 4426 sod
2112 4393 2258 4436 super
2277 4384 2498 4437 stagnum
2520 4386 2630 4436 gelu
2647 4384 2943 4426 validissimo
2963 4378 3159 4424 constri-

588 4432 736 4482 ctum,
752 4434 809 4476 ut
824 4434 963 4475 notat
980 4433 1058 4476 hio
1079 4434 1377 4479 Butuntum.

3242 2552 3249 2663 l
