3327 4999
621 322 754 388 426
1374 339 1453 385 nn
1501 338 1557 385 s.
1611 334 1956 385 annumero
2002 335 2244 383 Annam
2691 316 2939 381 MART.
2994 316 3077 381 2!

532 441 741 506 quem
791 415 1238 498 abscondisti,
1275 417 1513 486 bibas:
1544 416 1661 486 sed
1702 416 1959 485 inclina
2007 415 2204 483 illum
2228 422 2426 483 caute
2454 423 2519 482 et
2567 412 2878 483 invenies
2917 412 3094 499 quid

534 508 726 578 intus
766 506 1041 575 habet.»
1076 505 1208 587 Qui
1254 504 1589 574 confusus
1634 504 1854 584 valde,
1908 527 1948 572 a
1979 503 2092 572 Dei
2143 502 2422 571 homine
2468 501 2693 569 exivit.
2735 506 2813 569 Et
2865 522 3100 570 rever·

539 617 684 673 sus,
725 595 959 663 volens
1006 593 1237 661 adhuc
1296 593 1585 681 probare
1631 592 1816 679 quod
1867 591 2200 671 audierat,
2254 611 2416 658 cum
2464 590 2834 658 flasconem
2892 588 3100 657 incli-

539 697 790 762 nasset,
829 682 914 750 de
960 703 1038 749 eo
1075 681 1390 770 protinus
1436 700 1721 769 serpens
1767 700 2085 780 egressus
2132 689 2257 747 est.
2302 683 2492 746 Tunc
2542 676 2937 766 praedictus
2966 680 3096 745 Ex-

532 770 874 925 pssiffalus
913 789 1086 857 puer
1120 789 1241 858 per
1274 769 1400 838 hoc
1431 768 1614 854 quod
1659 768 1728 836 in
1763 789 1938 857 ,vino
1968 766 2240 857 reperit,
2275 765 2547 854 expavit
2580 764 2842 833 malum
2897 763 3084 850 quod

565 872 720 929 ecit.
2905 908 2912 915 .

624 947 660 1030 ξ
712 947 870 1016 ²⁴.
925 948 1063 1011 Non
1118 942 1321 1033 longe
1359 954 1585 1012 autem
1636 965 1678 1012 a
1726 942 2141 1011 monasterio
2187 941 2383 1010 vicus
2429 950 2596 1019 erat,
2654 940 2724 1008 in
2774 961 2912 1027 quo
2948 961 3086 1008 non

533 1031 827 1100 minima
875 1030 1249 1100 multitudo
1298 1032 1661 1099 hominum
1727 1031 1812 1099 ad
1866 1030 2072 1099 iidem
2132 1030 2245 1098 Dei
2293 1029 2380 1098 ab
2428 1028 2774 1097 idolorum
2836 1027 3082 1109 cultu,

532 1119 878 1188 Benedicti
913 1118 1135 1187 suerat
1179 1118 1645 1187 exhortatione
1676 1140 2027 1187 conversa.
2082 1118 2185 1187 Ibi
2223 1138 2500 1203 quoque
2541 1116 2880 1202 quaedam
2934 1137 3092 1184 san-

532 1206 967 1277 ctimoniales
1013 1205 1352 1274 foeminae
1401 1208 1673 1274 inerant
1717 1218 1783 1274 et
1828 1206 2068 1274 crebro
2118 1206 2296 1274 istuc
2345 1226 2467 1293 pro
2513 1202 2959 1273 exhortandis
3015 1226 3092 1272 a-

532 1294 861 1364 nimabus
921 1294 1162 1363 fratres
1223 1315 1386 1363 suos
1435 1294 1703 1362 mittere
1776 1293 2186 1362 Benedictus
2237 1292 2348 1360 Dei
2398 1291 2704 1362 famulus
2768 1292 3084 1360 curabat.

534 1383 845 1464 Quadam
883 1402 1040 1450 vero
1074 1381 1187 1449 die
1234 1381 1423 1449 misit
1469 1403 1549 1450 ex
1611 1403 1835 1451 more:
1890 1381 2009 1450 sed
2062 1381 2118 1449 is
2164 1381 2286 1467 qui
2336 1380 2595 1448 missus
2641 1379 2886 1459 fuerat,
2942 1400 3094 1446 mo-

535 1470 827 1553 nachus,
883 1480 1036 1559 post
1082 1468 1629 1537 admonitionem
1670 1469 1944 1547 factam,
1984 1490 2025 1536 a
2073 1467 2720 1538 sanctimonialibus
2769 1466 3094 1535 foeminis

533 1569 815 1646 rogatus
883 1555 1252 1645 mappulas
1299 1557 1608 1646 accepit,
1663 1557 1934 1641 sibique
1995 1577 2112 1625 eas
2175 1555 2538 1625 abscondit
2586 1554 2655 1622 in
2716 1555 2902 1622 sinu.
2957 1553 3130 1635 Qui-

533 1666 689 1714 mox
738 1658 814 1714 ut
861 1658 1175 1714 reversus
1221 1656 1344 1722 est,
1398 1665 1560 1713 eum
1629 1644 1730 1712 vir
1780 1645 1892 1712 Dei
1951 1643 2553 1712 vehementissima
2614 1641 3090 1710 amaritudine

514 1734 754 1821 ‘coepit
801 1733 1178 1822 increpare,
1212 1732 1493 1800 dicens:
1533 1731 1931 1812 «Quomodo
1978 1732 2290 1821 ingressa
2338 1742 2439 1798 est
2489 1729 2819 1815 iniquitas
2868 1729 2939 1797 in
2992 1728 3092 1797 si-

533 1842 703 1890 num
758 1832 954 1903 tuum
976 1820 1045 1885 P»
1078 1825 1151 1887 At
1186 1819 1301 1887 ille
1347 1819 1707 1907 obstupuit
1757 1831 1823 1887 et
1868 1818 2036 1905 quid
2067 1843 2100 1885 e
2156 1820 2319 1889 isset
2362 1817 2643 1897 oblitus,
2699 1817 2887 1885 unde
2933 1837 3089 1886 cor-

533 1908 916 1998 ripiebatur
983 1907 1364 1996 ignorabat.
1403 1907 1524 1975 Cui
1572 1906 1713 1974 ait:
1751 1907 2093 1992 «Numqui
2192 1927 2318 1995 ego
2374 1906 2516 1975 illic
2564 1925 2890 2005 praesens
2940 1925 3106 1973 non,

531 2017 745 2075 eram,
783 1995 1064 2080 quando
1113 1994 1200 2063 ab
1248 1994 1521 2063 ancillis
1571 1993 1688 2063 Dei
1741 1995 2109 2083 mappulas
2148 1994 2497 2082 accepisti,
2539 1992 2801 2078 tibique
2847 2014 2964 2061 eas
3015 1991 3090 2060 in

530 2083 692 2151 sinu
744 2083 1081 2152 misisti‘b»
1111 2082 1240 2163 Qui
1291 2104 1446 2150 mox
1478 2082 1628 2170 ejus
1679 2082 1981 2171 vestigiis
2020 2081 2444 2171 provolutus,
2500 2080 2706 2149 stulte
2755 2100 2828 2148 se
2859 2079 3090 2170 egisse

535 2171 897 2261 poenituit,
937 2183 1016 2239 et·
1048 2191 1166 2239 eas
1198 2191 1387 2256 ‘quas
1434 2169 1506 2237 in
1551 2170 1712 2240 sinu
1761 2169 2214 2239 absconderat
2245 2168 2613 2258 mappulas
2660 2167 2934 2257 abjecit.

618 2262 654 2344 ξ
706 2262 860 2329 ²5.
906 2257 1215 2339 Quadam
1266 2278 1540 2344 quoque
1591 2257 1726 2337 die,
1781 2257 1949 2325 dum
2000 2257 2411 2326 venerabilis
2460 2268 2651 2345 pater
2698 2254 3098 2345 vespertina.

520 2345 668 2434 jam
719 2345 887 2413 hora
918 2345 1226 2430 corporis
1266 2345 1594 2414 alimenta
1634 2346 2032 2434 perciperet,
2070 2346 2222 2434 ejus
2271 2344 2655 2413 monachus
2703 2343 3086 2430 cujusdam

532 2432 913 2503 defensoris
974 2433 1162 2502 filius
1229 2431 1448 2502 fuerat
1493 2433 1613 2520 qui
1670 2433 1733 2503 ei
1780 2445 1936 2502 ante
2008 2454 2319 2502 mensam
2369 2431 3078 2501 lucernamtenebat.

530 2526 837 2607 Cumque
887 2522 988 2589 vir
1038 2522 1152 2589 Dei
1199 2521 1447 2602 ederet,
1504 2522 1650 2620 ipse
1699 2532 1926 2590 autem
1977 2543 2154 2591 cumv
2193 2521 2515 2589 lucernae
2564 2519 2947 2589 ministerio
3012 2540 3093 2587 a·-

529 2622 759 2688 staret,
813 2610 1035 2700 coepit
1084 2630 1207 2696 per
1279 2608 1644 2698 superbiae
1696 2609 2016 2698 spiritum
2068 2607 2139 2675 in
2195 2620 2420 2676 mente
2481 2630 2608 2677 sua
2654 2607 2902 2676 tacitus
2940 2606 3095 2682 vol-

526 2719 683 2765 vere
730 2708 795 2765 et
845 2719 964 2788 per
1012 2696 1498 2785 cogitationem
1547 2695 1814 2764 dicere:
1863 2696 2087 2778 «Quis
2115 2708 2217 2765 est
2265 2696 2399 2776 hic,
2453 2695 2568 2764 cui
2610 2716 2735 2784 ego
2787 2693 3094 2763 maudu-

529 2783 713 2853 canti
762 2787 1029 2864 assisto,
1073 2783 1423 2852 lucernam
1459 2796 1676 2869 teneo,
1711 2784 2063 2852 servitium
2114 2783 2486 2873 impendo?
2533 2784 2700 2865 Quis
2734 2804 2890 2851 sum
2921 2803 3077 2871 eg0,

527 2885 606 2942 ut
653 2873 765 2943 isti
803 2872 1241 2941 inserviam?»
1275 2871 1367 2938 Ad
1417 2871 1620 2956 quem
1677 2870 1779 2938 vir
1829 2872 1956 2940 Dei·
1992 2872 2221 2940 statim
2270 2892 2667 2950 conversus,
2712 2871 3089 2939 vehemen-

530 2972 632 3029 ter
678 2960 900 3046 coepit
932 2980 1091 3027 eum
1152 2960 1534 3047 increpare,
1588 2959 1864 3027 dicens:
1898 2959 2151 3048 «Signa
2201 2981 2319 3027 cor
2367 2972 2563 3028 tuum
2616 2957 2846 3026 frater.
2901 2955 3089 3040 Quid

527 3047 842 3132 estquod
898 3046 1243 3133 loqueris?
1291 3047 1490 3136 signa
1537 3067 1658 3114 cor
1693 3060 1961 3115 tuum.»
2000 3047 2399 3132 vocatisque
2449 3045 2676 3117 statim
2715 3044 3075 3124 fratribuS,

528 3135 877 3224 praecepit
922 3134 984 3202 ei
1034 3134 1388 3202 lucernam
1464 3133 1548 3202 de
1625 3134 1950 3202 manibus
2029 3133 2211 3203 tolli:
2264 3134 2499 3223 ipsum
2573 3154 2727 3202 vero
2780 3132 2994 3221 jussit
3039 3154 3086 3200 a

531 3221 913 3292 ministerio
949 3221 1281 3302 recedere,
1326 3235 1392 3292 et
1438 3222 1570 3290 sibi
1619 3221 1789 3290 hora
1826 3221 2065 3291 eadem
2120 3222 2431 3308 quietum
2482 3221 2741 3290 sedere.
2796 3220 2926 3303 Qui
2974 3241 3090 3290 re-

527 3310 829 3395 quisitus
876 3332 917 3377 a
951 3308 1279 3378 fratribus
1326 3309 1493 3396 quid
1544 3310 1862 3380 habuerit
1910 3309 1980 3377 in
2030 3310 2257 3390 corde,
2317 3331 2435 3398 per
2466 3310 2783 3378 ordinem
2834 3329 3080 3377 narra-

526 3397 644 3477 vit,
712 3410 970 3483 quanto
1039 3398 1402 3487 superbiae
1449 3397 1700 3487 spiritu
1757 3398 2193 3466 ‘intumuerat
2253 3410 2318 3466 et
2355 3418 2533 3484 quae
2559 3408 2797 3467 contra
2847 3396 3078 3464 virum

528 3486 644 3554 Dei
682 3487 887 3555 verba
926 3507 1042 3574 per
1079 3485 1560 3575 cogitationem
1614 3485 1859 3554 tacitus
1892 3484 2184 3554 dicebat.
2223 3490 2413 3553 Tunc
2449 3485 2713 3571 liquido
2748 3483 3090 3554 omnibus

531 3574 753 3662 patuit
800 3573 984 3660 quod
1032 3572 1492 3644 venerabilem
1546 3572 1982 3641 Benedictum
2050 3572 2256 3642 latere
2303 3573 2399 3642 nil
2452 3584 2701 3662 posset,
2749 3573 2822 3640 in
2882 3571 3090 3661 cujus

528 3662 820 3731 auribus
853 3662 1093 3731 tacitae
1132 3662 1337 3730 etiam
1387 3660 1824 3750 cogitationis
1875 3661 2082 3730 verba
2127 3660 2545 3731 sonuissent.

613 3752 650 3835 ἓ
701 3755 863 3820 28.
917 3749 1060 3818 Alio
1106 3770 1382 3835 quoque
1431 3761 1737 3839 tempore
1785 3749 1855 3815 in
1904 3748 2145 3818 eadem
2190 3748 2604 3838 Campaniae
2653 3747 2931 3835 regione
2985 3744 3093 3814 sa-

524 3858 673 3905 mes
721 3837 1152 3918 incubuerat,
1208 3840 1598 3926 magnaque
1637 3858 1880 3906 omnes
1909 3836 2397 3905 alimentorum
2449 3837 2834 3925 indigentia
2877 3855 3094 3906 coan-

524 3926 867 4013 gustabat.
903 3931 1197 4010 Jamque
1226 3924 1297 3993 in
1339 3925 1686 3993 Benedicti
1740 3924 2153 3993 monasterio
2200 3924 2505 3993 triticum
2553 3924 2809 3992 deerat.
2866 3929 3096 3991 Panes

522 4033 680 4081 vero
732 4034 903 4099 pene
936 4033 1176 4082 omnes
1224 4012 1621 4101 consumpti
1663 4011 1956 4092 fuerant,
2020 4023 2098 4081 ut
2156 4032 2294 4080 non
2352 4011 2722 4101 plusquam
2773 4011 3095 4097 quinque

524 4100 608 4169 ad
665 4100 1051 4169 refectionis
1099 4101 1335 4169 horam
1405 4099 1736 4170 fratribus
1785 4099 2080 4168 inveniri
2147 4099 2558 4188 potuissent.·
2610 4104 2917 4186 Cumque
2966 4119 3087 4167 eos

521 4188 934 4258 venerabilis
988 4199 1175 4278 pater
1228 4189 1666 4258 contristatos
1717 4199 2070 4268 cerneret,
2115 4208 2357 4257 eorum
2429 4185 3079 4277 pusillanimitatem

522 4276 788 4346 studuit
819 4275 1131 4344 modesta
1153 4276 1617 4365 increpatione
1650 4276 1994 4365 corrigere
2018 4287 2083 4346 et
2112 4297 2393 4345 rursum
2428 4274 2886 4364 promissione
2921 4273 3094 4343 sub-

527 4364 772 4445 levare,
817 4364 1078 4433 dicens:
1113 4368 1381 4445 «Quare
1413 4363 1498 4431 de
1529 4363 1740 4454 panis
1764 4363 2001 4454 inopia
2030 4375 2253 4433 vester
2284 4363 2568 4434 animus
2602 4363 3093 4432 contristatur?
