3327 4999
290 339 538 405 MART.
595 338 676 403 ⁴3
1152 356 1230 402 nn
1278 356 1333 402 S.
1386 354 1745 402 nurnnASht
1795 353 1964 401 vine.
2619 344 2736 407 2711

294 435 810 526 circumscripti
859 433 1154 515 fallacia,
1194 447 1469 525 tempus
1506 456 1711 504 omne
1753 434 1928 504 vitae
1967 444 2239 505 nostrae
2286 436 2585 509 inaniter
2624 453 2844 510 trans-

288 526 654 605 mittimus,
701 524 895 595 nulla
951 523 1203 595 nostris
1250 524 1619 595 animabus
1677 524 1871 593 lucra
1919 524 2376 610 acquirentes,
2414 554 2441 592 ι

375 617 411 702 ξ
456 620 547 684 2.
602 618 783 683 Haec
809 633 970 682 cum
1002 612 1286 683 dixisset
1318 613 1724 703 Antigonus.
1762 612 2149 703 Euphrasia
2193 614 2573 704 respondit:
2612 618 2837 700 «Quid

290 702 391 774 vis
439 702 674 793 igitur,
731 702 827 771 mi
878 701 1181 783 domine,
1235 713 1312 771 ut
1357 701 1734 772 faciamus?
1789 724 1824 768 »
1876 701 1995 771 Cui
2046 705 2472 793 Antigonus:
2548 732 2576 772 ι
2616 711 2838 778 Unam

284 791 454 879 jam,
507 791 774 878 inquit,
841 790 954 859 Dei
1015 790 1349 859 beneficio
1401 790 1619 859 filiam
1676 789 2038 861 habemus.
2102 796 2193 859 Ea
2259 791 2458 863 nobis
2507 795 2834 878 sufficiat,

290 901 414 950 nec
440 879 764 970 deinceps
813 901 937 948 nos
986 878 1199 969 hujus
1230 878 1449 948 seculi
1488 878 1806 948 miseriae
1831 890 1896 948 et
1924 878 2302 950 calamitati
2335 880 2826 953 misceamus»

291 974 454 1038 Tum
504 991 663 1038 vero
711 968 1094 1058 Euphrasia
1140 989 1471 1057 surgens,
1528 968 1853 1037 manibus
1900 990 2182 1038 sursum
2230 970 2474 1039 erectis
2503 1025 2519 1051 ,
2573 971 2841 1044 ductis·

287 1079 415 1145 que
446 1058 534 1127 ab
568 1058 708 1126 imo
758 1069 1026 1146 pectore
1074 1056 1420 1146 suspiriis,
1475 1056 1647 1126 dixit
1694 1057 2052 1147 Antigono:
2093 1080 2129 1123 «
2168 1058 2578 1130 Benedictus
2619 1065 2823 1144 Deus,

284 1146 402 1233 qui
456 1158 516 1215 te
563 1167 690 1215 suo
740 1146 984 1214 timore
1031 1145 1358 1235 dignatus
1405 1158 1530 1223 est,
1587 1145 2029 1232 veritatisque
2077 1147 2426 1217 notionem
2468 1148 2592 1218 tibi
2633 1172 2834 1241 prae-

284 1235 470 1305 stitit.
511 1234 869 1322 Equidem,
906 1233 1183 1303 domine
1216 1235 1333 1314 mi,
1365 1233 1607 1304 crebro
1655 1234 1889 1324 rogavi
1945 1239 2176 1315 Deum,
2221 1248 2299 1305 ut
2347 1258 2512 1306 suae
2561 1239 2828 1327 gratiae

280 1322 514 1393 lumen
565 1322 688 1392 tibi
735 1323 1091 1413 aspiraret:
1144 1322 1261 1392 sed
1310 1321 1379 1391 id
1432 1323 1552 1391 tibi
1598 1323 1909 1392 indicare
1946 1345 2117 1392 ausa
2165 1345 2301 1393 non
2353 1323 2478 1395 fui.
2533 1328 2827 1408 Quando

277 1434 433 1482 vero
482 1412 710 1503 tuipse
758 1412 945 1502 prior
990 1411 1118 1481 hac
1166 1411 1252 1480 de
1299 1433 1372 1480 re
1419 1411 1626 1481 verba
1687 1410 1940 1493 fecisti,
1997 1411 2195 1481 liceat
2261 1413 2432 1482 mihi
2481 1426 2600 1484 tua
2652 1439 2823 1505 pace

278 1500 526 1582 dicere,
579 1523 757 1588 quae
802 1500 975 1570 volo.
1016 1523 1051 1566 »
1101 1500 1222 1569 Cui
1269 1500 1649 1591 Antigonus
1684 1524 1766 1567 1«
1805 1501 1945 1581 Dic,
1982 1501 2100 1581 ait,
2156 1522 2350 1572 soror
2397 1524 2573 1585 mea,
2628 1506 2825 1592 quic-

274 1590 443 1677 quid
495 1590 719 1660 visum
768 1589 919 1658 erit.
957 1612 993 1655 »
1043 1594 1119 1658 Et
1165 1590 1573 1679 Euphrasia:
1609 1612 1644 1655 «
1675 1590 1882 1670 Nosti,
1918 1590 2167 1676 inquit,
2208 1590 2302 1657 mi
2333 1591 2643 1673 domine,
2674 1594 2824 1683 jam

275 1679 440 1748 olim
491 1678 746 1749 dixisse
790 1677 1229 1769 Apostolum:
1296 1684 1443 1747 Tem
1492 1702 1573 1747 us
1624 1680 1816 1747 breve
1846 1689 1963 1759 esc,
2013 1681 2353 1769 reliquum
2399 1691 2518 1762 est,
2572 1693 2650 1750 ut
2704 1686 2827 1774 qui

276 1768 519 1837 habent
564 1789 835 1848 umores,
892 1777 1238 1857 tamquam
1274 1790 1405 1836 non
1483 1769 1751 1836 abentes
1795 1770 1974 1836 sint:
2023 1770 2351 1857 praeterit
2382 1771 2556 1838 enim
2593 1773 2822 1860 fiyura

277 1857 480 1946 hujus
527 1857 804 1925 mundi:
836 1855 896 1944 (l
943 1860 1087 1925 Cor.
1150 1855 1290 1943 v11):
1353 1866 1416 1924 et
1467 1857 1757 1925 mundus
1805 1858 2048 1924 transit
2077 1910 2097 1935 ,
2155 1866 2217 1924 ec
2280 1862 2817 1947 concupiscentia

275 1946 419 2035 ejus
469 1945 537 2035 (1
572 1950 764 2013 Joan.
813 1944 912 2032 ιι).
954 1949 1168 2025 Quem
1202 1943 1389 2012 enim
1428 1965 1634 2014 usum
1681 1944 1955 2013 habebit
2003 1944 2170 2013 haec
2234 1946 2530 2033 pecunia
2562 1963 2627 2016 et
2675 1959 2815 2017 tam

274 2032 546 2123 amplae
584 2031 973 2102 facultates?
999 2037 1140 2101 Non
1184 2032 1562 2121 poterimus
1602 2054 1767 2101 sane
1799 2033 2173 2119 quicquam
2213 2055 2295 2101 ex
2331 2034 2430 2102 eis
2464 2049 2817 2124 asportare

278 2121 640 2192 nobiscum
686 2122 758 2189 in
811 2134 1085 2190 tartara.
1130 2121 1324 2202 Quod
1380 2120 1593 2210 igitur
1638 2121 2150 2192 consultissime
2197 2123 2660 2204 constituisti,
2722 2126 2820 2194 fe-

278 2209 460 2278 stina
501 2210 874 2280 liberaliter
932 2231 1012 2278 ex
1064 2209 1173 2278 his
1220 2209 1562 2299 impartiri
1612 2210 2064 2300 pauperibus,
2128 2230 2213 2278 ne
2269 2210 2418 2279 sine
2468 2209 2698 2283 fructu
2745 2214 2815 2283 id

285 2298 515 2367 animo
564 2311 1010 2389 pertractasse
1057 2298 1376 2368 videariS.
1417 2321 1453 2364 »

363 2389 401 2473 ξ
445 2392 535 2457 8.
590 2389 710 2456 His
742 2387 1018 2467 auditis,
1058 2387 1435 2477 Antigonus
1469 2390 1601 2454 Deo
1640 2398 1865 2477 grates
1905 2386 2283 2472 laudesque
2316 2409 2551 2478 agenS,
2596 2391 2819 2461 multa

273 2474 343 2544 in
393 2478 642 2567 egenos
687 2476 1021 2546 beneficia
1069 2475 1381 2558 contulit,
1419 2487 1482 2544 et
1530 2475 1909 2545 admodum
1959 2475 2070 2566 pie
2118 2475 2327 2545 vitam
2380 2498 2574 2546 suam
2618 2478 2818 2550 insti-

274 2574 494 2646 tuens,
548 2580 910 2656 postquam
960 2566 1046 2634 ab
1093 2565 1327 2635 uxoris
1381 2565 1715 2635 abstinuit
1760 2564 2195 2645 commerciO,
2263 2587 2403 2634 uno
2453 2565 2818 2639 dumtaxat

272 2675 453 2722 anno
492 2655 889 2744 supervixit,
943 2655 1283 2742 rebusque
1324 2653 1470 2724 suis
1519 2654 1691 2722 bene
1724 2653 2101 2743 dispositis,
2156 2654 2225 2722 in
2277 2676 2445 2745 pace
2493 2658 2815 2746 sepultus

267 2752 389 2811 est.
436 2743 795 2812 Fleverunt
822 2765 979 2812 vero
1026 2744 1110 2812 de
1156 2755 1372 2811 morte
1419 2742 1610 2812 illius
1649 2748 2029 2833 Imperator
2074 2755 2138 2811 et
2185 2747 2510 2833 Augusta,
2551 2747 2815 2836 quippe

269 2852 435 2902 suae
484 2832 718 2932 stirpis
766 2832 891 2899 viri
931 2831 1105 2922 justi
1148 2844 1214 2900 et
1252 2830 1576 2920 religiosi,
1613 2831 1968 2918 vicemque
1997 2830 2422 2922 Euphrasiae
2451 2832 2804 2916 dolebant,

266 2941 444 3005 quae
490 2932 557 2989 et
602 2943 755 3009 ipsa
790 2920 889 2989 eis
935 2931 1112 2989 esset
1156 2932 1490 3008 cognata,
1544 2931 1609 2988 et
1655 2932 1873 2990 aetate
1910 2920 2229 3010 juvenili.
2283 2921 2496 2990 Annis
2544 2923 2811 3014 quippe

265 3007 541 3078 duobus
605 3021 670 3078 et
733 3008 1090 3078 mensibus
1137 3009 1357 3078 tribus
1412 3009 1668 3078 vixerat
1715 3030 1876 3078 cum
1926 3009 2173 3078 marito
2222 3030 2370 3079 suo.
2426 3015 2634 3080 Porro
2683 3034 2812 3081 an-

264 3117 433 3167 num
484 3119 707 3166 unum
753 3098 1182 3167 continenter
1226 3109 1587 3187 exegerant
1626 3098 1903 3187 pariter,
1959 3098 2384 3167 matrimonii
2432 3114 2811 3171 consuetu-

262 3185 427 3255 dine
500 3186 683 3255 ultro
743 3186 1051 3276 sibiipsis
1117 3185 1624 3255 interdicentes.
1691 3191 2056 3272 Postquam
2124 3198 2355 3255 autem
2405 3209 2478 3256 se
2533 3189 2810 3260 ulturae

264 3274 560 3344 traditus
621 3274 751 3344 fuit
813 3275 1232 3364 AntigonuS,
1288 3281 1670 3364 Imperator
1731 3287 1799 3344 et
1854 3275 2006 3365 ejus
2052 3274 2304 3362 conjux
2355 3211 2655 3346 mulium
2706 3279 2814 3347 in-

261 3363 681 3433 cumbebant
728 3363 796 3432 in
848 3364 1272 3454 Euphrasiae
1330 3363 1893 3433 consolationem.
1970 3368 2176 3432 Porro
2241 3364 2362 3433 illa
2422 3365 2510 3434 ad
2565 3388 2811 3436 eorum

259 3473 334 3521 se
384 3451 594 3538 pedes
632 3452 987 3542 abjiciens,
1052 3465 1255 3540 atque
1317 3474 1478 3523 cum
1527 3451 1854 3542 lacrymis
1900 3464 1966 3523 et
2013 3452 2233 3522 multo
2280 3454 2544 3544 gemitu
2584 3455 2811 3525 filiam

259 3562 457 3610 suam
509 3540 650 3609 illis
697 3542 1024 3611 offerens:
1080 3566 1116 3608 «
1147 3546 1226 3611 In
1267 3563 1541 3623 manus,
1596 3541 1844 3628 inquit,
1899 3541 2018 3611 Dei
2053 3552 2120 3610 et
2164 3555 2425 3613 vestras
2475 3544 2655 3612 hanc
2694 3566 2805 3614 or-

307 3629 560 3698 hanam
609 3629 1041 3700 commendO.
1096 3631 1277 3713 sitis,
1329 3651 1608 3717 quaeso,
1663 3652 2004 3699 memores
2063 3630 2384 3720 Antigoni
2430 3633 2686 3714 vestri,
2742 3644 2808 3703 et

255 3650 437 3794 lianc
484 3718 814 3809 suscipite
876 3719 1236 3807 tuendam,
1289 3733 1365 3788 ut
1412 3741 1548 3787 non
1607 3717 1782 3788 alios
1837 3740 2045 3806 quam
2100 3731 2416 3808 parentes
2464 3741 2627 3791 suos
2675 3743 2796 3790 vos

253 3807 387 3877 sibi
436 3805 683 3876 sentiat
726 3808 1048 3879 extitisse.
1088 3830 1124 3875 »
1156 3813 1250 3877 Ad
1300 3808 1426 3877 has
1481 3807 1636 3895 ejus
1684 3829 1881 3877 voces
1930 3806 2131 3877 multi
2178 3829 2258 3876 ex
2305 3807 2416 3888 iis,
2474 3808 2596 3893 qui
2635 3809 2799 3879 ade-

253 3908 430 3975 rant,
484 3895 780 3966 ubertim
831 3895 1174 3988 lacrymas
1219 3896 1572 3978 fuderunt,
1610 3917 1735 3967 nec
1784 3896 1920 3987 ipsi
1969 3896 2319 3987 principes
2367 3917 2409 3965 a
2467 3896 2802 3986 lacrymis

265 3983 767 4054 abstinuerunt.
2797 4064 2806 4073 ,

337 4075 374 4159 ἓ
421 4079 505 4146 4.
578 4079 719 4144 Non
772 4075 1212 4174 multoupost,
1262 4096 1426 4144 cum
1465 4073 1615 4164 jam
1666 4071 1983 4143 nonnihil
2034 4071 2120 4141 de
2170 4072 2361 4142 luctu
2410 4073 2791 4143 remisisset

265 4162 665 4249 Euphrasia‚
701 4165 922 4233 suasit
967 4186 1030 4233 ei
1078 4168 1480 4254 Imperator,
1519 4174 1598 4233 ut
1646 4162 1864 4232 filiam
1917 4183 2115 4233 suam
2164 4161 2620 4251 Euphrasiam
2661 4162 2810 4230 cui-

263 4246 416 4316 dam
449 4252 758 4322 Senatori
796 4252 1142 4323 ditissimo
1173 4253 1468 4323 traderet
1497 4273 1806 4321 uxorem.
1845 4250 1950 4319 Fit
1977 4262 2368 4320 contractus
2400 4250 2586 4319 inter
2616 4249 2799 4331 illos,

264 4345 329 4404 et
375 4341 611 4411 arrhas
660 4341 911 4432 accipit
959 4341 1363 4431 Euphrasia.
1417 4340 1699 4410 Interim
1763 4339 2259 4410 differebantur
2305 4340 2623 4429 nuptiae,
2681 4338 2811 4406 do·-

271 4444 394 4498 nec
431 4429 665 4520 puella
712 4430 1153 4513 adolesceret,
1206 4431 1410 4520 cujus
1457 4445 1642 4501 aetas
1689 4428 1760 4499 id
1812 4429 2138 4520 temporis
2185 4429 2295 4499 vix
2340 4426 2804 4516 quinquennii
