3327 4999
238 298 490 365 MART.
544 300 631 365 22
924 320 1005 366 nn
1052 321 1110 367 s.
1163 319 1523 369 ‹zu-naama
1570 318 1743 367 vmo.
1795 317 1873 365 Εἰ·
1919 317 2114 365 vium
2577 304 2696 369 44⁴

238 422 614 492 opponere,
669 400 827 470 licet
872 403 1239 471 tenerrime
1278 403 1468 471 illam
1503 402 1842 493 diligeret.
1878 405 1956 471 At
2003 401 2461 473 nihilominus
2508 405 2793 485 verituS,

242 511 334 558 ne
379 489 548 576 quid
584 490 922 558 foeminae
953 491 1121 559 tanti
1169 491 1436 561 decoris
1469 502 1534 559 et
1567 490 1877 560 florentis
1923 490 2186 571 aetatiS,
2242 501 2405 579 puta
2453 513 2632 577 quae
2672 514 2801 560 an-

239 598 370 646 nos
419 577 776 647 dumtaxat
808 577 1088 648 haberet
1119 579 1352 648 decem
1389 592 1453 649 et
1481 592 1655 660 oct0,
1692 578 1761 648 in
1796 590 1933 648 tam
1968 579 2349 669 longinqua
2380 579 2802 668 profectione

239 666 514 735 adversi
562 666 922 748 accideret,
976 688 1113 735 non
1163 667 1323 738 ilico
1356 688 1684 737 assensus
1733 679 1857 737 est.
1896 668 2129 736 Victus
2175 666 2454 736 tandem
2488 680 2552 736 et
2608 668 2799 738 illius

246 753 577 844 precibus
624 768 690 824 et
736 755 954 824 animi
993 754 1358 845 religione,
1415 766 1566 824 sum
1630 769 1737 825 tus
1785 756 1855 823 in
1907 755 2036 824 iter
2090 756 2513 826 necessarios
2559 768 2624 825 et
2679 756 2804 826 ho-

247 854 482 911 nestos
529 841 815 912 comites
869 855 1247 932 comparat.
1299 849 1451 913 Jam
1506 845 1573 911 ni
1633 843 1678 912 il
1754 843 1888 913 nisi
1939 865 1975 912 e
2032 844 2254 933 patria
2324 866 2643 913 excessus
2688 866 2805 913 ex-

244 929 675 1020 pectabatur,
713 944 778 999 et
826 953 981 1001 ecce
1030 932 1311 1004 Carolus
1368 931 1771 1002 Catharinae
1816 929 2025 1007 frater
2070 932 2173 1001 ira
2217 933 2541 1021 percituS,
2577 932 2807 1003 minas

245 1029 511 1088 atroces
547 1020 849 1088 intentat
895 1020 1214 1108 Eghardo
1245 1074 1260 1100 ‚
1314 1020 1373 1089 si
1424 1020 1772 1110 permittat
1819 1041 2119 1088 sororem
2172 1020 2393 1120 ipsius
2442 1021 2541 1089 ire
2614 1023 2806 1110 pere-

245 1128 390 1196 gre.
446 1108 899 1177 Commodum
948 1119 1095 1176 tum
1146 1107 1352 1177 domo
1400 1110 1637 1178 aberat
1668 1108 2029 1197 Eghardus
2074 1117 2140 1176 et
2173 1108 2405 1176 literae
2460 1109 2680 1178 Caroli
2729 1109 2802 1177 in

242 1215 501 1264 manus
551 1195 952 1265 Catharinae
1001 1218 1265 1265 venere:
1305 1218 1483 1283 quae
1530 1197 1879 1285 suspicata
1927 1195 2112 1283 quod
2161 1207 2326 1275 erat,
2378 1196 2609 1265 literas
2639 1197 2806 1281 resi,-

245 1304 473 1373 gnans
521 1282 707 1372 legit,
745 1283 1108 1370 minasque
1140 1285 1370 1353 fratris
1402 1283 1488 1353 ad
1521 1284 1943 1354 avunculum
1979 1305 2182 1353 suum
2218 1283 2539 1352 lsraelem
2572 1286 2800 1354 virum

245 1372 619 1460 potentem,
675 1371 1030 1458 multaque
1078 1372 1147 1439 in
1202 1377 1416 1441 Deum
1472 1373 1721 1462 pietate
1769 1384 1834 1441 et
1885 1372 2250 1461 prudentia
2298 1372 2643 1461 insignem
2701 1375 2805 1441 re·

246 1457 431 1527 tulit.
488 1463 553 1526 Is
603 1458 798 1544 jubet
845 1481 993 1527 eam
1050 1460 1137 1528 ob
1185 1459 1416 1530 fratris
1458 1461 1685 1529 minas
1735 1481 1871 1528 non
1929 1459 2281 1529 discedere
2329 1482 2367 1527 a
2417 1461 2798 1550 propositO,

245 1545 486 1614 dicens
535 1547 811 1615 sciram
862 1546 1055 1616 illius
1085 1548 1283 1617 facile
1332 1548 1760 1618 sedaturum.
1813 1547 2090 1617 Addidit
2120 1547 2348 1616 verbis
2380 1548 2805 1617 humanissi-

244 1634 382 1702 mis
421 1633 626 1702 etiam
664 1656 977 1714 munera,
1018 1648 1094 1704 ut
1128 1637 1473 1705 maturius
1522 1637 2099 1727 proficisceretur.
2133 1642 2281 1704 Mox
2322 1636 2340 1703 i
2397 1637 2535 1705 itur
2582 1659 2655 1707 se
2689 1637 2807 1706 dat

244 1722 479 1789 itineri
526 1744 683 1790 cum
738 1726 811 1790 D.
876 1727 1208 1793 Gorstano
1274 1725 1682 1793 Thunasson
1738 1724 2121 1794 Marestallo
2186 1729 2317 1794 Sue
2375 1725 2478 1793 iae
2535 1737 2602 1795 et
2646 1724 2804 1794 aliis

244 1809 523 1879 duabus
557 1810 848 1878 Suediae
896 1811 1246 1881 nobilibus
1298 1814 1651 1882 matronis.

337 1899 374 1983 ἓ
421 1900 498 1967 2.
553 1899 720 1966 Mari
770 1919 906 1966 non
960 1899 1108 1967 sine
1156 1898 1375 1968 multa
1424 1899 1828 1969 difficultate
1858 1921 2161 1981 emens0‚
2202 1921 2327 1990 per
2364 1899 2805 1969 Germaniam

124 1968 137 1981 ⁸
244 1986 377 2053 iter
425 1985 728 2055 habuere
775 1986 847 2054 in
898 1986 1165 2056 Italiam
1204 2041 1219 2067 ,
1272 2000 1476 2073 atque
1533 1989 1807 2056 tandem
1861 1993 2165 2076 Augusto
2223 2010 2460 2057 mense
2512 1992 2804 2057 Romam

247 2073 615 2142 Catharina
655 2076 986 2164 pervenit.
1023 2075 1274 2165 Agebat
1323 2087 1468 2143 tum
1524 2089 1759 2146 sancta
1809 2089 2025 2144 mater
2070 2077 2221 2164 ejus
2260 2075 2626 2156 Bononiae,
2665 2097 2803 2161 quo

246 2161 559 2232 Christus
597 2183 746 2230 eam
800 2163 1104 2244 miserat,
1157 2163 1520 2252 cujusdam
1575 2163 1852 2231 Abbatis
1899 2176 1965 2231 et
2011 2162 2303 2232 fratrum
2351 2164 2499 2250 ejus
2566 2163 2806 2231 admo-

249 2249 643 2318 nendorum
693 2254 927 2320 causa.
963 2255 1121 2319 Erat
1153 2272 1310 2319 cum
1366 2250 1485 2318 illa
1533 2255 1608 2319 D.
1662 2256 1900 2321 Petrus
1949 2250 2222 2331 Olavus,
2260 2263 2450 2340 pater
2479 2251 2631 2339 ejus
2665 2251 2806 2342 spi-

183 2379 186 2382 ·
248 2336 498 2417 ritaliS,
552 2349 618 2406 et
714 2340 871 2407 auci
918 2361 954 2408 e
1002 2338 1290 2408 familia.
1343 2343 1551 2407 Porro
1600 2339 1966 2407 Catharina
2013 2338 2329 2408 nesciens
2372 2360 2509 2425 quo
2559 2339 2680 2408 illa
2727 2361 2805 2408 a-

245 2424 537 2505 biisset,
596 2361 708 2494 ad)
755 2425 903 2496 dies
962 2440 1119 2496 octo
1190 2427 1391 2495 anxie
1455 2427 1796 2513 quaesivit
1842 2448 1990 2494 eam
2044 2431 2323 2494 Romae.
2377 2427 2658 2495 Interim
2719 2430 2796 2495 D.

246 2518 488 2583 Petrus
536 2514 788 2584 Olavus
837 2517 1062 2605 coepit
1099 2517 1331 2606 urgeri
1375 2516 1795 2602 quibusdam
1850 2514 2402 2583 intolerabilibus
2431 2516 2648 2584 animi
2681 2516 2805 2585 sti·-

245 2601 486 2680 muliS,
537 2616 616 2672 ut
664 2608 946 2671 Romam
992 2603 1266 2672 rediret.
1303 2604 1632 2685 Assensit,
1672 2604 1826 2672 licet
1873 2603 2087 2672 invita
2137 2607 2202 2671 S.
2250 2602 2556 2693 Birgitta,
2593 2616 2658 2672 et
2688 2603 2805 2672 ille

244 2688 603 2759 celerrime
664 2691 1149 2780 proficiscenS,
1204 2692 1322 2761 ubi
1374 2697 1660 2760 Romam
1714 2692 1919 2772 venit,
1974 2692 2044 2758 in
2096 2692 2262 2759 aede
2324 2695 2388 2759 S.
2454 2691 2633 2760 Petri
2682 2697 2804 2760 Ca-

244 2777 589 2846 tharinam
640 2791 705 2847 et
750 2780 1034 2848 comites
1064 2780 1214 2868 ejus
1248 2780 1552 2848 offendit:
1605 2801 1815 2866 quam
1867 2800 2033 2848 sane
2072 2778 2578 2849 humanissime
2609 2779 2801 2848 salu-

246 2876 440 2946 tanS‚
495 2866 669 2934 nihil
711 2867 856 2956 jam
910 2867 1272 2936 dubitabat
1316 2869 1467 2955 eJus
1506 2872 1715 2938 causa
1764 2889 1834 2936 se
1868 2867 2081 2937 fuisse
2113 2866 2552 2956 compulsum
2585 2867 2684 2935 ire
2714 2866 2803 2934 ad

243 2953 518 3022 urbem.
574 2954 896 3039 Sequenti
945 2954 1055 3023 die
1104 2976 1262 3025 cum
1308 2955 1355 3023 il
1389 2978 1427 3023 a
1475 2967 1541 3024 et
1589 2956 1796 3024 sociis
1835 2957 1984 3044 ejus
2034 2955 2381 3044 profectus
2410 2955 2623 3023 estad
2662 2976 2806 3022 ma-

247 3053 446 3122 trem,
481 3054 544 3110 et
575 3043 661 3110 ab
694 3043 949 3111 Abbate
989 3042 1388 3111 monasterii
1447 3065 1573 3132 pro
1623 3049 1688 3112 S.
1735 3044 2056 3133 Birgittae
2104 3065 2360 3123 amore,
2396 3043 2599 3128 cujus
2648 3064 2806 3112 san-

246 3130 378 3197 ctis
442 3129 1032 3199 exhortationibus
1073 3130 1218 3219 jam
1277 3131 1360 3198 ad
1398 3130 1767 3199 meliorem
1821 3153 1892 3198 se
1941 3131 2206 3220 frugem
2261 3142 2630 3220 receperat,
2685 3131 2804 3200 ho-

248 3217 537 3285 norifice
571 3218 832 3306 accepti
883 3231 1068 3287 sunt.
1107 3223 1264 3286 Post
1302 3217 1451 3285 dies
1500 3240 1760 3307 paucos
1799 3219 2111 3287 hortante
2153 3230 2390 3299 matre,
2438 3219 2806 3287 Catharina

243 3325 405 3374 cum
459 3305 606 3373 suis
646 3310 933 3374 Romam
984 3306 1278 3396 repetiit,
1334 3319 1401 3375 et
1447 3329 1607 3375 cum
1666 3306 1882 3375 multa
1931 3305 2288 3374 devotione
2336 3306 2419 3375 ad
2475 3306 2801 3376 stationes

242 3404 309 3462 et
360 3392 603 3461 limina
638 3405 1032 3463 sanctorum
1083 3395 1394 3463 accessit.
1449 3393 1707 3462 Deinde
1762 3395 2017 3464 exactis
2066 3398 2321 3463 Romae
2377 3387 2640 3479 aliquot
2691 3415 2799 3462 se-

242 3479 600 3570 ptinianiS,
647 3481 940 3570 patriam
991 3483 1283 3552 revisere
1331 3481 1711 3552 constituit:
1746 3502 2046 3567 cumque
2084 3482 2231 3570 jam
2274 3481 2359 3549 ad
2397 3481 2527 3549 iter
2563 3482 2799 3551 accin-

243 3581 353 3638 cta
400 3580 599 3649 esset,
656 3580 875 3637 mater
911 3591 990 3637 ex
1041 3569 1159 3638 illa
1207 3582 1602 3660 percontata
1646 3581 1784 3649 est,
1827 3569 2022 3638 vellet
2053 3590 2138 3636 ne
2170 3591 2330 3637 cum
2363 3569 2513 3657 ipsa
2546 3574 2801 3638 Romae

242 3677 550 3736 manere,
603 3668 668 3725 et
718 3657 967 3725 Christi
1014 3662 1225 3727 causa
1258 3658 1523 3727 labores
1557 3670 1621 3726 et
1647 3657 1933 3726 adversa
1966 3678 2278 3743 quaeque
2306 3657 2591 3745 perpeti.
2628 3662 2799 3725 Tum

238 3743 365 3837 illa
415 3755 552 3813 tota
600 3745 1033 3813 inflammata
1084 3746 1359 3835 spiritu,
1393 3745 1752 3835 respondit
1799 3765 1870 3813 se
1919 3766 2054 3813 non
2106 3742 2312 3811 modo
2361 3744 2652 3833 patriam
2686 3766 2803 3813 co-

240 3844 511 3922 gnatos,
565 3832 849 3912 amicos,
897 3832 1172 3902 divitias
1202 3846 1267 3902 et
1297 3833 1605 3913 delicias,
1641 3830 1760 3901 sed
1792 3830 2022 3921 ipsum
2061 3852 2338 3917 quoque
2369 3836 2415 3899 E
2471 3831 2795 3914 hardum,

239 3942 446 4007 quem
499 3941 627 3989 suo
674 3942 960 4010 corpore
1005 3921 1393 3991 chariorem
1445 3921 1772 3999 haberet,
1829 3941 1952 4009 pro
2017 3919 2264 3987 Christi
2332 3941 2410 3988 vo
2442 3932 2680 3988 untate
2735 3931 2802 3990 et

238 4030 474 4078 amore
523 4008 765 4078 libenti
814 4009 1049 4078 animo
1096 4009 1521 4077 relicturam.
1558 4008 1687 4076 Ubi
1716 4006 1932 4097 igitur
1970 4007 2317 4076 consensit
2348 4008 2576 4087 matri,
2610 4007 2803 4076 Chri-

238 4109 387 4166 stus
436 4096 499 4165 ei
547 4096 891 4177 revelavit,
946 4096 1169 4185 ipsam
1221 4118 1371 4166 esse
1420 4095 1695 4164 fidelem
1744 4095 2196 4184 adjutricem,
2252 4117 2461 4182 quam
2528 4095 2591 4163 ei
2642 4117 2801 4185 pro-

240 4184 567 4255 misisset.
640 4184 899 4274 Adjecit
944 4184 1199 4266 etiarn,
1256 4205 1328 4253 se
1378 4182 1567 4251 illam
1619 4183 1861 4253 multis
1909 4194 2277 4252 aucturum
2338 4182 2601 4274 gratiae
2648 4205 2802 4250 mu-

237 4272 551 4343 neribus.
606 4276 684 4341 Et
724 4285 905 4343 certe
952 4272 1040 4340 ab
1088 4292 1168 4341 eo
1207 4284 1537 4361 tempore,
1594 4293 1733 4357 quo
1783 4292 1853 4339 se
1917 4271 2098 4339 vovit
2157 4293 2317 4341 cum
2373 4283 2592 4340 matre
2639 4291 2797 4359 per-

237 4380 690 4442 mansuram,
746 4360 1091 4430 mirabilis
1160 4360 1226 4428 ei
1281 4381 1322 4427 a
1382 4365 1516 4429 Deo
1578 4358 1829 4430 collata
1895 4373 1999 4430 est
2058 4359 2503 4446 eloquentia,
2572 4357 2667 4427 ita
2721 4368 2801 4428 ut
