3327 4999
102 322 356 390 MART.
408 322 492 387 22
792 340 873 387 na
919 340 974 387 s.
1027 339 1384 389 cunarum
1430 341 1599 390 vme.
1653 342 1730 389 Er
1777 342 1973 391 vmuA
2429 327 2548 392 45⁴

103 425 596 498 decumbebat:
649 436 1009 512 tantaeque
1055 424 1200 494 illic
1244 425 1517 495 extitere
1552 426 1891 507 tenebrae,
1927 437 2004 496 ut
2041 426 2160 495 alii
2208 428 2295 497 ab
2342 428 2497 498 aliis
2546 428 2647 497 vi-

106 516 258 587 deri
310 537 442 583 non
495 526 792 604 possent.
849 520 1091 605 Magno
1145 527 1373 583 autem
1420 515 1684 604 impetu
1729 536 1767 584 e
1812 515 2001 585 coelo
2047 538 2257 586 ruens
2304 517 2424 585 illa
2471 516 2635 587 fuli-

163 607 276 674 'ne
324 603 584 696 nigrior
615 602 853 685 moles»,
907 603 1049 673 solo
1095 614 1295 673 tenus
1332 605 1671 694 oppressit
1728 603 2014 673 domum
2116 605 2444 674 roximam
2508 627 2634 675 cu-

108 630 391 774 fficulo,
464 694 531 761 in
583 713 718 778 quo
767 692 1018 761 misera
1058 691 1352 781 jacebat.
1427 692 1521 761 Ad
1570 693 1774 782 cujus
1821 693 2055 762 terribi
2086 715 2191 762 em
2242 694 2642 765 horridissi-

114 803 450 869 mumque
497 781 835 872 fragorem
881 802 1084 872 aegra
1130 780 1391 872 ingenti
1430 782 1671 851 timore
1703 794 2034 872 correpta,
2089 782 2519 853 catharinam
2551 783 2638 852 ad

118 895 188 944 se
248 883 462 953 vocat,
515 870 984 961 promittitque
1028 891 1185 939 cum
1238 869 1562 959 lacrymis
1611 893 1683 940 se
1741 870 2101 953 facturam,
2154 872 2484 960 quicquid
2537 871 2639 940 illi

116 962 342 1031 visum
375 972 571 1030 esset.
610 965 755 1027 Mox
786 962 1158 1029 accersitur
1187 958 1670 1038 confessarius,
1712 960 1861 1050 ipsa
1894 959 1960 1027 id
1995 982 2431 1051 summopere
2460 982 2638 1049 quae

114 1052 317 1142 prius
350 1060 484 1118 tota
517 1048 983 1127 abhorruerat,
1021 1059 1402 1137 expetente:
1454 1047 1767 1135 factaque
1795 1047 2161 1139 diligenter
2188 1048 2638 1132 confessione,

112 1139 331 1209 altero
364 1159 564 1206 mane
612 1136 1056 1207 sacramentis
1103 1136 1392 1219 munita,
1447 1138 1765 1227 spiritum
1806 1137 2074 1207 efflavit.
2114 1143 2454 1226 Quotquot
2485 1160 2643 1208 vero

111 1228 263 1386 illljic
311 1227 614 1327 aderant,
668 1224 1055 1296 fatebantur
1098 1247 1248 1294 eam
1280 1225 1568 1317 gratiam
1621 1226 1724 1295 illi
1755 1225 2074 1317 precibus
2123 1233 2187 1297 S.
2243 1227 2646 1298 Catharinae

110 1340 153 1387 o
211 1330 258 1385 t1
314 1337 470 1384 isse.
1655 1328 1666 1338 ’

209 1339 442 1492 ξςῡί.
519 1408 772 1473 Romae
819 1413 1130 1472 matrona
1177 1402 1514 1490 quaedam
1564 1402 1818 1473 nobilis
1865 1415 2120 1493 septem
2171 1405 2451 1474 abortus
2497 1404 2642 1473 edi-

111 1494 332 1563 derat.
387 1498 679 1561 Cernens
726 1514 881 1561 vero
925 1513 997 1562 se
1041 1493 1284 1561 marito
1330 1497 1408 1561 ea
1458 1498 1668 1563 causa
1705 1493 1937 1562 minus
1984 1505 2272 1582 gratam,
2312 1516 2468 1562 cum
2489 1492 2637 1583 jam

112 1584 364 1652 iterum
418 1579 697 1671 gravida
743 1593 940 1662 esset,
996 1581 1285 1671 supplex
1331 1581 1500 1651 adiit
1548 1586 1611 1651 S.
1645 1581 2102 1663 catharinam,
2134 1582 2218 1650 de
2249 1582 2451 1672 cujus
2481 1604 2643 1651 san·
2733 1586 2734 1595 ’

111 1673 347 1741 etitate
397 1668 567 1738 nihil
618 1669 1020 1749 haesitabat,
1058 1671 1256 1757 eique
1306 1692 1501 1740 suam
1551 1671 1864 1761 exposuit
1894 1670 2376 1741 calamitatem.
2414 1674 2489 1739 At
2519 1670 2637 1740 illa

108 1760 448 1848 quasdam
498 1759 559 1826 ei
608 1759 1080 1830 sanctissimae
1127 1760 1368 1828 matris
1417 1781 1581 1828 suae
1629 1757 1955 1845 reliquias
1981 1758 2190 1839 dedit,
2227 1758 2630 1839 admonenS,

111 1860 189 1918 ut
236 1869 456 1934 usque
504 1846 588 1915 ad
608 1859 910 2002 dpartum
964 1845 1116 1915 illas
1164 1847 1346 1937 apud
1400 1869 1469 1918 se
1517 1847 1825 1929 deferret,
1883 1848 2283 1937 promittens
2329 1847 2530 1917 etiam
2562 1869 2634 1917 se

112 1936 521 2027 parturienti
564 1958 600 2003 a
656 1934 982 2005 futuram.
1042 1935 1162 2004 Ubi
1210 1936 1520 2024 pariendi
1567 1937 1788 2027 coepit
1834 1936 2071 2005 adesse
2120 1947 2392 2026 tempus
2420 1991 2435 2018 ‚
2490 1958 2636 2005 ma-

112 2040 309 2095 trona
351 2024 436 2093 ad
489 2046 558 2094 se
609 2024 798 2092 illam
849 2023 1155 2092 advocat.
1194 2023 1320 2092 Illa
1366 2024 1675 2094 celeriter
1719 2025 2037 2107 accurrit,
2077 2025 2269 2093 adest
2301 2025 2634 2094 laboranti

108 2136 237 2182 nec
285 2125 505 2182 cessat
550 2134 588 2181 a
636 2112 957 2202 precibus
986 2167 1000 2191 ‚
1053 2111 1269 2181 donec
1338 2114 1558 2181 vivam
1625 2126 1725 2183 est
1770 2113 1968 2182 enixa
2017 2113 2315 2204 puellam
2350 2169 2365 2196 ,
2423 2135 2632 2200 quam

110 2202 319 2272 etiam
364 2201 712 2292 Birgittam
779 2201 993 2270 voluit
1039 2201 1404 2270 nominari.
1459 2204 1617 2270 Tota
1666 2224 1822 2271 vero
1869 2202 2040 2271 urbe
2086 2204 2236 2292 ejus
2301 2203 2398 2271 rei
2447 2201 2630 2271 fama

110 2291 425 2391 dispersa
471 2304 594 2372 est,
638 2302 703 2359 et
748 2312 989 2359 omnes
1036 2310 1168 2357 non
1220 2290 1522 2379 vulgaris
1572 2291 1890 2360 miraculi
1941 2290 2086 2360 loco
2137 2289 2459 2360 habuere.
2512 2296 2630 2360 Ac-

106 2380 279 2449 cidit
338 2380 537 2448 etiam
597 2379 1030 2466 quandoque,
1086 2389 1205 2459 ut,
1266 2379 1623 2448 Catharina
1674 2384 1928 2449 Romae
1975 2391 2316 2461 manente,
2369 2380 2632 2449 Tiberis

107 2480 299 2539 tanta
343 2468 651 2538 existeret
698 2467 1078 2550 inundatiO,
1130 2479 1207 2538 ut
1249 2468 1538 2538 Romani
1593 2469 1790 2538 Urbis
1822 2468 2163 2538 excidium
2204 2482 2623 2539 vererentur.

102 2564 261 2628 Jam
314 2558 496 2626 enim
547 2570 816 2647 pontem
852 2563 1369 2626 Later-anensem
1417 2569 1480 2627 et
1529 2563 1593 2627 S.
1628 2557 1866 2627 Jacobi
1898 2559 2414 2638 monasterium,
2451 2557 2632 2627 mul-

104 2659 313 2732 taque
368 2644 745 2734 adjacentia
792 2645 1102 2715 aedificia
1150 2647 1339 2716 unda
1386 2658 1785 2716 excesserat.
1840 2650 2074 2734 Itaque
2123 2647 2355 2716 habito
2402 2646 2628 2716 consi-

103 2735 221 2814 lia,
265 2733 582 2803 advolant
614 2735 698 2803 ad
751 2739 815 2803 S.
869 2735 1326 2817 Gathar-inam,
1378 2748 1575 2804 orant
1622 2747 1698 2805 ut
1745 2757 1829 2804 ne
1876 2747 2197 2826 gravetur
2239 2757 2402 2805 cum
2455 2734 2628 2825 ipsis

102 2823 515 2893 descendere
563 2824 646 2892 ad
697 2823 1148 2894 insanientem
1199 2824 1512 2906 fluvium,
1552 2847 1713 2893 suas
1763 2846 1997 2914 preces
2047 2824 2146 2892 illi
2193 2824 2617 2915 oppositura.

104 2912 231 2980 Illa
278 2933 434 2980 cum
486 2911 809 3001 lacrymis
860 2926 1081 3003 negat,
1121 2935 1190 2980 se
1240 2912 1596 3003 indignam
1644 2913 1993 2983 arbitrata.
2047 2915 2123 2982 At
2153 2912 2441 2982 Romani
2473 2933 2626 2981 eam

103 3000 207 3068 vel
257 3000 539 3069 invitam
590 3000 886 3082 tollunt,
941 3013 1006 3072 et
1050 3023 1088 3070 e
1133 3001 1337 3070 domo
1383 3013 1851 3093 exportatam,
1908 2995 2368 3073 saevientibus
2415 3000 2626 3071 undis

102 3089 461 3158 obiiciunt.
498 3096 638 3159 Mox
670 3102 745 3160 ut
782 3090 892 3158 illa
928 3111 1140 3176 aquas
1172 3090 1463 3179 pedibus
1492 3090 1738 3181 attigit,
1773 3113 1892 3160 cae
1940 3102 2313 3175 retrorsum
2362 3089 2614 3171 abiere,

99 3199 308 3247 suum
358 3179 623 3247 alveum
678 3190 1073 3269 repetentes,
1112 3182 1395 3269 Stupent
1440 3201 1703 3261 omnes,
1743 3179 2162 3267 laudantque
2204 3180 2617 3248 immensam

99 3268 434 3335 Creatoris
470 3268 862 3357 potentiam,
917 3267 1040 3355 qui
1076 3267 1279 3336 etiam
1329 3266 1400 3335 in
1450 3268 1658 3337 undis
1694 3267 2038 3337 mirabilia
2076 3267 2284 3338 efficit
2312 3290 2434 3359 per
2467 3290 2626 3338 san-

97 3367 247 3425 ctos
287 3377 470 3425 suos

187 3447 225 3530 ξ
277 3450 433 3515 2⁶3.
496 3449 660 3513 Cum
711 3454 938 3513 autem
987 3455 1223 3514 sancta
1264 3444 1451 3534 virgo
1499 3444 1798 3533 profecta
1830 3457 2006 3513 esset
2031 3445 2404 3535 Neapolim,
2442 3444 2618 3514 illic-

92 3555 232 3620 que
282 3533 586 3602 haereret
631 3535 717 3603 ob
775 3533 1162 3623 colligenda
1208 3545 1273 3602 et
1318 3532 1815 3601 conscribenda
1863 3534 2220 3615 miracula,
2274 3555 2450 3619 quae
2499 3554 2621 3624 per

91 3627 167 3690 B.
226 3621 573 3712 Birgittam
619 3635 753 3690 tam
805 3623 873 3690 in
923 3624 1102 3704 vita,
1155 3644 1363 3709 quam
1413 3633 1564 3712 post
1609 3622 1874 3690 obitum
1931 3622 2084 3709 ejus
2131 3621 2462 3690 Dominus
2526 3622 2622 3691 ibi

90 3724 417 3801 operatus
462 3722 585 3792 est,
638 3711 819 3780 fama
847 3712 1222 3780 sanctitatis
1250 3711 1400 3800 ejus
1441 3712 1768 3810 permota
1809 3710 2149 3797 quaedam
2210 3731 2463 3800 magna
2496 3708 2616 3779 do-

89 3799 285 3868 mina
336 3800 517 3868 venit
560 3800 644 3868 ad
676 3821 851 3880 eam,
890 3812 1140 3869 etcum
1176 3800 1500 3888 lacrym1s
1525 3798 1882 3888 explicavit
1910 3799 1996 3880 ei,
2027 3798 2618 3886 quemadmodum

86 3887 234 3957 filia
266 3888 437 3977 ejus,
471 3889 617 3957 viro
645 3888 901 3970 orbata,
937 3888 1338 3979 gravissime
1364 3886 1799 3956 infestaretur
1826 3909 1867 3957 a
1894 3886 2227 3956 daemone
2253 3901 2613 3968 nocturn0,

84 3976 272 4064 quod
322 3977 602 4063 quidem
651 3979 738 4048 ob
784 3998 1219 4048 communem
1270 3977 1755 4046 verecundiam
1804 3998 1938 4045 non
1988 3987 2165 4046 esset
2230 3998 2399 4045 ausa
2449 3996 2615 4065 ape·-

81 4066 224 4135 rire
275 4067 701 4156 propinquis,
757 4066 872 4137 sed
909 4088 989 4135 ex
1027 4065 1349 4156 opinione
1397 4065 1776 4135 sanctitatis
1822 4065 1972 4155 ejus
2018 4076 2296 4154 sumpta
2330 4064 2610 4146 fiduci&

83 4156 107 4224 i
164 4154 225 4224 si
290 4154 595 4225 indicare
644 4177 779 4225 non
845 4154 1245 4224 dubitasset.
1300 4155 1420 4224 His
1469 4154 1758 4233 auditis,
1812 4153 2004 4223 valde
2067 4152 2344 4223 illarum
2393 4152 2612 4244 vicem

136 4243 362 4313 olebat
388 4245 769 4326 Catharina,
803 4256 870 4314 et
917 4244 1114 4314 tacite
1147 4265 1381 4313 secum
1433 4242 1666 4333 legens
1713 4241 1922 4312 semel
1973 4242 2448 4313 salutationem
2485 4264 2608 4311 an-

85 4331 407 4424 gelicam,
458 4346 535 4403 ut
580 4355 851 4424 semper
895 4345 1038 4402 erat
1088 4333 1327 4414 solita,
1380 4354 1538 4401 cum
1590 4332 1673 4400 de
1722 4332 1928 4402 rebus
1976 4331 2404 4422 spiritalibus
2452 4353 2614 4400 con-

82 4420 453 4504 suleretur,
511 4421 1042 4492 saluberrimum
1092 4422 1191 4491 eis
1237 4421 1607 4492 consilium
1656 4420 2008 4512 impertiit.
2048 4420 2296 4502 Prim0,
2333 4431 2411 4488 ut
2442 4439 2612 4508 pure
