3327 4999
242 324 478 393 MART.
537 326 618 390 115
956 339 1040 390 nu
1088 341 1145 389 s,
1196 341 1469 391 Lonomo
1516 298 1785 390 cnm-nn.
1837 342 2027 390 MART.
2549 325 2680 392 293

242 429 506 518 quidem
542 426 671 496 fuit
718 426 1113 518 praeclarus
1140 426 1548 505 confutator,
1585 448 1789 495 verax
1826 438 2057 495 autem
2100 424 2286 496 testis
2331 427 2658 509 veritatiS,
2696 439 2775 499 ut

242 518 352 605 qui
375 539 506 586 non
525 514 932 586 sustinuerit
957 515 1372 585 calumniari
1404 515 1749 586 Christum
1781 527 2109 602 tanquam
2139 514 2316 584 furto
2337 530 2762 608 surreptum:

248 606 355 676 sed
388 606 630 696 lingua
674 616 740 674 et
779 616 1003 674 mente
1036 603 1251 675 libera
1297 624 1457 674 eum
1508 625 1743 673 verum
1793 626 1942 675 esse
1989 608 2198 673 Deum
2254 606 2664 695 praedicarit
2712 616 2778 676 et

246 717 282 765 e
324 693 609 767 mortuis
640 714 790 764 esse
835 693 1200 763 excitatum
1234 692 1701 762 affirmaverit.
1755 698 1901 776 Quo
1949 692 2203 763 factum
2242 705 2365 777 est,
2401 707 2480 764 ut
2523 707 2589 765 et
2625 695 2779 785 ipse

246 784 493 854 Pilatus
538 794 604 853 et
638 781 1066 852 ‚Iudaeorum
1125 802 1515 875 synagogae
1582 782 1955 883 principeS‚
2006 781 2339 851 invidiam
2394 805 2530 869 qua
2582 786 2778 875 prius

247 873 688 943 movebantur
732 871 804 939 in
855 870 1197 941 Christum
1228 883 1295 940 et
1339 891 1541 957 quem
1576 893 1647 939 ln
1697 892 1856 940 eum
1905 871 2138 940 animo
2171 871 2651 973 concipiebant
2675 871 2779 941 fu-

247 984 484 1043 rorem,
528 982 689 1030 eum
745 981 932 1030 nuuc
979 960 1052 1028 in
1102 960 1484 1051 Longinum
1544 961 1980 1042 transferant,
2033 959 2096 1028 ei
2157 959 2328 1029 adeo
2377 974 2773 1044 irascenteS,

242 1062 311 1121 ut
352 1048 685 1139 quicquid
732 1060 1078 1139 pateretur
1124 1048 1495 1139 LonginuS,
1530 1049 2001 1119 existimarent
2046 1071 2204 1118 eum
2249 1071 2384 1119 non
2434 1050 2601 1122 satis
2656 1049 2781 1119 da-

238 1151 467 1210 turum
501 1159 650 1209 esse
698 1159 1102 1229 poenarum.
1141 1137 1316 1207 Hinc
1349 1159 1428 1206 ea
1467 1158 1576 1207 res
1604 1139 1791 1207 venit
1829 1137 1915 1207 ad
1965 1159 2168 1209 aures
2220 1137 2510 1228 Longini
2559 1151 2626 1208 et
2670 1161 2783 1209 eo-

237 1251 386 1298 rum
427 1228 529 1296 ira
560 1227 688 1296 fuit
732 1226 793 1295 ei
841 1225 1251 1317 significata.
1300 1231 1727 1318 Quapropter
1784 1227 2004 1317 magis
2055 1226 2288 1296 volens
2353 1227 2560 1319 abjici
2609 1250 2771 1298 cum

234 1318 500 1388 Christo
536 1337 746 1403 quam
789 1316 1094 1385 habitare
1143 1315 1212 1384 in
1269 1314 1733 1385 tabernaculis
1765 1316 2214 1396 Judaeorum,
2259 1339 2421 1385 cum
2475 1330 2655 1387 veste
2713 1329 2780 1387 et

232 1405 516 1497 cingulo
562 1404 939 1495 dignitatis,
991 1404 1216 1494 ipsam
1248 1426 1522 1492 quoque
1579 1404 1789 1475 simul
1837 1404 2357 1495 quamprimum
2411 1404 2596 1475 exuit
2644 1406 2780 1474 mi-

233 1494 479 1565 litiam.
523 1498 601 1563 Et
638 1493 935 1584 acceptis
966 1491 1239 1563 duobus
1289 1492 1624 1563 militibus
1655 1493 1775 1581 qui
1824 1494 2167 1563 habebant
2201 1493 2521 1563 eumdem
2555 1494 2779 1563 zelum

229 1606 355 1676 pro
407 1582 673 1652 Christo
718 1593 784 1651 et
848 1581 1160 1664 veritate,
1240 1580 1539 1652 declinat
1585 1604 1745 1653 cum
1806 1582 2062 1674 populo
2100 1584 2660 1674 congressionem
2715 1592 2781 1653 et

229 1695 390 1742 cum
434 1677 560 1741 Deo
601 1670 745 1740 solo
777 1683 841 1741 et
875 1691 1105 1740 secum
1156 1682 1491 1741 versatur.

319 1763 357 1849 ξ
405 1765 499 1832 3.
554 1765 684 1829 Nec
735 1759 1032 1828 multum
1082 1759 1463 1829 intercessit
1509 1758 1858 1850 temporis.
1898 1771 1963 1830 et
2000 1759 2257 1829 relictis
2293 1760 2770 1851 Jerosolymis,

211 1850 421 1921 .venit
480 1849 548 1917 iu
600 1847 1126 1939 Cappadociam,
1182 1869 1428 1939 praeco
1494 1849 1703 1920 simul
1753 1862 1818 1919 et
1862 1849 2214 1939 apostolus
2262 1849 2509 1919 Christi
2557 1849 2783 1919 admi-

233 1937 562 2008 rabilium
615 1957 926 2027 operum,
964 1948 1028 2006 et
1074 1959 1251 2024 quae
1301 1948 1463 2007 sunt
1501 1950 1773 2028 praeter
1800 1938 2193 2028 opinionem
2231 1960 2390 2008 cum
2433 1938 2574 2007 illis
2605 1939 2782 2008 duo-

230 2026 369 2096 bus
418 2025 760 2095 militibus
806 2025 1110 2108 effectus.
1165 2030 1333 2095 Cum
1382 2037 1611 2096 autem
1661 2048 1902 2097 eorum
1951 2025 2124 2096 nihil
2167 2025 2404 2096 lateret
2448 2027 2772 2108 Judaeos,

236 2127 472 2206 utpote
512 2113 694 2201 quod
744 2113 926 2183 fama
972 2114 1058 2183 ad
1107 2135 1348 2184 omnes
1397 2115 1784 2206 Longinum
1833 2116 2344 2196 transmitteret,
2380 2127 2446 2186 et
2542 2115 2782 2185 erinde

242 2225 324 2271 ac
370 2203 577 2273 allata
610 2204 979 2294 perniciter
1022 2224 1297 2272 omnem
1349 2215 1775 2293 percurreret
1806 2203 2179 2295 regionem.
2213 2204 2259 2272 ii
2296 2138 2785 2274 simulpconve-

243 2291 509 2361 nientes
553 2291 970 2383 persuadent
1016 2290 1252 2372 Pilato,
1306 2304 1380 2360 ut
1428 2292 1511 2361 de
1576 2292 1882 2383 Longino
1945 2291 2349 2375 maledicat,
2401 2304 2466 2362 et
2513 2293 2783 2384 signifi-

246 2391 352 2448 cet
384 2382 669 2461 Caesari,
709 2381 891 2468 quod
934 2379 1157 2450 aliena
1191 2380 1470 2451 sentiret
1502 2380 1588 2451 ab
1620 2381 1917 2471 Imperio
1951 2386 2455 2463 Romanorum,
2502 2394 2566 2451 et
2594 2383 2780 2469 quod

246 2466 571 2559 neglectis
617 2470 854 2553 armis,
912 2469 1253 2540 Christum
1305 2469 1651 2560 praedicet
1695 2470 2064 2557 quemdam
2119 2492 2345 2562 regem
2399 2470 2768 2541 Gentibus:

247 2568 312 2627 et
354 2559 448 2629 sic
490 2580 726 2631 omnes
761 2559 831 2628 in
883 2581 1081 2628 suam
1129 2559 1451 2650 redigens
1497 2571 1921 2650 potestatem,
1974 2561 2270 2630 attrahat
2324 2559 2409 2629 ad
2462 2559 2653 2629 illius
2701 2560 2783 2630 fi-

245 2645 418 2717 dem.
472 2652 720 2717 Eorum
770 2659 1026 2727 autem,
1082 2648 1380 2738 ajebant,
1433 2670 1609 2735 quae
1657 2648 2011 2731 dicuntur,
2067 2648 2345 2739 signum
2395 2661 2532 2722 est.
2587 2649 2777 2736 quod

242 2734 627 2806 universam
664 2735 1158 2827 Cappadociam
1210 2758 1289 2806 ea
1340 2737 1647 2827 implevit
1693 2737 2028 2807 doctrina.
2090 2741 2256 2806 Cum
2288 2736 2398 2806 his
2431 2737 2650 2809 literis
2684 2737 2781 2807 si—

238 2824 377 2893 mul
437 2826 646 2895 etiam
718 2826 1039 2895 emittunt
1101 2825 1476 2915 pecuniaS,
1533 2826 1601 2895 in
1654 2847 1858 2897 aures
1906 2826 2211 2897 Caesaris
2259 2825 2561 2897 volentes
2610 2827 2779 2896 irre-

232 2932 413 3003 pere,
470 2926 551 2983 ut
597 2913 882 3004 Longini
932 2919 1219 2983 mortem
1269 2913 1469 2983 facile
1515 2927 1842 2984 emerent.
1879 2915 2078 2997 Quod
2111 2915 2391 3003 quidem
2444 2915 2781 3006 processit

230 3002 437 3073 etiam
499 3014 577 3072 ut
632 3002 991 3073 videbatur
1027 3001 1327 3073 ludaeis.
1372 3007 1445 3073 Et
1480 3008 1692 3073 Roma
1743 3003 1971 3074 statim
2023 3004 2095 3072 in
2143 3004 2478 3074 Judaeam
2534 3004 2618 3074 ad
2674 3005 2784 3074 Pi-

229 3089 449 3161 latum
505 3089 874 3161 mittuntur
920 3090 1197 3171 literae..
1228 3113 1404 3178 quae
1453 3092 1839 3193 Longinum
1900 3104 2116 3161 morte
2172 3092 2623 3164 damnabant.
2678 3093 2783 3162 Pi·-

230 3178 414 3250 latus
462 3200 543 3247 er
591 3200 630 3247 o
667 3179 967 3271 acceptis
1015 3179 1252 3262 literis,
1304 3201 1420 3250 eas
1469 3193 1698 3250 statim
1750 3180 1958 3250 tradit
1996 3181 2306 3263 ,Iudae-is,
2346 3192 2413 3250 et
2461 3182 2548 3252 ad
2597 3182 2781 3251 beati

228 3268 357 3339 viri
410 3289 537 3338 cae
588 3273 697 3336 em
746 3268 995 3338 alacris
1042 3268 1301 3338 alacres
1347 3268 1617 3339 emittit.
1673 3267 1784 3338 Illi
1831 3283 2055 3340 autem
2100 3292 2259 3339 cum
2311 3282 2547 3352 totam,
2603 3292 2782 3358 quae

228 3356 743 3438 intercedebat,
796 3357 1142 3448 regionem
1196 3357 1495 3428 maxima
1542 3358 2004 3449 pervasissent
2049 3358 2392 3429 celeritate
2431 3414 2444 3433 .
2496 3359 2786 3429 veniunt

229 3446 300 3515 in
353 3444 841 3536 Cappadocum
894 3444 1270 3536 regionem:
1321 3456 1388 3515 et
1434 3469 1593 3516 cum
1643 3446 2029 3517 audiissent
2067 3447 2451 3538 Longinum
2503 3447 2572 3517 in
2611 3470 2780 3535 quo·

227 3534 391 3603 dam
434 3555 606 3625 agro
644 3545 927 3625 paterno
966 3556 1165 3626 agere
1195 3535 1403 3604 vitam
1453 3535 1541 3605 ab
1587 3535 1779 3605 omni
1830 3536 2099 3627 negotio
2148 3549 2505 3618 remotam,
2543 3536 2779 3609 statim

228 3623 522 3693 veniunt
562 3622 630 3690 in
681 3645 950 3713 agrum,
985 3637 1051 3692 et
1095 3645 1256 3694 cum
1308 3624 1613 3715 Longino
1662 3645 2016 3695 sermones
2047 3624 2433 3706 conferunt,
2469 3625 2783 3695 nescien-

226 3722 327 3782 tes
374 3733 539 3782 eum
588 3731 737 3781 esse
768 3767 783 3790 ,
837 3724 1113 3803 propter
1155 3733 1363 3798 quem
1414 3725 1552 3782 tam
1605 3734 1895 3805 magnos
1962 3714 2231 3784 labores
2279 3713 2775 3803 suscepissent,

225 3813 293 3871 et
339 3801 472 3870 iter
521 3800 997 3871 confecissent.
1036 3801 1226 3870 Unde
1272 3800 1477 3870 etiam
1528 3800 1728 3871 illum
1777 3801 2009 3892 ipsum
2061 3802 2420 3893 rogabant,
2455 3803 2782 3889 quisnam

222 3902 405 3959 esset
445 3888 824 3978 Longinus,
858 3903 924 3959 et
970 3888 1040 3957 in
1090 3910 1394 3976 quonam
1444 3889 1727 3980 praedio
1774 3889 2134 3960 habitaret.
2172 3895 2304 3960 Lon
2364 3891 2560 3960 inum
2590 3891 2781 3961 enim

226 3977 604 4047 studebant
631 3976 809 4046 clam
847 3976 1154 4069 aggredi,
1207 3979 1526 4051 timentes
1575 4000 1660 4048 ne
1708 3978 2001 4049 salutem
2036 3978 2170 4049 sibi
2201 3979 2323 4070 fug
2392 3993 2777 4067 quaereret.

230 4065 656 4156 Ignorabant
728 4077 956 4136 autem
1019 4088 1175 4137 eum
1242 4068 1464 4159 magis
1527 4067 1803 4139 studere
1848 4080 1925 4137 ut
1972 4081 2362 4158 caperetur,
2415 4091 2625 4156 quam
2677 4069 2780 4139 illi

228 4166 301 4223 ut
345 4165 699 4245 caperent.
754 4155 1162 4228 Imitabatur
1223 4156 1410 4225 enim
1458 4169 1746 4226 mortem
1798 4155 1989 4227 illius
2035 4156 2519 4240 voluntariam,
2571 4179 2781 4245 quem

220 4261 388 4313 ¹cum
445 4242 729 4313 vidisset
774 4243 846 4311 in
885 4266 1116 4326 cruce,
1155 4249 1364 4315 Deum
1402 4244 1531 4314 fuit
1569 4245 1952 4316 confessus:
1989 4257 2054 4316 et
2087 4246 2435 4334 quomodo
2469 4247 2779 4317 Christus

240 4345 518 4423 propter
565 4353 712 4414 nos,
765 4331 859 4402 ita
907 4333 1260 4423 Longinus
1311 4345 1587 4424 propter
1634 4334 1978 4405 Christum
2029 4334 2307 4405 caedem
2361 4335 2657 4405 sitiebat.

319 4421 355 4508 ἕ
385 4426 477 4495 4.
528 4425 691 4490 Cum
740 4443 903 4513 ergo
931 4421 1228 4512 Spiritus
1259 4425 1546 4492 Sanctus
1584 4422 1705 4493 illa
1736 4424 1906 4494 hora
1931 4422 1993 4494 ei
2024 4424 2257 4494 omnia
2291 4421 2772 4515 significasset,
