3327 4999
154 326 366 393 MART.
419 330 500 393 42
1007 347 1085 393 na
1133 347 1189 394 S.
1244 345 1554 394 Gnaeomo
1602 346 1762 393 ΡΑΡΑ
2440 328 2570 394 207

153 426 475 496 hominum
528 426 811 495 Domine
858 437 922 495 et
959 423 1172 513 judex
1207 426 1420 516 juste,
1474 426 1587 495 hic
1637 423 1867 516 potius
1912 445 1993 524 ea
2035 422 2232 523 mibi,
2289 435 2353 494 et
2402 447 2539 495 non
2583 426 2655 495 in

151 516 353 586 seculo
396 515 663 595 sutum,
720 515 1112 585 retribue.»
1164 515 1404 585 Statim
1453 514 1688 583 divina
1733 535 1860 582 vox
1907 525 2120 601 jussit
2175 513 2353 582 tradi
2400 516 2655 584 Mauri-

150 606 298 673 tium
340 618 405 674 et
449 607 910 675 Constantiam
949 625 1228 672 uxorem
1277 603 1428 693 ejus
1474 625 1633 672 cum
1685 601 1849 672 filiis
1896 613 1960 669 et
1992 600 2294 682 filiabus,
2326 604 2658 690 omnique

147 694 519 783 cognatione
567 692 810 783 ipsius,
868 691 1126 761 Phocae
1160 691 1385 761 militi.
1426 690 1772 781 Evigilans
1826 711 1986 779 ergo
2031 690 2414 773 Mauritius,
2469 693 2659 762 misit

146 782 651 871 paroehoenum,
687 794 752 851 et
781 781 1041 851 vocavit
1070 781 1156 850 ad
1190 803 1261 850 se
1309 780 1772 872 Philippicum
1809 800 2139 869 generum
2175 802 2406 861 suum,
2442 803 2654 868 quem

145 870 381 941 dudum
431 871 824 961 suspicatus
872 869 1113 950 fuerat,
1168 871 1541 960 Imperium
1595 869 1730 939 sibi
1764 866 1932 937 velle
1980 867 2363 958 subripere.
2416 874 2492 939 At
2540 870 2658 940 ille

143 981 251 1049 pro
279 960 674 1050 suspicione
720 981 791 1028 se
838 957 1266 1049 perdendum
1300 958 1699 1050 conjicienS,
1750 956 2116 1026 advocatae
2142 957 2433 1027 Gordiae
2462 958 2659 1029 uxori

144 1069 305 1128 suae,
342 1062 672 1135 tanquam
725 1069 859 1117 non
908 1069 981 1117 se
1023 1047 1391 1130 revisurae,
1445 1047 1770 1118 ultimum
1821 1045 1968 1115 vale
2014 1044 2209 1116 dixit.
2250 1051 2656 1117 Sacramen-

144 1146 318 1225 toque
379 1136 894 1207 communionis
941 1150 1260 1226 accepto,
1325 1136 1410 1206 ad
1478 1135 1810 1227 palatium
1871 1133 2074 1214 venit,
2136 1145 2202 1203 et
2247 1135 2654 1206 cubiculum

143 1226 558 1316 Imperatoris
619 1224 1034 1315 ingrediens,
1089 1225 1173 1294 ad
1273 1226 1434 1295 edes
1494 1226 1644 1315 ejus
1695 1222 2010 1313 procidit.
2065 1223 2187 1292 Cui
2236 1228 2657 1315 Imperatore

140 1334 507 1406 assurgens,
561 1314 644 1383 ad
698 1313 904 1405 pedes
949 1314 1104 1402 ejus
1153 1315 1224 1383 ni
1284 1314 1609 1385 ilominus
1655 1312 1937 1392 corruit,
1969 1311 2250 1384 dicens:
2307 1318 2656 1404 «Ignosce

143 1402 441 1491 deprecor
491 1402 701 1481 mihi,
737 1403 903 1489 quia
949 1425 1136 1472 nunc
1187 1403 1483 1494 profecto
1513 1402 1748 1472 divina
1796 1400 2204 1470 revelatione
2251 1401 2494 1474 doctus
2542 1425 2657 1472 co-

137 1493 316 1590 gnovi
358 1490 549 1580 quod
577 1491 747 1560 nihil
784 1491 855 1560 in
887 1513 996 1560 me
1025 1491 1210 1562 unde
1240 1492 1668 1583 suspicabar,
1705 1488 2172 1560 commiseris:
2219 1490 2335 1559 sed
2365 1491 2423 1560 si
2496 1513 2654 1561 uem

137 1602 194 1648 111
226 1581 624 1682 agminibus
673 1580 924 1650 nostris
969 1582 1328 1681 cognoscis
1373 1582 1489 1669 qui
1542 1580 1800 1651 Phocas
1848 1578 2059 1649 soleat
2104 1578 2406 1659 vocitari,
2500 1580 2656 1650 icito

137 1669 307 1739 mihi.
338 1694 371 1736 »
422 1675 503 1738 Et
532 1668 962 1759 Philippicus
1009 1670 1133 1740 diu
1179 1671 1363 1761 apud
1414 1693 1485 1740 se
1534 1668 1917 1759 recogitans
1962 1668 2092 1736 ait:
2147 1672 2427 1738 «Unum
2487 1670 2658 1739 Pho-

131 1777 262 1826 cam
311 1780 654 1850 cognosco
687 1758 809 1844 qui
860 1780 1079 1848 nuper
1110 1773 1509 1849 procurator
1537 1760 1623 1829 ab
1662 1757 1961 1827 exercitu
1990 1769 2454 1846 nuncupatUS‚
2492 1780 2655 1828 con-

136 1846 494 1917 tradicebat
540 1860 656 1916 tuo
705 1847 1091 1936 Imperio.»
1141 1852 1308 1917 Cum
1358 1870 1512 1917 vero
1562 1846 1918 1917 Mauritius
1978 1845 2063 1914 de
2126 1845 2456 1931 qualitate
2504 1847 2656 1936 ejus

132 1931 516 2021 inquireret,
570 1934 999 2026 Philippicas
1046 1937 1181 2005 ait:
1236 1941 1410 2007 «Est
1440 1937 1719 2023 quidem
1772 1934 2071 2022 juveniS,
2110 1948 2175 2003 et
2223 1936 2649 2015 temerarius,

133 2035 193 2090 at
234 2025 544 2095 timidus.
575 2047 610 2091 ἱ>
660 2029 738 2092 Et
784 2024 1186 2095 Mauritius:
1240 2058 1274 2090 ·.·.
1301 2025 1371 2095 Si
1419 2026 1729 2103 timidus,
1768 2023 2016 2110 inquit,
2071 2022 2372 2112 profecto
2418 2036 2484 2093 et
2531 2023 2655 2092 ho-

133 2111 391 2183 micida.
422 2136 463 2181 »
515 2118 827 2199 Dumque
875 2135 1083 2204 super
1130 2112 1532 2203 hujusmodi
1580 2112 1923 2193 titubaret,
1963 2112 2034 2180 in
2083 2111 2464 2181 crastinum
2516 2118 2655 2181 Ma-

132 2199 495 2354 {istrianus
542 2201 629 2270 ab
678 2202 1015 2283 Eremitis,
1067 2201 1324 2289 quibus
1371 2201 1812 2292 Imperatoris
1841 2221 2075 2290 preces
2110 2212 2514 2288 portaverat,
2546 2222 2656 2269 re-

174 2287 348 2372 iens‚
430 2312 843 2380 responsum
906 2290 1183 2373 retulit,
1259 2290 1537 2360 dicens:
1603 2313 1637 2357 «
1676 2294 1852 2359 Deus
1916 2290 2188 2379 recepta
2237 2289 2657 2379 poenitentia

132 2381 258 2459 tua,
320 2379 618 2450 salvabit
678 2379 980 2448 animam
1051 2392 1265 2459 tuam,
1317 2392 1382 2448 et
1428 2402 1586 2450 cum
1638 2378 1896 2448 sanctis
1945 2390 2008 2447 te
2053 2397 2211 2446 cum
2263 2388 2400 2447 tota
2447 2378 2654 2448 domo

132 2473 233 2535 tua
274 2468 683 2540 constituet:
737 2467 824 2538 ab
872 2468 1168 2560 Imperio
1229 2490 1386 2539 vero
1448 2491 1608 2540 cum
1676 2467 2056 2559 ignominia
2123 2478 2190 2536 et
2249 2465 2655 2537 discrimine

129 2553 402 2629 decides.
436 2582 473 2626 »

203 2646 237 2731 ἓ
295 2653 437 2720 14.
494 2645 764 2727 Quibus
810 2644 1089 2727 auditiS,
1134 2644 1493 2716 Mauritius
1544 2646 1912 2716 Dominum
1961 2643 2382 2736 glorificanS,
2419 2645 2656 2735 poeni-

130 2733 383 2830 tentiam
440 2734 685 2814 tenuit,
740 2734 858 2803 sed
906 2756 947 2802 a
993 2735 1393 2825 cupiditatis
1441 2735 1725 2804 avaritia
1781 2734 2175 2820 usqueadeo
2235 2755 2368 2802 non
2431 2755 2656 2804 reces-

128 2832 220 2902 sit,
268 2837 342 2893 ut
387 2823 734 2893 exercitus
781 2822 852 2891 in
948 2822 1310 2895 ericulosis
1359 2823 1526 2894 locis
1574 2825 2010 2913 hyemarent,
2078 2835 2144 2892 et
2192 2822 2475 2892 transito
2525 2826 2652 2891 Da-

128 2912 343 2995 nubi0,
399 2913 662 2982 victum
704 2911 836 2981 sibi
882 2845 967 2980 d'e
1015 2911 1410 2982 Sclavorum
1462 2912 1738 3004 regione
1773 2910 2321 3001 periclitabunda
2367 2932 2653 2997 quaere-

130 3011 275 3080 rent,
316 3023 401 3070 ne
453 3000 768 3069 videlicet
805 2998 1132 3069 alimenta
1160 3000 1439 3091 publica
1469 3001 1992 3070 manducarent.
2033 2999 2225 3082 Quod
2261 3023 2421 3070 cum
2456 3005 2651 3069 Petro

128 3090 400 3172 praetori
435 3088 770 3158 feralibus
818 3089 1031 3159 literis
1079 3089 1494 3171 immineret,
1533 3089 1647 3158 ille
1709 3088 2102 3159 Taxiarchis
2163 3089 2459 3159 vocatis:
2513 3089 2647 3158 ait:

127 3177 365 3248 «Nimis
417 3177 599 3249 mihi
644 3176 966 3246 videntur
994 3177 1226 3268 gravia
1274 3178 1717 3267 Imperatoris
1766 3190 2152 3334 praecegm'
2181 3182 2529 3247 Romanos
2576 3177 2650 3246 in

124 3261 324 3336 aliena
374 3280 563 3338 terra
609 3265 932 3355 hyemare
960 3266 1299 3355 jubentia.
1338 3272 1502 3337 Nam
1554 3266 1658 3335 illi
1706 3288 1843 3336 non
1871 3266 1997 3336 obe
2051 3266 2171 3346 ire,
2204 3288 2483 3335 saevum
2519 3279 2649 3334 est:

123 3363 177 3420 et
219 3377 466 3426 rursus
515 3354 817 3436 obedire,
884 3355 1390 3425 saevissimum.
1442 3355 1725 3425 Nullum
1790 3354 2054 3424 bonum
2102 3355 2281 3444 parit
2340 3353 2649 3435 avaritia,

125 3443 270 3524 quia
317 3458 546 3515 mater
573 3443 887 3513 omnium
925 3443 1265 3513 malorum
1300 3443 1635 3514 consistit.
1675 3442 1851 3526 Quia
1880 3449 1980 3512 Im
2037 3457 2259 3513 erator
2285 3443 2648 3532 languenS,

122 3525 351 3626 horum
407 3531 876 3602 maximorum
917 3531 1258 3603 malorum
1310 3554 1522 3602 causa
1548 3531 1940 3602 Romanise
1993 3532 2271 3601 lcitur.»
2303 3531 2655 3601 Exercitus

120 3628 332 3708 ltaque
367 3623 504 3691 hoc
554 3643 675 3710 per
721 3620 1131 3692 Taxiarcltas
1177 3621 1436 3701 audit0,
1481 3621 1565 3690 ad
1599 3620 2004 3690 seditionem
2032 3620 2448 3690 convertitur
2475 3619 2657 3689 exal-

120 3714 465 3798 tatumque
514 3731 723 3800 super
766 3710 1086 3800 clypeum
1118 3709 1410 3779 Phocam
1440 3710 1939 3784 centurionem.
1991 3709 2377 3778 Exarchum
2425 3707 2648 3778 accla-

118 3813 403 3870 marunt.
464 3804 859 3889 Fugatoque
908 3812 1237 3889 praetore,
1291 3799 1667 3868 Theodosio
1715 3798 1859 3868 filio
1908 3798 2346 3888 Imperatoris
2378 3809 2442 3868 et
2490 3802 2653 3868 Ger-

118 3903 307 3978 mano
357 3909 599 3958 socero
636 3888 787 3978 ejus
836 3887 1168 3978 dirigunt,
1198 3898 1278 3957 ut
1308 3887 1479 3957 alter
1508 3886 1913 3959 eorum-sibi
1939 3887 2279 3987 imperare
2310 3887 2637 3957 studeret.

115 3972 214 4069 {¹¹5
258 3976 458 4047 nullo
510 3976 714 4046 modo
760 3987 1297 4046 consenserunt:
1351 3975 1565 4047 immo
1612 3976 1743 4046 hoc
1793 3975 2106 4045 Mauritio
2138 3975 2539 4045 retulerunt.
2572 3980 2649 4046 At

116 4057 221 4132 ille
265 4071 695 4136 Germanum
745 4064 1027 4155 perdere
1058 4064 1313 4135 voluit:
1347 4064 1469 4152 qui
1498 4066 1826 4152 quoniam
1862 4064 1931 4133 in
1962 4064 2320 4135 ecclesiam
2356 4064 2648 4156 fugerat,

114 4147 327 4222 fllium
379 4167 715 4241 tanquam
766 4154 1180 4244 proditorem
1231 4153 1342 4223 sui
1380 4153 1654 4225 consilii
1703 4153 2093 4243 flagellavit,
2141 4154 2531 4240 multosque
2559 4153 2650 4223 ad

114 4234 292 4312 hunc
354 4243 446 4312 ab
495 4242 733 4312 eadem
781 4242 1071 4313 ecclesia
1115 4241 1613 4312 extrahendum
1684 4241 2190 4323 transmittenS,
2265 4264 2652 4329 numquam

114 4332 566 4414 permittitur:
621 4332 835 4401 immo
883 4331 1121 4401 multis
1174 4331 1505 4402 conviciis
1551 4353 1587 4400 a
1643 4330 1897 4421 populo
1946 4330 2306 4412 laceratus,
2366 4330 2653 4400 Marcio-

115 4416 286 4489 nista
338 4419 732 4492 haereticus
777 4420 1184 4512 appellatur.
1247 4425 1324 4496 Et
1370 4431 1711 4490 commoto
1759 4419 1941 4490 intra
1987 4419 2647 4509 Constantinopolim
