<?xml version="1.0" encoding="UTF-8"?>
<!DOCTYPE html PUBLIC "-//W3C//DTD XHTML 1.0 Transitional//EN"
    "http://www.w3.org/TR/xhtml1/DTD/xhtml1-transitional.dtd">
<html xmlns="http://www.w3.org/1999/xhtml" xml:lang="en" lang="en">
 <head>
  <title>
</title>
<meta http-equiv="Content-Type" content="text/html;charset=utf-8" />
  <meta name='ocr-system' content='tesseract 3.04.00' />
  <meta name='ocr-capabilities' content='ocr_page ocr_carea ocr_par ocr_line ocrx_word'/>
</head>
<body>
  <div class='ocr_page' id='page_1' title='image "./historiaeseuvit04lippgoog_0421.png"; bbox 0 0 3327 4999; ppageno 0'>
   <div class='ocr_carea' id='block_1_1' title="bbox 218 310 2684 376">
    <p class='ocr_par' dir='ltr' id='par_1_1' title="bbox 218 310 2684 376">
     <span class='ocr_line' id='line_1_1' title="bbox 218 310 2684 376; baseline -0.001 0"><span class='ocrx_word' id='word_1_1' title='bbox 218 310 467 376; x_wconf 77' lang='lat' dir='ltr'><strong>MART.</strong></span> <span class='ocrx_word' id='word_1_2' title='bbox 522 311 607 374; x_wconf 75' lang='lat'>20</span> <span class='ocrx_word' id='word_1_3' title='bbox 692 332 702 345; x_wconf 93' lang='lat'><strong>·</strong></span> <span class='ocrx_word' id='word_1_4' title='bbox 832 326 912 375; x_wconf 72' lang='lat' dir='ltr'>nn</span> <span class='ocrx_word' id='word_1_5' title='bbox 960 327 1018 374; x_wconf 90' lang='lat' dir='ltr'>s.</span> <span class='ocrx_word' id='word_1_6' title='bbox 1071 327 1435 375; x_wconf 77' lang='lat' dir='ltr'>cUTnBEaro</span> <span class='ocrx_word' id='word_1_7' title='bbox 1483 327 1684 375; x_wconf 77' lang='lat' dir='ltr'>Erisc.</span> <span class='ocrx_word' id='word_1_8' title='bbox 1741 326 2144 374; x_wconf 63' lang='lat' dir='ltr'>mesrxan.</span> <span class='ocrx_word' id='word_1_9' title='bbox 2552 310 2684 374; x_wconf 78' lang='lat'>407</span> 
     </span>
    </p>
   </div>
   <div class='ocr_carea' id='block_1_2' title="bbox 158 411 2794 4461">
    <p class='ocr_par' dir='ltr' id='par_1_2' title="bbox 158 411 2788 2613">
     <span class='ocr_line' id='line_1_2' title="bbox 211 411 2776 501; baseline -0.002 -18"><span class='ocrx_word' id='word_1_10' title='bbox 211 426 448 483; x_wconf 86' lang='lat' dir='ltr'>autem</span> <span class='ocrx_word' id='word_1_11' title='bbox 499 411 919 501; x_wconf 81' lang='lat' dir='ltr'>ingredienS,</span> <span class='ocrx_word' id='word_1_12' title='bbox 979 411 1105 480; x_wconf 87' lang='lat' dir='ltr'>hac</span> <span class='ocrx_word' id='word_1_13' title='bbox 1154 412 1225 479; x_wconf 93' lang='lat' dir='ltr'>in</span> <span class='ocrx_word' id='word_1_14' title='bbox 1278 412 1438 481; x_wconf 87' lang='lat' dir='ltr'>sede</span> <span class='ocrx_word' id='word_1_15' title='bbox 1487 412 1802 481; x_wconf 87' lang='lat' dir='ltr'>membra</span> <span class='ocrx_word' id='word_1_16' title='bbox 1849 411 2233 500; x_wconf 86' lang='lat' dir='ltr'>composui,</span> <span class='ocrx_word' id='word_1_17' title='bbox 2271 433 2408 481; x_wconf 91' lang='lat' dir='ltr'>non</span> <span class='ocrx_word' id='word_1_18' title='bbox 2445 412 2625 481; x_wconf 91' lang='lat' dir='ltr'>movi</span> <span class='ocrx_word' id='word_1_19' title='bbox 2668 433 2776 480; x_wconf 91' lang='lat' dir='ltr'>me</span> 
     </span>
     <span class='ocr_line' id='line_1_3' title="bbox 214 500 2776 588; baseline -0.001 -18"><span class='ocrx_word' id='word_1_20' title='bbox 214 501 406 581; x_wconf 88' lang='lat' dir='ltr'>hinc,</span> <span class='ocrx_word' id='word_1_21' title='bbox 447 502 565 570; x_wconf 90' lang='lat' dir='ltr'>sed</span> <span class='ocrx_word' id='word_1_22' title='bbox 614 500 924 586; x_wconf 88' lang='lat' dir='ltr'>quinque</span> <span class='ocrx_word' id='word_1_23' title='bbox 970 500 1215 569; x_wconf 90' lang='lat' dir='ltr'>diebus</span> <span class='ocrx_word' id='word_1_24' title='bbox 1264 500 1373 569; x_wconf 90' lang='lat' dir='ltr'>bis</span> <span class='ocrx_word' id='word_1_25' title='bbox 1421 513 1485 569; x_wconf 89' lang='lat' dir='ltr'>et</span> <span class='ocrx_word' id='word_1_26' title='bbox 1535 501 1854 570; x_wconf 90' lang='lat' dir='ltr'>noctibus</span> <span class='ocrx_word' id='word_1_27' title='bbox 1906 501 2014 568; x_wconf 78' lang='lat' dir='ltr'>hic</span> <span class='ocrx_word' id='word_1_28' title='bbox 2045 500 2322 585; x_wconf 87' lang='lat' dir='ltr'>quietus</span> <span class='ocrx_word' id='word_1_29' title='bbox 2356 500 2776 588; x_wconf 79' lang='lat' dir='ltr'><strong>permansi.»</strong></span> 
     </span>
     <span class='ocr_line' id='line_1_4' title="bbox 213 587 2782 679; baseline -0 -21"><span class='ocrx_word' id='word_1_30' title='bbox 213 590 337 659; x_wconf 88' lang='lat' dir='ltr'>Cui</span> <span class='ocrx_word' id='word_1_31' title='bbox 385 611 511 679; x_wconf 84' lang='lat' dir='ltr'>ego</span> <span class='ocrx_word' id='word_1_32' title='bbox 560 589 692 678; x_wconf 88' lang='lat' dir='ltr'>ajo:</span> <span class='ocrx_word' id='word_1_33' title='bbox 729 612 765 653; x_wconf 87' lang='lat'>«</span> <span class='ocrx_word' id='word_1_34' title='bbox 803 592 880 656; x_wconf 89' lang='lat' dir='ltr'>Et</span> <span class='ocrx_word' id='word_1_35' title='bbox 925 587 1296 673; x_wconf 89' lang='lat' dir='ltr'>quomodo,</span> <span class='ocrx_word' id='word_1_36' title='bbox 1328 588 1609 657; x_wconf 91' lang='lat' dir='ltr'>domine</span> <span class='ocrx_word' id='word_1_37' title='bbox 1650 589 1745 657; x_wconf 90' lang='lat' dir='ltr'>mi</span> <span class='ocrx_word' id='word_1_38' title='bbox 1776 588 2120 678; x_wconf 79' lang='lat' dir='ltr'>episcope,</span> <span class='ocrx_word' id='word_1_39' title='bbox 2160 588 2258 658; x_wconf 89' lang='lat' dir='ltr'>sic</span> <span class='ocrx_word' id='word_1_40' title='bbox 2299 589 2520 656; x_wconf 89' lang='lat' dir='ltr'>vivere</span> <span class='ocrx_word' id='word_1_41' title='bbox 2558 589 2782 678; x_wconf 89' lang='lat' dir='ltr'>potui-</span> 
     </span>
     <span class='ocr_line' id='line_1_5' title="bbox 214 675 2780 766; baseline -0.001 -21"><span class='ocrx_word' id='word_1_42' title='bbox 214 679 335 746; x_wconf 71' lang='lat' dir='ltr'>sti?</span> <span class='ocrx_word' id='word_1_43' title='bbox 368 683 543 746; x_wconf 89' lang='lat' dir='ltr'>Num</span> <span class='ocrx_word' id='word_1_44' title='bbox 591 678 851 762; x_wconf 82' lang='lat' dir='ltr'>absque</span> <span class='ocrx_word' id='word_1_45' title='bbox 899 676 1036 744; x_wconf 93' lang='lat' dir='ltr'>cibi</span> <span class='ocrx_word' id='word_1_46' title='bbox 1090 677 1524 766; x_wconf 84' lang='lat' dir='ltr'>perceptione</span> <span class='ocrx_word' id='word_1_47' title='bbox 1575 689 1761 745; x_wconf 89' lang='lat' dir='ltr'>tanto</span> <span class='ocrx_word' id='word_1_48' title='bbox 1813 690 2118 766; x_wconf 90' lang='lat' dir='ltr'>tempore</span> <span class='ocrx_word' id='word_1_49' title='bbox 2167 675 2780 745; x_wconf 73' lang='lat' dir='ltr'>mansisti?»&#39;l&#39;um</span> 
     </span>
     <span class='ocr_line' id='line_1_6' title="bbox 212 764 2780 854; baseline -0 -21"><span class='ocrx_word' id='word_1_50' title='bbox 212 765 333 833; x_wconf 91' lang='lat' dir='ltr'>ille</span> <span class='ocrx_word' id='word_1_51' title='bbox 381 777 629 833; x_wconf 87' lang='lat' dir='ltr'>retecto</span> <span class='ocrx_word' id='word_1_52' title='bbox 664 764 1105 845; x_wconf 82' lang='lat' dir='ltr'>lectisterniO,</span> <span class='ocrx_word' id='word_1_53' title='bbox 1138 765 1248 834; x_wconf 90' lang='lat' dir='ltr'>cui</span> <span class='ocrx_word' id='word_1_54' title='bbox 1290 765 1845 854; x_wconf 90' lang='lat' dir='ltr'>superesedebat,</span> <span class='ocrx_word' id='word_1_55' title='bbox 1884 764 2184 834; x_wconf 78' lang='lat' dir='ltr'>ostendit</span> <span class='ocrx_word' id='word_1_56' title='bbox 2214 765 2307 834; x_wconf 89' lang='lat' dir='ltr'>ibi</span> <span class='ocrx_word' id='word_1_57' title='bbox 2336 787 2541 853; x_wconf 87' lang='lat' dir='ltr'>cepas</span> <span class='ocrx_word' id='word_1_58' title='bbox 2570 765 2780 850; x_wconf 92' lang='lat' dir='ltr'>quin-</span> 
     </span>
     <span class='ocr_line' id='line_1_7' title="bbox 213 852 2777 941; baseline 0 -20"><span class='ocrx_word' id='word_1_59' title='bbox 213 875 353 939; x_wconf 90' lang='lat' dir='ltr'>que</span> <span class='ocrx_word' id='word_1_60' title='bbox 400 852 811 933; x_wconf 76' lang='lat' dir='ltr'>reconditaS,</span> <span class='ocrx_word' id='word_1_61' title='bbox 867 864 932 920; x_wconf 89' lang='lat' dir='ltr'>et</span> <span class='ocrx_word' id='word_1_62' title='bbox 980 853 1116 921; x_wconf 88' lang='lat' dir='ltr'>ait:</span> <span class='ocrx_word' id='word_1_63' title='bbox 1173 875 1208 920; x_wconf 89' lang='lat'>«</span> <span class='ocrx_word' id='word_1_64' title='bbox 1244 854 1368 921; x_wconf 87' lang='lat' dir='ltr'>Hic</span> <span class='ocrx_word' id='word_1_65' title='bbox 1420 854 1593 921; x_wconf 86' lang='lat' dir='ltr'>mibi</span> <span class='ocrx_word' id='word_1_66' title='bbox 1645 852 1866 922; x_wconf 90' lang='lat' dir='ltr'>victus</span> <span class='ocrx_word' id='word_1_67' title='bbox 1925 865 2072 941; x_wconf 82' lang='lat' dir='ltr'>erat</span> <span class='ocrx_word' id='word_1_68' title='bbox 2123 853 2229 922; x_wconf 84' lang='lat' dir='ltr'>bis</span> <span class='ocrx_word' id='word_1_69' title='bbox 2269 855 2580 939; x_wconf 91' lang='lat' dir='ltr'>quinque</span> <span class='ocrx_word' id='word_1_70' title='bbox 2630 852 2777 921; x_wconf 90' lang='lat' dir='ltr'>die-</span> 
     </span>
     <span class='ocr_line' id='line_1_8' title="bbox 210 940 2776 1026; baseline -0 -17"><span class='ocrx_word' id='word_1_71' title='bbox 210 941 370 1009; x_wconf 82' lang='lat' dir='ltr'>bus,</span> <span class='ocrx_word' id='word_1_72' title='bbox 407 942 989 1026; x_wconf 83' lang='lat' dir='ltr'>Quotiescumque</span> <span class='ocrx_word' id='word_1_73' title='bbox 1036 941 1222 1009; x_wconf 89' lang='lat' dir='ltr'>enim</span> <span class='ocrx_word' id='word_1_74' title='bbox 1258 963 1335 1011; x_wconf 92' lang='lat' dir='ltr'>os</span> <span class='ocrx_word' id='word_1_75' title='bbox 1367 941 1688 1010; x_wconf 82' lang='lat' dir='ltr'>ariditate</span> <span class='ocrx_word' id='word_1_76' title='bbox 1717 964 1795 1009; x_wconf 88' lang='lat' dir='ltr'>ac</span> <span class='ocrx_word' id='word_1_77' title='bbox 1837 941 1950 1010; x_wconf 89' lang='lat' dir='ltr'>siti</span> <span class='ocrx_word' id='word_1_78' title='bbox 2001 941 2218 1009; x_wconf 73' lang='lat' dir='ltr'>nimia</span> <span class='ocrx_word' id='word_1_79' title='bbox 2268 942 2449 1010; x_wconf 91' lang='lat' dir='ltr'>aruit</span> <span class='ocrx_word' id='word_1_80' title='bbox 2479 954 2545 1010; x_wconf 92' lang='lat' dir='ltr'>et</span> <span class='ocrx_word' id='word_1_81' title='bbox 2578 940 2776 1008; x_wconf 86' lang='lat' dir='ltr'>arde-</span> 
     </span>
     <span class='ocr_line' id='line_1_9' title="bbox 212 1029 2779 1119; baseline 0 -22"><span class='ocrx_word' id='word_1_82' title='bbox 212 1029 353 1109; x_wconf 90' lang='lat' dir='ltr'>bat,</span> <span class='ocrx_word' id='word_1_83' title='bbox 408 1030 577 1098; x_wconf 88' lang='lat' dir='ltr'>haec</span> <span class='ocrx_word' id='word_1_84' title='bbox 606 1029 951 1119; x_wconf 83' lang='lat' dir='ltr'>gustando</span> <span class='ocrx_word' id='word_1_85' title='bbox 980 1050 1089 1098; x_wconf 91' lang='lat' dir='ltr'>me</span> <span class='ocrx_word' id='word_1_86' title='bbox 1121 1050 1426 1098; x_wconf 80' lang='lat' dir='ltr'>recreare</span> <span class='ocrx_word' id='word_1_87' title='bbox 1460 1052 1540 1098; x_wconf 89' lang='lat' dir='ltr'>ac</span> <span class='ocrx_word' id='word_1_88' title='bbox 1581 1029 1983 1118; x_wconf 80' lang='lat' dir='ltr'>refrigerare</span> <span class='ocrx_word' id='word_1_89' title='bbox 2012 1031 2273 1098; x_wconf 86' lang='lat' dir='ltr'>curavi.</span> <span class='ocrx_word' id='word_1_90' title='bbox 2313 1052 2349 1097; x_wconf 89' lang='lat'>»</span> <span class='ocrx_word' id='word_1_91' title='bbox 2403 1029 2779 1098; x_wconf 83' lang='lat' dir='ltr'>Videbatur</span> 
     </span>
     <span class='ocr_line' id='line_1_10' title="bbox 212 1116 2783 1206; baseline -0.001 -20"><span class='ocrx_word' id='word_1_92' title='bbox 212 1129 447 1186; x_wconf 90' lang='lat' dir='ltr'>autem</span> <span class='ocrx_word' id='word_1_93' title='bbox 497 1139 639 1187; x_wconf 92' lang='lat' dir='ltr'>una</span> <span class='ocrx_word' id='word_1_94' title='bbox 687 1117 772 1185; x_wconf 92' lang='lat' dir='ltr'>de</span> <span class='ocrx_word' id='word_1_95' title='bbox 817 1117 1007 1206; x_wconf 86' lang='lat' dir='ltr'>cepis</span> <span class='ocrx_word' id='word_1_96' title='bbox 1059 1116 1296 1186; x_wconf 90' lang='lat' dir='ltr'>minus</span> <span class='ocrx_word' id='word_1_97' title='bbox 1344 1140 1553 1203; x_wconf 88' lang='lat' dir='ltr'>quam</span> <span class='ocrx_word' id='word_1_98' title='bbox 1590 1117 1885 1186; x_wconf 89' lang='lat' dir='ltr'>dimidia</span> <span class='ocrx_word' id='word_1_99' title='bbox 1923 1131 2111 1205; x_wconf 86' lang='lat' dir='ltr'>parte</span> <span class='ocrx_word' id='word_1_100' title='bbox 2144 1140 2448 1187; x_wconf 86' lang='lat' dir='ltr'>corrosa.</span> <span class='ocrx_word' id='word_1_101' title='bbox 2483 1123 2783 1205; x_wconf 89' lang='lat' dir='ltr'>Insuper</span> 
     </span>
     <span class='ocr_line' id='line_1_11' title="bbox 211 1205 2781 1296; baseline -0 -22"><span class='ocrx_word' id='word_1_102' title='bbox 211 1205 348 1274; x_wconf 88' lang='lat' dir='ltr'>ait:</span> <span class='ocrx_word' id='word_1_103' title='bbox 404 1211 540 1274; x_wconf 89' lang='lat' dir='ltr'>«Et</span> <span class='ocrx_word' id='word_1_104' title='bbox 589 1218 1092 1273; x_wconf 82' lang='lat' dir='ltr'>concertatores</span> <span class='ocrx_word' id='word_1_105' title='bbox 1142 1205 1278 1273; x_wconf 91' lang='lat' dir='ltr'>mei</span> <span class='ocrx_word' id='word_1_106' title='bbox 1321 1227 1682 1291; x_wconf 89' lang='lat' dir='ltr'>nunquam</span> <span class='ocrx_word' id='word_1_107' title='bbox 1736 1227 1856 1289; x_wconf 86' lang='lat' dir='ltr'>per</span> <span class='ocrx_word' id='word_1_108' title='bbox 1903 1227 2108 1274; x_wconf 89' lang='lat' dir='ltr'>omne</span> <span class='ocrx_word' id='word_1_109' title='bbox 2160 1219 2459 1296; x_wconf 89' lang='lat' dir='ltr'>tempus,</span> <span class='ocrx_word' id='word_1_110' title='bbox 2514 1227 2594 1274; x_wconf 87' lang='lat' dir='ltr'>ex</span> <span class='ocrx_word' id='word_1_111' title='bbox 2641 1226 2781 1291; x_wconf 92' lang='lat' dir='ltr'>quo</span> 
     </span>
     <span class='ocr_line' id='line_1_12' title="bbox 213 1293 2780 1383; baseline -0.001 -21"><span class='ocrx_word' id='word_1_112' title='bbox 213 1294 287 1362; x_wconf 88' lang='lat' dir='ltr'>in</span> <span class='ocrx_word' id='word_1_113' title='bbox 333 1294 460 1361; x_wconf 89' lang='lat' dir='ltr'>hac</span> <span class='ocrx_word' id='word_1_114' title='bbox 515 1294 748 1362; x_wconf 90' lang='lat' dir='ltr'>insula</span> <span class='ocrx_word' id='word_1_115' title='bbox 796 1293 1189 1361; x_wconf 89' lang='lat' dir='ltr'>conversari</span> <span class='ocrx_word' id='word_1_116' title='bbox 1230 1294 1448 1383; x_wconf 92' lang='lat' dir='ltr'>coepi,</span> <span class='ocrx_word' id='word_1_117' title='bbox 1508 1306 1598 1363; x_wconf 93' lang='lat' dir='ltr'>tot</span> <span class='ocrx_word' id='word_1_118' title='bbox 1648 1294 1822 1362; x_wconf 89' lang='lat' dir='ltr'>mihi</span> <span class='ocrx_word' id='word_1_119' title='bbox 1922 1295 2411 1374; x_wconf 89' lang='lat' dir='ltr'>ersecutiones,</span> <span class='ocrx_word' id='word_1_120' title='bbox 2477 1306 2647 1380; x_wconf 88' lang='lat' dir='ltr'>quot</span> <span class='ocrx_word' id='word_1_121' title='bbox 2709 1293 2780 1360; x_wconf 92' lang='lat' dir='ltr'>in</span> 
     </span>
     <span class='ocr_line' id='line_1_13' title="bbox 208 1316 2780 1472; baseline -0.001 -22"><span class='ocrx_word' id='word_1_122' title='bbox 208 1381 325 1451; x_wconf 92' lang='lat' dir='ltr'>his</span> <span class='ocrx_word' id='word_1_123' title='bbox 373 1382 682 1468; x_wconf 90' lang='lat' dir='ltr'>quinque</span> <span class='ocrx_word' id='word_1_124' title='bbox 728 1381 1026 1461; x_wconf 87' lang='lat' dir='ltr'>diebus,</span> <span class='ocrx_word' id='word_1_125' title='bbox 1084 1381 1442 1449; x_wconf 78' lang='lat' dir='ltr'>intulere.»</span> <span class='ocrx_word' id='word_1_126' title='bbox 1493 1388 1635 1451; x_wconf 88' lang='lat' dir='ltr'>Non</span> <span class='ocrx_word' id='word_1_127' title='bbox 1685 1316 2029 1451; x_wconf 51' lang='lat' dir='ltr'>audebam</span> <span class='ocrx_word' id='word_1_128' title='bbox 2083 1381 2543 1472; x_wconf 84' lang='lat' dir='ltr'>interrogare,</span> <span class='ocrx_word' id='word_1_129' title='bbox 2599 1403 2780 1467; x_wconf 91' lang='lat' dir='ltr'>quae</span> 
     </span>
     <span class='ocr_line' id='line_1_14' title="bbox 211 1468 2778 1560; baseline -0.001 -22"><span class='ocrx_word' id='word_1_130' title='bbox 211 1482 447 1538; x_wconf 89' lang='lat' dir='ltr'>essent</span> <span class='ocrx_word' id='word_1_131' title='bbox 498 1470 923 1548; x_wconf 80' lang='lat' dir='ltr'>tentationeS,</span> <span class='ocrx_word' id='word_1_132' title='bbox 978 1468 1062 1537; x_wconf 92' lang='lat' dir='ltr'>de</span> <span class='ocrx_word' id='word_1_133' title='bbox 1109 1469 1368 1554; x_wconf 86' lang='lat' dir='ltr'>quibus</span> <span class='ocrx_word' id='word_1_134' title='bbox 1414 1469 1702 1538; x_wconf 87' lang='lat' dir='ltr'>dixerat:</span> <span class='ocrx_word' id='word_1_135' title='bbox 1759 1482 2024 1538; x_wconf 88' lang='lat' dir='ltr'>tantum</span> <span class='ocrx_word' id='word_1_136' title='bbox 2081 1470 2367 1560; x_wconf 84' lang='lat' dir='ltr'>rogavi,</span> <span class='ocrx_word' id='word_1_137' title='bbox 2424 1483 2498 1538; x_wconf 91' lang='lat' dir='ltr'>ut</span> <span class='ocrx_word' id='word_1_138' title='bbox 2569 1468 2778 1536; x_wconf 88' lang='lat' dir='ltr'>mini-</span> 
     </span>
     <span class='ocr_line' id='line_1_15' title="bbox 212 1556 2783 1646; baseline -0.001 -20"><span class='ocrx_word' id='word_1_139' title='bbox 212 1569 392 1626; x_wconf 90' lang='lat' dir='ltr'>stros</span> <span class='ocrx_word' id='word_1_140' title='bbox 440 1557 841 1646; x_wconf 87' lang='lat' dir='ltr'>susciperet.</span> <span class='ocrx_word' id='word_1_141' title='bbox 895 1557 1149 1625; x_wconf 85' lang='lat' dir='ltr'>Annuit</span> <span class='ocrx_word' id='word_1_142' title='bbox 1215 1557 1330 1627; x_wconf 89' lang='lat' dir='ltr'>ille</span> <span class='ocrx_word' id='word_1_143' title='bbox 1366 1612 1380 1636; x_wconf 92' lang='lat'>‚</span> <span class='ocrx_word' id='word_1_144' title='bbox 1434 1570 1498 1626; x_wconf 93' lang='lat' dir='ltr'>et</span> <span class='ocrx_word' id='word_1_145' title='bbox 1545 1557 1887 1644; x_wconf 90' lang='lat' dir='ltr'>quosdam</span> <span class='ocrx_word' id='word_1_146' title='bbox 1955 1572 2266 1627; x_wconf 90' lang='lat' dir='ltr'>nostrum</span> <span class='ocrx_word' id='word_1_147' title='bbox 2326 1579 2564 1627; x_wconf 90' lang='lat' dir='ltr'>secum</span> <span class='ocrx_word' id='word_1_148' title='bbox 2617 1556 2783 1625; x_wconf 90' lang='lat' dir='ltr'>reti-</span> 
     </span>
     <span class='ocr_line' id='line_1_16' title="bbox 212 1644 2784 1734; baseline 0 -21"><span class='ocrx_word' id='word_1_149' title='bbox 212 1646 392 1723; x_wconf 89' lang='lat' dir='ltr'>nuit,</span> <span class='ocrx_word' id='word_1_150' title='bbox 447 1645 515 1712; x_wconf 94' lang='lat' dir='ltr'>in</span> <span class='ocrx_word' id='word_1_151' title='bbox 567 1646 826 1730; x_wconf 92' lang='lat' dir='ltr'>quibus</span> <span class='ocrx_word' id='word_1_152' title='bbox 873 1658 1016 1713; x_wconf 89' lang='lat' dir='ltr'>erat</span> <span class='ocrx_word' id='word_1_153' title='bbox 1069 1644 1287 1733; x_wconf 85' lang='lat' dir='ltr'>major</span> <span class='ocrx_word' id='word_1_154' title='bbox 1345 1646 1525 1714; x_wconf 87' lang='lat' dir='ltr'>Beda</span> <span class='ocrx_word' id='word_1_155' title='bbox 1568 1647 1953 1734; x_wconf 81' lang='lat' dir='ltr'>presbyter,</span> <span class='ocrx_word' id='word_1_156' title='bbox 2007 1646 2130 1731; x_wconf 93' lang='lat' dir='ltr'>qui</span> <span class='ocrx_word' id='word_1_157' title='bbox 2181 1646 2568 1714; x_wconf 86' lang='lat' dir='ltr'>ministerio</span> <span class='ocrx_word' id='word_1_158' title='bbox 2631 1645 2784 1733; x_wconf 87' lang='lat' dir='ltr'>ejus</span> 
     </span>
     <span class='ocr_line' id='line_1_17' title="bbox 158 1732 2784 1820; baseline -0 -19"><span class='ocrx_word' id='word_1_159' title='bbox 158 1738 161 1739; x_wconf 36' lang='lat'><em>*</em></span> <span class='ocrx_word' id='word_1_160' title='bbox 214 1732 651 1801; x_wconf 83' lang='lat' dir='ltr'>familiariter</span> <span class='ocrx_word' id='word_1_161' title='bbox 698 1754 972 1820; x_wconf 88' lang='lat' dir='ltr'>semper</span> <span class='ocrx_word' id='word_1_162' title='bbox 1017 1732 1260 1801; x_wconf 89' lang='lat' dir='ltr'>adesse</span> <span class='ocrx_word' id='word_1_163' title='bbox 1307 1748 1777 1813; x_wconf 83' lang='lat' dir='ltr'>consueverat,</span> <span class='ocrx_word' id='word_1_164' title='bbox 1835 1734 2129 1819; x_wconf 89' lang='lat' dir='ltr'>ideoque</span> <span class='ocrx_word' id='word_1_165' title='bbox 2179 1734 2633 1803; x_wconf 85' lang='lat' dir='ltr'>donationum</span> <span class='ocrx_word' id='word_1_166' title='bbox 2672 1754 2784 1800; x_wconf 89' lang='lat' dir='ltr'>ac-</span> 
     </span>
     <span class='ocr_line' id='line_1_18' title="bbox 213 1819 2782 1910; baseline -0.001 -20"><span class='ocrx_word' id='word_1_167' title='bbox 213 1822 754 1910; x_wconf 91' lang='lat' dir='ltr'>ceptionumque</span> <span class='ocrx_word' id='word_1_168' title='bbox 800 1821 955 1908; x_wconf 89' lang='lat' dir='ltr'>ejus</span> <span class='ocrx_word' id='word_1_169' title='bbox 1002 1821 1318 1889; x_wconf 92' lang='lat' dir='ltr'>omnium</span> <span class='ocrx_word' id='word_1_170' title='bbox 1369 1823 1691 1891; x_wconf 89' lang='lat' dir='ltr'>conscius</span> <span class='ocrx_word' id='word_1_171' title='bbox 1739 1834 1884 1890; x_wconf 85' lang='lat' dir='ltr'>erat</span> <span class='ocrx_word' id='word_1_172' title='bbox 1933 1821 2290 1891; x_wconf 81' lang='lat' dir='ltr'>indubius:</span> <span class='ocrx_word' id='word_1_173' title='bbox 2344 1844 2548 1907; x_wconf 90' lang='lat' dir='ltr'>quem</span> <span class='ocrx_word' id='word_1_174' title='bbox 2585 1822 2672 1890; x_wconf 96' lang='lat' dir='ltr'>ob</span> <span class='ocrx_word' id='word_1_175' title='bbox 2712 1819 2782 1887; x_wconf 92' lang='lat' dir='ltr'>id</span> 
     </span>
     <span class='ocr_line' id='line_1_19' title="bbox 220 1908 2783 1999; baseline -0.001 -22"><span class='ocrx_word' id='word_1_176' title='bbox 220 1910 523 1977; x_wconf 84' lang='lat' dir='ltr'>maxime</span> <span class='ocrx_word' id='word_1_177' title='bbox 572 1930 805 1977; x_wconf 88' lang='lat' dir='ltr'>secum</span> <span class='ocrx_word' id='word_1_178' title='bbox 861 1930 1141 1977; x_wconf 91' lang='lat' dir='ltr'>manere</span> <span class='ocrx_word' id='word_1_179' title='bbox 1191 1908 1425 1988; x_wconf 89' lang='lat' dir='ltr'>voluit,</span> <span class='ocrx_word' id='word_1_180' title='bbox 1475 1923 1550 1978; x_wconf 93' lang='lat' dir='ltr'>ut</span> <span class='ocrx_word' id='word_1_181' title='bbox 1597 1910 1656 1978; x_wconf 92' lang='lat' dir='ltr'>si</span> <span class='ocrx_word' id='word_1_182' title='bbox 1706 1909 2078 1996; x_wconf 83' lang='lat' dir='ltr'>cujuslibet</span> <span class='ocrx_word' id='word_1_183' title='bbox 2125 1911 2424 1999; x_wconf 88' lang='lat' dir='ltr'>acceptis</span> <span class='ocrx_word' id='word_1_184' title='bbox 2473 1908 2783 1977; x_wconf 90' lang='lat' dir='ltr'>muneri-</span> 
     </span>
     <span class='ocr_line' id='line_1_20' title="bbox 219 1996 2785 2087; baseline -0.001 -21"><span class='ocrx_word' id='word_1_185' title='bbox 219 1998 357 2067; x_wconf 88' lang='lat' dir='ltr'>bus</span> <span class='ocrx_word' id='word_1_186' title='bbox 405 1996 618 2086; x_wconf 86' lang='lat' dir='ltr'>digna</span> <span class='ocrx_word' id='word_1_187' title='bbox 666 1996 1305 2086; x_wconf 87' lang='lat' dir='ltr'>recompensatione</span> <span class='ocrx_word' id='word_1_188' title='bbox 1356 2018 1491 2065; x_wconf 89' lang='lat' dir='ltr'>non</span> <span class='ocrx_word' id='word_1_189' title='bbox 1545 1997 2037 2087; x_wconf 89' lang='lat' dir='ltr'>respondisset,</span> <span class='ocrx_word' id='word_1_190' title='bbox 2093 1997 2282 2065; x_wconf 89' lang='lat' dir='ltr'>illius</span> <span class='ocrx_word' id='word_1_191' title='bbox 2315 1996 2785 2066; x_wconf 86' lang='lat' dir='ltr'>admonitione</span> 
     </span>
     <span class='ocr_line' id='line_1_21' title="bbox 226 2084 2782 2174; baseline -0.001 -21"><span class='ocrx_word' id='word_1_192' title='bbox 226 2084 577 2165; x_wconf 85' lang='lat' dir='ltr'>recoleret,</span> <span class='ocrx_word' id='word_1_193' title='bbox 630 2097 697 2153; x_wconf 83' lang='lat' dir='ltr'>et</span> <span class='ocrx_word' id='word_1_194' title='bbox 735 2086 1146 2174; x_wconf 89' lang='lat' dir='ltr'>priusquam</span> <span class='ocrx_word' id='word_1_195' title='bbox 1196 2084 1438 2163; x_wconf 89' lang='lat' dir='ltr'>obiret,</span> <span class='ocrx_word' id='word_1_196' title='bbox 1487 2107 1612 2155; x_wconf 89' lang='lat' dir='ltr'>sua</span> <span class='ocrx_word' id='word_1_197' title='bbox 1661 2086 1914 2170; x_wconf 88' lang='lat' dir='ltr'>cuique</span> <span class='ocrx_word' id='word_1_198' title='bbox 1965 2084 2372 2153; x_wconf 84' lang='lat' dir='ltr'>restitueret.</span> <span class='ocrx_word' id='word_1_199' title='bbox 2421 2084 2548 2152; x_wconf 89' lang='lat' dir='ltr'>Sed</span> <span class='ocrx_word' id='word_1_200' title='bbox 2596 2096 2662 2152; x_wconf 91' lang='lat' dir='ltr'>et</span> <span class='ocrx_word' id='word_1_201' title='bbox 2708 2106 2782 2151; x_wconf 90' lang='lat' dir='ltr'>a·</span> 
     </span>
     <span class='ocr_line' id='line_1_22' title="bbox 226 2170 2786 2259; baseline 0 -19"><span class='ocrx_word' id='word_1_202' title='bbox 226 2172 402 2241; x_wconf 90' lang='lat' dir='ltr'>lium</span> <span class='ocrx_word' id='word_1_203' title='bbox 445 2173 817 2259; x_wconf 90' lang='lat' dir='ltr'>quemdam</span> <span class='ocrx_word' id='word_1_204' title='bbox 860 2173 945 2241; x_wconf 93' lang='lat' dir='ltr'>de</span> <span class='ocrx_word' id='word_1_205' title='bbox 982 2173 1337 2252; x_wconf 78' lang='lat' dir='ltr'>fratribuS,</span> <span class='ocrx_word' id='word_1_206' title='bbox 1380 2186 1458 2240; x_wconf 93' lang='lat' dir='ltr'>ut</span> <span class='ocrx_word' id='word_1_207' title='bbox 1510 2173 1685 2241; x_wconf 90' lang='lat' dir='ltr'>inter</span> <span class='ocrx_word' id='word_1_208' title='bbox 1735 2173 2090 2241; x_wconf 87' lang='lat' dir='ltr'>ministros</span> <span class='ocrx_word' id='word_1_209' title='bbox 2139 2173 2271 2241; x_wconf 90' lang='lat' dir='ltr'>sibi</span> <span class='ocrx_word' id='word_1_210' title='bbox 2318 2173 2611 2253; x_wconf 84' lang='lat' dir='ltr'>adesset,</span> <span class='ocrx_word' id='word_1_211' title='bbox 2664 2170 2786 2240; x_wconf 89' lang='lat' dir='ltr'>de-</span> 
     </span>
     <span class='ocr_line' id='line_1_23' title="bbox 228 2260 2785 2350; baseline -0.001 -21"><span class='ocrx_word' id='word_1_212' title='bbox 228 2261 550 2349; x_wconf 86' lang='lat' dir='ltr'>signavit:</span> <span class='ocrx_word' id='word_1_213' title='bbox 586 2262 707 2347; x_wconf 92' lang='lat' dir='ltr'>qui</span> <span class='ocrx_word' id='word_1_214' title='bbox 760 2261 965 2349; x_wconf 86' lang='lat' dir='ltr'>longo</span> <span class='ocrx_word' id='word_1_215' title='bbox 1005 2261 1287 2346; x_wconf 84' lang='lat' dir='ltr'>quidem</span> <span class='ocrx_word' id='word_1_216' title='bbox 1342 2260 1594 2329; x_wconf 90' lang='lat' dir='ltr'>ventris</span> <span class='ocrx_word' id='word_1_217' title='bbox 1644 2262 1837 2329; x_wconf 86' lang='lat' dir='ltr'>fluxu</span> <span class='ocrx_word' id='word_1_218' title='bbox 1886 2262 2183 2350; x_wconf 85' lang='lat' dir='ltr'>graviter</span> <span class='ocrx_word' id='word_1_219' title='bbox 2213 2260 2630 2350; x_wconf 80' lang='lat' dir='ltr'>aegrotabat,</span> <span class='ocrx_word' id='word_1_220' title='bbox 2669 2280 2785 2327; x_wconf 91' lang='lat' dir='ltr'>ne·</span> 
     </span>
     <span class='ocr_line' id='line_1_24' title="bbox 224 2347 2787 2439; baseline -0 -23"><span class='ocrx_word' id='word_1_221' title='bbox 224 2370 361 2435; x_wconf 90' lang='lat' dir='ltr'>que</span> <span class='ocrx_word' id='word_1_222' title='bbox 409 2372 448 2417; x_wconf 88' lang='lat' dir='ltr'>a</span> <span class='ocrx_word' id='word_1_223' title='bbox 499 2349 788 2418; x_wconf 90' lang='lat' dir='ltr'>medicis</span> <span class='ocrx_word' id='word_1_224' title='bbox 839 2361 1101 2438; x_wconf 89' lang='lat' dir='ltr'>poterat</span> <span class='ocrx_word' id='word_1_225' title='bbox 1148 2349 1407 2429; x_wconf 87' lang='lat' dir='ltr'>curari,</span> <span class='ocrx_word' id='word_1_226' title='bbox 1462 2347 1579 2416; x_wconf 89' lang='lat' dir='ltr'>sed</span> <span class='ocrx_word' id='word_1_227' title='bbox 1632 2350 1876 2417; x_wconf 88' lang='lat' dir='ltr'>merito</span> <span class='ocrx_word' id='word_1_228' title='bbox 1939 2349 2316 2437; x_wconf 75' lang='lat' dir='ltr'>religioniS,</span> <span class='ocrx_word' id='word_1_229' title='bbox 2377 2348 2787 2439; x_wconf 83' lang='lat' dir='ltr'>prudentiae</span> 
     </span>
     <span class='ocr_line' id='line_1_25' title="bbox 224 2434 2788 2537; baseline -0 -31"><span class='ocrx_word' id='word_1_230' title='bbox 224 2448 292 2506; x_wconf 88' lang='lat' dir='ltr'>et</span> <span class='ocrx_word' id='word_1_231' title='bbox 321 2438 673 2537; x_wconf 82' lang='lat' dir='ltr'>gravitatis</span> <span class='ocrx_word' id='word_1_232' title='bbox 723 2437 984 2526; x_wconf 84' lang='lat' dir='ltr'>dignus</span> <span class='ocrx_word' id='word_1_233' title='bbox 1028 2438 1360 2517; x_wconf 84' lang='lat' dir='ltr'>extiterat,</span> <span class='ocrx_word' id='word_1_234' title='bbox 1396 2437 1518 2523; x_wconf 88' lang='lat' dir='ltr'>qui</span> <span class='ocrx_word' id='word_1_235' title='bbox 1570 2437 1761 2507; x_wconf 85' lang='lat' dir='ltr'>testis</span> <span class='ocrx_word' id='word_1_236' title='bbox 1809 2449 1983 2507; x_wconf 87' lang='lat' dir='ltr'>esset</span> <span class='ocrx_word' id='word_1_237' title='bbox 2031 2436 2420 2518; x_wconf 88' lang='lat' dir='ltr'>verborum,</span> <span class='ocrx_word' id='word_1_238' title='bbox 2472 2457 2649 2523; x_wconf 86' lang='lat' dir='ltr'>quae</span> <span class='ocrx_word' id='word_1_239' title='bbox 2685 2434 2788 2505; x_wconf 87' lang='lat' dir='ltr'>vir</span> 
     </span>
     <span class='ocr_line' id='line_1_26' title="bbox 224 2525 2552 2613; baseline -0 -19"><span class='ocrx_word' id='word_1_240' title='bbox 224 2531 345 2594; x_wconf 81' lang='lat' dir='ltr'>Det</span> <span class='ocrx_word' id='word_1_241' title='bbox 394 2526 641 2595; x_wconf 89' lang='lat' dir='ltr'>ultima</span> <span class='ocrx_word' id='word_1_242' title='bbox 690 2525 969 2606; x_wconf 92' lang='lat' dir='ltr'>diceret,</span> <span class='ocrx_word' id='word_1_243' title='bbox 1015 2526 1118 2594; x_wconf 90' lang='lat' dir='ltr'>vel</span> <span class='ocrx_word' id='word_1_244' title='bbox 1168 2548 1308 2612; x_wconf 92' lang='lat' dir='ltr'>quo</span> <span class='ocrx_word' id='word_1_245' title='bbox 1355 2525 1597 2594; x_wconf 90' lang='lat' dir='ltr'>ordine</span> <span class='ocrx_word' id='word_1_246' title='bbox 1646 2525 1735 2594; x_wconf 89' lang='lat' dir='ltr'>ad</span> <span class='ocrx_word' id='word_1_247' title='bbox 1780 2525 2146 2593; x_wconf 88' lang='lat' dir='ltr'>Dominum</span> <span class='ocrx_word' id='word_1_248' title='bbox 2200 2525 2552 2613; x_wconf 85' lang='lat' dir='ltr'>migraret.</span> 
     </span>
    </p>

    <p class='ocr_par' dir='ltr' id='par_1_3' title="bbox 216 2611 2794 4461">
     <span class='ocr_line' id='line_1_27' title="bbox 308 2611 2787 2701; baseline -0.003 -16"><span class='ocrx_word' id='word_1_249' title='bbox 308 2615 345 2701; x_wconf 68' lang='grc' dir='ltr'>ξ</span> <span class='ocrx_word' id='word_1_250' title='bbox 394 2619 552 2685; x_wconf 66' lang='lat'>42.</span> <span class='ocrx_word' id='word_1_251' title='bbox 608 2618 872 2682; x_wconf 86' lang='lat' dir='ltr'>Interea</span> <span class='ocrx_word' id='word_1_252' title='bbox 921 2614 1196 2683; x_wconf 88' lang='lat' dir='ltr'>rediens</span> <span class='ocrx_word' id='word_1_253' title='bbox 1245 2614 1529 2682; x_wconf 90' lang='lat' dir='ltr'>domum</span> <span class='ocrx_word' id='word_1_254' title='bbox 1562 2668 1577 2695; x_wconf 90' lang='lat'>‚</span> <span class='ocrx_word' id='word_1_255' title='bbox 1634 2614 2003 2683; x_wconf 87' lang='lat' dir='ltr'>narrabam</span> <span class='ocrx_word' id='word_1_256' title='bbox 2052 2613 2407 2693; x_wconf 86' lang='lat' dir='ltr'>fratribus,</span> <span class='ocrx_word' id='word_1_257' title='bbox 2461 2611 2629 2698; x_wconf 85' lang='lat' dir='ltr'>quia</span> <span class='ocrx_word' id='word_1_258' title='bbox 2675 2633 2787 2678; x_wconf 86' lang='lat' dir='ltr'>ve·-</span> 
     </span>
     <span class='ocr_line' id='line_1_28' title="bbox 219 2699 2787 2802; baseline -0.001 -33"><span class='ocrx_word' id='word_1_259' title='bbox 219 2701 553 2770; x_wconf 87' lang='lat' dir='ltr'>nerabilis</span> <span class='ocrx_word' id='word_1_260' title='bbox 651 2714 793 2770; x_wconf 89' lang='lat' dir='ltr'>ater</span> <span class='ocrx_word' id='word_1_261' title='bbox 843 2701 911 2769; x_wconf 95' lang='lat' dir='ltr'>in</span> <span class='ocrx_word' id='word_1_262' title='bbox 962 2724 1089 2770; x_wconf 85' lang='lat' dir='ltr'>sua</span> <span class='ocrx_word' id='word_1_263' title='bbox 1138 2723 1211 2770; x_wconf 90' lang='lat' dir='ltr'>se</span> <span class='ocrx_word' id='word_1_264' title='bbox 1258 2701 1490 2770; x_wconf 86' lang='lat' dir='ltr'>insula</span> <span class='ocrx_word' id='word_1_265' title='bbox 1533 2701 1810 2802; x_wconf 87' lang='lat' dir='ltr'>sepeliri</span> <span class='ocrx_word' id='word_1_266' title='bbox 1849 2701 2158 2788; x_wconf 88' lang='lat' dir='ltr'>jubebat:</span> <span class='ocrx_word' id='word_1_267' title='bbox 2201 2711 2271 2768; x_wconf 90' lang='lat' dir='ltr'>et</span> <span class='ocrx_word' id='word_1_268' title='bbox 2331 2700 2622 2779; x_wconf 89' lang='lat' dir='ltr'>videtur,</span> <span class='ocrx_word' id='word_1_269' title='bbox 2679 2699 2787 2766; x_wconf 90' lang='lat' dir='ltr'>in-</span> 
     </span>
     <span class='ocr_line' id='line_1_29' title="bbox 217 2724 2785 2878; baseline -0.001 -22"><span class='ocrx_word' id='word_1_270' title='bbox 217 2811 455 2875; x_wconf 88' lang='lat' dir='ltr'>quam,</span> <span class='ocrx_word' id='word_1_271' title='bbox 498 2724 669 2857; x_wconf 44' lang='lat' dir='ltr'>miei</span> <span class='ocrx_word' id='word_1_272' title='bbox 709 2791 944 2878; x_wconf 90' lang='lat' dir='ltr'>justus</span> <span class='ocrx_word' id='word_1_273' title='bbox 982 2811 1132 2858; x_wconf 86' lang='lat' dir='ltr'>esse</span> <span class='ocrx_word' id='word_1_274' title='bbox 1170 2789 1387 2859; x_wconf 86' lang='lat' dir='ltr'>multo</span> <span class='ocrx_word' id='word_1_275' title='bbox 1447 2802 1513 2858; x_wconf 87' lang='lat' dir='ltr'>et</span> <span class='ocrx_word' id='word_1_276' title='bbox 1559 2790 1845 2878; x_wconf 81' lang='lat' dir='ltr'>dignius</span> <span class='ocrx_word' id='word_1_277' title='bbox 1895 2790 1987 2857; x_wconf 92' lang='lat' dir='ltr'>im</span> <span class='ocrx_word' id='word_1_278' title='bbox 2043 2804 2265 2857; x_wconf 87' lang='lat' dir='ltr'>etrare</span> <span class='ocrx_word' id='word_1_279' title='bbox 2310 2789 2397 2856; x_wconf 89' lang='lat' dir='ltr'>ab</span> <span class='ocrx_word' id='word_1_280' title='bbox 2445 2810 2547 2866; x_wconf 85' lang='lat' dir='ltr'>ec,</span> <span class='ocrx_word' id='word_1_281' title='bbox 2609 2790 2785 2873; x_wconf 79' lang='lat' dir='ltr'>qua-</span> 
     </span>
     <span class='ocr_line' id='line_1_30' title="bbox 220 2877 2782 2966; baseline -0.002 -20"><span class='ocrx_word' id='word_1_282' title='bbox 220 2888 424 2948; x_wconf 88' lang='lat' dir='ltr'>tenus</span> <span class='ocrx_word' id='word_1_283' title='bbox 473 2877 612 2946; x_wconf 89' lang='lat' dir='ltr'>huc</span> <span class='ocrx_word' id='word_1_284' title='bbox 663 2877 1019 2947; x_wconf 85' lang='lat' dir='ltr'>transferri</span> <span class='ocrx_word' id='word_1_285' title='bbox 1065 2899 1321 2966; x_wconf 89' lang='lat' dir='ltr'>corpus</span> <span class='ocrx_word' id='word_1_286' title='bbox 1369 2900 1603 2956; x_wconf 88' lang='lat' dir='ltr'>suum,</span> <span class='ocrx_word' id='word_1_287' title='bbox 1655 2890 1723 2946; x_wconf 87' lang='lat' dir='ltr'>et</span> <span class='ocrx_word' id='word_1_288' title='bbox 1760 2878 1956 2964; x_wconf 87' lang='lat' dir='ltr'>juxta</span> <span class='ocrx_word' id='word_1_289' title='bbox 2055 2898 2336 2946; x_wconf 87' lang='lat' dir='ltr'>onorem</span> <span class='ocrx_word' id='word_1_290' title='bbox 2386 2897 2782 2962; x_wconf 76' lang='lat' dir='ltr'>congruum</span> 
     </span>
     <span class='ocr_line' id='line_1_31' title="bbox 216 2962 2784 3054; baseline -0.001 -21"><span class='ocrx_word' id='word_1_291' title='bbox 216 2965 289 3033; x_wconf 87' lang='lat' dir='ltr'>in</span> <span class='ocrx_word' id='word_1_292' title='bbox 340 2964 632 3034; x_wconf 90' lang='lat' dir='ltr'>ecclesia</span> <span class='ocrx_word' id='word_1_293' title='bbox 678 2965 880 3033; x_wconf 89' lang='lat' dir='ltr'>condi</span> <span class='ocrx_word' id='word_1_294' title='bbox 935 2965 1305 3054; x_wconf 87' lang='lat' dir='ltr'>permittat.</span> <span class='ocrx_word' id='word_1_295' title='bbox 1375 2966 1794 3035; x_wconf 90' lang='lat' dir='ltr'>Placuerunt</span> <span class='ocrx_word' id='word_1_296' title='bbox 1851 2965 1992 3035; x_wconf 89' lang='lat' dir='ltr'>illis</span> <span class='ocrx_word' id='word_1_297' title='bbox 2063 2986 2242 3050; x_wconf 90' lang='lat' dir='ltr'>quae</span> <span class='ocrx_word' id='word_1_298' title='bbox 2308 2962 2616 3032; x_wconf 82' lang='lat' dir='ltr'>dixeram</span> <span class='ocrx_word' id='word_1_299' title='bbox 2655 3017 2670 3042; x_wconf 94' lang='lat'>,</span> <span class='ocrx_word' id='word_1_300' title='bbox 2716 2973 2784 3031; x_wconf 89' lang='lat' dir='ltr'>et</span> 
     </span>
     <span class='ocr_line' id='line_1_32' title="bbox 223 3052 2782 3144; baseline -0.001 -23"><span class='ocrx_word' id='word_1_301' title='bbox 223 3053 578 3122; x_wconf 87' lang='lat' dir='ltr'>venientes</span> <span class='ocrx_word' id='word_1_302' title='bbox 625 3053 712 3121; x_wconf 87' lang='lat' dir='ltr'>ad</span> <span class='ocrx_word' id='word_1_303' title='bbox 761 3054 1192 3144; x_wconf 89' lang='lat' dir='ltr'>episcopum,</span> <span class='ocrx_word' id='word_1_304' title='bbox 1240 3053 1658 3142; x_wconf 83' lang='lat' dir='ltr'>rogabamus</span> <span class='ocrx_word' id='word_1_305' title='bbox 1707 3053 2034 3122; x_wconf 85' lang='lat' dir='ltr'>dicentes:</span> <span class='ocrx_word' id='word_1_306' title='bbox 2068 3058 2254 3121; x_wconf 82' lang='lat' dir='ltr'>«Non</span> <span class='ocrx_word' id='word_1_307' title='bbox 2303 3052 2459 3120; x_wconf 88' lang='lat' dir='ltr'>ausi</span> <span class='ocrx_word' id='word_1_308' title='bbox 2508 3073 2782 3130; x_wconf 90' lang='lat' dir='ltr'>sumus,</span> 
     </span>
     <span class='ocr_line' id='line_1_33' title="bbox 222 3140 2786 3297; baseline -0.001 -88"><span class='ocrx_word' id='word_1_309' title='bbox 222 3140 507 3209; x_wconf 91' lang='lat' dir='ltr'>domine</span> <span class='ocrx_word' id='word_1_310' title='bbox 552 3141 898 3297; x_wconf 56' lang='lat' dir='ltr'>episcope,</span> <span class='ocrx_word' id='word_1_311' title='bbox 937 3153 1377 3210; x_wconf 89' lang='lat' dir='ltr'>contemnere</span> <span class='ocrx_word' id='word_1_312' title='bbox 1420 3141 1812 3228; x_wconf 85' lang='lat' dir='ltr'>jussionem</span> <span class='ocrx_word' id='word_1_313' title='bbox 1844 3153 2061 3220; x_wconf 89' lang='lat' dir='ltr'>tuam,</span> <span class='ocrx_word' id='word_1_314' title='bbox 2100 3163 2239 3227; x_wconf 91' lang='lat' dir='ltr'>qua</span> <span class='ocrx_word' id='word_1_315' title='bbox 2273 3151 2335 3208; x_wconf 91' lang='lat' dir='ltr'>te</span> <span class='ocrx_word' id='word_1_316' title='bbox 2385 3140 2496 3208; x_wconf 90' lang='lat' dir='ltr'>bic</span> <span class='ocrx_word' id='word_1_317' title='bbox 2548 3150 2786 3207; x_wconf 87' lang='lat' dir='ltr'>tumu-</span> 
     </span>
     <span class='ocr_line' id='line_1_34' title="bbox 220 3227 2786 3308; baseline -0.001 -11"><span class='ocrx_word' id='word_1_318' title='bbox 220 3228 354 3297; x_wconf 88' lang='lat' dir='ltr'>lari</span> <span class='ocrx_word' id='word_1_319' title='bbox 404 3250 562 3298; x_wconf 86' lang='lat' dir='ltr'>man</span> <span class='ocrx_word' id='word_1_320' title='bbox 623 3229 774 3308; x_wconf 85' lang='lat' dir='ltr'>asti,</span> <span class='ocrx_word' id='word_1_321' title='bbox 830 3242 896 3298; x_wconf 94' lang='lat' dir='ltr'>et</span> <span class='ocrx_word' id='word_1_322' title='bbox 944 3241 1172 3297; x_wconf 89' lang='lat' dir='ltr'>tamen</span> <span class='ocrx_word' id='word_1_323' title='bbox 1224 3250 1297 3296; x_wconf 92' lang='lat' dir='ltr'>ro</span> <span class='ocrx_word' id='word_1_324' title='bbox 1349 3229 1612 3297; x_wconf 89' lang='lat' dir='ltr'>andum</span> <span class='ocrx_word' id='word_1_325' title='bbox 1660 3229 2026 3298; x_wconf 89' lang='lat' dir='ltr'>videbatur</span> <span class='ocrx_word' id='word_1_326' title='bbox 2076 3228 2298 3308; x_wconf 88' lang='lat' dir='ltr'>nobis,</span> <span class='ocrx_word' id='word_1_327' title='bbox 2333 3240 2410 3296; x_wconf 93' lang='lat' dir='ltr'>ut</span> <span class='ocrx_word' id='word_1_328' title='bbox 2445 3239 2508 3296; x_wconf 92' lang='lat' dir='ltr'>te</span> <span class='ocrx_word' id='word_1_329' title='bbox 2538 3227 2626 3294; x_wconf 87' lang='lat' dir='ltr'>ad</span> <span class='ocrx_word' id='word_1_330' title='bbox 2661 3247 2786 3295; x_wconf 84' lang='lat' dir='ltr'>nos</span> 
     </span>
     <span class='ocr_line' id='line_1_35' title="bbox 222 3316 2783 3393; baseline -0.002 -8"><span class='ocrx_word' id='word_1_331' title='bbox 222 3316 634 3393; x_wconf 85' lang='lat' dir='ltr'>transferre,</span> <span class='ocrx_word' id='word_1_332' title='bbox 688 3330 754 3386; x_wconf 87' lang='lat' dir='ltr'>et</span> <span class='ocrx_word' id='word_1_333' title='bbox 802 3316 1166 3387; x_wconf 91' lang='lat' dir='ltr'>nobiscum</span> <span class='ocrx_word' id='word_1_334' title='bbox 1221 3317 1308 3384; x_wconf 90' lang='lat' dir='ltr'>ha</span> <span class='ocrx_word' id='word_1_335' title='bbox 1361 3339 1473 3385; x_wconf 89' lang='lat' dir='ltr'>ere</span> <span class='ocrx_word' id='word_1_336' title='bbox 1523 3338 1938 3386; x_wconf 90' lang='lat' dir='ltr'>mereamur.</span> <span class='ocrx_word' id='word_1_337' title='bbox 1982 3322 2130 3385; x_wconf 85' lang='lat' dir='ltr'>»At</span> <span class='ocrx_word' id='word_1_338' title='bbox 2170 3316 2327 3383; x_wconf 85' lang='lat' dir='ltr'>ille:</span> <span class='ocrx_word' id='word_1_339' title='bbox 2365 3338 2400 3381; x_wconf 86' lang='lat'>«</span> <span class='ocrx_word' id='word_1_340' title='bbox 2441 3320 2516 3384; x_wconf 89' lang='lat' dir='ltr'>Et</span> <span class='ocrx_word' id='word_1_341' title='bbox 2565 3335 2783 3391; x_wconf 86' lang='lat' dir='ltr'>meae,</span> 
     </span>
     <span class='ocr_line' id='line_1_36' title="bbox 219 3402 2790 3493; baseline -0 -22"><span class='ocrx_word' id='word_1_342' title='bbox 219 3405 474 3490; x_wconf 91' lang='lat' dir='ltr'>inquit,</span> <span class='ocrx_word' id='word_1_343' title='bbox 529 3404 902 3474; x_wconf 87' lang='lat' dir='ltr'>voluntatis</span> <span class='ocrx_word' id='word_1_344' title='bbox 948 3417 1094 3473; x_wconf 89' lang='lat' dir='ltr'>erat</span> <span class='ocrx_word' id='word_1_345' title='bbox 1145 3404 1253 3472; x_wconf 84' lang='lat' dir='ltr'>bic</span> <span class='ocrx_word' id='word_1_346' title='bbox 1304 3405 1732 3491; x_wconf 90' lang='lat' dir='ltr'>requiescere</span> <span class='ocrx_word' id='word_1_347' title='bbox 1787 3426 2105 3493; x_wconf 90' lang='lat' dir='ltr'>corpore,</span> <span class='ocrx_word' id='word_1_348' title='bbox 2161 3404 2284 3472; x_wconf 93' lang='lat' dir='ltr'>ubi</span> <span class='ocrx_word' id='word_1_349' title='bbox 2332 3402 2790 3489; x_wconf 90' lang='lat' dir='ltr'>quantulum-</span> 
     </span>
     <span class='ocr_line' id='line_1_37' title="bbox 219 3492 2791 3581; baseline -0.002 -19"><span class='ocrx_word' id='word_1_350' title='bbox 219 3512 527 3578; x_wconf 81' lang='lat' dir='ltr'>cumque</span> <span class='ocrx_word' id='word_1_351' title='bbox 575 3514 697 3581; x_wconf 94' lang='lat' dir='ltr'>pro</span> <span class='ocrx_word' id='word_1_352' title='bbox 746 3493 1033 3561; x_wconf 91' lang='lat' dir='ltr'>Domino</span> <span class='ocrx_word' id='word_1_353' title='bbox 1081 3505 1426 3562; x_wconf 86' lang='lat' dir='ltr'>certamen</span> <span class='ocrx_word' id='word_1_354' title='bbox 1462 3493 1739 3572; x_wconf 85' lang='lat' dir='ltr'>certavi,</span> <span class='ocrx_word' id='word_1_355' title='bbox 1793 3492 1914 3561; x_wconf 93' lang='lat' dir='ltr'>ubi</span> <span class='ocrx_word' id='word_1_356' title='bbox 1963 3513 2249 3561; x_wconf 90' lang='lat' dir='ltr'>cursum</span> <span class='ocrx_word' id='word_1_357' title='bbox 2299 3510 2791 3560; x_wconf 87' lang='lat' dir='ltr'>consummare</span> 
     </span>
     <span class='ocr_line' id='line_1_38' title="bbox 221 3577 2790 3670; baseline -0.002 -22"><span class='ocrx_word' id='word_1_358' title='bbox 221 3580 564 3658; x_wconf 90' lang='lat' dir='ltr'>desidero,</span> <span class='ocrx_word' id='word_1_359' title='bbox 597 3578 785 3648; x_wconf 92' lang='lat' dir='ltr'>unde</span> <span class='ocrx_word' id='word_1_360' title='bbox 832 3580 915 3649; x_wconf 91' lang='lat' dir='ltr'>ad</span> <span class='ocrx_word' id='word_1_361' title='bbox 968 3602 1294 3650; x_wconf 88' lang='lat' dir='ltr'>coronam</span> <span class='ocrx_word' id='word_1_362' title='bbox 1319 3580 1633 3670; x_wconf 84' lang='lat' dir='ltr'>justitiae</span> <span class='ocrx_word' id='word_1_363' title='bbox 1663 3579 2162 3650; x_wconf 88' lang='lat' dir='ltr'>sublevandam</span> <span class='ocrx_word' id='word_1_364' title='bbox 2201 3599 2312 3647; x_wconf 92' lang='lat' dir='ltr'>me</span> <span class='ocrx_word' id='word_1_365' title='bbox 2341 3601 2380 3646; x_wconf 88' lang='lat' dir='ltr'>a</span> <span class='ocrx_word' id='word_1_366' title='bbox 2413 3578 2527 3667; x_wconf 90' lang='lat' dir='ltr'>pio</span> <span class='ocrx_word' id='word_1_367' title='bbox 2549 3577 2790 3666; x_wconf 69' lang='lat' dir='ltr'>‚judice</span> 
     </span>
     <span class='ocr_line' id='line_1_39' title="bbox 222 3666 2792 3757; baseline -0.003 -18"><span class='ocrx_word' id='word_1_368' title='bbox 222 3689 449 3757; x_wconf 87' lang='lat' dir='ltr'>spero.</span> <span class='ocrx_word' id='word_1_369' title='bbox 506 3667 633 3736; x_wconf 93' lang='lat' dir='ltr'>Sed</span> <span class='ocrx_word' id='word_1_370' title='bbox 683 3681 748 3736; x_wconf 90' lang='lat' dir='ltr'>et</span> <span class='ocrx_word' id='word_1_371' title='bbox 794 3668 987 3739; x_wconf 90' lang='lat' dir='ltr'>vobis</span> <span class='ocrx_word' id='word_1_372' title='bbox 1033 3689 1310 3755; x_wconf 91' lang='lat' dir='ltr'>quoque</span> <span class='ocrx_word' id='word_1_373' title='bbox 1356 3668 1794 3738; x_wconf 89' lang='lat' dir='ltr'>commodius</span> <span class='ocrx_word' id='word_1_374' title='bbox 1840 3689 1990 3736; x_wconf 90' lang='lat' dir='ltr'>esse</span> <span class='ocrx_word' id='word_1_375' title='bbox 2037 3668 2356 3746; x_wconf 86' lang='lat' dir='ltr'>arbitror,</span> <span class='ocrx_word' id='word_1_376' title='bbox 2413 3678 2488 3735; x_wconf 89' lang='lat' dir='ltr'>ut</span> <span class='ocrx_word' id='word_1_377' title='bbox 2536 3666 2649 3734; x_wconf 90' lang='lat' dir='ltr'>hic</span> <span class='ocrx_word' id='word_1_378' title='bbox 2684 3686 2792 3733; x_wconf 91' lang='lat' dir='ltr'>re·-</span> 
     </span>
     <span class='ocr_line' id='line_1_40' title="bbox 221 3755 2790 3845; baseline -0.001 -21"><span class='ocrx_word' id='word_1_379' title='bbox 221 3755 621 3842; x_wconf 88' lang='lat' dir='ltr'>quiescam,</span> <span class='ocrx_word' id='word_1_380' title='bbox 685 3768 965 3845; x_wconf 86' lang='lat' dir='ltr'>propter</span> <span class='ocrx_word' id='word_1_381' title='bbox 1012 3756 1486 3825; x_wconf 91' lang='lat' dir='ltr'>incursionem</span> <span class='ocrx_word' id='word_1_382' title='bbox 1536 3755 1989 3845; x_wconf 84' lang='lat' dir='ltr'>profugorum</span> <span class='ocrx_word' id='word_1_383' title='bbox 2042 3755 2143 3823; x_wconf 90' lang='lat' dir='ltr'>vel</span> <span class='ocrx_word' id='word_1_384' title='bbox 2196 3755 2561 3823; x_wconf 85' lang='lat' dir='ltr'>noxiorum</span> <span class='ocrx_word' id='word_1_385' title='bbox 2613 3774 2790 3838; x_wconf 92' lang='lat' dir='ltr'>quo-</span> 
     </span>
     <span class='ocr_line' id='line_1_41' title="bbox 222 3842 2791 3934; baseline -0.001 -22"><span class='ocrx_word' id='word_1_386' title='bbox 222 3842 577 3912; x_wconf 89' lang='lat' dir='ltr'>rumlibet.</span> <span class='ocrx_word' id='word_1_387' title='bbox 615 3843 745 3926; x_wconf 89' lang='lat' dir='ltr'>Qui</span> <span class='ocrx_word' id='word_1_388' title='bbox 780 3865 942 3913; x_wconf 89' lang='lat' dir='ltr'>cum</span> <span class='ocrx_word' id='word_1_389' title='bbox 991 3843 1079 3912; x_wconf 88' lang='lat' dir='ltr'>ad</span> <span class='ocrx_word' id='word_1_390' title='bbox 1129 3867 1386 3934; x_wconf 88' lang='lat' dir='ltr'>corpus</span> <span class='ocrx_word' id='word_1_391' title='bbox 1419 3865 1652 3912; x_wconf 90' lang='lat' dir='ltr'>meum</span> <span class='ocrx_word' id='word_1_392' title='bbox 1705 3843 1874 3912; x_wconf 85' lang='lat' dir='ltr'>forte</span> <span class='ocrx_word' id='word_1_393' title='bbox 1922 3842 2383 3931; x_wconf 84' lang='lat' dir='ltr'>confugerint,</span> <span class='ocrx_word' id='word_1_394' title='bbox 2423 3842 2589 3928; x_wconf 87' lang='lat' dir='ltr'>quia</span> <span class='ocrx_word' id='word_1_395' title='bbox 2620 3863 2791 3926; x_wconf 87' lang='lat' dir='ltr'>qua-</span> 
     </span>
     <span class='ocr_line' id='line_1_42' title="bbox 224 3927 2790 4018; baseline -0.002 -18"><span class='ocrx_word' id='word_1_396' title='bbox 224 3930 618 4018; x_wconf 87' lang='lat' dir='ltr'>liscumque</span> <span class='ocrx_word' id='word_1_397' title='bbox 677 3931 835 4010; x_wconf 90' lang='lat' dir='ltr'>sim,</span> <span class='ocrx_word' id='word_1_398' title='bbox 888 3930 1076 4001; x_wconf 83' lang='lat' dir='ltr'>sama</span> <span class='ocrx_word' id='word_1_399' title='bbox 1130 3944 1361 4001; x_wconf 88' lang='lat' dir='ltr'>tamen</span> <span class='ocrx_word' id='word_1_400' title='bbox 1411 3931 1615 4000; x_wconf 90' lang='lat' dir='ltr'>exivit</span> <span class='ocrx_word' id='word_1_401' title='bbox 1661 3930 1749 4000; x_wconf 91' lang='lat' dir='ltr'>de</span> <span class='ocrx_word' id='word_1_402' title='bbox 1799 3953 1931 4008; x_wconf 85' lang='lat' dir='ltr'>me,</span> <span class='ocrx_word' id='word_1_403' title='bbox 1969 3929 2133 4016; x_wconf 85' lang='lat' dir='ltr'>quia</span> <span class='ocrx_word' id='word_1_404' title='bbox 2185 3929 2494 3998; x_wconf 87' lang='lat' dir='ltr'>famulus</span> <span class='ocrx_word' id='word_1_405' title='bbox 2535 3927 2790 3998; x_wconf 87' lang='lat' dir='ltr'>Christi</span> 
     </span>
     <span class='ocr_line' id='line_1_43' title="bbox 226 4016 2792 4118; baseline -0.001 -32"><span class='ocrx_word' id='word_1_406' title='bbox 226 4018 386 4087; x_wconf 87' lang='lat' dir='ltr'>sim:</span> <span class='ocrx_word' id='word_1_407' title='bbox 428 4029 707 4088; x_wconf 89' lang='lat' dir='ltr'>necesse</span> <span class='ocrx_word' id='word_1_408' title='bbox 736 4019 1005 4089; x_wconf 88' lang='lat' dir='ltr'>habetis</span> <span class='ocrx_word' id='word_1_409' title='bbox 1043 4041 1164 4109; x_wconf 94' lang='lat' dir='ltr'>pro</span> <span class='ocrx_word' id='word_1_410' title='bbox 1218 4020 1472 4089; x_wconf 82' lang='lat' dir='ltr'>talibus</span> <span class='ocrx_word' id='word_1_411' title='bbox 1521 4019 1803 4107; x_wconf 88' lang='lat' dir='ltr'>saepius</span> <span class='ocrx_word' id='word_1_412' title='bbox 1851 4018 2039 4118; x_wconf 89' lang='lat' dir='ltr'>apud</span> <span class='ocrx_word' id='word_1_413' title='bbox 2089 4029 2399 4106; x_wconf 88' lang='lat' dir='ltr'>potentes</span> <span class='ocrx_word' id='word_1_414' title='bbox 2433 4016 2650 4087; x_wconf 88' lang='lat' dir='ltr'>seculi</span> <span class='ocrx_word' id='word_1_415' title='bbox 2682 4016 2792 4084; x_wconf 91' lang='lat' dir='ltr'>in-</span> 
     </span>
     <span class='ocr_line' id='line_1_44' title="bbox 224 4104 2794 4197; baseline -0.002 -20"><span class='ocrx_word' id='word_1_416' title='bbox 224 4107 597 4190; x_wconf 86' lang='lat' dir='ltr'>tercedere,</span> <span class='ocrx_word' id='word_1_417' title='bbox 650 4119 857 4193; x_wconf 86' lang='lat' dir='ltr'>atque</span> <span class='ocrx_word' id='word_1_418' title='bbox 907 4107 1059 4177; x_wconf 91' lang='lat' dir='ltr'>ideo</span> <span class='ocrx_word' id='word_1_419' title='bbox 1099 4108 1184 4176; x_wconf 92' lang='lat' dir='ltr'>de</span> <span class='ocrx_word' id='word_1_420' title='bbox 1228 4108 1612 4197; x_wconf 86' lang='lat' dir='ltr'>praesentia</span> <span class='ocrx_word' id='word_1_421' title='bbox 1646 4128 1958 4196; x_wconf 78' lang='lat' dir='ltr'>corporis</span> <span class='ocrx_word' id='word_1_422' title='bbox 1992 4105 2127 4174; x_wconf 91' lang='lat' dir='ltr'>mei</span> <span class='ocrx_word' id='word_1_423' title='bbox 2162 4105 2461 4174; x_wconf 88' lang='lat' dir='ltr'>multum</span> <span class='ocrx_word' id='word_1_424' title='bbox 2501 4104 2794 4174; x_wconf 86' lang='lat' dir='ltr'>tolerare</span> 
     </span>
     <span class='ocr_line' id='line_1_45' title="bbox 227 4192 2794 4284; baseline -0.001 -21"><span class='ocrx_word' id='word_1_425' title='bbox 227 4194 560 4265; x_wconf 87' lang='lat' dir='ltr'>laborem.</span> <span class='ocrx_word' id='word_1_426' title='bbox 609 4218 645 4261; x_wconf 87' lang='lat'>»</span> <span class='ocrx_word' id='word_1_427' title='bbox 696 4200 773 4264; x_wconf 83' lang='lat' dir='ltr'>At</span> <span class='ocrx_word' id='word_1_428' title='bbox 823 4195 1024 4266; x_wconf 90' lang='lat' dir='ltr'>nobis</span> <span class='ocrx_word' id='word_1_429' title='bbox 1072 4195 1374 4266; x_wconf 92' lang='lat' dir='ltr'>multum</span> <span class='ocrx_word' id='word_1_430' title='bbox 1444 4195 1569 4264; x_wconf 92' lang='lat' dir='ltr'>diu</span> <span class='ocrx_word' id='word_1_431' title='bbox 1617 4194 2063 4284; x_wconf 89' lang='lat' dir='ltr'>precantibus</span> <span class='ocrx_word' id='word_1_432' title='bbox 2094 4249 2109 4274; x_wconf 93' lang='lat'>,</span> <span class='ocrx_word' id='word_1_433' title='bbox 2166 4193 2611 4279; x_wconf 89' lang='lat' dir='ltr'>laboremque</span> <span class='ocrx_word' id='word_1_434' title='bbox 2659 4192 2794 4260; x_wconf 92' lang='lat' dir='ltr'>hu-</span> 
     </span>
     <span class='ocr_line' id='line_1_46' title="bbox 220 4281 2792 4373; baseline -0.002 -22"><span class='ocrx_word' id='word_1_435' title='bbox 220 4283 535 4373; x_wconf 90' lang='lat' dir='ltr'>jusmodi</span> <span class='ocrx_word' id='word_1_436' title='bbox 568 4296 843 4373; x_wconf 87' lang='lat' dir='ltr'>gratum</span> <span class='ocrx_word' id='word_1_437' title='bbox 877 4306 957 4353; x_wconf 85' lang='lat' dir='ltr'>ac</span> <span class='ocrx_word' id='word_1_438' title='bbox 1007 4283 1221 4352; x_wconf 91' lang='lat' dir='ltr'>levem</span> <span class='ocrx_word' id='word_1_439' title='bbox 1278 4283 1421 4352; x_wconf 84' lang='lat' dir='ltr'>sore</span> <span class='ocrx_word' id='word_1_440' title='bbox 1460 4284 2041 4363; x_wconf 88' lang='lat' dir='ltr'>asseverantibus,</span> <span class='ocrx_word' id='word_1_441' title='bbox 2081 4281 2360 4352; x_wconf 87' lang='lat' dir='ltr'>tandem</span> <span class='ocrx_word' id='word_1_442' title='bbox 2411 4303 2571 4350; x_wconf 92' lang='lat' dir='ltr'>cum</span> <span class='ocrx_word' id='word_1_443' title='bbox 2623 4301 2792 4348; x_wconf 90' lang='lat' dir='ltr'>con-</span> 
     </span>
     <span class='ocr_line' id='line_1_47' title="bbox 232 4370 2787 4461; baseline -0.002 -20"><span class='ocrx_word' id='word_1_444' title='bbox 232 4370 389 4441; x_wconf 90' lang='lat' dir='ltr'>silio</span> <span class='ocrx_word' id='word_1_445' title='bbox 422 4372 692 4442; x_wconf 87' lang='lat' dir='ltr'>locutus</span> <span class='ocrx_word' id='word_1_446' title='bbox 736 4373 841 4440; x_wconf 88' lang='lat' dir='ltr'>vir</span> <span class='ocrx_word' id='word_1_447' title='bbox 880 4371 1177 4452; x_wconf 88' lang='lat' dir='ltr'>Domini,</span> <span class='ocrx_word' id='word_1_448' title='bbox 1219 4371 1413 4441; x_wconf 84' lang='lat' dir='ltr'>dixit:</span> <span class='ocrx_word' id='word_1_449' title='bbox 1451 4395 1486 4440; x_wconf 89' lang='lat'>«</span> <span class='ocrx_word' id='word_1_450' title='bbox 1517 4372 1585 4441; x_wconf 94' lang='lat' dir='ltr'>Si</span> <span class='ocrx_word' id='word_1_451' title='bbox 1619 4394 1843 4441; x_wconf 89' lang='lat' dir='ltr'>meam</span> <span class='ocrx_word' id='word_1_452' title='bbox 1878 4370 2400 4461; x_wconf 90' lang='lat' dir='ltr'>dispositionem</span> <span class='ocrx_word' id='word_1_453' title='bbox 2434 4389 2787 4458; x_wconf 89' lang='lat' dir='ltr'>superare,</span> 
     </span>
    </p>
   </div>
  </div>
 </body>
</html>
