3327 4999
652 348 661 365 ,
724 293 809 357 80
1506 310 1584 357 π
1632 308 1688 356 s.
1740 307 1953 356 raom
1999 305 2319 363 Aoniam:
2837 287 3063 355 MART.
3103 292 3135 356 7

632 416 706 465 se
751 393 1064 464 contulit.
1121 393 1248 463 Ubi
1295 392 1384 463 ad
1433 391 1970 483 disputationem
2023 402 2303 461 ventum
2349 402 2486 473 est,
2541 394 2725 462 tanta
2771 391 2840 462 in
2890 414 3140 484 respon-

629 482 857 553 dendo
887 482 1281 553 dexteritate
1309 504 1481 551 usus
1506 494 1630 562 est,
1667 494 1744 552 ut
1777 481 2089 550 Albertus
2121 480 2184 549 ei
2220 478 2448 571 palam
2483 480 2775 551 diceret:
2814 504 2848 547 «
2882 482 3132 561 Thoma‚

627 584 704 642 tu
756 571 928 641 mihi
977 593 1114 641 non
1166 584 1303 641 tam
1354 571 1858 661 respondentiS,
1902 592 2113 658 quam
2149 569 2449 640 doctoris
2481 568 2707 640 locum
2740 570 3033 641 obtinere
3060 570 3142 639 vi·

628 660 850 730 deris:
908 684 943 727 »
993 681 1502 747 conversusque
1549 659 1633 728 ad
1686 659 1883 739 alim,
1938 682 1973 724 «
2026 663 2179 738 Vos,
2235 658 2485 744 inquit,
2530 658 2716 729 hunc
2750 659 2980 729 bovem
3013 681 3141 728 mu-

630 761 777 819 tum
810 750 1085 819 vocatis:
1120 748 1234 819 sed
1271 747 1381 817 ille
1407 760 1586 818 certe
1631 748 1799 818 tales
1832 746 2249 835 quandoque
2280 746 2590 818 docendo
2626 752 2928 849 mugltus
2955 747 3138 828 dabit,

627 851 706 907 ut
754 850 936 908 totus
986 838 1199 929 possit
1247 837 1436 907 orbis
1483 836 1748 907 audire.
1806 860 1842 904 »
1893 835 2072 905 Nihil
2107 857 2265 905 vero
2295 836 2514 906 sancti
2545 837 2824 927 juvenis
2861 838 3142 907 animum

623 927 797 997 haec
843 927 1236 1007 efferebant,
1290 925 1406 996 sed
1459 925 1528 994 in
1585 925 1804 994 multa
1851 947 1922 994 se
1969 924 2186 994 animi
2239 924 2625 996 humilitate
2671 937 2737 995 et
2789 925 3143 996 sinceritate

624 1015 1029 1097 continens,
1088 1015 1242 1085 licet
1290 1014 1464 1084 alios
1509 1014 1794 1104 ingenio
1840 1026 1904 1083 et
1951 1013 2338 1083 eruditione
2386 1027 2768 1104 superaret,
2827 1016 3139 1084 neminem

628 1116 857 1175 tamen
909 1104 1008 1173 vel
1060 1104 1294 1174 leviter
1343 1125 1504 1194 prae
1552 1125 1624 1172 se
1655 1102 2091 1192 contempsit,
2131 1124 2352 1189 neque
2384 1103 2518 1173 sibi
2548 1102 2815 1191 aliquid
2846 1124 3143 1205 arrogan-

629 1205 729 1264 ter
774 1193 1111 1263 attribuit.
1170 1198 1267 1263 Ita
1313 1192 1573 1262 factum
1620 1204 1745 1273 est,
1802 1204 1879 1261 ut
1924 1204 1988 1261 et
2035 1191 2300 1261 Alberto
2349 1192 2678 1283 magistro
2725 1205 2791 1263 et
2837 1191 3144 1263 condisci-

631 1280 816 1373 pulis
850 1281 1284 1354 admirabilis
1317 1281 1708 1359 haberetur,
1742 1280 2002 1372 quippe
2033 1280 2155 1367 qui
2193 1302 2325 1350 non
2366 1281 2658 1350 obscure
2691 1280 3140 1373 intelligerent,

632 1370 916 1462 plenum
970 1371 1167 1440 illum
1217 1392 1364 1440 esse
1414 1370 1665 1461 spiritu
1714 1370 1853 1439 Dei.
1923 1374 2087 1439 Cum
2130 1369 2279 1459 jam
2328 1391 2484 1439 vero
2532 1370 2946 1457 aliquandiu
2991 1370 3148 1439 Colo-

634 1460 789 1529 niae
837 1459 1208 1541 haesisset,
1262 1471 1326 1530 et
1374 1462 1504 1530 sub
1553 1459 1821 1528 Alberto
1869 1480 2006 1527 non
2056 1457 2493 1529 mediocriter
2538 1459 2607 1527 in
2661 1458 2906 1531 litteris
2929 1473 2991 1529 et
3035 1478 3148 1525 mo-

634 1548 829 1618 ribus
878 1548 1294 1639 profecisset,
1330 1545 1514 1618 idem
1544 1547 1860 1618 Albertus
1895 1546 2323 1638 praeclarum
2359 1548 2510 1638 ejus
2541 1548 2899 1620 doctrinae
2932 1560 2996 1618 et
3020 1568 3147 1637 san·

596 1636 850 1707 .ctitati
901 1637 1368 1708 testimonium
1419 1637 1737 1717 reddenS,
1795 1636 2135 1727 persuasit
2185 1636 2504 1727 Magistro
2552 1637 2857 1719 Ordinis,
2910 1650 2985 1707 ut
3017 1656 3148 1705 eum

635 1726 969 1796 Lutetiam
1021 1738 1384 1806 revocaret,
1438 1726 1508 1795 in
1561 1731 1625 1795 S.
1682 1725 2084 1817 Theologiae
2132 1725 2667 1796 Baccalaureum
2719 1727 2864 1796 illic
2914 1746 3150 1817 promo·

632 1815 961 1886 vendum.
1022 1816 1202 1887 Datis
1250 1814 1462 1906 igitur
1508 1814 1594 1884 ad
1643 1836 1802 1884 eum
1853 1814 2092 1896 literiS,
2135 1814 2346 1905 ju-sit
2392 1814 2669 1885 Ordinis
2719 1816 3051 1908 Magister,
3095 1822 3152 1881 ut

634 1904 933 1973 Parisios
979 1904 1252 1986 rediret,
1305 1917 1370 1974 et
1417 1926 1488 1973 se
1536 1904 1622 1972 ad
1675 1904 2179 1974 Sententiarum
2229 1902 2443 1973 libros
2482 1904 2706 1994 praele
2757 1904 2973 1975 endos
2999 1922 3151 1973 coin·

636 2006 931 2083 pararet.
1004 1998 1241 2081 Itaque
1288 1993 1621 2063 Lutetiam
1726 1992 2055 2074 rofectus,
2110 1992 2548 2063 Baccalaurei
2600 1993 2724 2062 titu
2757 2017 2820 2075 o,
2877 1993 3029 2064 licet
3071 1991 3152 2058 in-

639 2081 867 2162 vitus,
923 2081 1106 2169 quod
1158 2104 1229 2153 se
1274 2103 1355 2151 ex
1406 2082 1620 2152 multa
1721 2081 2059 2153 umilitate
2106 2080 2476 2173 indignum
2527 2094 2841 2173 putaret,
2903 2093 3152 2152 ornatus

635 2181 758 2240 est.
815 2171 981 2240 Inde
1028 2193 1101 2241 se
1147 2170 1436 2242 contulit
1482 2171 1566 2242 ad
1621 2172 2003 2242 Sententias
2052 2171 2228 2240 Petri
2262 2170 2628 2240 Lombardi
2666 2170 3150 2263 praelegendus.

635 2264 714 2327 In
763 2281 899 2346 qua
1000 2260 1408 2331 raelectione
1452 2284 1613 2332 cum
1665 2274 1851 2331 tanta
1899 2259 2117 2351 gratia
2162 2272 2229 2330 et
2275 2259 2671 2330 dexteritate
2709 2275 3019 2331 versatus
3049 2268 3148 2335 est.

636 2359 715 2418 ut
760 2349 949 2419 omni
1003 2372 1088 2420 us
1119 2350 1321 2441 longe
1358 2349 1763 2420 antecellere
1796 2361 2172 2440 putaretur,
2210 2370 2587 2435 omnesque
2615 2349 2772 2437 ejus
2801 2349 3154 2444 doctrinam

636 2448 702 2507 et
751 2437 1160 2529 sapientiam
1211 2439 1638 2530 suspicerent
1685 2460 1763 2508 ac
1813 2440 2186 2529 stuperent.
2246 2437 2568 2509 Utebatur
2613 2439 2798 2510 enim
2856 2436 3156 2531 peculiari

686 2527 938 2597 uadam
991 2529 1334 2604 methodo,
1387 2539 1452 2596 et
1497 2527 1887 2617 singulares
1935 2527 2270 2614 quasdam
2322 2528 2468 2599 suis
2516 2528 2719 2599 dictis
2766 2529 3061 2598 rationes
3100 2546 3158 2593 a·

636 2549 988 2696 ghibebat
1041 2629 1117 2686 ut
1147 2616 1495 2685 auditores
1532 2616 1684 2705 ejus
1725 2615 2012 2686 minime
2041 2616 2490 2718 ambigerent,
2528 2640 2567 2687 a
2603 2623 2796 2688 Patre
2831 2617 3158 2689 luminum

636 2704 911 2775 coelesti
960 2706 1157 2775 illum
1207 2704 1472 2773 lumine
1521 2703 1876 2794 perfusum
1926 2718 1993 2774 et
2036 2727 2307 2796 egregie
2353 2705 2799 2776 illustratum.

724 2795 762 2881 ξ
790 2797 872 2865 S.
907 2799 1273 2879 Postquam
1303 2805 1532 2862 autem
1560 2794 1930 2863 sententias
1956 2816 2114 2863 cum
2142 2794 2459 2864 oninium
2484 2795 2944 2867 admiratione
2965 2788 3157 2866 absol-

637 2882 754 2963 vit,
787 2883 1020 2983 etjam
1070 2894 1344 2972 tempus
1373 2881 1799 2961 adveniebat,
1835 2893 1912 2952 ut
1945 2883 2243 2952 Doctoris
2272 2904 2546 2970 quoque
2575 2883 2859 2956 nomine
2892 2897 2956 2956 et
2993 2878 3157 2953 titulo

635 2970 1110 3061 insigniretur.
1165 2969 1569 3042 Parisiensis
1614 2970 2016 3040 Academiae
2063 2971 2550 3053 CaiicellariuS,
2604 2985 2681 3043 ut
2729 2987 2999 3055 vocant,
3033 2972 3157 3061 ejus

640 3059 740 3128 rei
788 3058 1151 3129 admonuit
1196 3059 1497 3129 Priorem
1546 3059 1834 3130 fratrum
1872 3059 2503 3140 Dominicanorum,
2545 3063 2665 3148 qui
2702 3064 3002 3133 Lutetiae
3040 3079 3157 3129 mo·

638 3149 995 3217 rebantur.
1051 3148 1238 3217 Prior
1286 3149 1514 3235 itaque
1567 3149 1853 3219 mandat
1899 3149 2220 3229 Thomae,
2273 3162 2349 3218 ut
2380 3148 2462 3218 ad
2497 3172 2648 3219 eam
2682 3148 3154 3252 capessendam

638 3236 1047 3326 dignitatem
1093 3259 1166 3307 se
1215 3249 1674 3328 praepararet.
1731 3238 1856 3307 Sed
1910 3237 2023 3306 hic
2057 3238 2157 3306 vir
2189 3252 2472 3308 sanctus
2501 3249 2566 3307 et
2600 3238 2914 3317 humilis,
2954 3237 3036 3308 ad
3070 3252 3152 3303 so·

638 3324 761 3395 lita
809 3326 1180 3396 modestiae
1233 3326 1573 3417 praesidia
1618 3325 2051 3417 confugienS,
2108 3327 2330 3417 coepit
2379 3326 2598 3396 multa
2647 3341 3058 3417 praetexere,
3099 3340 3155 3390 se

639 3436 765 3484 nec
813 3414 1100 3484 scientia
1150 3436 1273 3484 nec
1321 3427 1536 3485 aetate
1584 3426 1770 3485 tanto
1812 3415 2053 3485 honori
2089 3437 2325 3506 parem
2359 3437 2683 3486 asserere.
2739 3422 2969 3505 Neque
3000 3413 3159 3485 enim

638 3503 709 3571 id
760 3503 1089 3594 temporis
1136 3525 1402 3572 annum
1450 3504 1689 3575 aetatis
1730 3503 2160 3592 trigesimum
2194 3503 2674 3594 compleverat.
2727 3510 2806 3576 At
2839 3507 3000 3576 vicit
3038 3516 3161 3573 tan-

638 3591 797 3662 dem
846 3591 1267 3674 obedientia,
1320 3604 1385 3661 et
1432 3613 1595 3662 cum
1646 3592 1986 3694 majorum
2038 3614 2324 3662 suorum
2377 3615 2512 3662 non
2565 3606 2792 3684 posset
2840 3594 3163 3666 declinare

637 3680 1037 3771 imperium,
1091 3703 1251 3750 cum
1304 3702 1553 3772 magna
1584 3681 1973 3751 humilitate
2008 3680 2285 3752 illorum
2326 3703 2475 3753 sese
2507 3683 2840 3752 voluntati
2873 3698 3168 3754 accomo-
3253 3739 3254 3750 ,

635 3768 863 3840 davit:
918 3793 1299 3858 rursusque
1347 3770 1432 3841 ad
1481 3771 1812 3842 orationis
1860 3770 2168 3841 studium
2236 3793 2309 3840 se
2369 3770 2773 3854 conferens,
2847 3772 3040 3874 petiit
3093 3765 3167 3835 ab

636 3859 1102 3951 omnipotente
1154 3865 1281 3930 Deo
1329 3881 1529 3952 opem
1570 3874 1635 3930 et
1667 3859 2032 3931 auxilium.
2087 3866 2322 3931 Postea
2365 3860 2466 3930 illi
2501 3861 2868 3931 dormienti
2902 3857 3168 3947 quidam

636 3953 1073 4019 venerandus
1098 3970 1302 4019 senex
1328 3950 1673 4041 apparuit,
1708 3950 1909 4037 eique
1939 3948 2364 4033 dixit:«Quid
2398 3949 2634 4031 liabeS,
2670 3948 2876 4019 frater
2901 3949 3164 4022 Thomu,

635 4038 818 4123 quod
869 4038 967 4107 sic
1021 4043 1228 4108 Deum
1280 4038 1872 4129 lacrymabundus
1919 4043 2125 4109 oras?
2175 4063 2211 4105 »
2261 4038 2380 4109 Cui
2411 4037 2526 4108 ille
2575 4040 2969 4130 respondit:
3002 4060 3036 4105 α
3072 4038 3172 4133 Co-

640 4149 765 4227 gor
810 4126 1190 4217 magisterii
1237 4139 1302 4198 et
1351 4150 1598 4199 nomen
1648 4141 1715 4199 et
1763 4151 2023 4198 munus
2071 4128 2139 4198 in
2190 4150 2301 4197 me
2348 4126 2674 4218 recipere,
2726 4129 2844 4198 cui
2893 4149 2999 4196 ine
3047 4141 3172 4195 scio

639 4237 979 4306 imparem
1027 4238 1213 4287 esse:
1269 4238 1394 4287 nec
1441 4217 1680 4299 vide0,
1734 4217 1901 4305 quid
1952 4217 2271 4287 thematis
2320 4214 2470 4286 loco
2520 4238 2796 4287 sumere
2841 4216 3165 4289 debeam,

642 4304 1232 4393 quemadmodum
1282 4306 1351 4374 in
1403 4305 1661 4376 scholis
1714 4327 1900 4376 more
1949 4317 2299 4396 receptum
2346 4317 2469 4376 est.
2511 4329 2546 4372 »
2596 4311 2766 4376 Tum
2810 4305 2923 4375 ille
2954 4320 3168 4398 seneif:

646 4416 682 4460 «
734 4394 905 4479 Noli,
957 4393 1205 4484 inquit,
1261 4394 1519 4486 pusillo
1566 4417 1715 4465 esse
1764 4395 2037 4466 animo:
2093 4395 2235 4465 vult
2284 4401 2486 4479 DeuS‚
2540 4407 2617 4467 ut
2651 4394 3019 4487 Majoribus
3051 4403 3174 4459 tuis
