3327 4999
671 329 798 394 334
977 366 998 381 α
1305 346 1384 391 nn
1432 345 1485 393 s.
1543 340 1895 391 mamaeam
1943 342 2165 391 cotom.
2219 342 2419 391 muse.
2751 325 2999 392 MART.
3062 329 3149 392 16

579 432 805 521 magis
851 431 1221 498 abeuntem
1270 450 1395 497 con
1451 427 1883 509 emiscenteS‚
1918 428 2104 514 quod
2153 426 2352 496 factis
2404 427 2792 516 praeteritis
2843 449 3150 518 perpen-

579 519 835 587 debant
882 516 1249 587 convenire
1298 538 1415 585 ver
1466 538 1504 583 a
1545 514 1944 597 novissima,
1984 516 2430 615 respicientes
2466 515 2698 601 qualis
2743 529 2912 594 erat,
2968 538 3151 602 qua-

581 607 739 676 liter
786 606 1066 685 vixerat‚
1116 617 1378 692 quanto
1425 605 1560 674 sibi
1609 626 1883 694 semper
1928 604 2159 672 studio
2194 602 2744 673 misericordiam
2796 605 3153 674 thesauri-

578 708 877 774 zaverat,
940 704 1004 762 et
1069 694 1391 762 instantis
1440 693 1649 761 horae
1700 692 2169 763 necessitatem
2223 692 2614 780 finemque,
2680 692 2751 760 in
2801 714 2944 779 quo
2991 692 3154 763 laus

582 784 813 853 omnis
859 782 1155 862 canitur,
1208 802 1419 867 quam
1471 781 1819 871 sapienter
1867 780 2280 870 providerat.

669 874 706 957 ξ
773 874 937 940 29.
992 874 1069 938 Et
1128 870 1292 955 quia
1353 869 1439 938 de
1496 890 1893 939 successore
1959 869 2380 938 mentionem
2449 868 2734 949 fecerat,
2798 867 3012 938 altius
3066 870 3146 938 in

582 957 940 1048 planctum
991 957 1295 1038 excitati,
1355 957 1542 1026 velut
1590 957 1842 1048 pupilli
1882 956 2031 1045 jam
2081 957 2357 1036 deserti,
2429 957 3018 1046 percontabantur
3077 969 3150 1027 et

579 1046 1079 1134 quaeritabant,
1132 1046 1458 1132 quisnam
1508 1057 1695 1115 tanto
1741 1043 2063 1114 Praesule
2105 1044 2462 1114 viduatam
2517 1056 2925 1133 recepturus
2976 1045 3154 1116 foret

582 1146 873 1202 matrem
923 1134 1236 1223 ipsorum
1286 1133 1687 1205 Ecclesiam.
1727 1134 1872 1214 Ille,
1913 1134 2211 1223 aiebant,
2255 1132 2504 1202 virtute
2552 1134 2967 1203 venerabilis
3016 1145 3147 1216 est,

577 1234 648 1291 et
695 1221 807 1290 ille
854 1222 1036 1290 alius
1082 1235 1463 1308 utcumque
1510 1221 1802 1291 idoneus
1848 1233 1951 1291 est
1993 1244 2008 1288 :
2071 1234 2276 1308 atque
2341 1221 2435 1290 ita
2482 1221 2915 1292 diversorum
2965 1244 3148 1310 qua-

582 1309 807 1379 litates
856 1310 1369 1400 perpendendO,
1407 1310 1918 1380 solicitudinem
1961 1331 2160 1378 suam
2202 1309 2496 1379 invicem
2534 1309 2926 1379 anhelando
2974 1332 3146 1380 con-

581 1398 913 1468 serebant.
968 1404 1044 1467 At
1091 1399 1206 1467 ille
1254 1399 1679 1498 prophetico,
1716 1409 1794 1466 ut
1829 1399 1978 1487 jam
2029 1420 2114 1466 su
2170 1420 2245 1466 ra
2269 1398 2530 1466 dictum
2563 1408 2688 1478 est,
2726 1398 3146 1487 praedoctus

586 1486 873 1575 spiritu:
930 1492 1199 1572 «Neque
1248 1487 1491 1567 illum,
1548 1487 1803 1573 inquit,
1860 1508 2082 1571 neque
2183 1508 2357 1566 unc,
2419 1507 2626 1572 quem
2677 1487 2975 1641 putatis:
3021 1486 3146 1555 sed

580 1575 1035 1663 Pillegrinum
1086 1573 1426 1643 habebitis
1473 1575 1905 1663 episcopum,
1973 1584 2039 1642 et
2103 1575 2215 1643 hic
2264 1575 2336 1642 in
2389 1575 2515 1642 hac
2563 1596 2680 1643 ecc
2711 1574 2854 1643 esia
2907 1575 3146 1664 ponti-

580 1663 830 1732 ficatus
878 1662 1185 1732 officium
1230 1662 1416 1730 brevi
1469 1675 1773 1752 ternpore
1820 1661 2416 1732 administrabit.»
2472 1662 2594 1730 His
2641 1661 2869 1744 dictis,
2929 1685 3146 1733 carne

584 1750 875 1832 solutuS‚
915 1752 1000 1819 de
1036 1752 1213 1819 vitae
1262 1752 1641 1840 praesentis
1699 1751 2023 1839 angustia
2070 1750 2158 1819 ad
2207 1762 2523 1819 aeternae
2574 1750 2835 1839 patriae
2886 1753 3150 1852 sempi-

582 1851 847 1907 ternam
882 1840 1419 1908 consolationem
1473 1838 1806 1919 ascendit,
1847 1838 2150 1907 fructum
2203 1838 2594 1928 percipiens
2630 1860 2752 1926 per
2802 1850 3003 1908 etuae
3023 1862 3146 1929 Ju-

581 1926 977 1996 cunditatis.
1020 1927 1329 2017 Migravit
1376 1941 1603 1995 autem
1657 1927 2224 2016 septimodecimo
2273 1925 2548 1995 Calend.
2588 1862 2863 2015 Aprilis,
2898 1928 3141 2017 sepul-

581 2025 830 2102 tusque
854 2028 957 2085 est
986 2016 1055 2083 in
1108 2015 1557 2084 Divitensium
1589 2027 1835 2097 castro,
1882 2015 1952 2083 in
1985 2015 2282 2083 oratorio
2314 2026 2591 2085 sanctae
2622 2014 2738 2083 Dei
2770 2016 3145 2085 Genitricis

579 2103 765 2189 quod
816 2104 964 2193 ipse
1010 2104 1342 2185 condidit,
1378 2103 1616 2173 multis
1666 2103 1993 2192 deinceps
2041 2101 2299 2172 ibidem
2350 2124 2728 2172 coruscans
2777 2104 3145 2174 miraculis

582 2190 667 2260 ad
718 2191 995 2260 laudern
1031 2192 1301 2262 Domini
1350 2191 1566 2259 nostri
1597 2197 1764 2263 Jesu
1812 2192 2084 2260 Christi.
2129 2192 2251 2259 Ubi
2300 2212 2458 2259 cum
2513 2202 2832 2259 sanctum
2882 2214 3143 2283 corpus

580 2276 733 2367 ejus
784 2281 1145 2349 humatum
1196 2280 1459 2360 suisset,
1515 2291 1680 2349 tunc
1725 2280 2011 2348 demum
2073 2279 2525 2348 reminiscens
2576 2280 2634 2347 is
2683 2278 2806 2365 qui
2854 2281 3139 2351 villicus

584 2368 805 2436 sancti
858 2368 1202 2457 pontificis
1248 2369 1556 2436 extiterat
1604 2368 1675 2435 in
1726 2369 1958 2436 chorte
2007 2368 2182 2456 ipsa,
2222 2368 2289 2435 in
2339 2389 2479 2453 qua
2515 2367 2666 2456 jam
2714 2368 2979 2437 dictum
3016 2391 3142 2457 per

584 2456 908 2547 superius
958 2468 1405 2526 memoratam
1465 2454 1945 2525 revelationem
2007 2467 2479 2525 constructum
2527 2466 2674 2525 erat
2721 2457 3133 2539 oratorium,

585 2544 997 2614 admirando
1046 2546 1352 2613 divinam
1404 2544 1950 2634 providentiam,
2004 2544 2315 2614 dicebat:
2385 2550 2602 2613 Locus
2652 2545 2811 2626 hic,
2870 2545 2941 2613 in
2993 2569 3139 2633 quo

579 2654 834 2721 corpus
882 2634 1009 2702 hoc
1059 2645 1373 2703 sanctum
1426 2632 1778 2718 sepultum
1831 2644 1954 2712 est,
2009 2633 2321 2701 tumulus
2375 2644 2519 2701 erat
2567 2634 2758 2702 omni
2823 2647 3141 2724 tempore

580 2720 939 2801 herbiduS‚
982 2744 1254 2811 semper
1302 2720 1610 2789 mundus
1657 2731 1722 2788 et
1752 2742 2110 2790 amoenus,
2148 2721 2605 2807 omniumque
2637 2721 3147 2812 oculisjugiter

631 2811 950 2879 ratiosuS.
1005 2810 1199 2891 Quod
1251 2808 1585 2876 nimirum
1622 2808 1951 2877 laudibus
1995 2808 2263 2896 proficit
2299 2810 2677 2877 beatissimi
2731 2811 2882 2888 viri,
2929 2810 3144 2900 cujus

607 2898 833 2968 uturis
867 2898 1175 2983 exequiis
1223 2896 1718 2982 servandisque
1754 2895 2063 2982 reliquiis
2116 2895 2337 2965 taliter
2369 2921 2517 2966 sese
2568 2898 2696 2966 loci
2749 2897 2985 2978 sacieS,
3018 2900 3143 2989 ju·-

578 2983 780 3053 bente
831 2990 986 3064 Deo,
1053 2984 1506 3074 praeparavit,
1563 2997 1639 3052 ut
1689 3006 1963 3074 semper
2009 2996 2394 3054 servaretur
2457 2985 2699 3053 viridis
2764 2986 2880 3055 ille
2941 2987 3147 3056 sinus

579 3082 821 3152 terrae,
862 3072 930 3139 in
992 3094 1130 3158 quo
1178 3072 1606 3159 requiescere
1673 3072 1953 3141 haberet
1994 3093 2346 3162 possessor
2395 3074 2855 3164 sempiternae
2897 3074 3146 3143 viridi-

579 3160 762 3240 tatis,
794 3159 910 3228 cui
959 3161 1257 3250 reposita
1303 3172 1446 3229 erat
1495 3160 1883 3231 haereditas
1934 3161 2504 3251 incorruptibilis,
2558 3162 3137 3244 incontaminata,

578 3259 645 3316 et
685 3248 1306 3317 immarcescibilis.

666 3339 703 3422 ξ
768 3341 940 3408 81).
997 3342 1261 3405 Interea
1311 3335 1625 3405 tumulus
1689 3337 1867 3406 beati
1917 3337 2068 3418 viri,
2128 3337 2323 3408 locus
2382 3338 2493 3425 (ut
2538 3339 2714 3426 erat)
2759 3341 3142 3428 apparebat

577 3443 727 3494 esse
776 3425 1026 3514 refugii
1076 3424 1283 3494 fidem
1333 3425 1772 3505 habentibus,
1811 3437 1877 3493 et
1921 3447 2001 3494 ex
2031 3447 2475 3511 quacumque
2525 3428 2930 3496 necessitate
2971 3451 3141 3496 con—

576 3510 1005 3603 fugientibus
1068 3512 1153 3580 ad
1224 3512 1713 3602 protectionem
1776 3514 1888 3581 Dei
1938 3513 2145 3581 coeli:
2216 3525 2281 3582 et
2338 3513 2522 3583 velut
2585 3515 2873 3600 quidam
2937 3516 3131 3586 rivus

577 3601 908 3701 paradisi,
994 3602 1166 3670 ratia
1214 3601 1653 3670 curationum
1705 3601 1951 3670 exinde
2001 3601 2256 3671 fluebat
2306 3602 2630 3671 ubertim.
2695 3604 3138 3673 sanabantur

579 3689 869 3770 infirmi,
931 3625 1518 3759 illuminabantur
1564 3689 1803 3771 caeci,
1856 3689 2302 3780 erigebantur
2359 3690 2715 3770 contracti,
2768 3694 3146 3761 currebant

577 3778 835 3857 claudi,
892 3779 1256 3867 paralytici
1303 3778 1754 3858 curabantur,
1824 3778 2196 3848 daemones
2245 3777 2329 3847 de
2376 3780 2679 3848 obsessis
2727 3781 3143 3869 corporibus

576 3866 1085 3956 effugabantur.
1158 3872 1382 3936 Unum
1450 3878 1680 3935 autem
1733 3867 1912 3935 inter
1958 3880 2224 3936 caetera
2272 3868 2561 3957 contigit
2609 3866 2790 3936 infra
2839 3869 3140 3937 tricena-

577 3954 761 4022 rium
804 3953 1089 4036 funeris,
1156 3954 1341 4040 quod
1395 3977 1517 4044 pro
1567 3955 1677 4023 sui
1728 3955 2235 4044 magnitudine,
2284 3977 2421 4023 non
2475 3956 2865 4045 praeterire,
2922 3955 3142 4025 immo

579 4052 645 4109 et
692 4043 1017 4142 inprimis
1064 4065 1347 4112 narrare
1394 4043 1690 4133 dignum
1738 4055 1862 4112 est.
1926 4049 2058 4112 Res
2106 4043 2292 4111 enim
2343 4056 2556 4134 gesta,
2603 4055 2705 4113 est
2751 4043 2950 4112 valde
3015 4046 3149 4113 mi·

576 4130 841 4210 rabihS,
887 4144 953 4200 et
1002 4153 1173 4220 pene
1220 4144 1398 4201 esset
1448 4131 1904 4209 incredibilis,
1946 4132 2006 4200 si
2040 4152 2176 4200 non
2211 4153 2291 4200 ex
2340 4133 2599 4201 sanctis
2647 4132 3152 4220 canonicisque

580 4232 923 4289 constaret
973 4220 1361 4309 scriptum,
1418 4221 1700 4310 angelos
1748 4242 2024 4307 quoque
2071 4220 2191 4305 qui
2242 4220 2485 4307 utique
2534 4220 2820 4310 spiritus
2849 4233 3039 4299 sunt,
3081 4234 3150 4291 et

579 4329 787 4377 carne
836 4330 974 4378 non
1010 4319 1360 4397 teguntur,
1416 4308 1766 4377 interdum
1817 4308 1999 4377 visos
2036 4321 2104 4377 et
2149 4308 2422 4378 auditos
2460 4309 2675 4378 fuisse
2718 4308 2805 4376 ab
2836 4308 3149 4377 homini-

578 4396 711 4468 bus
759 4397 1083 4468 sensibus
1130 4397 1503 4487 corporeis.
1577 4396 1932 4483 Siquidem
1992 4397 2123 4465 hoc
2170 4396 2443 4477 accidit,
2497 4410 2576 4467 ut
2625 4397 2910 4487 spiritus
2959 4396 3151 4467 beati
