3327 4999
188 341 429 406 MART.
481 342 567 405 25
1192 359 1269 404 ns
1316 360 1370 405 s.
1427 358 1708 406 LATRONE
2503 342 2621 405 484

187 443 325 512 duo
372 443 692 522 latroneS,
730 442 957 531 imago
988 441 1413 513 ,ludaeorum
1452 455 1517 512 et
1565 441 1963 513 Gentilium.
2008 448 2203 512 Latro
2242 441 2363 529 qui
2402 443 2717 532 poenitet,

185 534 554 623 imaginem
604 530 861 601 obtinet
910 531 1148 621 populi
1196 553 1277 601 ex
1322 532 1643 623 gentibus
1675 532 2071 622 congregati
2115 532 2236 619 qui
2274 532 2466 621 prius
2507 532 2576 600 in
2614 555 2722 601 er-

186 644 333 691 rore
360 621 849 699 ambulaverat,
888 632 952 689 et
985 633 1136 709 post
1166 621 1293 691 hoc
1326 623 1673 691 veritatem
1707 621 2003 709 agnovit:
2039 620 2412 710 imaginem
2447 643 2600 690 vero
2629 621 2726 689 la·-

185 723 286 780 tro
319 711 430 780 ille
461 710 717 792 obtinet
763 708 1183 779 ,ludaeorum
1218 710 1338 798 qui
1376 734 1597 799 usque
1628 711 1697 778 in
1728 708 1933 779 finem
1972 713 2353 800 perseverat
2403 709 2606 780 latro:
2661 724 2724 778 et

182 822 401 887 usque
449 800 532 870 ad
588 813 857 889 tempus
902 799 1183 885 quidem
1236 802 1461 870 crucis
1525 802 1703 870 viam
1755 799 2205 890 malignitatis
2257 800 2504 880 ierunt,
2558 822 2726 867 crux

183 904 412 958 autem
462 889 692 958 divisit
760 900 1153 975 utrumque.
1209 890 1396 960 Viam
1466 911 1765 976 namque
1813 889 2159 958 caecitatis
2206 901 2271 959 et
2321 888 2726 979 perditionis

182 979 478 1065 quinon
511 977 803 1048 credidit
864 978 1220 1067 ingressus
1252 992 1386 1050 est:
1443 980 1621 1048 viam
1671 991 1901 1048 autem
1953 979 2197 1049 salutis
2266 980 2386 1066 qui
2435 977 2727 1047 credidit

185 1070 543 1138 iurrressus
590 1081 727 1137 est:
782 1066 960 1136 viam
1010 1068 1254 1137 salutis
1310 1069 1429 1155 qui
1494 1067 1785 1137 credidit
1867 1068 2157 1158 adeptus
2218 1080 2341 1137 est.
2397 1072 2472 1136 In
2524 1090 2727 1137 cruce

184 1124 430 1226 didicit
484 1158 656 1226 latro
711 1156 1167 1226 differentiam
1218 1157 1519 1228 viarum:
1578 1159 1902 1240 Quoniam
1957 1160 2136 1226 novit
2191 1160 2505 1226 Dominus
2543 1159 2726 1225 viam

172 1250 536 1337 justorum,
578 1249 689 1315 via
723 1257 947 1315 autem
978 1248 1335 1334 impiorum
1362 1249 1606 1338 peribit
1641 1250 1863 1330 (Psal.
1903 1246 1993 1334 ¹l).
2024 1251 2098 1315 Et
2131 1246 2284 1314 vide
2315 1246 2428 1314 Dei
2451 1245 2721 1333 justum

175 1336 545 1425 judicium,
604 1347 678 1405 ut
723 1334 915 1405 dicas
961 1347 1024 1403 et
1074 1348 1147 1405 tu
1179 1358 1339 1405 cum
1383 1336 1747 1425 Propheta:
1796 1342 2029 1405 Justus
2081 1360 2147 1403 es
2200 1338 2491 1416 Domine,
2529 1346 2590 1403 et
2619 1358 2723 1402 ⁴re.-

186 1436 363 1494 etum
383 1426 723 1515 judicium
757 1435 946 1493 tuum
975 1425 1187 1515 (Psal.
1230 1426 1407 1513 ⁴18).
1464 1430 1739 1515 Propter
1772 1447 1989 1493 unum
2047 1437 2401 1515 peccatum
2433 1424 2722 1494 damna-

189 1527 301 1584 tur
344 1516 581 1596 Adam,
646 1527 709 1583 et
758 1536 880 1604 pro
934 1525 1033 1583 ter
1091 1537 1302 1582 uuam
1354 1514 1513 1584 fidei
1548 1534 1805 1583 'vocem
1870 1514 2037 1582 latro
2106 1513 2431 1583 salvatur.
2496 1518 2722 1584 Unum

187 1617 542 1692 peecatum
592 1603 787 1693 ejecit
835 1603 879 1672 il
916 1626 1058 1684 um,
1097 1616 1161 1673 et
1214 1626 1353 1673 una
1376 1604 1647 1695 justitia
1696 1603 2074 1673 introduxit
2133 1603 2386 1673 istum:
2439 1616 2505 1673 et
2551 1602 2725 1671 latro

188 1693 529 1763 habitator
578 1693 799 1762 factus
847 1706 949 1763 est
999 1691 1327 1783 paradisi.

274 1786 309 1869 ξ
372 1788 463 1853 3.
519 1786 570 1852 Ο
618 1781 1025 1852 admiranda
1075 1804 1301 1852 rerum
1356 1782 1693 1851 materies
1734 1781 2199 1873 NecAbrahae
2245 1781 2405 1851 data
2452 1795 2554 1852 est
2605 1804 2726 1872 per

187 1893 417 1940 vocem
470 1871 909 1961 repromissio
961 1870 1288 1961 paradisi.
1344 1870 1808 1941 Haereditavit
1846 1870 2126 1957 quidem
2177 1892 2298 1961 per
2344 1870 2576 1950 fidem,
2618 1894 2724 1939 re-

191 1960 715 2051 promissionem
743 1964 969 2030 aulem
1001 1960 1308 2050 paradisi
1335 1981 1535 2029 nemo
1567 1973 1724 2030 ante
1754 1960 2081 2029 latronem
2114 1960 2400 2049 accepit.
2444 1961 2568 2029 Hic
2599 1983 2725 2030 au-

162 2064 321 2118 -tem
352 2063 789 2139 perscrutans
814 2049 1216 2140 diligentius
1248 2062 1438 2119 vetus
1465 2055 1996 2127 Testamentum,
2035 2061 2099 2118 et
2132 2071 2408 2129 novum,
2450 2049 2724 2118 nullum

190 2151 348 2206 ante
398 2138 727 2208 latronem
789 2139 1095 2208 invenies
1161 2139 1764 2229 repromissionem
1816 2137 2116 2227 paradisi
2168 2139 2524 2220 meruisse,
2588 2160 2723 2207 non

189 2227 551 2308 Abraham,
604 2249 735 2297 non
791 2233 1001 2308 Isaac,
1056 2249 1191 2297 non
1239 2229 1473 2303 Jacob,
1530 2251 1652 2297 nec
1705 2233 1954 2297 Mosem
1988 2250 2112 2297 nec
2163 2228 2555 2317 l'rophetaS‚
2594 2250 2716 2297 nec

191 2315 566 2416 ApostolOS,
606 2316 723 2384 sed
770 2331 924 2386 ante
984 2340 1222 2386 omnes
1272 2318 1567 2407 reperies
1617 2317 1975 2386 latronem.
2020 2317 2192 2386 Audi
2243 2316 2456 2407 igitur
2497 2317 2723 2386 Domi-

192 2426 418 2473 nicam
472 2426 700 2475 vocem
729 2431 743 2471 ε
791 2412 998 2476 Amen
1033 2428 1227 2476 amen
1260 2408 1403 2475 dico
1438 2408 1578 2487 tibi,
1617 2407 1810 2475 lzodz'e
1857 2430 2112 2475 mecum
2145 2409 2275 2475 eriis
2307 2408 2376 2474 in
2403 2407 2723 2497 paradiso

187 2496 371 2584 (Luc.
406 2495 612 2585 xxiii).
653 2497 923 2568 Vocavit
968 2496 1225 2587 quippe
1276 2502 1449 2566 Deus
1513 2495 1852 2566 Abraham
1910 2496 2188 2565 dicens:
2246 2496 2359 2565 Exi
2409 2496 2493 2565 de
2544 2511 2723 2567 terra

192 2598 330 2664 tua,
368 2597 431 2653 et
478 2584 560 2653 de
604 2587 1011 2655 coornatione
1045 2599 1183 2656 tua.
1240 2590 1315 2655 Et
1365 2608 1498 2655 non
1547 2586 1716 2656 dixit
1762 2585 1906 2654 illi:
1960 2586 2455 2656 Haereditatem
2489 2586 2722 2676 capies

190 2673 529 2764 paradisi:
592 2642 728 2744 sed0
770 2675 922 2744 veni
983 2676 1050 2742 in
1114 2687 1363 2744 terram
1421 2698 1627 2763 quarn
1683 2686 2147 2745 monstravero
2205 2675 2350 2749 tibi.
2406 2680 2482 2744 Et
2531 2680 2721 2744 Isaac

184 2763 461 2849 quidem
504 2775 745 2854 typum
798 2763 1043 2832 Christi
1082 2764 1393 2853 portavit,
1431 2777 1494 2834 et
1522 2764 1735 2835 Jacob
1768 2764 2178 2837 colluctatus
2209 2765 2277 2833 in
2311 2764 2534 2854 figura
2559 2787 2717 2833 cum

184 2858 318 2921 Deo
364 2863 486 2922 est.
526 2857 602 2921 Et
652 2858 866 2921 Moses
907 2851 1124 2941 legem
1175 2854 1460 2943 accepit,
1517 2866 1581 2924 et
1630 2877 1750 2944 per
1799 2854 2401 2943 repromissionem
2458 2853 2725 2923 audivit

183 2942 363 3011 bona
412 2953 631 3010 terrae
680 2939 1263 3010 manducaturum
1316 2964 1386 3012 se
1432 2965 1622 3022 esse,
1688 2943 1747 3014 si
1808 2944 1866 3012 le
1917 2965 2022 3021 em
2094 2942 2360 3013 Domini
2433 2943 2545 3012 Dei
2613 2943 2726 3012 sui

182 3030 630 3101 custodisset:
683 3041 750 3097 et
795 3049 1139 3114 nusquam
1191 3033 1629 3119 repromissio
1681 3055 1843 3122 para
1901 3032 1982 3103 isi
2021 3044 2177 3102 ante
2205 3032 2562 3101 latronem.
2599 3036 2727 3102 Ne-

183 3119 562 3190 cessarium
611 3128 713 3186 est
767 3137 929 3216 ergo
988 3138 1339 3204 quaerere,
1391 3142 1517 3191 cur
1568 3122 1734 3192 huic
1781 3134 1938 3191 ante
1984 3120 2178 3201 alio&
2234 3133 2299 3190 et
2345 3133 2502 3190 ante
2554 3121 2722 3191 tales

184 3209 366 3278 viros
401 3207 535 3277 side
584 3205 1030 3296 dignissimos
1082 3206 1516 3297 potissimum
1568 3211 1981 3301 repromisit.
2037 3211 2336 3281 Credidit
2381 3210 2726 3280 Abraham

188 3304 342 3377 De0,
396 3319 467 3365 se
516 3295 806 3365 credidit
855 3294 951 3363 illi
1021 3295 1106 3365 de
1164 3295 1372 3366 coelis
1438 3297 1740 3385 loquenti
1807 3313 1872 3369 et
1942 3322 2061 3390 per
2109 3313 2380 3370 sanctos
2428 3300 2717 3391 Angelos

186 3406 573 3456 sermonem
617 3384 1004 3475 proferenti,
1040 3398 1105 3454 et
1154 3386 1237 3453 de
1274 3387 1544 3476 propria
1586 3390 1986 3459 auctoritate
2021 3388 2237 3479 legem
2297 3388 2512 3458 danti.
2568 3394 2723 3459 Cre-

184 3475 362 3545 didit
407 3485 472 3543 et
518 3474 754 3555 IsaiaS,
804 3474 920 3545 sed
970 3474 1042 3543 in
1093 3474 1313 3566 gloria
1360 3476 1796 3548 consistenti:
1852 3478 2003 3547 Vidi
2041 3477 2251 3558 enim,
2289 3478 2538 3565 inquit,
2599 3483 2725 3547 Do-

186 3566 457 3635 minum
507 3563 855 3633 sedentem
905 3586 1117 3654 super
1157 3564 1479 3634 thronum
1518 3567 1862 3638 excelsum
1912 3581 1975 3637 et
2022 3567 2385 3636 elevatum.
2428 3566 2727 3637 Credidit

185 3666 249 3723 et
289 3652 617 3733 Ezechiel,
672 3653 790 3722 sed
839 3665 904 3722 et
951 3654 1098 3743 ipse
1150 3653 1514 3722 Dominum
1565 3679 1773 3746 super
1821 3656 2164 3726 Cherubin
2215 3656 2725 3746 contemplatus

184 3756 308 3814 est.
365 3741 815 3812 crediderunt
861 3742 1111 3829 reliqui
1161 3743 1553 3832 Prophetae,
1607 3746 1724 3814 sed
1784 3746 2050 3816 diverso
2101 3744 2304 3815 modo
2355 3746 2724 3816 Dominum

184 3832 442 3923 gloriae
490 3831 866 3911 intuenteS,
931 3832 1111 3900 sicut
1160 3831 1385 3901 videre
1447 3834 1775 3922 possibile
1823 3834 2170 3903 humanae
2216 3846 2358 3903 erat
2408 3846 2719 3905 naturae.

185 3920 504 4000 Credidit,
552 3920 730 3991 sicut
761 3920 926 4000 dixi,
979 3933 1045 3990 et
1094 3925 1330 4002 Moses,
1373 3920 1486 3991 sed
1539 3922 1622 3991 de
1674 3921 1899 3992 medio
1948 3923 2129 4013 ignis
2181 3923 2508 4009 loqu'enti,
2543 3926 2608 3994 et
2654 3925 2726 3993 in

185 4011 389 4080 tubae
435 4010 783 4101 clangora,
836 4021 901 4079 et
947 4009 1016 4079 in
1071 4011 1366 4080 tonitru:
1419 4031 1595 4097 quae
1658 4024 1724 4082 et
1788 4011 2138 4081 infidelem
2211 4024 2518 4102 poterant
2568 4036 2726 4103 pro-

186 4123 447 4170 vocare.
519 4104 698 4169 Haec
755 4111 985 4170 autem
1047 4098 1235 4181 dico,
1292 4121 1427 4168 non
1482 4114 1554 4170 ut
1601 4101 1857 4170 sanctis
1906 4100 2272 4185 devocem,
2335 4101 2554 4172 absit:
2612 4102 2730 4174 sed

185 4203 461 4280 propter
497 4211 657 4258 cum
706 4189 826 4277 qui
875 4188 1065 4259 solus
1108 4211 1227 4280 per
1280 4188 1564 4258 verbum
1616 4189 1866 4260 meruit
1908 4153 2335 4281 paradisum.
2391 4196 2524 4261 Iste
2558 4212 2721 4282 ergo

185 4279 354 4348 vidit
387 4277 826 4359 salvatorem,
882 4299 1014 4347 non
1052 4300 1262 4369 super
1310 4279 1554 4349 throno
1604 4279 1840 4370 regali,
1880 4301 2012 4349 non
2043 4280 2316 4351 adorari
2343 4281 2414 4350 in
2447 4295 2577 4351 tem
2634 4280 2721 4361 10,

186 4390 322 4438 non
377 4367 764 4454 loquentem
812 4367 896 4436 de
942 4367 1173 4447 coelis,
1228 4380 1362 4437 non
1416 4390 1535 4460 per
1582 4369 1861 4460 angelos
1909 4369 2431 4460 disponentem:
2487 4391 2557 4442 se
2654 4369 2728 4437 in

187 4478 406 4550 poena
454 4455 788 4528 sociatum
821 4457 1072 4528 latroni
1121 4457 1297 4527 videt
1344 4458 1414 4526 in
1467 4459 1846 4542 tormentis,
1899 4473 1963 4530 et
2011 4473 2366 4550 tamquam
2400 4459 2471 4527 in
2507 4457 2730 4548 gloria

346 4581 587 4643 surius
628 4612 655 4629 ·
692 4582 856 4649 Vitae
893 4582 1000 4650 SS.
1058 4615 1081 4629 -
1122 4580 1249 4644 Vol.
1292 4580 1395 4643 111.
2417 4582 2496 4668 31,
