3327 4999
638 323 769 388 286
1308 341 1388 387 nr.
1435 341 1491 388 s.
1542 338 1900 389 memnone
1961 338 2357 387 rai-aunem
2719 320 2964 385 MART.
3020 320 3106 386 ⁴3

551 418 1038 491 exercitatione
1083 420 1366 491 versari.
1437 425 1682 490 Verum
1734 441 1894 490 cum
1943 419 2048 488 vir
2087 417 2203 488 ille
2251 415 2645 488 divinarum
2703 439 2936 490 rerum
2988 439 3107 508 pe-

547 509 929 579 ritissimus
1003 519 1069 578 et
1134 508 1726 600 prudentissimus
1776 564 1791 589 ,
1843 519 1991 577 tum
2057 507 2295 577 multis
2370 506 2811 579 sermonibus
2856 563 2877 590 ,
2951 519 3104 577 tum

550 599 1069 688 Scripturarum
1140 597 1595 679 testimoniis,
1669 611 1814 667 tum
1891 596 2282 687 longissimi
2353 594 2684 684 temporis
2731 608 3108 667 consuetu-

550 685 720 756 dine
768 685 1297 777 comprobatum
1365 686 1749 777 imaginum
1816 708 2022 756 usum
2092 685 2626 767 demonstraret,
2681 706 2808 755 nec
2869 698 3104 756 tamen

549 773 961 845 insolentem
1032 773 1386 845 hominem
1455 798 1496 847 a
1557 775 1908 867 proposito
1956 785 2186 883 posset
2232 772 2579 842 dimovere
2614 828 2629 855 ,
2684 784 2850 844 tunc
2898 775 3104 845 dolus

547 864 672 952 qui
721 876 922 933 antea
969 862 1311 945 latuerat,
1366 864 1438 933 in
1502 878 1818 956 apertum
1869 864 2119 954 erupit.
2174 867 2392 932 Mores
2436 862 2621 931 enim
2672 861 2930 933 ferinos
2978 886 3106 934 no·-

542 953 730 1022 mini
780 966 1240 1043 congruentes
1288 954 1590 1043 gerebat.
1644 958 1885 1040 Itaque
1933 963 2284 1039 tamquam
2334 950 2766 1041 perniciosus
2811 953 3102 1040 quidam

548 1063 739 1133 aper,
782 1055 903 1111 aut
952 1040 1398 1114 saevissimus
1447 1042 1575 1122 leo,
1618 1041 2082 1129 immanisque
2114 1040 2276 1120 fera,
2317 1039 2740 1111 salutaribus
2779 1042 3102 1132 magistri

547 1130 985 1201 documentis
1034 1130 1133 1201 sic
1182 1152 1386 1201 aures
1433 1131 1831 1212 occludens,
1883 1144 1959 1199 ut
2006 1129 2195 1219 aspis
2242 1128 2862 1212 incantationibUS,
2920 1131 3097 1200 nihil

546 1222 993 1290 movebatur:
1049 1219 1165 1289 sed
1217 1219 1631 1290 obstinatius
1680 1219 2091 1290 insaniebat.
2145 1218 2383 1288 Statim
2452 1218 2665 1319 igitur
2710 1229 2775 1287 et
2821 1219 3096 1309 pietatis

541 1308 711 1390 zelo,
765 1320 829 1378 et
878 1308 1400 1399 praestantioris
1447 1307 1706 1379 auxilio
1753 1308 2205 1377 confirmatus
2238 1307 2362 1387 vir,
2400 1328 2515 1375 cui
2561 1329 2601 1376 a
2647 1306 2931 1377 victoria
2971 1331 3094 1378 no-

541 1420 702 1467 men
752 1410 919 1478 erat,
975 1411 1041 1467 et
1088 1409 1447 1488 propterea
1494 1397 1921 1488 Nicephorus
1969 1396 2371 1476 vocabatur,
2437 1408 2713 1466 strenue
2759 1397 3095 1469 adversus

544 1486 996 1578 impietatem,
1048 1499 1114 1554 et
1161 1492 1558 1576 Tyrannum
1609 1485 1983 1576 impietatis
2021 1484 2448 1554 defensorem
2490 1484 2878 1555 instruitur:
2933 1508 3091 1577 coa-

541 1576 811 1662 ctisque
859 1574 1212 1665 primariis
1260 1574 1754 1655 sacerdotibus,
1807 1574 1973 1643 viris
2020 1586 2165 1643 tum
2205 1573 2364 1654 vita,
2405 1584 2548 1642 tum
2585 1574 2897 1643 doctrina
2937 1597 3096 1665 pro-
3157 1607 3162 1612 ·

539 1662 747 1737 hatis.
801 1665 923 1750 qui
972 1662 1182 1731 simul
1233 1685 1357 1753 pro
1408 1663 1655 1754 pietate
1703 1685 2014 1754 pugnare
2062 1662 2282 1752 parati
2330 1675 2544 1742 erant,
2599 1662 2683 1731 de
2728 1664 3094 1734 communi

542 1753 880 1822 sententia
928 1751 1166 1837 inique
1215 1774 1287 1821 se
1349 1763 1695 1842 gerentem
1745 1757 2280 1842 Imperatorem,
2338 1750 2492 1820 licet
2539 1750 2837 1831 frustra,
2892 1773 3095 1822 coar-

590 1853 867 1921 uerunt,
924 1852 990 1909 et
1051 1852 1401 1927 tamquam
1453 1839 2026 1910 contumeliosum
2081 1840 2196 1909 Dei
2271 1862 2643 1927 rerumque
2690 1841 3091 1912 divinarum

594 1942 807 1998 ostem
834 1928 1265 2027 judicarunt.
1311 1930 1771 2013 Quamobrem
1810 1951 2142 2020 arrogans
2188 1940 2255 1997 et
2299 1928 2643 2018 superbus
2691 1929 2808 1999 ille
2854 1930 3094 1999 confe-

541 2017 701 2087 stim
750 2030 817 2088 et
862 2017 1374 2087 simulationem
1411 2073 1427 2100 ‚
1478 2041 1689 2105 quam
1747 2018 2155 2099 occultabat,
2208 2018 2494 2105 aperire.
2550 2029 2617 2087 et
2661 2019 3089 2090 reconditam

540 2106 845 2176 malitiae
883 2106 1242 2188 rationem,
1289 2119 1642 2195 tamquam
1678 2107 2179 2178 redundantem
2213 2106 2562 2194 quandam
2597 2120 3084 2198 corruptorum

539 2194 916 2266 humorum
964 2216 1046 2264 ex
1092 2195 1431 2265 cruditate
1479 2197 1775 2288 copiam,
1814 2218 2147 2277 evomere,
2193 2209 2315 2285 aut
2350 2196 2692 2265 deformes
2723 2209 2789 2266 et
2825 2198 3086 2287 imper-

538 2282 751 2354 fectos
812 2306 893 2353 ex
958 2284 1202 2356 abortu
1266 2285 1485 2354 foetus
1530 2286 1601 2355 in
1653 2285 1876 2354 lucem
1927 2286 2126 2355 edere
2172 2296 2449 2354 coactus
2496 2297 2619 2354 est.
2694 2286 3086 2375 Tyrannica

540 2371 756 2462 igitur
787 2373 1081 2443 audacia
1126 2373 1651 2444 celeberrimum
1702 2374 2192 2454 Patriarcham‚
2229 2395 2265 2442 e
2298 2373 2458 2443 sede
2505 2396 2631 2443 sua
2678 2374 3078 2464 depulsum,

544 2460 616 2530 in
668 2462 870 2533 exilio
911 2463 1133 2533 vivere
1179 2462 1537 2554 compulit:
1575 2484 1659 2532 ne
1707 2461 1879 2532 illud
1928 2462 2208 2550 quidem
2242 2463 2522 2544 ver-itm,
2559 2463 2617 2533 si
2649 2461 2822 2533 nihil
2858 2463 3078 2545 aliud,

540 2552 725 2638 quod
777 2552 1216 2642 impositione
1261 2565 1326 2621 et
1371 2552 1848 2643 obsignatione
1882 2574 2219 2621 manuum
2256 2552 2478 2642 ipsius
2505 2552 2717 2652 (quod
2755 2552 2905 2622 fieri
2944 2559 3084 2622 non

537 2640 811 2730 debuit)
858 2641 1139 2731 Imperii
1185 2662 1507 2711 coronam
1552 2654 1927 2731 acceperat.
1982 2647 2253 2721 Verum,
2293 2653 2370 2710 ut
2404 2641 2772 2710 verisimile
2803 2653 2926 2723 est,
2963 2641 3086 2711 de-

539 2728 854 2820 fectionis
900 2742 966 2799 et
1012 2728 1400 2818 tyrannidis
1447 2728 1714 2799 lubrico
1755 2729 2015 2819 lapsuS‚
2053 2729 2260 2800 simul
2304 2751 2462 2799 cum
2500 2730 2745 2819 pietate.
2780 2730 3087 2820 pruden-

539 2817 704 2888 tiam
755 2830 820 2888 et
868 2818 1199 2887 rationem
1234 2840 1314 2887 ac
1348 2831 1645 2887 mentem
1696 2820 2042 2888 amiserat.
2082 2823 2320 2905 Itaque
2367 2816 2663 2888 nefanda
2708 2818 3083 2910 impietatis

535 2918 741 2993 atque
789 2906 1120 2976 audaciae
1169 2904 1477 2977 facinora
1521 2906 2076 2998 aggrediebatur.

625 3003 664 3076 ἓ
739 3002 826 3068 5.
878 2995 1272 3064 Patriarcha
1317 3017 1496 3070 vero.
1549 3009 1627 3066 ut
1676 2995 1943 3086 pacifici
1987 2994 2301 3086 magistri
2348 2995 2757 3087 discipulus,
2811 2997 2898 3066 ab
2947 3001 3077 3066 Ec-

534 3082 744 3153 clesia
791 3082 1107 3155 discessit
1139 3083 1353 3154 tristis
1383 3096 1449 3154 et
1498 3084 2112 3175 lacrymabundus,
2160 3098 2237 3153 ut
2282 3085 2405 3171 qui
2453 3107 2780 3175 sponsam
2829 3085 3086 3154 imma-

531 3171 859 3253 culatam,
913 3172 1044 3243 sibi
1092 3195 1133 3241 a
1181 3177 1311 3242 Deo
1360 3174 1679 3244 traditam
1707 3229 1722 3254 ,
1777 3174 2090 3244 discessu
2136 3195 2263 3243 suo
2311 3187 2725 3243 moerentem
2783 3173 3083 3264 ingemi-

533 3272 972 3348 scentemque
1019 3261 1457 3348 relinqueret.
1526 3263 1868 3353 Populum
1917 3275 2144 3332 autem
2215 3273 2280 3331 et
2345 3285 2622 3353 gregem
2698 3284 2905 3332 suum
2956 3283 3081 3362 op·

530 3349 848 3440 portunis
894 3350 1331 3420 sermonibus
1376 3351 1759 3422 instruebat
1804 3362 1869 3421 et
1915 3350 2431 3431 cohortabatur,
2489 3363 2566 3421 ut
2612 3352 2954 3442 integram
3002 3372 3077 3419 in

530 3438 811 3509 vinculo
859 3440 1048 3530 pacis
1096 3439 1304 3509 fidem
1344 3440 1754 3510 observaret.
1808 3444 1885 3510 At
1931 3441 2048 3510 ille
2104 3440 2461 3509 insaniens
2521 3452 2587 3509 et
2646 3438 2876 3509 furore
2924 3459 3082 3530 per-

531 3527 734 3609 cituS,
789 3528 1106 3619 pietatem
1159 3552 1283 3619 pro
1317 3529 1578 3599 viribus
1627 3530 1954 3620 pergebat
2000 3529 2347 3598 insectari:
2403 3550 2526 3598 neo
2582 3542 2943 3598 contentus
2990 3528 3077 3597 iis

530 3639 707 3704 quae
754 3618 825 3686 in
875 3618 1340 3687 Patriarcham
1388 3618 1703 3687 divinum
1744 3618 2217 3696 commiserat,
2274 3617 2502 3687 adhuc
2551 3616 2854 3686 malitiae
2908 3638 3080 3686 suae

532 3707 924 3796 spectacula
956 3706 1566 3778 lamentationibus
1612 3718 1679 3777 et
1724 3706 2096 3798 gemitibus
2142 3706 2352 3797 digna
2399 3706 2471 3775 in
2521 3705 2757 3797 plures
2803 3705 3072 3775 edebat.

530 3799 784 3867 Omnes
831 3796 953 3883 qui
987 3809 1167 3866 recta
1206 3795 1506 3866 veritatis
1553 3795 1876 3886 dogmata
1922 3795 2259 3885 complexi
2307 3817 2471 3865 cum
2520 3796 2848 3886 magistro
2909 3816 3080 3864 con-

531 3897 908 3967 senserant,
964 3885 1330 3976 primarios
1379 3885 1801 3965 sacerdoteS‚
1861 3884 2374 3971 monachosque
2420 3896 2486 3953 et
2532 3894 2953 3973 praestantes
3000 3883 3076 3952 in

529 3975 810 4065 popule,
850 3985 996 4043 tum
1047 3974 1251 4056 viros,
1307 3985 1454 4044 tum
1499 3975 1708 4044 etiam
1758 3973 2116 4056 foeminas,
2161 3996 2297 4042 non
2351 3971 2649 4042 ferendis
2699 3972 2936 4062 poenis
2971 3984 3078 4041 at-

526 4083 661 4150 que
694 4062 1056 4153 suppliciis
1104 4063 1470 4134 afficiebat.
1539 4063 1665 4132 Alii
1697 4064 1882 4132 enim
1931 4062 2245 4154 ipsorum
2298 4061 2522 4163 plagis
2585 4083 2665 4130 ac
2714 4060 3077 4130 tormentis

524 4151 924 4222 crudelibus
971 4153 1569 4223 excruciabantur.
1623 4152 1750 4222 Alii
1795 4151 1974 4221 fame
2030 4164 2095 4221 et
2141 4152 2254 4221 siti
2301 4173 2371 4219 m
2428 4171 2704 4220 carcere
2749 4149 2873 4241 diu
2919 4171 3080 4240 pre-

523 4241 912 4310 mebantur.
958 4241 1149 4311 Multi
1185 4242 1334 4314 sine
1363 4241 1510 4311 ulla
1540 4241 1775 4310 veniae
1822 4262 1944 4330 spe
1974 4240 2424 4310 mittebantur
2466 4239 2558 4322 in
2586 4238 2894 4308 exilium.
2930 4242 3076 4306 Non

522 4331 729 4421 pauci
778 4329 1255 4421 spoliabantur
1299 4329 1593 4401 fortunis
1640 4329 1728 4398 ob
1769 4329 1839 4397 id
1889 4329 2115 4398 solum
2148 4328 2329 4416 quod
2380 4338 2578 4397 erant
2627 4326 2895 4418 pietatis
2927 4338 3078 4396 stu-

523 4419 722 4491 diosi.
777 4420 1072 4503 Quidam
1121 4419 1325 4490 etiam
1358 4474 1375 4502 ,
1430 4431 1506 4490 ut
1554 4417 1731 4489 sama
1782 4428 1927 4501 est,
1987 4419 2165 4490 clam
2235 4417 2686 4488 necabantur.
2745 4413 3078 4487 Nonnulli
