3327 4999
212 348 455 413 MART.
511 351 594 413 25
1007 371 1084 416 na
1133 370 1188 416 s,
1244 370 1659 418 naamnmrmo
1709 370 1949 417 ABBATE
2535 352 2663 416 489

208 447 682 519 deambularet
720 460 785 518 ct
831 449 1078 520 deinde
1126 452 1194 519 in
1249 451 1442 521 litore
1492 473 1868 543 parumper
1916 471 2182 521 sessum
2234 472 2306 519 se
2366 459 2746 541 reponeret.

207 537 448 607 Aderat
497 551 636 608 tum
687 538 1034 629 quispiam
1106 540 1226 627 qui
1275 541 1528 611 diceret
1596 546 2092 610 Nannetensem
2162 541 2564 630 episcopum
2623 539 2748 608 ha-

206 627 440 697 buisse
490 628 769 717 piscem,
804 650 1009 715 quem
1051 630 1256 721 vulgo
1298 630 1767 721 naupraedam
1803 641 2068 698 vocant.
2105 628 2194 697 Ad
2229 651 2432 716 quem
2473 629 2573 697 vir
2605 628 2747 700 Dei.

210 740 245 782 «
283 724 358 787 Et
402 716 566 804 quid
605 716 856 797 isthuc,
912 719 1156 806 inquit.
1219 719 1425 790 frater
1473 721 1554 788 ad
1609 741 1749 787 rem
1815 719 2143 810 pertinet?
2191 722 2285 787 An
2336 739 2491 787 vero
2547 728 2751 808 putas

209 806 621 876 imbecillam
673 829 823 877 esse
865 808 977 875 Dei
1028 830 1337 891 manum,
1379 821 1452 879 ut
1502 830 1635 877 non
1681 809 1895 899 possit
1931 808 2136 877 etiam
2170 807 2370 876 nobis
2407 806 2749 897 ejusmodi

211 896 445 987 largiri
499 896 840 985 piscem'b)
890 896 1187 966 Necdum
1227 919 1384 967 vera
1415 921 1541 968 sua
1587 898 1969 988 expleverat
2016 898 2118 966 vir
2150 908 2431 965 sanctus
2478 909 2543 965 et
2590 917 2749 964 ecce

208 986 360 1087 ejus
407 985 680 1076 generis
731 985 938 1076 piscis
986 988 1073 1055 ab
1124 987 1272 1076 ipso
1322 988 1578 1077 Ligeris
1635 986 1850 1056 fundo
1900 1008 2045 1057 sese
2093 986 2483 1076 subrigens,
2537 985 2753 1055 celer-

210 1097 384 1144 rime
432 1075 517 1143 ad
568 1074 764 1144 illum
818 1074 1164 1145 adnatavit
1209 1088 1274 1144 et
1321 1089 1476 1145 ante
1523 1077 1673 1165 ejus
1714 1074 1921 1165 pedes
1967 1075 2037 1144 in
2087 1098 2333 1145 arenas
2382 1074 2745 1165 prosilivit.

211 1164 334 1235 Ille
383 1186 518 1233 non
570 1164 897 1252 ignorans
936 1163 1265 1234 divinitus
1316 1166 1441 1234 hoc
1472 1166 1604 1256 ipsi
1645 1187 1902 1234 munus
1939 1163 2272 1244 oblatum,
2301 1186 2461 1234 cum
2498 1163 2751 1253 gratia-

212 1248 677 1323 rum'actione
715 1253 928 1344 jussit
975 1253 1182 1323 levari
1219 1277 1256 1323 e
1291 1266 1489 1333 terra,
1529 1254 1835 1341 dixitque
1867 1254 1991 1322 uni
2038 1276 2074 1321 e
2124 1253 2473 1324 fratribus:
2523 1252 2750 1322 «Tolle

198 1343 396 1413 'hunc
450 1343 702 1432 piscem
765 1342 886 1423 tili,
918 1354 983 1411 et
1040 1343 1108 1411 in
1161 1356 1294 1413 tres
1343 1357 1567 1434 partes
1616 1365 1811 1412 seca:
1864 1364 2159 1431 quarum
2195 1365 2339 1413 una
2386 1342 2570 1433 apud
2625 1364 2749 1411 nos

209 1443 627 1523 permaneat,
680 1432 983 1518 reliquae
1031 1431 1310 1502 duaein
1345 1433 1836 1502 monasterium
1889 1431 1971 1501 ad
2022 1431 2262 1502 fratres
2312 1431 2748 1501 mittantur.»

211 1528 488 1591 Factum
525 1535 646 1601 est,
703 1532 779 1590 ut
824 1522 1231 1611 imperarat:
1284 1532 1349 1590 et
1396 1521 1644 1591 accidit
1693 1543 1800 1591 res
1848 1543 2012 1591 sane
2061 1521 2519 1591 admirabilis.
2584 1526 2749 1590 Nam

208 1611 425 1680 sancti
493 1610 622 1679 viri
671 1610 934 1679 meritis
992 1611 1085 1679 ita
1132 1610 1372 1681 fratres
1421 1633 1698 1690 omneS,
1761 1623 1897 1680 tam
1948 1611 2068 1698 qui
2130 1633 2288 1679 cum
2342 1610 2459 1679 illo
2508 1621 2744 1690 erant,

206 1723 413 1787 quam
483 1701 599 1787 qui
652 1699 717 1767 in
773 1700 1184 1769 monasterio
1243 1702 1740 1781 versabantur,
1795 1723 2089 1788 quorum
2154 1713 2331 1769 certe
2405 1713 2550 1769 erat
2615 1721 2750 1768 non

206 1790 496 1879 exiguus
536 1811 892 1868 numeruS‚
948 1789 1212 1858 tantillo
1255 1790 1437 1880 pisce
1485 1790 1752 1859 exatiati
1805 1802 1989 1872 sunt,
2030 1803 2102 1858 ut
2147 1810 2398 1880 magna
2447 1788 2749 1880 piscium

210 1877 413 1969 copia
459 1879 570 1947 usi
609 1877 821 1947 fuisse
861 1877 1275 1947 viderentur.

296 1971 333 2055 ξ
394 1971 542 2039 12.
597 1972 838 2055 Magna
868 1979 1011 2037 erat
1060 1969 1125 2036 in
1171 1980 1405 2037 sancto
1456 1970 1598 2036 viro
1645 1968 2011 2058 prudentia
2058 1980 2122 2036 et
2182 1967 2557 2036 moderatio
2612 1988 2753 2054 qua

210 2058 306 2126 ita
354 2067 632 2125 noverat
678 2056 1164 2125 demandatum
1229 2058 1362 2147 ipsi
1411 2079 1718 2126 exercere
1786 2056 2273 2136 ministerium,
2330 2068 2404 2125 ut
2453 2078 2576 2125 nec
2628 2078 2750 2144 pro

214 2146 325 2215 sui
359 2144 669 2215 custodia
708 2143 994 2214 fratrum
1032 2168 1269 2215 curam
1320 2146 1729 2237 negligeret:
1787 2168 1911 2215 nec
1962 2146 2052 2214 ita
2104 2146 2428 2215 fratribus
2476 2155 2751 2214 susten-

213 2234 464 2314 tandis,
522 2234 740 2320 iisque
785 2234 1188 2305 necessariis
1227 2235 1679 2326 procurandis
1738 2247 1913 2304 esset
1962 2234 2300 2317 addictus,
2354 2246 2431 2303 ut
2478 2234 2750 2324 sibiipsi

212 2322 638 2413 negligenter
671 2322 1074 2412 invigilaret.
1129 2324 1317 2406 Quod
1368 2337 1444 2409 ut
1489 2336 1804 2394 accurate
1841 2346 2034 2414 praes
2087 2346 2182 2392 *re
2233 2336 2480 2413 posset,
2535 2324 2749 2394 inter-

208 2413 333 2481 diu
382 2435 488 2483 res
538 2412 691 2482 illas
721 2412 1007 2481 curabat
1052 2435 1226 2501 quae
1259 2426 1485 2483 essent
1532 2414 1859 2487 fratribus
1901 2435 2095 2482 neces
2143 2413 2346 2482 ariae.
2388 2418 2595 2484 Porro
2629 2435 2748 2482 no-

205 2503 471 2572 cturnis
521 2502 708 2572 horis
744 2515 893 2593 post
940 2525 1259 2574 somnum
1312 2507 1622 2585 brevem,
1678 2525 1882 2590 quem
1938 2516 2159 2573 tamen
2214 2503 2561 2574 humanae
2608 2504 2747 2573 sra-

205 2592 490 2682 gilitatis
562 2591 960 2662 necessilate
1024 2594 1309 2662 adactus
1373 2595 1638 2684 potius,
1693 2614 1900 2680 quam
1963 2592 2064 2661 vel
2116 2592 2426 2662 modicae
2495 2593 2746 2681 quietis

206 2682 433 2752 studio
479 2693 544 2751 et
577 2703 806 2751 amore
848 2683 1188 2773 captabat,
1251 2695 1429 2752 totus
1472 2683 1541 2751 in
1601 2704 1826 2751 rerum
1879 2682 2278 2752 coelestium
2319 2683 2749 2773 contempla-

205 2772 408 2851 tione,
463 2783 665 2858 atque
727 2771 794 2839 in
869 2772 1123 2841 sanctis
1175 2772 1493 2860 precibus
1552 2784 1617 2840 et
1713 2771 2069 2841 salmodiis
2118 2772 2539 2841 versabatur.
2614 2776 2747 2841 Nec

203 2861 503 2952 segniter
535 2862 603 2930 in
641 2883 789 2929 eam
826 2882 1063 2929 curam
1116 2861 1218 2929 vir
1257 2862 1366 2929 Dei
1421 2795 1883 2943 incumbebat,
1923 2874 2000 2931 ut
2045 2861 2474 2930 continenter
2503 2860 2589 2930 ad
2642 2860 2745 2929 al-

203 2951 374 3019 tiora
425 2951 777 3040 proficeret
824 2963 888 3019 et
919 2949 1341 3035 quotidianis
1389 2950 1717 3019 virtutum
1780 2951 2224 3019 incrementis
2272 2951 2488 3019 animi
2550 2949 2745 3040 puri-

210 3051 411 3108 tatem
444 3039 850 3109 cumularet.
908 3042 1140 3124 Itaque
1187 3038 1484 3124 quadam
1523 3051 1715 3107 nocte
1747 3040 1817 3107 in
1877 3039 2231 3130 Antrigino
2287 3038 2518 3109 insula
2562 3039 2741 3128 (ubi,

202 3129 380 3198 sicut
427 3139 583 3197 ante
611 3127 870 3195 dictum
906 3139 1027 3206 est,
1066 3140 1197 3196 tem
1253 3150 1368 3197 ore
1400 3127 1979 3218 Quadragesimae
2008 3128 2502 3219 corpusculum
2537 3150 2744 3197 suum

203 3218 424 3307 rigida
477 3215 888 3285 abstinentia
921 3215 1206 3285 conficie
1259 3216 1355 3306 at)
1402 3217 1471 3285 in
1522 3218 1814 3287 oratorio
1862 3219 2078 3287 sancti
2141 3217 2381 3286 Auiani
2433 3218 2551 3287 illo
2597 3240 2747 3286 am-

200 3305 507 3379 bulante,
549 3304 677 3378 via.
717 3304 827 3371 cui
865 3304 1241 3386 insistebat,
1299 3305 1560 3393 reliquo
1596 3307 1985 3396 pavimento
2022 3307 2384 3377 candidior
2412 3306 2557 3376 visa
2604 3318 2741 3377 est:

202 3406 404 3480 atque
443 3394 611 3461 adeo
663 3393 853 3463 locus
894 3393 1029 3472 ille,
1063 3393 1131 3461 in
1183 3416 1320 3481 quo
1354 3396 1529 3465 fixus
1578 3395 1647 3464 in
1683 3395 1989 3464 oratione
2022 3417 2422 3485 permanere
2454 3418 2745 3467 consue-

203 3494 410 3562 verat,
450 3482 568 3551 tali
617 3492 718 3551 est
763 3483 1057 3552 candore
1105 3484 1538 3575 perspicuus,
1568 3497 1647 3554 ut
1680 3506 1898 3572 usque
1948 3484 2014 3552 in
2054 3507 2375 3575 praesens
2413 3496 2748 3572 quotquot

201 3572 286 3641 ad
338 3593 493 3641 eum
546 3570 900 3644 accedunt.
942 3574 1302 3661 perspicue
1343 3573 1750 3664 intelligant,
1782 3586 2039 3661 quanta
2073 3574 2223 3663 ejus
2263 3586 2502 3663 pectus
2540 3585 2744 3644 mun-

200 3661 371 3730 ditia
420 3674 485 3730 et
523 3661 820 3730 candore
870 3662 1172 3731 nituerit.

291 3759 327 3832 ξ
379 3755 524 3821 123.
576 3757 727 3820 ‚Iam
775 3762 1000 3840 partes
1024 3751 1354 3822 occiduas
1384 3751 1566 3820 fama
1615 3751 1997 3822 sanctitatis
2024 3751 2175 3840 ejus
2227 3752 2426 3841 longe
2476 3752 2745 3839 lateque

203 3843 588 3930 pervagati&
651 3839 854 3908 etiam
911 3840 976 3909 in
1047 3841 1399 3928 Aquilonis
1475 3839 1787 3930 regiones
1835 3862 1981 3910 sese
2038 3839 2292 3909 intulit.
2348 3845 2510 3909 Nam
2579 3864 2737 3910 curn

198 3927 574 4016 aliquando
621 3928 691 3996 in
744 3951 921 4018 pago
970 3930 1411 4014 Constantino
1449 3930 1481 3964 ⁴*
1518 3951 1623 3998 res
1655 3928 2049 3998 monasterii
2093 3929 2477 4000 necessario
2515 3930 2745 4020 perlu-

198 4030 461 4096 straret,
503 4017 797 4103 quidam
834 4018 985 4107 ejus
1035 4018 1162 4087 loci
1216 4018 1464 4088 nobilis
1496 4018 1618 4099 vir,
1680 4024 1952 4087 Launus
2003 4018 2301 4099 nomine,
2342 4017 2540 4088 illum
2576 4043 2739 4089 cum

197 4106 563 4197 discipulis
610 4107 762 4193 ejus
812 4108 1069 4176 vocavit
1116 4108 1201 4176 ad
1261 4107 1655 4198 prandium.
1714 4113 1851 4177 Non
1908 4108 2241 4177 recusavit
2281 4108 2385 4177 vir
2431 4121 2738 4190 sanctuS,

195 4209 270 4266 ut
316 4207 460 4265 erat
507 4197 747 4276 comiS‚
787 4194 1084 4264 affabilis
1130 4209 1195 4264 et
1231 4196 1615 4286 ‚jucundus
1674 4201 2033 4286 Ingressus
2083 4197 2295 4288 igitur
2326 4197 2610 4268 domum
2669 4221 2739 4267 e-

189 4285 329 4371 jus,
384 4287 556 4354 bene
604 4284 705 4354 illi
757 4298 1070 4374 precatus
1118 4298 1241 4354 est.
1297 4290 1370 4353 In
1422 4308 1496 4353 ea
1547 4297 1777 4355 autem
1833 4286 2109 4376 regione
2157 4288 2413 4356 humus
2462 4309 2594 4356 non
2635 4287 2740 4376 gi-

196 4375 343 4465 gnit
376 4375 625 4444 botros.
682 4373 849 4443 Inde
886 4373 1155 4452 accidit,
1212 4387 1285 4443 ut
1321 4380 1591 4444 Launus
1641 4397 1776 4444 non
1829 4375 1960 4443 nisi
1996 4398 2240 4466 parum
2290 4376 2566 4445 haberet
2599 4374 2741 4444 vini

249 4503 272 4527 *
301 4502 481 4541 Franco
503 4501 725 4541 idiomate
746 4503 992 4544 Centonem.
1016 4501 1065 4541 tn
1087 4502 1374 4544 Normannis
