3327 4999
691 332 776 397 20
1474 349 1554 395 m:
1602 348 1657 396 s.
1712 347 1957 396 cunm
2004 347 2305 398 Erlscoro
2827 330 3076 396 MART.
3121 332 3163 396 2

603 426 1104 499 monasterium
1162 426 1234 494 in
1293 426 1443 497 loco
1488 427 1611 514 qui
1657 427 1915 499 dicitur
1962 429 2288 499 Etbearut
2322 482 2337 510 ,
2397 427 2468 496 id
2525 439 2650 508 est,
2711 426 2798 496 ad
2861 449 3109 499 nemus
3142 484 3158 514 ‚

601 518 673 586 in
721 516 1076 607 provincia
1124 513 1455 584 Lindissi:
1512 516 1581 584 in
1624 537 1763 603 quo
1811 538 2035 605 usque
2096 515 2303 586 hodie
2360 515 2676 586 instituta
2723 514 2811 584 ab
2859 515 3011 605 ipso
3059 539 3164 586 re-

655 605 867 674 ularis
914 604 1092 673 vitae
1139 604 1426 692 vestigia
1475 616 1902 694 permanent.
1949 605 2207 677 Habuit
2236 615 2469 674 autem
2518 602 2753 675 sedem
2810 605 3165 695 episcopa-

627 715 735 762 em
771 693 842 762 in
877 692 1027 762 loco
1075 691 1197 778 qui
1230 704 1510 762 vocatur
1541 691 1942 764 Liecidfelth
1988 693 2046 774 ⁴²,
2099 693 2172 762 in
2207 714 2346 780 quo
2395 706 2463 762 et
2508 691 2880 762 defunctus
2928 715 3007 763 ac
3057 715 3164 763 se-

602 780 841 872 pultus
888 793 1026 851 est:
1082 779 1206 850 ubi
1253 802 1473 867 usque
1523 780 1726 850 hodie
1774 781 2215 870 sequentium
2247 802 2523 867 quoque
2549 780 2944 870 provinciae
2974 780 3166 853 illius

600 870 1082 961 episcoporum
1137 867 1335 938 sedes
1381 880 1504 939 est.
1539 874 1815 940 Fecerat
1845 892 2002 941 vero
2031 869 2166 939 sibi
2196 869 2627 939 mansionem
2660 890 2798 939 non
2847 868 3050 958 longe
3076 871 3163 939 ab

600 958 891 1029 ecclesia
922 956 1383 1038 remotiorem,
1436 957 1506 1025 in
1558 979 1700 1044 qua
1747 958 2077 1029 secretius
2114 979 2276 1028 cum
2313 957 2580 1047 paucis,
2621 956 2694 1026 id
2740 968 2865 1038 est,
2902 969 3163 1047 septem

601 1048 742 1117 sive
789 1056 938 1115 octo
994 1044 1351 1126 fratribus,
1391 1045 1662 1132 quoties
1718 1068 1754 1115 a
1820 1046 2052 1118 labore
2094 1059 2160 1115 et
2206 1044 2594 1116 ministerio
2628 1046 2818 1115 verbi
2851 1046 3157 1128 vacabat,

599 1157 820 1216 orare,
859 1156 938 1204 ac
968 1133 1195 1233 legere
1243 1133 1526 1203 solebat.

688 1227 725 1311 ξ
783 1228 871 1295 5.
926 1225 1058 1304 Qui
1103 1244 1267 1292 cum
1327 1222 1397 1291 in
1445 1222 1565 1291 illa
1616 1223 1972 1312 provincia
2017 1221 2294 1294 duobus
2351 1221 2557 1292 annis
2605 1243 2685 1291 ac
2731 1220 3023 1291 dimidio
3055 1244 3165 1291 ec-

599 1310 882 1382 clesiam
925 1309 1421 1401 gloriosissime
1469 1311 1777 1391 rexisset,
1818 1311 2014 1381 affuit
2059 1333 2144 1380 su
2195 1331 2362 1379 erno
2409 1310 2855 1401 dispensante
2909 1310 3163 1380 'udicio

599 1412 899 1491 tempus,
937 1399 1022 1467 de
1061 1420 1199 1484 quo
1248 1397 1554 1484 loquitur
1602 1399 2070 1479 Ecclesiastes,
2190 1400 2308 1467 uia
2338 1410 2597 1490 tempus
2626 1400 2862 1469 mitten
2915 1402 2941 1467 z·
2986 1402 3057 1467 la
3107 1401 3165 1467 z·-

601 1490 737 1569 des,
791 1498 854 1557 ct
895 1497 1154 1577 tempus
1203 1488 1570 1576 cocce'qendi
1609 1488 1891 1577 (Eccles.
1955 1487 2082 1576 ιιι).
2129 1488 2536 1576 Supervenit
2583 1507 2883 1573 namque
2931 1485 3037 1555 cla
3091 1509 3165 1557 es

599 1577 934 1647 divinitus
984 1575 1219 1655 missa,
1272 1597 1450 1661 quae
1500 1597 1620 1662 per
1652 1588 1942 1644 mortem
1990 1574 2222 1644 carnis
2253 1576 2442 1645 vivos
2489 1574 2831 1644 Ecclesiae
2898 1573 3166 1665 lapides

600 1664 686 1734 de
735 1663 1026 1733 terrenis
1075 1660 1358 1731 sedibus
1423 1663 1510 1732 ad
1583 1663 1983 1733 aedificium
2040 1661 2330 1732 coeleste
2377 1661 2799 1733 transferret.
2856 1668 3167 1749 Cumque

600 1751 926 1844 plurimis
981 1750 1067 1819 de
1113 1749 1403 1820 ecclesia
1449 1751 1760 1837 ejusdem
1819 1749 2376 1821 reverendissimi
2437 1750 2772 1820 Antistitis
2820 1749 2907 1820 de
2955 1772 3166 1820 carne

600 1839 996 1920 subtractis,
1035 1838 1296 1907 veniret
1343 1839 1510 1907 hora
1560 1840 1808 1930 ipsius,
1861 1850 1940 1909 ut
1969 1838 2290 1910 transiret
2335 1838 2422 1909 de
2453 1840 2583 1908 hoc
2634 1838 2897 1908 mundo
2923 1839 3009 1907 ad
3045 1844 3169 1909 Do-

602 1929 900 2007 minum,
955 1926 1244 2016 contigit
1290 1926 1401 1996 die
1447 1926 1777 2014 quadam,
1832 1939 1910 1997 ut
1940 1928 2012 1997 in
2061 1926 2365 2017 praefata
2400 1925 2762 1996 mansione
2809 1926 2980 1996 sorte
3014 1927 3167 2017 ipse

599 2038 760 2085 cum
809 2036 953 2084 uno
1002 2025 1271 2084 tantum
1318 2015 1548 2096 fratre,
1588 2016 1706 2085 cui
1752 2015 2168 2086 vocabulum
2214 2027 2361 2085 erat
2415 2015 2717 2094 OwinuS,
2773 2036 3165 2085 commora-

600 2115 810 2185 retur,
864 2102 1151 2172 caeteris
1197 2103 1348 2193 ejus
1398 2104 1604 2174 sociis
1638 2125 1764 2195 pro
1809 2126 2021 2175 causa
2067 2115 2454 2192 opportuna
2507 2102 2593 2172 ad
2638 2102 3003 2172 ecclesiam
3051 2125 3165 2173 re-

597 2192 836 2263 versis.
892 2196 1050 2261 Erat
1095 2204 1324 2260 autem
1376 2192 1559 2261 idem
1609 2192 1887 2263 Owinus
1916 2192 2149 2282 magni
2184 2191 2408 2260 meriti
2442 2191 2849 2271 monachus,
2885 2203 2952 2260 et
2982 2213 3166 2281 pura

598 2280 976 2350 intentione
1024 2302 1367 2370 supernae
1416 2279 1888 2350 retributionis
1936 2278 2284 2348 mundum
2315 2277 2829 2364 derelinquens,
2867 2276 3164 2368 dignus-

647 2391 733 2439 ue
782 2390 903 2458 per
961 2369 1221 2447 omnia,
1287 2368 1403 2437 cui
1465 2368 1801 2437 Dominus
1850 2366 2238 2453 specialiter
2296 2388 2423 2436 sua
2485 2365 2816 2436 revelaret
2870 2389 3153 2448 arcana,

595 2391 878 2559 dignuS,
951 2455 1066 2527 cui
1127 2455 1335 2525 fidem
1395 2456 1708 2525 narranti
1756 2454 2116 2525 audientes
2182 2453 2814 2525 accommodarent.
2869 2460 3164 2529 Venerat

595 2568 779 2616 enim
832 2566 992 2614 cum
1043 2543 1305 2634 Regina
1354 2543 1709 2613 Edildride
1742 2543 1827 2612 de
1876 2543 2230 2634 provincia
2278 2542 2733 2612 Orientalium
2783 2544 3166 2634 Anglorum

594 2646 875 2721 eratque
924 2633 1194 2723 primus
1244 2632 1750 2712 ministrorum,
1804 2644 1869 2702 et
1921 2631 2242 2722 princeps
2289 2630 2541 2700 domus
2588 2632 2762 2720 ejus.
2819 2633 2950 2714 Qui
2999 2657 3167 2704 cum

592 2733 941 2792 crescente
988 2719 1150 2787 fidei
1199 2718 1479 2801 fervore,
1536 2718 1768 2790 seculo
1830 2720 2336 2790 abrenunciare
2382 2719 2801 2811 disponeret,
2845 2741 2980 2788 non
3033 2723 3167 2792 hoc

592 2810 894 2898 segniter
941 2806 1131 2875 fecit:
1169 2805 1288 2875 sed
1322 2807 1491 2876 adeo
1542 2831 1613 2879 se
1645 2808 1892 2877 mundi
1942 2808 2151 2878 rebus
2188 2808 2399 2888 exuit,
2437 2822 2514 2877 ut
2543 2808 2801 2878 relictis
2831 2810 3166 2880 omnibus

591 2920 769 2984 quae
829 2895 1148 2975 babebat,
1203 2895 1509 2986 simplici
1558 2909 1824 2966 tantum
1891 2896 2136 2966 habitu
2201 2895 2540 2976 indutus,
2606 2909 2671 2966 et
2738 2897 3045 2966 securim
3102 2911 3172 2968 et

592 2985 853 3055 asciam
903 2984 971 3051 in
1032 3004 1247 3052 manu
1303 2983 1550 3066 ferens,
1607 2986 1866 3053 veniret
1913 2982 2000 3054 ad
2056 2985 2554 3054 monasterium
2603 2983 2919 3072 ejusdem
2973 3007 3167 3055 reve-

594 3071 995 3142 rendissimi
1035 3072 1274 3161 patris»,
1331 3071 1514 3158 quod
1567 3084 1851 3142 vocatur
1909 3072 2298 3162 Lestingen.
2339 3078 2482 3142 Non
2534 3073 2722 3140 enim
2772 3072 2858 3140 ad
2908 3073 3160 3155 otium,

593 3172 671 3231 ut
702 3159 1012 3248 quidam,
1053 3159 1173 3228 sed
1223 3159 1309 3228 ad
1342 3160 1647 3230 laborem
1677 3182 1749 3230 se
1782 3160 2279 3232 monasterium
2311 3160 2568 3229 intrare
2595 3160 2935 3248 signabat,
2975 3162 3170 3247 quod

592 3251 825 3340 ipsum
875 3247 1081 3316 etiam
1131 3246 1309 3317 sacto
1359 3247 1787 3319 monstravit.
1824 3254 1993 3318 Nam
2042 3271 2180 3335 quo
2231 3248 2468 3318 minus
2515 3246 2906 3317 sufficiebat
2941 3249 3167 3317 medi-

594 3336 837 3407 tationi
889 3335 1429 3426 Scripturarum‚
1487 3357 1566 3406 eo
1632 3336 1939 3426 amplius
2001 3337 2196 3427 operi
2264 3357 2605 3404 manuum
2665 3335 2979 3404 studium
3030 3337 3169 3406 im-

595 3424 959 3516 pendebat.
996 3424 1298 3510 Denique
1337 3445 1499 3494 cum
1547 3424 1874 3514 episcopo
1922 3425 1994 3492 in
2057 3422 2363 3513 praefata
2413 3421 2772 3492 mansione
2823 3445 2948 3513 pro
2996 3446 3170 3496 suae

595 3513 974 3583 reverentia
1005 3511 1388 3581 devotionis
1438 3513 1616 3581 inter
1653 3511 1898 3581 fratres
1932 3511 2236 3590 habitus,
2289 3533 2454 3580 cum
2504 3509 2605 3579 illi
2641 3510 2831 3581 intus
2886 3511 3171 3584 lectioni

595 3602 956 3681 vacabant,
1010 3600 1160 3701 ipse
1207 3600 1373 3670 soris
1419 3622 1597 3687 quae
1643 3621 1821 3691 opus
1850 3620 2000 3669 esse
2039 3599 2337 3679 videbat,
2392 3599 2834 3689 operabatur.

684 3693 720 3777 ξ
780 3696 874 3761 θ.
928 3693 1255 3771 Quicum
1303 3688 1416 3757 die
1454 3688 1757 3776 quadam
1795 3688 1926 3758 tale
1984 3687 2251 3775 aliquid
2309 3687 2475 3758 foris
2524 3701 2775 3777 ageret,
2830 3688 3170 3788 digressis

595 3778 685 3849 ad
731 3778 1094 3848 ecclesiam
1129 3776 1359 3857 sociis,
1396 3790 1472 3845 ut
1497 3776 1727 3846 dicere
1757 3798 2144 3867 coeperam,
2180 3789 2247 3847 et
2276 3776 2648 3866 episcopus
2689 3776 2880 3846 solus
2911 3799 2981 3844 ιη
3009 3801 3169 3847 ora-

593 3867 767 3938 torio
815 3866 948 3935 loci
998 3865 1277 3935 lectioni
1314 3865 1414 3934 vel
1464 3865 1759 3934 orationi
1807 3886 2089 3955 operam
2147 3864 2364 3945 daret,
2418 3864 2685 3935 audivit
2733 3877 3035 3954 repente,
3090 3878 3170 3936 ut

595 3966 830 4048 postea
852 3953 1209 4034 referebat,
1245 3974 1480 4023 vocem
1512 3954 2000 4024 suavissimam
2035 3954 2467 4023 cantantium
2491 3965 2697 4040 atque
2728 3953 3164 4034 laetantium,

593 4044 680 4113 de
728 4042 916 4112 coelo
965 4042 1051 4112 ad
1106 4054 1318 4112 terras
1378 4063 1599 4129 usque
1648 4041 2084 4111 descendere.
2155 4045 2380 4124 Quam
2428 4041 2744 4111 videlicet
2793 4063 3026 4110 vocem
3078 4042 3167 4111 ab

594 4138 1037 4212 Euroaustro‚
1086 4130 1156 4199 id
1204 4144 1329 4210 est,
1385 4130 1471 4200 ab
1538 4129 1675 4199 alto
1742 4130 2085 4201 brumalis
2132 4143 2411 4199 exortus
2486 4130 2707 4219 primo
2761 4151 2834 4199 se
2882 4129 3166 4200 audisse

595 4220 888 4301 dicebat,
942 4242 1022 4288 ac
1069 4218 1320 4288 deinde
1369 4217 1703 4309 paulatim
1752 4240 1905 4288 eam
1969 4219 2104 4289 sibi
2165 4219 2749 4309 appropinquare,
2804 4217 3023 4287 donec
3073 4219 3160 4288 ad

650 4379 676 4406 Φ
705 4380 760 4418 In
781 4379 1019 4418 comitatu
1042 4376 1390 4420 summ-dienen
1421 4377 1662 4426 Lichfeldia
1686 4377 1844 4416 autem
1879 4377 1951 4416 est
1979 4375 2117 4426 quasi
2149 4377 2420 4417 cadat-emm
2456 4387 2649 4426 campus,
2675 4376 2802 4425 quod
2835 4376 3029 4425 plurimi
3065 4376 3170 4418 illic

603 4432 877 4479 Christiani.
899 4433 987 4472 sub
1010 4431 1304 4472 Diocletiano
1320 4430 1512 4470 mactati
1536 4432 1662 4469 sunt.
