3327 4999
2300 109 2318 195 l

2317 200 2351 327 l

669 352 798 416 646
1423 369 1502 415 na
1550 369 1604 415 9.
1661 366 1947 415 nemeto
1995 362 2294 414 Emscoro
2363 360 2394 413 ’κ
2654 348 2757 414 Ex
2809 348 3030 414 SEPT.
3090 350 3132 414 3

575 473 657 521 su
714 448 1025 536 plicium.
1063 448 1241 532 Quid
1279 468 1433 517 vero
1473 448 1706 517 clerici
1757 448 1968 538 hujus
2032 445 2455 516 horrendum
2494 445 2881 537 judicium,
2936 446 3134 516 aliud

574 561 664 607 no
714 538 776 607 is
825 537 1077 615 innuit,
1124 536 1258 605 nisi
1294 549 1369 605 ut
1416 548 1689 607 sanctos
1729 536 1958 606 locum
2007 535 2196 604 hunc
2244 534 2636 605 incolentesr
2664 540 3137 605 revereamur?

577 627 768 697 Sicut
813 626 999 695 enim
1032 625 1135 694 illi
1190 636 1347 695 ante
1396 626 1764 694 Dominum
1815 625 2236 704 assistentes,
2277 644 2399 714 pro
2446 623 2672 723 culpis
2723 624 2979 693 nostris
3011 625 3134 694 be-

578 714 787 804 nigne
861 713 1337 785 intercedunt:
1391 713 1486 784 ita
1552 713 1927 793 interdum,
1984 712 2235 782 nostris
2283 711 2646 782 maleficiis
2693 713 3130 793 exacerbati,

578 825 702 873 nos
735 815 1084 872 accusant.

662 894 700 979 ἓ
744 895 877 965 12.
933 891 1083 961 Fuit
1130 891 1312 982 apud
1350 911 1475 963 nos
1523 891 1704 961 alius
1751 890 2038 978 quidam
2065 889 2382 970 clericUS,
2430 912 2470 958 a
2513 911 2725 981 puero
2764 890 3128 972 educatus,

579 980 993 1050 monasterio
1041 991 1271 1050 nostro
1320 980 1402 1049 ad
1455 980 1673 1048 multa
1720 979 1912 1049 utilis
1960 991 2024 1048 et
2085 978 2598 1048 accommodus.
2657 984 2724 1049 Is
2772 979 2843 1047 in
2898 991 3136 1048 nostro

577 1067 1028 1138 contubernio
1077 1069 1341 1138 vivebat
1399 1068 1761 1137 nobiscum
1811 1067 2243 1136 familiariter
2272 1078 2337 1136 et
2384 1068 2584 1137 nobis
2631 1078 2776 1136 erat
2817 1068 3136 1159 impense

578 1157 857 1227 charus.
911 1158 1203 1247 Contigit
1248 1156 1521 1226 interim
1572 1157 2003 1226 Comitissam
2052 1155 2430 1242 quamdam
2472 1156 2933 1225 venerabilem
3004 1178 3136 1247 pro

580 1246 800 1315 salute
850 1267 978 1315 sua
1024 1267 1158 1313 non
1214 1246 1402 1335 parvi
1454 1245 1652 1334 pretii
1713 1244 2004 1314 fibulam
2066 1266 2344 1314 auream
2397 1243 2483 1313 ad
2544 1245 2956 1314 coenobium
3007 1266 3140 1313 no-

580 1347 800 1404 strum
847 1334 1001 1423 (ita
1046 1333 1231 1403 enim
1283 1333 1604 1422 voverat)
1666 1333 1953 1401 mittere.
2019 1332 2187 1402 Inde
2236 1332 2586 1423 malignus
2652 1333 2946 1404 daemon
3008 1334 3132 1420 qui

578 1422 945 1513 diligenter
1019 1421 1381 1492 hominum
1429 1421 1700 1491 animos
1747 1421 2075 1511 explorat,
2124 1423 2195 1490 in
2250 1444 2427 1508 quae
2473 1422 2634 1491 vitia
2687 1422 3137 1513 procliviores

580 1511 740 1591 sint,
779 1511 1137 1601 occasione
1183 1520 1477 1600 arrepta,
1531 1509 1765 1579 clerici
1816 1510 2027 1599 hujus
2059 1521 2356 1579 mentem
2411 1523 2767 1600 pertentat.
2814 1510 2938 1581 Ille
2971 1533 3134 1581 vero

582 1599 1078 1686 nequissimam
1157 1599 1667 1689 suggestionem
1722 1620 1854 1668 non
1955 1597 2257 1668 ravitatis
2319 1599 2631 1679 consiliO,
2683 1622 2806 1669 nec
2855 1600 3154 1672 virtutis·

579 1687 964 1757 constantia
1044 1708 1397 1776 respuenS‚
1462 1686 1702 1755 oculos
1749 1686 1830 1755 ad
1905 1622 2198 1757 {hulam
2248 1686 2525 1775 adjicit,
2595 1709 2888 1776 eamque
2946 1688 3132 1757 clam

583 1776 986 1847 suffuratur.
1026 1780 1167 1846 Non
1219 1774 1343 1844 diu
1379 1787 1529 1864 post
1561 1775 1785 1845 Abbas
1826 1788 2056 1844 noster
2086 1780 2526 1865 Ravengerus
2573 1776 2743 1846 dum
2791 1778 3136 1863 quosdam

579 1886 615 1933 e
676 1865 876 1933 nobis
923 1863 1005 1933 ad
1059 1884 1290 1934 sacros
1337 1863 1615 1933 ordines
1667 1864 1809 1933 vult
1885 1864 2310 1964 promoveri,
2363 1865 2447 1932 ad
2517 1865 2937 1955 Episcopum
3006 1887 3136 1935 nos

580 1952 808 2032 mittit,
852 1952 1178 2039 adjuncto
1227 1951 1426 2020 nobis
1474 1951 1680 2020 etiam
1743 1951 2015 2031 cler1c0,
2073 1951 2156 2020 de
2204 1974 2341 2040 quo
2393 1974 2578 2021 nunc
2626 1954 2925 2044 agimus.
2973 1959 3138 2035 Erat

581 2053 723 2110 tum
774 2039 1344 2131 Quadragesima.
1400 2040 1538 2109 Etsi
1570 2051 1796 2109 autem
1850 2040 1966 2109 ille
2001 2042 2171 2109 tanti
2201 2041 2545 2131 sacrilegii
2581 2042 2715 2111 sibi
2758 2053 2936 2113 esset
2964 2048 3137 2112 con-

581 2129 792 2211 scius,
841 2128 1033 2199 nulla
1093 2141 1320 2197 tamen
1374 2129 1439 2196 id
1505 2150 1728 2216 neque
1776 2129 2227 2209 confessione,
2280 2151 2503 2216 neque
2552 2131 2970 2220 poenitentia
3018 2154 3138 2200 ex-

583 2218 816 2307 piavit,
871 2217 988 2287 sed
1038 2216 1464 2286 confidenter
1511 2217 1876 2287 nobiscum
1929 2217 2396 2307 proficiscens,
2453 2218 2792 2288 Diaconus
2847 2219 3136 2289 ordina-

583 2319 694 2376 tus
740 2318 863 2387 est,
919 2327 1055 2375 non
1097 2306 1477 2387 attendenS,
1530 2305 1714 2393 quod
1763 2306 2100 2397 scriptum
2135 2317 2257 2375 est:
2305 2306 2739 2375 Mundamini
2773 2308 2895 2394 qui
2944 2307 3138 2377 fertis

584 2416 749 2464 vasa
796 2395 1093 2464 Domini:
1147 2417 1306 2463 cum
1368 2394 1609 2480 utique
1655 2416 1809 2475 eos,
1863 2394 1981 2481 qui
2031 2395 2338 2485 corporis
2378 2407 2442 2465 et
2491 2396 2855 2486 sanguinis
2906 2398 3140 2465 Domi-

584 2483 726 2553 nici
792 2483 973 2553 vasis
1023 2482 1399 2554 tractandis
1463 2483 1925 2564 adhibentur,
1996 2483 2294 2554 mundos
2341 2494 2405 2553 et
2457 2484 2760 2576 probatis
2823 2486 3139 2556 moribus

583 2593 734 2643 esse
781 2593 821 2641 o
875 2583 1111 2642 orteat.
1165 2573 1490 2642 Absoluto
1536 2572 1787 2641 deinde
1835 2572 2175 2642 sacrificio
2222 2583 2287 2643 et
2332 2573 2655 2674 precibus
2702 2574 3132 2664 vespertinis,

587 2682 712 2731 nos
764 2682 802 2729 a
910 2660 1287 2752 hospitium
1338 2661 1548 2741 imm,
1601 2682 1906 2747 eousque
1956 2661 2288 2751 producta
2326 2662 2596 2752 Jejunia
2648 2662 2964 2733 soluturi.
3032 2664 3140 2733 Ibi

588 2749 765 2818 inter
810 2748 1157 2820 edendum
1201 2748 1317 2817 ille
1365 2749 1707 2819 confrater
1755 2761 1983 2818 noster
2014 2749 2219 2830 cadit,
2274 2749 2538 2820 frendet
2568 2750 2915 2833 dentibus,
2963 2751 3139 2821 mire

585 2858 664 2906 ac
731 2837 979 2907 misere
1027 2859 1099 2906 se
1145 2836 1440 2917 collidit,
1496 2859 1759 2923 nosque
1806 2837 2309 2908 admirabiliter
2364 2838 2893 2929 obstupefactos,
2957 2863 3038 2909 co
3092 2841 3142 2910 it

586 2925 924 2995 laboranti
975 2925 1108 2994 sibi
1142 2925 1406 2995 adesse.
1451 2930 1599 2994 Mox
1647 2946 1685 2994 a
1720 2947 1958 2995 mensa
2018 2927 2400 3017 surgimus,
2439 2927 2785 3018 permulta
2833 2950 3017 3016 reme
3070 2930 3139 2998 ia

586 3017 863 3082 summa
913 3013 1383 3083 benevolentia
1433 3012 1871 3083 adhibemus:
1930 3013 2047 3084 sed
2097 3015 2351 3085 frustra
2426 3015 2693 3096 omnia,
2750 3016 2984 3087 divino
3022 3017 3138 3107 ju-

584 3101 767 3170 dicio
816 3101 886 3169 in
928 3122 1090 3170 eum
1129 3102 1250 3189 jus
1299 3101 1433 3169 sibi
1481 3100 1756 3170 diabolo
1821 3103 2247 3172 vendicante.
2309 3109 2467 3173 Tota
2517 3116 2713 3174 nocte
2760 3104 3141 3175 discrucia-

588 3211 746 3257 mur
793 3189 1047 3258 animis
1093 3201 1158 3258 et
1192 3188 1388 3258 valde
1451 3189 1888 3259 afflictamur.
1958 3190 2256 3260 Tandem
2336 3192 2493 3261 beni
2552 3215 2683 3263 nus
2732 3197 2947 3274 DeuS,
3018 3215 3139 3262 no-

587 3276 735 3346 lens
774 3277 960 3368 apud
1011 3288 1272 3347 exteros
1306 3289 1444 3348 tam
1494 3278 1770 3348 foedum
1824 3301 2062 3348 casum
2148 3279 2346 3349 nobis
2399 3302 2475 3349 ce
2528 3302 2640 3350 ere
2684 3280 2769 3350 ad
2838 3282 3140 3372 ignomi-

586 3365 801 3448 niam,
842 3366 1205 3456 prossigato
1252 3365 1609 3447 daemone,
1722 3368 2005 3436 raestitit
2055 3380 2128 3437 ut
2176 3368 2538 3439 nobiscum
2602 3369 2976 3439 incolumis
3027 3392 3135 3440 re-

590 3453 788 3524 diret.
852 3459 929 3524 Et
980 3456 1243 3546 integra
1319 3466 1461 3524 tum
1514 3455 1646 3525 heb
1700 3455 1946 3524 omada
1998 3455 2260 3525 nullam
2336 3458 2551 3528 sensit
2609 3457 2897 3548 maligni
2947 3458 3140 3528 illius

588 3542 1138 3614 infestationem:
1191 3565 1330 3631 qua
1383 3544 1494 3612 Dei
1557 3543 1980 3633 benignitate
2031 3544 2144 3613 ille
2213 3544 2514 3627 abusm,
2570 3546 2793 3615 noluit
2866 3545 3141 3616 facinus

587 3652 793 3700 suum
845 3631 1189 3702 confiteri:
1243 3651 1458 3719 eaque
1492 3632 1760 3702 incuria
1813 3633 2076 3702 hostem
2130 3633 2426 3702 reddidit
2464 3634 2931 3704 valentiorem.
2968 3640 3140 3705 Nam

586 3741 747 3788 cum
799 3718 1234 3811 completorii
1295 3741 1526 3810 preces
1588 3720 1943 3790 Dominico
2009 3721 2119 3789 die
2182 3722 2755 3811 persolveremUS,
2821 3724 3053 3794 acrius
3103 3747 3145 3794 a

585 3807 919 3877 daemone
988 3808 1339 3898 arripitur,
1395 3830 1518 3877 nec
1548 3809 1696 3898 jam
1738 3809 2186 3880 succurrebat
2234 3811 2456 3891 nobiS‚
2512 3833 2649 3897 quo
2716 3823 2911 3901 pacto
2958 3813 3021 3880 ei
3072 3835 3145 3883 o-

587 3895 1066 3985 pitularemur‚
1119 3895 1302 3983 quod
1352 3897 1591 3967 incerti
1640 3919 1973 3973 essemus,
2015 3920 2185 3968 num
2235 3910 2512 3970 satanae
2561 3901 2821 3969 vexatio
2869 3900 2988 3969 illa
3036 3922 3146 3970 es-

586 3995 707 4054 set.
771 3988 848 4054 At
906 3996 1130 4054 tamen
1236 4006 1348 4053 rae
1395 3986 1692 4055 fraterna
1767 3987 2365 4056 commiseratione
2442 3987 2760 4059 noctibus
2825 3989 3145 4059 vicissim

589 4072 778 4162 apud
829 4093 987 4141 eum
1041 4072 1175 4164 vigi
1208 4073 1522 4155 abamus‚
1579 4075 1904 4161 visusque
1950 4086 2051 4144 est
2101 4076 2298 4145 uobis
2354 4076 2667 4146 crebrius
2714 4097 2924 4163 quam
2973 4076 3148 4146 olim

587 4159 772 4239 Saul,
830 4161 1181 4251 exagitari.
1229 4162 1511 4230 Interim
1562 4163 1925 4232 brachium
1959 4162 2275 4233 dextrum
2324 4186 2461 4250 quo
2486 4177 2809 4252 rapuerat
2856 4187 3145 4246 aurum,

586 4249 861 4338 penitus
908 4250 1257 4319 exarescit.
1313 4250 1517 4320 Nobis
1564 4251 2097 4332 dubitantibUS‚
2163 4274 2248 4321 an
2299 4275 2467 4322 casu
2510 4253 2580 4321 id
2631 4252 2980 4333 acciderit,
3038 4256 3150 4325 vel

589 4336 825 4405 divina
873 4337 1495 4419 animadversione,
1548 4340 1772 4409 Abbas
1822 4352 2051 4409 noster
2085 4362 2225 4409 rem
2278 4340 2486 4414 altius
2528 4340 2986 4431 perpendens,
3025 4365 3154 4412 ne-

590 4446 935 4512 quaquam
987 4427 1255 4496 censuit
1302 4427 1497 4498 casui
1548 4427 2021 4511 tribuendum,
2076 4428 2194 4499 sed
2253 4429 2603 4499 hominem
2654 4429 2825 4499 dixit
2882 4429 3156 4502 diaboli
