3327 4999
620 324 747 389 604
859 326 878 343 ⁶
1332 338 1446 389 ,nn
1495 338 1551 383 S.
1606 335 1900 383 msmono
1949 335 2247 387 Erlscoeo
2666 317 2772 382 EX
2816 317 2988 381 JUL.
3044 318 3087 383 8

531 421 729 490 illum
782 441 941 490 cum
993 418 1322 487 omnibus
1367 416 1627 486 finibus
1659 417 1813 515 ejus
1844 417 2023 489 ultra
2057 416 2502 485 decurrentes
2530 414 2778 485 fluvios
2821 415 3088 485 Naham

529 521 595 578 et
641 509 812 578 Glan
846 508 919 576 in
953 506 1238 594 longum
1287 516 1354 573 et
1392 504 1607 574 latum
1655 526 1720 572 el
1778 519 1843 573 et
1899 503 2190 593 posteris
2238 504 2389 594 ejus
2417 503 2776 585 donarent,
2830 515 2909 572 ut
2948 503 3085 591 piis

530 595 937 665 hominibus
1014 593 1157 663 illic
1231 593 1668 683 congregatis
1731 593 1904 677 vitae
1959 592 2311 681 degendae
2373 591 2764 661 necessaria
2821 591 3086 661 affatim

529 694 1000 774 suppeterent.
1036 678 1372 750 Videbam
1416 682 1601 749 enim
1640 681 1709 749 in
1762 692 1997 751 sancto
2051 681 2196 750 viro
2237 681 2412 748 mira
2461 679 2578 749 Dei
2626 701 2857 769 opera,
2896 680 3085 748 dice-

528 773 883 858 bantque:
938 775 1116 838 Laus
1165 769 1290 839 tibi
1325 769 1610 838 Domine
1644 773 1821 838 Deus
1867 768 1992 856 qui
2038 768 2225 837 hunc
2275 780 2592 838 sanctum
2637 780 2835 837 tuum
2887 767 3088 837 nobis

530 861 800 929 mittere
832 858 1160 946 dignatus
1206 879 1304 925 es,

613 950 649 1033 ξ
715 952 842 1017 u.
900 951 990 1013 Eo
1038 958 1269 1014 autem
1342 966 1630 1014 munere
1677 957 1957 1034 accepto
1987 999 2002 1023 ‚
2071 943 2173 1012 vir
2222 955 2504 1013 sanctus
2552 943 2854 1013 multum
2900 942 3074 1012 exti-

526 1035 729 1112 muit,
777 1032 1176 1102 recordatus
1224 1033 1568 1102 malorum
1617 1054 1795 1118 quac
1841 1045 1988 1100 erat
2036 1030 2340 1121 plurima
2385 1054 2753 1121 perpessus
2802 1031 2870 1100 in
2923 1031 3086 1121 Epi-

525 1135 835 1210 scopatu,
891 1121 1225 1207 flexisque
1272 1121 1569 1210 genibus
1636 1121 2004 1189 Dominum
2068 1120 2325 1201 oravit,
2389 1133 2468 1188 ut
2513 1120 2769 1188 oblatio
2819 1119 2938 1188 illa
2985 1120 3076 1189 ad

524 1209 831 1279 fructum
880 1221 945 1277 et
1006 1208 1386 1297 profectum
1439 1209 1839 1277 animarum
1902 1208 2197 1297 Spiritus
2247 1209 2476 1277 Sancti
2524 1207 2920 1296 operatione
2967 1230 3084 1277 ce-

526 1298 738 1367 deret.
797 1297 1051 1365 Deinde
1096 1296 1224 1365 diu
1258 1310 1600 1383 noctuque
1658 1296 1958 1365 multum
2009 1310 2356 1376 aestuan5‚
2412 1318 2646 1365 secum
2699 1296 2933 1365 animo
2984 1319 3089 1366 re-

528 1386 839 1475 putabat,
877 1384 1468 1470 quemadmodum
1518 1406 1597 1452 ex
1646 1384 1853 1471 longo
1904 1397 2206 1473 tempore
2241 1384 2697 1452 desiderasset
2748 1386 3086 1455 rationem

525 1473 832 1559 aliquam
885 1471 1217 1550 invenire,
1274 1494 1412 1557 qua
1461 1471 1690 1541 locum
1740 1471 2114 1556 quemdam
2168 1484 2396 1561 posset
2440 1472 2771 1547 obtinere,
2816 1473 3082 1541 ubire-

526 1561 813 1661 ligiosos
860 1573 926 1629 et
973 1560 1343 1650 asperioris
1382 1559 1557 1628 vitae
1591 1558 1938 1629 studiosos
1989 1561 2171 1628 viros
2202 1559 2575 1647 colligeret.
2636 1558 2975 1630 Didicerat
3011 1583 3085 1628 e·
3190 1643 3195 1647 ,

528 1671 671 1716 nim
727 1649 798 1715 in
849 1647 1124 1738 spiritu,
1167 1670 1290 1736 par
1333 1669 1506 1726 esse,
1541 1660 1618 1717 ut
1677 1647 2097 1736 spiritalium
2152 1648 2512 1716 hominum
2561 1662 2940 1719 conventus
2988 1670 3070 1717 eo

534 1737 602 1805 in
640 1736 788 1805 loco
837 1758 964 1807 suo
1010 1736 1299 1803 creatori
1338 1736 1641 1804 serviret.
1682 1740 1932 1825 Agente
1979 1748 2209 1804 autem
2261 1735 2523 1824 Spiritu
2573 1740 2843 1817 Sanct0,
2876 1758 3083 1805 omne

528 1824 745 1893 animi
801 1824 911 1893 sui
960 1823 1267 1891 studium
1304 1836 1370 1891 et
1399 1822 1816 1891 voluntatem
1852 1824 1937 1891 ad
1975 1823 2178 1891 vitam
2227 1836 2292 1891 et
2339 1823 2726 1892 doctrinam
2767 1829 2830 1911 S.
2869 1829 3080 1892 Bene·

526 1913 699 1981 dicti
748 1912 869 1998 qui
909 1912 1055 2000 jam
1107 1911 1193 1978 ad
1247 1916 1457 1979 Deum
1495 1911 1883 1991 transierat,
1921 1924 1986 1979 et
2023 1911 2362 1996 quosdam
2413 1911 2646 1981 beatos
2692 1911 2873 1981 viros
2923 1934 3087 1980 san-

525 2013 681 2070 ctae
729 1999 1184 2068 institutionis
1234 2020 1400 2067 suae
1465 1998 1704 2068 fideles
1763 1999 2251 2079 administroS,
2315 2000 2403 2067 iis
2472 2001 2800 2088 temporis
2847 1998 3083 2070 adbuc

534 2088 939 2178 superstites
987 2087 1376 2172 reliquerat,
1447 2086 1741 2176 appulit,
1786 2099 1851 2155 et
1897 2087 1984 2155 ad
2043 2086 2422 2176 longinqua
2472 2086 2644 2167 loca,
2697 2087 2817 2156 ubi
2865 2087 3090 2156 eain-

534 2176 798 2245 stitutio
859 2174 1177 2264 religiose
1223 2187 1289 2243 et
1351 2189 1586 2243 sancte
1647 2175 2023 2255 colebatur,
2088 2176 2382 2244 nuncios
2444 2175 2655 2255 misit,
2726 2175 3085 2265 supplices

532 2284 772 2353 preces
818 2264 1135 2343 offerenS,
1188 2274 1264 2331 ut
1321 2263 1604 2349 quidam
1672 2262 1753 2330 ad
1815 2264 2043 2352 ipsum
2093 2263 2426 2342 venirent,
2484 2264 2750 2332 vineam
2807 2263 3085 2333 Domini

533 2350 826 2421 Sabaoth
861 2349 946 2419 ad
999 2350 1502 2440 praescriptum
1544 2350 1897 2419 doctrinae
1945 2350 2126 2418 beati
2177 2351 2522 2419 Benedicti
2562 2352 2962 2440 plantaturi.

620 2441 657 2539 ς
705 2443 852 2509 1⁰2.
905 2443 973 2508 Is
1020 2439 1208 2507 enim
1257 2451 1542 2508 sanctus
1576 2444 1770 2508 Pater
1818 2437 2225 2508 Benedictus
2275 2437 2586 2534 regulam
2635 2461 2815 2526 quae
2873 2439 3089 2530 spiri-

532 2527 788 2597 talibus
836 2526 1240 2596 hominibus
1286 2541 1464 2595 esset
1509 2526 2052 2607 accommodata,
2090 2549 2127 2594 e
2181 2541 2580 2597 sanctorum
2636 2528 2795 2596 vitis
2843 2542 3086 2598 sancto

530 2614 783 2704 spiritu
831 2614 1117 2683 docente
1162 2626 1228 2683 et
1265 2613 1666 2683 ostendente
1694 2614 2119 2683 condiderat.
2160 2620 2260 2683 Ita
2308 2637 2470 2705 ergo
2518 2615 3084 2704 quamplurimos

530 2704 774 2771 beatus
835 2701 1204 2772 Disibodus
1274 2702 1615 2784 eiusmodi
1669 2702 1963 2771 instituti
2028 2715 2094 2770 et
2157 2703 2697 2772 conversationis
2748 2704 2928 2772 viros
2978 2726 3085 2772 re-
3153 2721 3160 2726 ⁷

529 2789 814 2880 ligiosos
861 2789 944 2858 ad
1009 2811 1081 2860 se
1128 2788 1453 2870 adduxit,
1506 2789 1763 2874 quibus
1810 2790 2014 2858 etiam
2067 2791 2443 2860 oratorium
2490 2804 2554 2860 et
2601 2813 2910 2881 congrua
2958 2792 3082 2861 do-

532 2877 795 2946 micilia
844 2878 914 2944 in
954 2876 1206 2946 montis
1241 2877 1636 2966 superciliO,
1695 2891 1973 2967 propter
2019 2878 2372 2947 difficilem
2409 2892 2474 2947 et
2503 2878 2808 2948 arduum
2848 2901 3087 2950 acces—

531 2987 718 3045 sum,
770 2977 1003 3033 contra
1069 2965 1408 3033 Orientem
1473 2966 1941 3034 construenda
2003 2967 2291 3044 curavit,
2347 2987 2432 3034 ne
2478 2966 2912 3036 adventantis
2960 2989 3087 3055 po-

532 3052 685 3141 puli
735 3052 1027 3141 strepitu
1088 3051 1759 3132 interturbarentur‚
1826 3066 1892 3122 et
1956 3052 2179 3122 fervor
2238 3065 2441 3140 atque
2507 3055 2692 3144 rigor
2756 3054 3080 3134 instituti,

530 3139 937 3225 quotidiana
985 3160 1064 3208 eo
1112 3139 1610 3208 confluentium
1668 3140 2052 3210 visitatione
2088 3141 2473 3211 dissolutus
2498 3155 2562 3211 et
2591 3157 2978 3224 enervatuS,
3012 3143 3086 3211 in

532 3226 872 3296 desidiam
921 3239 987 3296 et
1020 3228 1379 3316 segnitiem
1432 3228 1673 3297 abiret.
1735 3234 1942 3298 Porro
1990 3229 2138 3319 ipse
2183 3229 2536 3299 solitarius
2584 3230 2964 3320 permansit
3013 3232 3088 3300 in

534 3315 887 3384 domicilio
933 3326 1002 3384 et
1046 3315 1342 3384 oratorio
1378 3314 1496 3384 illo
1543 3315 1728 3402 quod
1779 3317 1849 3384 in
1894 3318 2147 3387 montis
2194 3318 2537 3388 descensu
2582 3319 2668 3387 ad
2704 3318 3078 3399 Orientem,

535 3416 612 3472 ut
659 3402 986 3484 diximus,
1048 3415 1439 3472 extructum
1500 3418 1685 3473 erat:
1758 3417 1833 3474 ut
1888 3406 1971 3474 ad
2023 3407 2457 3475 occursantia
2519 3407 2750 3474 omnia
2803 3417 3090 3495 paratus

534 3503 736 3572 esset,
789 3504 855 3560 et
901 3491 1548 3581 supervenientibus
1598 3514 1724 3580 pro
1770 3494 2109 3583 cujusque
2147 3494 2411 3563 ratione
2435 3505 2502 3562 et
2537 3493 2929 3562 conditione
2958 3516 3090 3583 op-

534 3591 831 3670 portuna
866 3591 1098 3669 posset
1146 3600 1474 3670 responsa
1522 3580 1712 3650 dare.
1767 3586 1858 3649 Ea
1907 3603 2064 3650 vero
2111 3581 2400 3650 fratrum
2437 3603 2689 3671 congre
2739 3581 2900 3662 ati0,
2939 3592 3086 3672 tam

539 3668 787 3757 pietate
833 3688 997 3757 erga
1046 3672 1284 3748 Deum,
1337 3690 1547 3753 quam
1608 3668 2071 3738 habitatorum
2125 3691 2414 3738 numero
2475 3691 2708 3739 cresce
2757 3683 2862 3738 at:
2914 3691 3096 3739 cun-

528 3755 772 3840 ctaque
819 3754 1087 3854 agenda
1134 3767 1201 3824 et
1246 3755 1591 3837 habenda,
1646 3757 1940 3846 imperio
1980 3758 2199 3827 sancti
2252 3757 2557 3827 Disibodi
2599 3758 3078 3847 subjacebant,

527 3864 1061 3928 communisque
1116 3842 1204 3911 ab
1266 3842 1408 3912 illis
1458 3844 1615 3936 vita=
1641 3844 2027 3915 secundum
2076 3846 2257 3914 beati
2306 3846 2655 3915 Benedicti
2702 3845 3088 3917 institutio-

529 3951 685 3998 nem
735 3930 1200 4000 exercebatur.
1244 3932 1456 4000 Dabat
1501 3943 1732 4001 autem
1773 3953 2055 4022 operam
2103 3946 2387 4003 sanctus
2423 3946 2635 4024 pater,
2689 3947 3089 4023 utcongre-

527 4018 712 4108 gatio
744 4017 863 4085 illa
911 4019 1413 4089 consuetudine
1447 4020 1616 4108 ipsis
1668 4021 2085 4110 perscriptae
2132 4021 2411 4110 regulae
2440 4022 2787 4091 intantum
2824 4021 3086 4091 confir-

527 4117 834 4175 maretur
860 4120 926 4174 et
954 4105 1384 4188 coalesceret,
1410 4119 1485 4176 ut
1513 4108 1836 4178 diabolus
1869 4108 2030 4178 vitia
2061 4110 2133 4178 in
2163 4111 2619 4199 caparturire
2648 4132 2785 4178 non
2819 4122 3074 4199 posset,

526 4215 653 4263 nec
700 4194 848 4263 suis
894 4215 1046 4263 eam
1084 4194 1341 4283 jaculis
1401 4196 1786 4286 contigere,
1845 4209 1966 4266 aut
2014 4196 2257 4266 fratres
2304 4197 2479 4267 alios
2535 4200 2625 4268 ab
2671 4197 2829 4267 aliis
2878 4219 3087 4297 sepa-

528 4303 718 4351 rare:
771 4282 1244 4381 erut-eadem
1298 4282 1453 4372 ipsa
1514 4285 1956 4384 congregatio
2020 4298 2087 4355 et
2145 4285 2605 4356 daemonibus
2667 4297 2732 4354 et
2780 4285 3089 4354 hommi-

526 4370 663 4443 bus
710 4369 1037 4439 terribilis
1085 4369 1429 4439 videretur
1476 4382 1620 4440 tum
1685 4372 2005 4443 vitiorum
2056 4374 2496 4456 abstinentia,
2561 4386 2709 4444 tum
2750 4373 3086 4443 concordi
