3327 4999
233 346 349 411 Ex
401 343 623 411 SEPT.
675 342 715 409 3
1070 359 1151 408 m:
1196 359 1254 407 s.
1307 355 1590 431 armeno
1637 354 1934 406 muscoro
2557 337 2684 404 637

233 444 588 526 admonet,
646 462 857 531 quam
914 439 1176 531 pauciS,
1229 461 1439 527 quam
1487 437 1768 519 vilibuS,
1818 457 2030 525 quam
2078 436 2309 527 parvis
2354 448 2571 528 egeat.
2623 440 2771 508 Non

234 533 497 626 opibus
545 542 805 602 mentes
836 530 1198 600 hominum
1244 549 1588 616 curaeque
1619 526 1955 598 levantur.

326 626 367 711 ξ
437 627 592 695 ²8.
647 645 683 689 «
736 626 913 691 Haec
948 628 1133 700 sunt,
1179 617 1595 701 charissimi,
1643 637 1941 706 quorum
1975 637 2093 685 vos
2132 614 2523 686 admonitos
2553 614 2768 699 volui,

237 724 572 800 tanquam
609 710 937 782 ultimum
986 708 1134 779 vale
1167 707 1359 779 vobis
1404 706 1666 789 dicens,
1725 706 1858 777 'am
1879 706 2168 798 jamque
2194 727 2231 775 e
2263 705 2400 777 vita
2430 705 2770 777 abiturus,

236 807 375 872 Vos
414 811 671 884 curate,
723 811 800 871 ut
831 811 1015 870 tanto
1062 797 1321 871 arctius
1353 796 1594 868 vestris
1632 796 1704 866 in
1759 806 2032 867 aereant
2071 793 2486 887 pectoribus,
2519 805 2776 883 quanto

236 891 577 983 majorem
632 911 714 960 ex
775 910 928 960 meo
975 909 1252 959 recessu
1299 886 1683 959 molestiam
1729 885 2000 978 capitis.
2065 890 2251 969 Quae
2309 884 2369 956 si
2417 885 2604 976 apud
2658 905 2777 955 vos

232 979 545 1052 fructum
607 979 910 1068 aliquem
957 976 1326 1061 effecerint,
1363 975 1666 1047 maximo
1713 998 1824 1046 me
1861 974 2117 1067 gaudio
2164 973 2500 1045 afficietis.
2556 971 2773 1045 Simul

231 1082 474 1141 autem
507 1069 839 1162 cogitetiS,
894 1090 1012 1139 vos
1057 1088 1330 1156 quoque
1379 1066 1772 1149 morituros,
1823 1078 1889 1135 et
1948 1064 2043 1136 ita
2101 1075 2375 1155 tempus
2421 1063 2778 1156 poeniten-

231 1160 376 1230 tiae
423 1159 729 1251 agendae
783 1157 1136 1240 collatum,
1191 1178 1299 1239 ne,
1356 1178 1634 1244 quaeso,
1683 1155 1980 1225 inaniter
2025 1153 2165 1224 labi
2212 1153 2607 1245 patiamini,
2649 1157 2775 1222 Ve-

230 1249 406 1332 niet,
452 1248 672 1319 veniet
718 1247 837 1319 ille
866 1247 1016 1318 dies
1061 1246 1118 1329 *,
1170 1267 1332 1317 cum
1380 1245 1637 1318 frustra
1670 1243 2150 1316 desiderabitis
2180 1242 2284 1313 vel
2333 1243 2546 1315 unius
2572 1243 2781 1314 horae

228 1361 557 1410 usuram.
592 1343 769 1410 Dum
798 1358 960 1429 ergo
1010 1348 1281 1428 tempus
1317 1347 1441 1417 est,
1488 1334 1874 1427 operamini
1919 1334 2181 1404 bonum
2216 1333 2303 1403 ad
2333 1355 2597 1405 omnes.
2651 1336 2780 1402 La-

230 1429 506 1500 buntur
558 1428 745 1498 enim
806 1427 972 1497 anni
1011 1426 1314 1517 fugaces,
1371 1425 1481 1495 die
1529 1447 1618 1497 ue
1668 1423 1968 1496 truditur
2024 1422 2196 1496 dies.
2255 1428 2411 1493 Jam
2461 1421 2780 1493 mortalia

232 1541 381 1590 non
436 1517 778 1610 speranda
810 1527 1042 1588 monet
1074 1535 1325 1597 annus,
1356 1526 1423 1585 et
1466 1538 1509 1585 a
1538 1515 1703 1587 bum
1735 1535 1913 1603 quae
1944 1513 2125 1605 rapit
2155 1512 2323 1583 hora
2353 1511 2563 1582 diem.
2603 1516 2780 1581 Mors

231 1608 493 1679 ultima
541 1606 725 1678 linea
779 1628 1010 1677 rerum
1078 1614 1203 1676 est.
1281 1610 1657 1696 Perpetuus
1724 1602 1903 1675 nulli
1975 1602 2181 1674 datur
2243 1624 2439 1686 usuS,
2499 1612 2565 1673 et
2622 1600 2783 1671 hae-

235 1719 351 1769 res
402 1697 766 1769 haeredem
815 1695 1098 1767 alterius
1145 1694 1331 1765 velut
1382 1694 1574 1766 unda
1628 1692 2026 1785 supervenit
2078 1691 2367 1763 undam.
2429 1690 2665 1762 Pulvis
2715 1700 2783 1761 et

231 1786 498 1857 umbra
543 1809 831 1858 sumus:
884 1807 1126 1857 omnes
1167 1806 1308 1854 una
1371 1796 1602 1855 manet
1652 1805 1862 1865 mors,
1915 1794 1981 1854 et
2016 1780 2352 1854 calcanda
2405 1779 2614 1852 semel
2672 1779 2782 1850 via

238 1877 387 1948 leti.
430 1881 509 1947 In
556 1876 758 1948 bonis
784 1889 1013 1948 autem
1047 1874 1376 1965 operibus
1419 1887 1486 1945 et
1532 1885 1711 1945 recte
1735 1872 1932 1944 factis
1970 1872 2026 1943 si
2060 1871 2224 1943 hinc
2247 1869 2774 1951 decesserimus,

237 1965 431 2038 beati
476 1966 762 2049 erimus,
813 1988 957 2036 una
984 1985 1147 2037 cum
1195 1963 1603 2056 corporibus
1649 1962 1856 2034 etiam
1897 1961 2089 2033 omni
2119 1960 2499 2053 cupiditate
2543 1970 2611 2031 et
2668 1980 2783 2029 ae-

243 2054 634 2127 mulatione
665 2055 1033 2128 absoluti.»
2741 2090 2747 2096 ·

335 2149 373 2235 5
446 2150 598 2219 24.
651 2145 775 2216 His
805 2143 1258 2228 suavissimis,
1297 2143 1521 2232 iisque
1566 2142 1889 2213 extremis
1934 2139 2373 2212 sermonibus
2404 2160 2781 2211 moerorem

242 2234 530 2305 illorum
582 2234 840 2306 lenivit.
909 2234 1166 2307 Deinde
1211 2233 1485 2306 modica
1529 2243 1888 2325 correptus
1950 2230 2159 2314 febre,
2211 2253 2372 2302 cum
2421 2251 2495 2301 se
2556 2249 2782 2302 sacro-

242 2324 471 2395 sancti
517 2324 826 2417 corporis
872 2338 938 2396 et
995 2324 1360 2418 sanguinis
1407 2322 1680 2393 Domini
1744 2321 1991 2392 viatico
2054 2319 2552 2401 confirmasset,
2605 2319 2783 2388 inter

162 2420 163 2423 ’
245 2414 820 2486 charissimorum
871 2414 1175 2485 filiorum
1235 2434 1487 2484 manus
1533 2411 1842 2482 animam
1909 2409 2206 2482 reddidit
2253 2409 2572 2492 Creatori,
2630 2418 2783 2499 post

245 2503 656 2576 diuturnam
704 2504 967 2575 Christo
996 2504 1368 2576 exhibitam
1410 2502 1829 2575 servitutem.
1859 2506 2073 2574 Verus
2111 2498 2422 2572 Israelita
2465 2519 2786 2592 egressus

243 2615 327 2664 ex
358 2599 683 2687 Aegypto,
722 2593 1011 2685 spoliato
1058 2593 1305 2677 vicin0,
1357 2604 1559 2664 aucta
1608 2592 1859 2663 talenta
1905 2591 2295 2685 reportavit.
2349 2594 2608 2681 Corpus
2633 2588 2787 2658 e'us

244 2683 628 2756 honorilice
674 2695 1017 2767 curatum,
1069 2707 1232 2755 cum
1281 2682 1498 2755 multa
1538 2681 1968 2774 psalmorum
1998 2695 2065 2752 et
2092 2681 2515 2771 hymnorum
2569 2699 2680 2748 me
2709 2699 2788 2746 o-

244 2774 366 2845 dia
415 2774 486 2844 in
535 2774 716 2845 beati
764 2773 1035 2846 Martini
1084 2773 1379 2845 oratorio
1417 2771 1652 2862 quodi
1706 2795 1779 2843 se
1805 2781 2212 2853 extruxerat,
2251 2769 2619 2841 humatum
2654 2777 2782 2838 est:

243 2864 370 2935 ubi
419 2864 625 2934 etiam
655 2863 1089 2965 aliquamdiu
1125 2863 1370 2956 jacuit,
1401 2863 1672 2933 miracu
1703 2861 1762 2931 is
1794 2860 2068 2932 interim
2101 2871 2418 2933 testatum
2451 2856 2782 2938 efficiens,

246 2975 322 3024 se
359 2953 551 3044 apud
602 2957 971 3024 Dominum
1019 2954 1266 3025 vivere.
1321 2951 1659 3025 Successit
1693 2951 1816 3028 ‚illi
1867 2950 2197 3021 dominus
2234 2954 2325 3020 Pa
2376 2947 2644 3031 olenuS,
2683 2945 2788 3015 vir

244 3041 700 3134 ApostolicuS‚
764 3044 969 3144 cujus
1030 3065 1245 3135 supra
1289 3042 1584 3115 fecimus
1633 3040 2097 3113 mentionem:
2150 3046 2332 3131 Papo
2362 3059 2492 3110 eno
2541 3033 2789 3127 Sigoll-

247 3154 413 3232 nuS,
462 3131 639 3201 beati
687 3144 901 3223 patris
938 3131 1207 3223 judicio
1254 3153 1468 3221 aeque
1524 3133 1979 3290 approbatus:
2034 3129 2340 3222 Sigolino
2403 3125 2779 3206 Godvinus,

247 3242 456 3290 annis
501 3231 567 3290 et
613 3241 884 3290 morum
936 3221 1326 3292 maturitate
1379 3242 1548 3313 gran
1604 3242 1814 3294 aevus
1842 3275 1859 3304 ,
1919 3220 2043 3309 qui
2091 3217 2310 3293 sancti
2358 3217 2487 3288 viri
2536 3235 2789 3307 corpus

251 3308 628 3393 transtulit,
657 3322 723 3380 et
752 3310 824 3379 in
851 3310 1139 3381 ecclesia
1169 3310 1351 3382 beati
1387 3309 1564 3381 Petri
1603 3309 1932 3402 reposuit,
1977 3308 2371 3398 lectumque
2400 3307 2593 3378 illius
2619 3324 2789 3375 auro

246 3411 317 3471 et
364 3410 645 3490 argento
691 3400 1082 3472 ornandum
1117 3399 1407 3471 curavit.
1466 3398 1593 3470 Ubi
1642 3420 1764 3490 per
1809 3400 1962 3492 eJus
2010 3399 2254 3469 merita
2314 3396 2533 3467 multa
2567 3413 2792 3483 usque

251 3489 324 3557 in
362 3510 686 3579 praesens
734 3490 1066 3560 Dominus
1113 3488 1610 3559 miraculorum
1657 3487 1859 3580 signa
1903 3486 2137 3570 efficit,
2188 3508 2369 3575 quae
2413 3484 2560 3558 illic
2616 3505 2788 3554 con-

253 3579 512 3669 scripta
562 3577 903 3649 habentur
947 3578 1018 3648 in
1061 3578 1337 3650 laudem
1384 3588 1450 3649 et
1481 3577 1771 3670 gloriam
1820 3576 2313 3669 omnipotentis
2355 3574 2474 3645 Dei
2519 3573 2643 3661 qui
2689 3582 2792 3643 est

252 3667 661 3740 benedictus
693 3669 765 3738 in
798 3667 1054 3755 secula,
1089 3672 1325 3739 Amen.

309 3869 335 3897 ¹·
367 3868 498 3913 Vitae
524 3869 748 3912 brevitas.
788 3924 809 3946 ο
