3327 4999
636 289 764 355 ⁴⁴8
1444 309 1525 356 nn
1572 309 1630 358 s.
1682 310 1927 358 ΑπΑιΑ
1982 310 2227 359 Annus
2717 292 2966 359 MART.
3022 294 3107 358 ⁴0

544 387 956 480 priusquam
1005 409 1255 459 aurora
1286 387 1605 461 funderet
1635 401 1832 481 grata
1879 390 2149 461 lumina
2187 390 2410 461 terris.
2456 396 2748 461 Vocatus
2797 413 2959 482 ergo
3002 391 3111 462 Si-

545 476 867 557 noaldus,
921 477 1103 547 venit
1150 477 1234 546 ad
1273 476 1499 547 virum
1534 480 1676 550 Dei.
1713 479 1839 549 Cui
1867 480 2111 550 beatus
2141 493 2332 580 pater
2358 478 2575 549 Attala
2596 478 2737 549 ait:
2774 502 2813 546 «
2845 484 3113 571 Appre-

539 565 757 636 henso
804 564 1054 636 baculo
1079 587 1217 653 quo
1265 576 1633 649 sustentor,
1678 566 1850 637 vade
1880 567 1967 637 ad
1998 569 2314 648 Bobium,
2352 567 2898 657 imperantisque
2939 589 3107 639 voce

541 652 752 724 dicito
797 653 884 734 ei,
938 653 1139 744 signo
1182 654 1576 726 Dominicae
1620 656 1853 728 crucis
1900 655 2241 746 praelato,
2292 665 2371 726 ut
2404 655 2572 726 istas
2624 655 2898 727 desinat
2942 678 3104 746 per-

538 740 774 812 fodere
822 742 1032 831 ripas,
1087 763 1211 811 nec
1261 756 1749 834 praesumptae
1808 744 2144 814 audaciae
2204 743 2491 813 modum
2559 743 2929 835 suppleat:
2985 744 3109 814 sed

539 828 629 899 ad
678 828 815 899 alia
860 828 1112 900 cedens
1161 830 1406 911 litora,
1463 831 1593 903 ista
1644 832 1828 902 sinat
1873 832 2151 913 illaesa,
2202 831 2654 922 imperiisque
2710 832 2980 902 Domini
3038 854 3111 902 se

540 928 872 1018 agnoscat
896 939 1336 989 cessurum.»
1359 924 1549 990 Tunc
1580 918 1948 990 sinoaldus
1972 920 2332 1000 diaconuS,
2372 920 2667 1010 imperio
2690 921 2914 1010 patris
2942 920 3109 991 obe-

540 1005 764 1088 diens,
808 1028 971 1076 cum
1021 1006 1185 1076 fidei
1238 1006 1667 1079 adminiculo
1717 1008 1980 1100 pergit:
2032 1008 2498 1099 impositoque
2554 1009 2746 1099 ripae
2802 1009 3055 1078 baculo
3085 1063 3101 1090 ,

540 1093 837 1184 imperat
881 1095 1093 1165 fluvio
1138 1116 1221 1165 ex
1267 1095 1397 1165 viri
1446 1096 1563 1167 Dei
1605 1096 2033 1188 praeceptis,
2085 1108 2437 1166 annuente
2482 1096 2720 1166 divina
2772 1098 3102 1186 potentiA,

537 1181 627 1251 ab
676 1181 795 1252 illo
844 1182 993 1253 loco
1041 1183 1246 1254 citius
1294 1186 1705 1274 promoveri,
1743 1185 2018 1272 aliaque
2048 1184 2247 1254 collis
2278 1184 2491 1254 latera
2523 1184 2816 1255 violento
2845 1199 3103 1256 conatu

537 1279 790 1361 petere.
842 1276 990 1341 Mox
1038 1272 1365 1343 obediens
1431 1273 1686 1343 fluvius
1760 1273 1998 1344 relicto
2045 1272 2276 1353 alveo,
2331 1271 2532 1343 collis
2595 1273 2682 1342 ad
2733 1273 2950 1345 latera
2997 1295 3107 1344 ce-

536 1358 733 1441 denS,
801 1359 1081 1430 fluendo
1129 1382 1252 1452 per
1301 1360 1522 1430 ardua
1567 1362 1757 1431 velut
1800 1361 2058 1432 strictis
2112 1361 2293 1462 ripis
2346 1360 2585 1430 latices
2643 1362 3100 1442 sustentabat,

535 1469 899 1534 quousque
945 1470 1244 1519 concava
1279 1448 1464 1518 alvei
1503 1452 1815 1540 paterent
1833 1471 1973 1537 quo
2021 1460 2429 1530 sustinente,
2465 1448 2731 1536 liquido
2777 1450 3100 1520 fluerem.

537 1541 836 1622 Jamque
881 1558 1343 1627 prorumpens
1390 1537 1516 1618 sol,
1588 1538 1856 1608 mundo
1902 1550 1980 1607 ut
2026 1537 2263 1607 lumen
2338 1537 2691 1627 panderet,
2748 1539 3102 1628 surgebat,

537 1623 900 1713 coepitque
947 1625 1316 1695 Sinoaldus
1345 1624 1528 1696 intra
1558 1625 2011 1717 semetipsum
2057 1626 2371 1716 cogitans
2418 1625 2688 1694 dicere:
2727 1625 2998 1697 Vadam
3043 1640 3108 1696 et

536 1711 806 1792 videbo,
861 1713 921 1783 si
968 1713 1114 1783 viro
1161 1714 1279 1783 Dei
1312 1713 1584 1784 violenti
1637 1714 1893 1784 fluctus
1939 1712 2306 1794 obediant;
2361 1712 2681 1801 venitque
2725 1712 2815 1783 ad
2865 1714 3101 1805 ripam

537 1800 737 1881 alvei,
791 1801 913 1871 ubi
947 1802 1128 1871 stetit
1176 1802 1372 1892 prius
1447 1801 1650 1892 pleno
1708 1815 1876 1872 tunc
1936 1802 2182 1884 fluctu,
2235 1815 2301 1871 et
2345 1823 2637 1872 cernens
2678 1802 2831 1891 jam
2870 1803 3107 1873 subito

536 1911 838 1958 vacuum
889 1889 1076 1970 litus,
1132 1890 1483 1980 spectabat
1526 1890 1826 1977 qualiter
1868 1890 1958 1959 ad
2007 1889 2295 1961 alterius
2333 1890 2533 1959 collis
2573 1889 2786 1961 latera
2831 1911 2915 1960 ex
2976 1892 3106 1961 im-

586 1976 730 2046 erio
781 1977 993 2067 patris
1041 1977 1331 2060 cederet,
1386 1989 1464 2048 ut
1515 1978 1648 2048 sibi
1694 1979 1971 2050 alveum
2018 1999 2156 2065 quo
2205 1979 2422 2047 fluere
2468 1989 2719 2068 posset,
2773 1979 3101 2068 aperiret.

536 1999 990 2153 geminusque
1036 2066 1122 2135 ad
1173 2066 1399 2136 virum
1449 2066 1565 2136 Dei
1616 2067 1821 2149 venit,
1855 2079 2090 2168 partae
2120 2065 2441 2136 victoriae
2479 2067 2889 2157 trophaeum
2924 2089 3109 2138 nun-

536 2152 764 2223 ciavit.
804 2155 925 2224 Cui
975 2154 1078 2223 vir
1107 2154 1248 2236 Dei,
1303 2177 1340 2222 «
1392 2155 1821 2236 Nullatenus,
1860 2154 2110 2242 lnquit,
2148 2154 2364 2224 mein
2398 2153 2528 2224 hoc
2561 2154 2796 2224 seculo
2829 2154 3104 2225 vivente

532 2241 666 2310 ulli
705 2241 933 2312 dicere
997 2246 1445 2344 praesumas:
1500 2242 1961 2334 proculdubio
2009 2264 2098 2312 ne
2143 2241 2343 2312 favor.
2396 2242 3107 2343 adulatorumucorda

536 2329 740 2419 plena
786 2330 1162 2402 virtutibus
1210 2331 1661 2401 macularet.»
1694 2331 1888 2416 Quod
1940 2330 2209 2412 vitium,
2264 2331 2585 2417 quamvis
2634 2331 2775 2401 sint
2804 2330 3104 2402 diversis

535 2416 908 2489 virtutibus
954 2419 1193 2502 ditati,
1251 2420 1336 2488 ab
1384 2417 1714 2489 omnibus
1785 2431 2014 2489 tamen
2064 2419 2324 2489 sanctis
2373 2430 2475 2489 est
2522 2418 2830 2489 studiose
2876 2420 3104 2490 vitan-

536 2506 703 2576 dum
756 2519 962 2594 atque
1007 2508 1444 2600 fugiendum.
1508 2512 1679 2579 Nam
1727 2507 1857 2578 hoc
1924 2507 2221 2580 callidus
2269 2508 2486 2578 hostis
2549 2507 2892 2578 malitiose
2956 2523 3105 2579 stu·

537 2595 673 2676 det,
726 2607 805 2665 ut
833 2596 999 2667 dum
1050 2597 1122 2665 in
1164 2596 1552 2684 majoribus
1594 2618 1677 2665 ac
1732 2596 1936 2667 certis
1980 2595 2210 2686 culpis
2257 2606 2531 2666 sanctos
2581 2596 2698 2665 Dei
2747 2597 3105 2668 maculare

535 2705 676 2753 non
737 2685 936 2767 valet,
975 2684 1217 2755 saltem
1265 2682 1364 2753 vel
1415 2684 1487 2752 in
1535 2684 1829 2755 occultis
1874 2705 2051 2771 quae
2086 2684 2356 2754 minora
2413 2683 2757 2765 videntur,
2807 2684 3100 2774 polluat.

624 2772 661 2859 ἓ
724 2777 809 2844 cl.
852 2772 1107 2842 Deinde
1152 2794 1315 2841 cum
1363 2772 1437 2841 ir.
1472 2772 1706 2860 aliquo
1733 2784 2038 2873 tempore
2084 2794 2273 2841 unus
2320 2771 2853 2853 monachorum,
2911 2774 3104 2844 Frai-

534 2882 771 2931 merus
821 2861 1122 2941 nomine,
1159 2859 1245 2929 ad
1293 2859 1642 2930 frumenta
1696 2860 2144 2951 suscipienda
2188 2881 2461 2931 vomere
2528 2859 2847 2929 tellurem
2897 2883 3097 2932 exco-

538 2946 730 3029 leret,
783 2948 1013 3018 subito
1065 2948 1278 3018 stivae
1337 2948 1731 3020 firmitatem
1796 2949 2012 3018 durae
2057 2948 2298 3038 glebae
2345 2948 2683 3038 asperitas
2728 2947 3096 3043 confregit.

537 3040 759 3117 Quam
810 3058 970 3106 cum
1024 3036 1417 3126 praedictus
1455 3036 1665 3107 frater
1694 3058 2108 3127 componere
2138 3048 2528 3116 conaretur,
2566 3036 2931 3127 inopinato
2961 3039 3103 3110 ictu

535 3122 931 3193 ferramenti
968 3124 1285 3215 pollicem
1310 3124 1395 3194 de
1442 3125 1631 3195 laeva
1680 3125 2084 3216 amputavit,
2121 3124 2406 3212 soloque
2451 3123 2809 3195 conditum
2855 3147 3102 3218 super-

531 3211 755 3304 posita
802 3211 1003 3304 gleba
1032 3213 1218 3284 velut
1264 3213 1476 3283 funus
1532 3212 1931 3304 sepulturae
1980 3212 2285 3282 tradidit.
2340 3212 2739 3300 Relictoque
2785 3234 3089 3296 vomere,

538 3300 623 3369 ad
678 3300 1172 3372 monasterium
1207 3323 1329 3393 per
1378 3302 1451 3383 it,
1505 3302 1822 3393 patrique
1853 3323 1974 3392 per
2004 3300 2503 3371 confessionem
2537 3299 2736 3370 humi
2787 3315 3096 3390 prostra-

537 3400 651 3459 tus
702 3389 950 3478 prodit.
1013 3391 1207 3471 Quod
1256 3390 1321 3458 vi
1373 3411 1497 3459 ens
1553 3390 1655 3459 vir
1702 3390 1844 3470 Dei,
1876 3389 2058 3459 «Ubi
2094 3402 2220 3469 est,
2284 3388 2533 3476 inquit,
2587 3411 2750 3479 pars
2796 3390 3097 3462 abscissi

539 3477 885 3567 pollicisi»
907 3483 983 3547 At
1014 3478 1129 3548 ille
1175 3477 1426 3548 fatetur
1451 3499 1607 3547 eam
1635 3499 1788 3548 esse
1835 3488 2015 3547 terra
2050 3477 2426 3558 conditam,
2479 3476 2812 3564 sulcoque
2858 3479 3101 3570 sepul-

536 3576 749 3635 tam.«
773 3566 965 3648 Male,
1019 3566 1135 3636 ille
1182 3567 1299 3647 ait,
1339 3565 1581 3637 fecisti.
1635 3568 1772 3634 Cur
1815 3586 1968 3635 eam
2001 3565 2085 3636 ad
2125 3588 2234 3636 me
2264 3587 2402 3635 non
2450 3565 2790 3636 detulisti?
2821 3566 3100 3638 Concito

534 3674 611 3722 er
657 3676 698 3722 o
731 3654 978 3755 gradu,
1018 3655 1193 3725 nulli
1230 3676 1517 3725 causam
1564 3652 1911 3736 indicanS,
1966 3675 2195 3744 perge,
2232 3664 2728 3744 sumptamque
2772 3654 3095 3724 eamdem

658 3742 812 3812 licis
852 3756 1112 3834 partem
1165 3743 1303 3813 huc
1335 3743 1692 3832 deporta.»
1733 3747 2066 3833 Egressus
2113 3742 2252 3820 ille,
2290 3742 2514 3832 pergit
2567 3742 2655 3811 ad
2705 3740 2967 3824 locum,
3002 3740 3101 3813 ef-

560 3851 928 3917 ossamque
978 3831 1358 3922 portionem
1410 3830 1686 3920 pollicis
1754 3829 2000 3901 detulit
2046 3830 2133 3899 ad
2185 3829 2409 3899 virum
2459 3830 2600 3899 Dei.
2654 3835 2812 3899 Erat
2859 3843 3092 3901 autem

534 3918 665 3988 iter
711 3920 912 4007 quasi
961 3919 1173 3991 unius
1221 3917 1563 3999 milliariS,
1617 3930 1768 3988 tum
1806 3929 2083 4019 propter
2110 3917 2312 3988 ardui
2348 3918 2626 4000 montis,
2680 3929 2832 3988 tum
2884 3920 3095 3989 iuter-

533 4006 815 4077 fluentis
863 4008 1179 4077 fluminis
1224 4008 1565 4078 flexuosos
1612 4007 1971 4077 circuitus.
2002 4012 2209 4077 Porro
2241 4005 2346 4075 vir
2377 4007 2494 4076 Dei
2528 4006 2923 4097 suscipiens
2952 4006 3097 4078 sru-

533 4104 640 4165 sta
690 4095 983 4186 polliciS,
1037 4096 1324 4184 suisque
1386 4094 1621 4166 salivis
1680 4094 1975 4176 liniens,
2028 4094 2239 4166 simul
2286 4095 2669 4182 conjunxit:
2722 4095 3098 4196 statimque

532 4183 758 4274 pollex
804 4184 1038 4255 carnis
1110 4184 1379 4276 glutino
1427 4194 1869 4275 compactus,
1924 4182 2111 4253 velut
2169 4193 2329 4253 ante
2391 4183 2635 4263 fuerat,
2688 4203 2907 4253 sanus
2957 4182 3089 4254 sihi

531 4272 868 4343 adhaesit.
921 4279 1112 4344 Tunc
1160 4285 1355 4364 pater
1408 4272 1937 4353 sanctissimuS,
1990 4271 2327 4362 imperato
2375 4270 2693 4353 silentio,
2748 4292 2835 4341 ne
2880 4269 3094 4341 alicui

530 4360 663 4431 hoc
711 4361 1052 4452 proderet,
1102 4374 1181 4434 ut
1224 4361 1468 4443 abiret,
1522 4381 1839 4455 opusque
1893 4360 2248 4451 inceptum
2312 4359 2702 4451 perficeret,
2765 4359 3003 4451 jussit.
3040 4361 3094 4429 0
