3327 4999
725 321 851 385 204
1534 337 1612 383 nn
1661 337 1715 384 s.
1771 335 2081 384 cuncomo
2129 337 2289 383 ΡΑΡΑ
2377 390 2378 393 ¹
2789 319 3020 384 MART.
3070 319 3140 382 ⁴2

637 417 1123 498 serenissimiS,
1171 416 1424 504 inquit,
1453 416 1889 507 jussionibus
1919 416 2067 486 suis
2114 416 2558 486 Dominorum
2638 415 2823 494 ictas,
2858 416 3020 487 dum
3047 436 3145 486 me

636 506 723 576 de
769 505 1190 593 quibusdam
1249 504 1657 595 redarguere
1707 504 2010 584 studuit,
2079 505 2419 595 parcendo
2485 504 2577 573 mi
2634 504 2657 572 i
2723 504 2997 574 minime
3040 525 3149 595 pe-

639 594 879 685 percit.
934 599 1102 663 Nam
1153 593 1225 660 in
1285 593 1384 664 eis
1448 594 1755 663 urbanae
1817 593 2281 684 simplicitatis
2344 592 2675 664 vocabulo
2732 616 2839 664 me
2901 592 3148 662 fatuum

636 682 961 785 appellat.
1016 687 1092 751 In
1146 683 1497 772 Scriptura
1556 682 1809 752 etenim
1876 703 2090 763 sacra,
2163 705 2322 753 cum
2372 682 2443 750 in
2490 683 2670 752 bona
2718 680 3147 771 intelligentia

635 771 1047 861 s1mplicitas
1096 772 1396 861 ponitur,
1457 771 1522 839 vi
1575 771 1821 841 ilanter
1884 792 2085 861 saepe
2149 770 2553 862 prudentiae
2614 782 2731 840 aut
2779 769 3154 840 rectitudini
3283 806 3284 887 l

635 861 961 930 sociatur.
1017 859 1209 929 Unde
1255 861 1458 929 etiam
1557 882 1592 928 e
1648 861 1845 929 beato
1889 860 2019 929 Job
2078 860 2210 929 scri
2268 873 2411 929 tum
2459 871 2598 930 est:
2652 864 2809 929 Erat
2854 859 2956 928 vir
3001 859 3151 930 sim-

636 949 790 1039 plex
837 959 901 1017 et
966 962 1215 1018 rectus,
1280 954 1360 1018 Et
1420 948 1662 1018 beatus
1728 948 2086 1038 Apostolus
2159 971 2201 1018 a
2253 959 2526 1026 monet,
2590 948 2875 1018 dicens:
2947 953 3154 1018 Estote

635 1037 988 1137 simplices
1034 1038 1105 1106 in
1153 1038 1359 1119 malo,
1396 1050 1462 1107 et
1509 1037 1881 1128 prudentes
1929 1038 1996 1105 in
2039 1037 2241 1107 bono.
2296 1043 2371 1106 Et
2421 1058 2542 1127 per
2588 1038 3022 1127 semetipsam
3051 1057 3151 1103 ve-

526 1141 529 1144 ’
635 1126 804 1195 ritas
852 1148 923 1195 1n
973 1125 1339 1215 Evangelio
1401 1126 1745 1206 admonet,
1800 1125 2073 1196 dicens:
2142 1131 2361 1196 Estote
2386 1126 2745 1215 prudentes
2797 1128 2970 1196 sicut
3023 1148 3149 1193 ser-

629 1226 879 1305 pentes,
916 1225 978 1283 et
1006 1217 1340 1305 simplices
1370 1217 1540 1284 sicut
1570 1216 1932 1285 columbae.
1985 1220 2144 1285 Esse
2176 1214 2372 1284 valde
2418 1214 2659 1284 inutile
2708 1214 3048 1293 indicans,
3098 1212 3151 1280 si

633 1317 752 1373 aut
799 1302 1225 1392 simplicitati
1290 1304 1678 1394 prudentia,
1739 1314 1857 1373 aut
1921 1304 2325 1393 prudentiae
2372 1303 2782 1392 simplicitas
2831 1303 3025 1374 desit.
3074 1306 3152 1370 Ut

631 1414 793 1483 ergo
841 1413 1069 1461 servos
1115 1414 1278 1462 suos
1325 1392 1408 1462 ad
1441 1405 1690 1462 cuncta
1715 1391 2018 1461 eruditos
2046 1392 2365 1471 efficeret,
2398 1414 2547 1464 esse
2576 1414 2691 1461 eos
2720 1404 2789 1461 et
2820 1390 3155 1486 simplices

631 1482 810 1550 sicut
839 1480 1218 1561 columbaS‚
1257 1494 1322 1550 et
1352 1480 1722 1571 prudentes
1750 1493 1827 1550 ut
1861 1493 2207 1572 serpentes
2233 1480 2468 1550 voluit:
2503 1492 2849 1567 quatenus
2880 1481 2949 1550 in
2979 1478 3074 1550 eis
3096 1488 3156 1546 et

632 1569 992 1638 columbae
1025 1569 1532 1660 simplicitatem
1560 1570 1812 1638 astutia
1838 1571 2175 1660 serpentis
2196 1581 2262 1640 et
2291 1570 2625 1660 serpentis
2649 1570 2978 1639 astutiam
3006 1568 3160 1638 sim-

631 1657 903 1748 plicitas
948 1657 1307 1728 columbae
1357 1671 1783 1748 temperaret.
1822 1663 1958 1748 Ego
2007 1658 2219 1749 igitur
2263 1659 2381 1745 qui
2414 1658 2485 1727 in
2538 1657 3004 1727 serenissimis
3049 1654 3157 1723 do-

630 1746 980 1815 minorum
1021 1746 1457 1834 jussionibus
1503 1746 1590 1816 ab
1637 1746 1975 1836 Arnulphi
2006 1747 2257 1816 astutia
2281 1747 2630 1837 deceptuS,
2673 1768 2816 1816 non
2846 1746 3162 1835 adjuncta

630 1834 999 1925 prudentia
1046 1835 1175 1904 sim
1233 1835 1335 1904 lex
1382 1836 1786 1916 denuncior,
1838 1848 2102 1906 constat
2168 1836 2663 1926 proculdubio,
2719 1836 2892 1923 quia
2938 1835 3159 1903 fatuus

628 1923 960 2013 appellor.
1016 1928 1160 2006 Quo
1257 1924 1351 1993 ita
1396 1946 1567 2005 esse,
1619 1947 1745 2015 ego
1792 1946 2065 2011 quoque
2104 1925 2251 2015 ipse
2301 1925 2649 1995 confiteor.
2705 1929 2882 1993 Nam
2940 1924 2998 1994 si
3044 1922 3165 1991 hoc

627 2026 850 2082 vestra
900 2014 1114 2102 pietas
1181 2024 1416 2092 taceat,
1468 2034 1720 2083 causae
1789 2013 2111 2083 clamant.
2167 2018 2305 2103 Ego
2368 2014 2552 2081 enim
2620 2012 2679 2081 si
2740 2012 2981 2082 fatuus
3031 2030 3157 2079 non

626 2100 938 2183 fuissem,
990 2100 1074 2170 ad
1127 2100 1257 2171 ista
1304 2101 1654 2171 toleranda
1699 2124 1875 2188 quae
1901 2102 2078 2172 inter
2102 2101 2712 2191 Longobardorum
2745 2100 3022 2192 gladios
3044 2100 3165 2169 hoc

626 2189 698 2257 in
736 2190 882 2259 loco
931 2190 1173 2280 patior,
1221 2191 1505 2259 minime
1552 2190 1914 2260 venissem.
1968 2196 2045 2260 In
2094 2213 2172 2259 ea
2209 2203 2437 2259 autem
2497 2212 2590 2270 re,
2644 2211 2868 2275 quam
2926 2189 3012 2258 de
3056 2193 3163 2256 Ar-

627 2277 895 2368 nulpho
930 2278 1274 2369 perhibui,
1307 2280 1472 2366 quia
1522 2291 1651 2349 toto
1691 2278 1894 2349 corde
1924 2279 2154 2348 venire
2185 2278 2269 2348 ad
2303 2278 2841 2368 Rempublicam
2893 2288 3167 2368 paratus

630 2364 782 2449 fuit,
836 2367 1003 2435 dum
1056 2367 1228 2436 mihi
1269 2390 1403 2436 non
1453 2368 1780 2448 creditur,
1832 2368 2033 2436 etiam
2097 2368 2424 2439 mentitus
2470 2388 2620 2437 esse
2666 2366 3164 2458 reprehendor.

630 2455 758 2524 Sed
807 2456 932 2525 etsi
982 2455 1297 2527 sacerdos
1346 2478 1481 2527 non
1533 2478 1712 2536 sum,
1768 2456 1909 2525 scio
1956 2477 2229 2547 gravem
2278 2478 2426 2529 esse
2460 2455 2637 2525 hanc
2689 2456 3035 2548 injuriam
3066 2475 3167 2526 sa-

626 2544 906 2626 cerdoti,
959 2558 1038 2615 ut
1082 2546 1346 2614 veritati
1385 2546 1684 2614 serviens
1731 2543 1935 2614 fallax
1981 2545 2322 2615 credatur.
2366 2551 2442 2614 Et
2470 2545 2746 2615 dudum
2787 2546 2975 2626 novi,
3007 2566 3169 2632 quo-

627 2635 813 2703 niam
876 2633 1229 2725 Arnulpho
1287 2633 1444 2723 plus
1498 2645 1600 2703 est
1661 2632 1995 2702 creditum
2064 2656 2269 2721 quam
2340 2634 2545 2713 mihi,
2602 2636 2815 2704 Leoni
2871 2632 3170 2723 amplius

625 2744 831 2809 quam
883 2722 1078 2790 mihi.
1119 2727 1197 2790 Et
1243 2743 1428 2790 nunc
1461 2721 1560 2790 eis
1606 2721 1728 2807 qui
1775 2744 1921 2792 esse
1953 2722 2038 2791 ad
2067 2722 2374 2792 medium
2411 2722 2761 2805 videntur,
2802 2724 3172 2814 plusquam
3283 2733 3284 2740 ’

624 2812 798 2880 meis
845 2810 1340 2880 assertionibus
1405 2808 1776 2880 credulitas
1841 2811 2288 2900 impenditur.
2352 2816 2429 2880 Et
2486 2811 2786 2898 quidem
2858 2813 2921 2882 si
2972 2827 3178 2881 terrae

625 2921 815 2968 meae
862 2898 1219 2988 captivitas
1269 2919 1388 2988 per
1418 2898 1821 2985 quotidiana
1868 2913 2214 2970 momenta
2261 2922 2397 2968 non
2449 2913 2913 2982 excresceret,
2952 2901 3037 2970 de
3068 2898 3178 2968 de·
3283 2899 3284 2918 ³

625 2988 971 3077 spectione
1013 3009 1164 3055 mea
1209 3002 1415 3075 atque
1460 2988 1778 3057 irrisione
1826 2988 2044 3058 laetus
2092 3002 2410 3059 tacerem.
2459 2988 2585 3058 Sed
2628 2989 2768 3061 hoc
2823 3012 2940 3059 me
2989 2988 3177 3058 vehe-

624 3088 888 3145 menter
933 3075 1195 3165 aflligit,
1239 3076 1402 3162 quia
1440 3075 1626 3145 unde
1672 3099 1796 3167 ego
1835 3078 2096 3147 crimen
2131 3077 2446 3148 falsitatis
2481 3077 2719 3159 tolero,
2761 3079 2940 3149 inde
2987 3074 3178 3148 Italia
3283 3131 3284 3164 ἦ

622 3163 927 3251 quotidie
964 3162 1244 3233 ducitur
1273 3164 1403 3233 sub
1450 3165 2056 3255 Longobardorum
2085 3167 2257 3255 jugo
2286 3166 2592 3257 captiva:
2647 3166 2981 3255 dumque
3012 3164 3176 3236 meis

623 3253 1178 3343 suggestionibus
1226 3253 1295 3322 in
1332 3253 1523 3323 nullo
1554 3254 1878 3333 creditur,
1912 3255 2091 3326 vires
2133 3255 2430 3325 hostium
2484 3255 2903 3327 immaniter
2951 3274 3174 3327 excre-

623 3354 849 3411 scunt.
889 3346 1027 3410 Hoc
1076 3352 1301 3410 tamen
1332 3342 1645 3432 piissimo
1678 3343 1960 3413 Domino
1988 3366 2304 3434 suggero,
2342 3357 2419 3412 ut
2447 3344 2531 3412 de
2562 3365 2671 3412 me
2706 3345 2910 3414 mala
2942 3343 3176 3414 omnia

621 3429 966 3517 quaelibet
1010 3430 1382 3501 existimet:
1436 3430 1521 3501 de
1565 3431 1858 3501 utilitate
1904 3454 2061 3501 vero
2109 3432 2568 3521 reipublicae,
2620 3445 2690 3502 et
2755 3438 2988 3505 causa
3032 3452 3173 3502 ere-

623 3518 875 3609 ptionis
924 3518 1179 3600 Italiae,
1236 3541 1370 3590 non
1418 3520 1845 3606 quibuslibet
1890 3520 2088 3590 facile
2137 3521 2285 3611 pias
2340 3542 2543 3589 aures
2595 3524 2982 3609 praebeat,
3061 3518 3174 3591 sed

621 3606 780 3697 plus
827 3607 1032 3678 rebus
1059 3629 1265 3694 quam
1308 3609 1532 3679 verbis
1579 3609 1812 3678 credat
1841 3609 1896 3679 ¹³.
1953 3609 2432 3679 Sacerdotibus
2480 3622 2718 3680 autem
2754 3632 2904 3681 non
2934 3633 3018 3681 ex
3045 3619 3176 3680 ter-

617 3717 786 3766 rena
879 3709 1157 3767 otestate
1211 3697 1543 3767 Dominus
1600 3711 1830 3768 noster
1892 3698 2098 3768 citius
2144 3698 2565 3788 indignetur,
2624 3699 2755 3767 sed
2809 3695 3179 3770 excellenti

616 3785 809 3855 consi
862 3786 1161 3855 eratione
1208 3798 1483 3876 propter
1511 3808 1696 3867 eum,
1733 3786 1939 3875 cujus
1989 3788 2166 3857 servi
2214 3800 2399 3868 sunt,
2449 3787 2549 3857 eis
2589 3786 2688 3856 ita
2739 3788 3178 3862 dominetur,

617 3885 694 3942 ut
739 3873 943 3943 etiam
991 3874 1290 3944 debitam
1335 3876 1785 3945 reverentiam
1833 3875 2209 3966 impendat.
2256 3881 2422 3946 Nam
2457 3875 2529 3943 in
2557 3874 2835 3948 divinis
2885 3875 3184 3964 eloquiis

619 3962 999 4033 sacerdotes
1036 3962 1408 4050 aliquando
1438 3964 1560 4043 dii,
1598 3964 1972 4051 aliquando
2020 3964 2248 4055 angeli
2294 3975 2647 4033 vocantur.
2693 3969 2781 4035 Et
2815 3989 2949 4057 per
3000 3970 3183 4052 Moy-

615 4073 736 4120 sen
786 4051 869 4121 de
914 4073 991 4122 eo
1038 4053 1160 4139 qui
1205 4052 1285 4122 ad
1345 4053 1821 4142 juramentum
1870 4051 2322 4124 adducendus
2368 4065 2491 4134 est,
2544 4051 2847 4125 dicitur:
2889 4055 3189 4147 Appliea

617 4142 817 4209 illum
849 4143 939 4210 ad
983 4143 1157 4221 deos,
1217 4141 1526 4211 videlicet
1585 4142 1672 4210 ad
1721 4142 2127 4213 sacerdotes.
2183 4147 2259 4210 Et
2307 4163 2587 4211 rursum
2636 4143 3010 4232 scriptum
3043 4153 3179 4212 est:

612 4229 753 4298 Diis
810 4251 946 4300 non
994 4230 1333 4309 detrahes,
1396 4229 1653 4300 scilicet
1703 4230 2197 4302 sacerdotibus.
2252 4235 2328 4300 Et
2367 4227 2707 4320 propheta
2765 4232 2916 4302 ait:
2975 4231 3185 4303 Labia

663 4441 690 4468 ¹⁸
718 4440 990 4482 Sacerdotes
1009 4439 1295 4484 honorandh
1327 4439 1619 4481 Constantini
1637 4441 1792 4491 Magni
1816 4442 2098 4491 exemplum.
