3327 4999
630 322 711 387 34
1279 336 1358 383 ms
1407 337 1463 383 s.
1518 335 1944 384 enunsseurtm
1993 339 2126 384 mr.
2183 336 2352 385 vinc.
2771 317 3023 385 MART.
3077 320 3117 384 3

541 410 859 505 undique
951 437 1367 487 concurrere
1432 414 1730 506 populos
1789 416 2098 498 videreS,
2152 428 2407 487 matres
2457 416 2783 507 parvulos
2839 437 3009 485 suos
3058 417 3126 486 in

543 507 858 577 brachiis
904 516 1274 596 gestanteS,
1320 504 1637 575 infirmos
1670 504 1740 573 in
1774 505 2078 595 grabatis
2109 505 2443 595 jacentes,
2480 505 2795 575 sanitatis
2827 506 3123 594 gratiam

541 616 850 686 sperare,
914 594 1179 663 felicem
1221 614 1295 661 se
1342 592 1644 673 credere,
1702 592 1760 663 si
1808 593 1922 662 cui
1971 606 2089 663 aut
2135 592 2380 663 feretro
2419 593 2650 684 jungi,
2700 604 2821 662 aut
2854 594 2944 662 ab
2977 594 3128 685 ipso

539 684 727 755 conti
787 684 953 752 isset
992 680 1422 751 obumbrari.
1469 680 1773 750 Tandem
1823 682 1893 749 in
1943 680 2306 751 ecclesiam
2358 687 2429 751 Β.
2467 683 2643 752 Petri
2692 703 2951 772 corpus
2987 705 3126 752 non

545 773 700 844 sine
762 772 971 841 abore
1011 770 1095 838 de
1148 781 1474 851 ortatum,
1538 769 1896 840 triduanas
1947 770 2067 850 ibi,
2122 770 2386 840 meritis
2436 771 2583 840 suis
2636 793 2715 840 ac
2764 770 3129 841 beneficiis

543 860 955 951 condignaS,
1010 859 1099 927 ha
1154 858 1257 928 uit
1294 857 1644 944 exequias:
1710 858 1877 939 filii,
1934 880 2110 945 quos
2159 858 2311 948 ipsa
2351 858 2520 928 illuc
2569 859 2639 926 in
2684 858 2954 930 Christo
3007 881 3130 950 ag-

535 960 974 1040 gregaverat,
1015 947 1100 1016 de
1149 946 1392 1015 matris
1443 967 1611 1036 pace
1648 945 1796 1035 jam
1851 947 2101 1027 securi,
2140 968 2264 1037 pro
2315 969 2386 1018 se
2425 958 2655 1017 autem
2691 946 2969 1029 soliciti,
3007 948 3119 1017 in-

532 1051 898 1109 cessanter
946 1034 1359 1126 psallebant,
1406 1035 1577 1103 dum
1605 1056 1757 1103 eam
1799 1034 1932 1103 sibi
1972 1036 2057 1104 ad
2088 1035 2326 1104 horam
2358 1035 2809 1116 subtractam,
2843 1036 2998 1105 sine
3033 1036 3121 1105 ti-

535 1148 735 1196 more
776 1123 1179 1195 amissionis
1230 1123 1301 1191 in
1351 1145 1474 1214 spe
1513 1135 1883 1213 perpetuae
1915 1124 2246 1194 orationis
2277 1124 2617 1213 recepisse
2651 1123 3105 1214 plaudebant,

540 1225 766 1283 mater
813 1214 897 1282 de
945 1211 1134 1282 coelo
1172 1211 1476 1281 filiorum
1530 1225 1980 1312 prospectans
2019 1212 2337 1281 affectum
2374 1213 2741 1303 gaudebat.
2792 1217 2893 1281 Ita
2926 1212 3115 1282 vela-

535 1314 685 1373 tum
740 1324 997 1458 corpus
1046 1322 1323 1370 sacrum
1376 1322 1591 1370 sacris
1634 1300 1961 1381 vestibuS,
2002 1300 2390 1370 diademate
2424 1301 2671 1370 Christi
2706 1303 3100 1390 suppositO,

537 1414 668 1462 suo
701 1390 859 1462 locu
892 1412 931 1459 o
965 1390 1032 1458 in
1063 1389 1303 1457 dextro
1327 1388 1558 1470 latere,
1585 1389 1766 1458 sicut
1784 1388 2120 1460 hactenus
2146 1401 2533 1471 veneratur,
2566 1390 2953 1479 repositum
2981 1402 3109 1460 est.

627 1482 664 1567 ἓ
713 1486 848 1554 11.
900 1479 956 1546 O
982 1478 1141 1547 felix
1167 1477 1696 1568 Bambergensis
1722 1476 2036 1559 ecclesia,
2074 1477 2392 1567 recepisti
2424 1478 2856 1558 thesaurum,
2893 1501 3109 1565 quem

543 1568 881 1637 amiseras
923 1590 936 1634 :
992 1588 1244 1657 procax
1291 1578 1356 1635 et
1420 1565 1760 1636 maledica
1809 1565 2045 1657 lingua
2099 1566 2611 1647 detractorum,
2667 1567 3112 1636 occultorum

542 1655 937 1726 testimonio
985 1654 1339 1724 confutata
1384 1665 1508 1723 est:
1564 1653 1926 1744 virginitas
1974 1656 2148 1754 ejus,
2205 1655 2410 1724 rebus
2459 1656 2887 1811 approbata:
2945 1677 3112 1724 san-

536 1745 739 1814 ctitas
788 1742 1329 1814 clarescentibus
1377 1742 1597 1832 signis
1646 1753 1889 1811 testata
1955 1742 2228 1812 videtur
2278 1765 2397 1831 per
2457 1749 2499 1812 C
2530 1744 2803 1812 iristum
2876 1744 3113 1812 Domi-

538 1854 709 1902 num
775 1844 1134 1912 nostrum,
1188 1830 1615 1900 Christianae
1681 1830 1999 1921 religioni
2067 1831 2437 1921 proficiens
2487 1832 2788 1900 Ecclesia
2839 1831 3097 1912 fidelis,

537 1943 718 2008 quae
766 1921 838 1989 in
890 1918 1278 2010 Evangelio,
1320 1940 1481 1988 voce
1529 1918 1801 1987 Domini
1850 1930 2159 2001 testante,
2220 1920 2331 1988 Dei
2373 1933 2590 1988 mater
2654 1931 2718 1988 et
2781 1920 2927 1988 filia
2981 1942 3106 2010 per

590 2010 836 2078 ratiam
889 2007 1310 2077 nominatur:
1366 2017 1604 2088 mater,
1649 2008 1816 2094 quia
1864 2020 2142 2078 sanctae
2191 2008 2610 2097 operationis
2657 2007 2976 2098 exemplo
3028 2009 3109 2077 fi-

572 2099 673 2168 ios
724 2097 1015 2166 Domino
1063 2106 1383 2186 generat:
1433 2095 1600 2174 filia,
1636 2096 1801 2182 quia
1857 2097 2147 2186 virginis
2197 2097 2363 2177 filio,
2454 2119 2526 2166 ro
2580 2097 2799 2165 salute
2850 2097 3106 2165 mundi

542 2186 927 2267 incarnat0‚
980 2184 1369 2254 eruditione
1416 2197 1814 2254 sanctorum
1869 2198 2144 2275 patrum
2195 2186 2412 2271 quoti(
2443 2186 2499 2252 ie
2588 2198 2949 2254 eneratur:
2993 2208 3106 2254 sa-

540 2273 756 2344 lutem
807 2274 1096 2344 missam
1146 2297 1187 2343 a
1233 2274 1546 2354 Domin0,
1582 2273 1896 2342 coelestis
1943 2273 2270 2343 archiatri
2318 2275 2535 2343 effecti
2591 2295 2673 2343 us
2711 2273 3110 2342 medicinae

541 2362 848 2453 plenam,
879 2363 1025 2453 jam
1062 2361 1373 2452 corporis
1402 2362 1694 2431 auribus
1724 2361 2246 2431 animadvertat.
2301 2363 2689 2431 Mundanae
2737 2362 3108 2431 machinae

539 2451 857 2522 conditor
905 2452 1212 2521 humano
1260 2449 1516 2540 generi,
1560 2472 1683 2541 per
1713 2450 2254 2520 inobedientiam
2309 2450 2525 2540 lap50,
2580 2450 2985 2531 condolens,
3026 2462 3105 2520 ut

539 2552 857 2610 aeternae
890 2541 1065 2609 vitae
1114 2539 1381 2609 fructus
1413 2537 1774 2608 facientem
1810 2562 2056 2609 novam
2097 2540 2618 2629 plantationem,
2661 2539 2923 2610 scilicet
2955 2539 3102 2630 pri-

539 2630 852 2698 mitivam
904 2627 1306 2706 Ecclesiam,
1364 2626 1716 2709 insereret,
1757 2628 2185 2717 patriarchas
2233 2641 2297 2696 et
2349 2629 2717 2718 prophetas
2768 2628 2838 2696 in
2893 2649 3103 2696 mun-

541 2717 711 2787 dum
763 2718 1031 2785 mittere
1078 2715 1406 2804 dignatus
1457 2727 1581 2784 est.
1635 2717 1765 2798 Qui
1819 2717 2159 2787 creditum
2226 2718 2359 2786 sihi
2407 2718 2743 2798 officium,
2782 2716 3104 2802 quinque

536 2805 848 2896 corporis
897 2803 1240 2883 sensibuS‚
1306 2815 1626 2890 sextoque
1675 2804 1798 2890 qui
1844 2818 1946 2874 est
1995 2806 2283 2895 spiritus
2338 2806 2757 2895 prophetiae,
2789 2816 3099 2894 ,myste—

537 2894 721 2962 rium
774 2891 1274 2962 incarnationis
1325 2892 1596 2973 Christi,
1633 2905 1698 2961 et
1737 2895 1995 2974 omnia,
2032 2917 2210 2980 quae
2258 2894 2341 2963 de
2391 2895 2543 2993 ipso
2593 2892 3101 2962 annuncianda

535 2991 757 3058 erant,
811 2979 1310 3070 praedicantes,
1364 2979 1483 3049 alii
1533 2981 1900 3070 asperitate
1947 2982 2142 3062 vitae,
2199 2981 2315 3050 alii
2371 2982 2662 3052 diversis
2754 2993 3096 3050 oenarum

537 3068 903 3150 mortibus,
939 3068 1072 3159 ipsi
1111 3090 1316 3155 quem
1360 3068 1885 3159 prophetabant,
1926 3068 2336 3139 famulatum
2382 3093 2587 3140 suum
2639 3069 2685 3137 fi
2741 3069 2939 3138 eliter
2969 3069 3104 3137 im-

587 3156 920 3226 leverunt,
968 3162 1226 3226 Horum
1262 3156 1462 3226 limes
1503 3157 1835 3238 Christus,
1893 3159 2147 3227 aeterni
2199 3160 2417 3227 Patris
2467 3158 2757 3227 consilio
2822 3179 2947 3242 pro
3013 3157 3097 3225 li-

535 3180 865 3315 berandis
913 3245 1317 3316 bominibus
1364 3246 1448 3314 de
1500 3245 1944 3317 intemeratae
1995 3247 2293 3336 Virginis
2343 3260 2536 3315 utero
2637 3246 2963 3316 recessit:
3018 3257 3098 3316 ut

532 3334 679 3422 jam
718 3334 1077 3404 inchoatae
1121 3334 1555 3423 plantationi,
1611 3335 1845 3406 missis
1887 3357 2008 3425 per
2055 3338 2290 3405 orbern
2343 3341 2589 3425 Aposto
2624 3336 2703 3415 is,
2758 3349 2964 3422 atque
3012 3334 3100 3403 de

536 3445 664 3492 suo
710 3444 994 3513 corpore
1044 3422 1195 3492 fuso
1244 3444 1485 3492 cruore
1552 3422 2003 3504 fabricatam,
2076 3423 2412 3493 novellam
2486 3423 3100 3513 superaedificaret

539 3511 939 3593 Ecclesiam,
992 3533 1168 3598 quae
1216 3524 1493 3582 sanctae
1548 3511 1897 3581 Trinitatis
1949 3512 2084 3580 fide
2124 3513 2411 3593 imbuta,
2477 3524 2542 3580 et
2585 3512 2920 3580 mundata
2969 3513 3098 3580 ba—

535 3600 773 3690 ptismi
821 3600 1039 3690 gratia
1072 3656 1087 3682 ,
1144 3613 1519 3688 martyreS,
1575 3599 2000 3670 consessores
2066 3613 2130 3670 et
2179 3601 2440 3669 infirmi
2491 3623 2695 3670 sexus
2757 3601 3091 3681 viraines,

535 3689 772 3757 animo
831 3702 1058 3758 tamen
1107 3701 1499 3759 constantes
1556 3689 1902 3779 primitias
1951 3690 2223 3759 obtulit.
2283 3696 2464 3758 Inter
2497 3712 2671 3775 quas
2705 3694 2777 3757 B.
2815 3693 3098 3758 Ciune-

536 3777 818 3868 gundis‚
873 3777 999 3848 flos
1047 3777 1575 3865 Bambergensis
1623 3776 1975 3860 ecclesiae,
2030 3802 2188 3848 cum
2238 3783 2300 3846 S.
2341 3780 2657 3858 HenricO,
2695 3778 2816 3864 qui
2847 3783 3100 3846 Roma·

534 3888 785 3935 norum
836 3866 1208 3957 imperium
1263 3867 1523 3947 tenuit,
1580 3867 1712 3938 sub
1771 3867 2078 3958 conjugii
2130 3867 2357 3936 s›ecie
2411 3866 2784 3935 immortali
2835 3887 3102 3955 sponso

532 3968 762 4025 castae
807 3955 1223 4046 virginitatis
1273 3955 1530 4024 honore
1578 3954 1965 4026 deservivit.
2037 3891 2225 4024 Unde
2273 3957 2418 4044 jam
2486 3955 2637 4041 ejus
2710 3955 3099 4027 sanctitatis

533 4044 779 4113 merita
831 4066 952 4134 per
999 4044 1232 4113 orbem
1288 4042 1666 4114 manifesta·
1703 4044 2162 4114 declaratione
2211 4049 2568 4134 apparent:
2616 4044 2780 4130 qnia
2829 4037 3099 4113 in'loco

529 4132 651 4201 ubi
700 4145 1022 4201 sanctum
1063 4133 1213 4221 ejus
1245 4154 1500 4222 corpus
1538 4132 1855 4219 quiescit,
1903 4133 2188 4214 infirmi,
2222 4154 2664 4219 quacumque
2697 4131 3097 4201 laborantes

530 4221 989 4311 aegritudine,
1048 4221 1409 4293 sanitatem
1465 4221 1836 4312 recipiunt.
