3327 4999
648 364 775 428 718
1212 381 1290 426 ns
1337 382 1391 427 s.
1448 380 1854 428 maxsumum
1905 380 2071 428 vnio.
2126 382 2201 428 Er
2247 381 2438 427 mar.
2628 363 2732 427 EX
2780 362 2964 429 NOV.
3025 363 3110 428 ⁴3

561 460 816 551 recepit
861 459 1087 540 aedeS‚
1124 471 1190 529 et
1237 459 1562 551 deinceps
1610 460 1771 551 plus
1802 459 2002 530 solito
2030 460 2257 551 palam
2288 481 2360 529 se
2393 459 2582 529 dedit
2614 460 2747 550 piis
2779 461 3112 552 operibus

558 549 979 619 exercendis:
1036 549 1317 618 vacabat
1345 547 1658 639 JejuniiS,
1713 549 1992 639 vigiliis,
2046 548 2501 629 orationibus,
2558 549 2928 637 carnisque
2961 572 3112 619 ma-

559 637 913 708 cerationi:
967 637 1355 728 praestabat
1418 637 1915 726 eleemosynaS,
1971 637 2395 708 refocillabat
2444 637 2729 728 inopes,
2785 639 3112 708 visitabat

560 728 897 806 infirmos
951 738 1014 796 et
1060 737 1325 795 caetera
1368 726 1887 814 *misericordiae
1933 726 2158 796 officia
2205 726 2602 806 exhibebat,
2661 726 2869 814 idque
2919 739 3110 797 tanto

560 815 916 885 ardentius
951 869 965 894 ,
1018 826 1276 900 quanto
1323 814 1617 886 celerius
1667 837 1738 885 se
1787 837 1908 905 per
1955 816 2365 904 martyrium
2420 814 2506 884 ad
2556 815 2902 887 Christum
2953 815 3107 884 abi-

562 916 809 984 turam,
867 901 984 972 illo
1031 903 1450 992 inspirante,
1504 915 1936 1004 cognoverat.

645 996 681 1079 §
728 998 813 1064 4.
871 996 1135 1060 Interea
1184 1004 1501 1095 parentes
1547 1014 1698 1081 eJus
1747 1015 1787 1060 a
1833 992 2132 1079 quodam
2187 992 2413 1062 amico
2457 992 2722 1062 invitati
2793 993 2877 1061 ad
2942 1015 3112 1062 con·

557 1080 860 1161 vivium‚
932 1101 1092 1148 cum
1166 1079 1428 1149 familia
1499 1102 1627 1149 sua
1700 1103 1778 1150 eo
1841 1102 1913 1149 se
1977 1080 2385 1160 conferunt,
2431 1080 2608 1150 'sola
2683 1081 3107 1151 Maxellende

558 1190 714 1238 cum
768 1169 1035 1237 nutrice
1082 1168 1232 1258 ejus
1278 1167 1468 1238 domi
1518 1169 1777 1238 relicta.
1859 1169 2140 1239 Nolebat
2200 1169 2387 1237 enim
2457 1169 2575 1238 illa
2622 1169 2951 1240 interesse
3000 1169 3110 1238 ul-

557 1257 643 1328 lis
691 1277 1002 1342 unquam
1051 1257 1383 1326 conviviis
1430 1269 1495 1327 et
1549 1256 1859 1338 lautitiis,
1915 1257 2099 1344 quod
2150 1258 2356 1327 sciret
2403 1257 2659 1328 multos
2707 1259 2885 1329 inter
2932 1281 3101 1327 con-

558 1345 743 1413 vivas
783 1344 1032 1433 jactari
1088 1366 1440 1414 sermones
1510 1367 1757 1435 parum
1823 1346 2143 1415 honestos
2182 1400 2197 1424 ‚
2253 1347 2466 1415 immo
2536 1357 2602 1415 et
2650 1347 3100 1436 perniciOSOS,

556 1434 814 1520 quibus
862 1444 928 1502 et
973 1432 1137 1503 boni
1198 1455 1468 1513 mores,
1526 1446 1590 1503 et
1638 1456 1884 1504 sensus
1932 1434 2237 1504 hominis
2285 1435 2485 1504 facile
2533 1448 3100 1525 corrumpantur.

558 1522 633 1590 ld
684 1521 804 1591 ubi
853 1521 1257 1592 Harduinus
1306 1522 1690 1612 comperit,
1758 1521 2048 1591 laetatur
2112 1523 2200 1591 im
2259 1544 2423 1592 ense
2484 1547 2554 1594 se
2625 1538 3101 1614 opportunum

547 1612 696 1700 jam
761 1621 1035 1700 tempus
1086 1623 1364 1679 nactum
1415 1633 1581 1680 suae
1628 1611 2005 1701 explendae
2070 1611 2189 1680 libi
2245 1612 2403 1683 inis.
2479 1612 2836 1712 Adjunctis
2886 1612 3110 1702 igitur

557 1699 690 1770 sibi
738 1698 1000 1785 aliquot
1047 1699 1481 1780 satellitibuS‚
1540 1711 1857 1790 properat
1886 1700 1971 1768 ad
2022 1700 2224 1769 aedes
2273 1700 2610 1769 Humlint.
2669 1701 2739 1769 Id
2795 1702 3108 1771 sentiens

559 1786 1024 1868 MaxellendiS‚
1079 1800 1226 1857 orat
1276 1793 1510 1868 Deum,
1567 1800 1642 1858 ut
1690 1809 1762 1858 se
1831 1800 2130 1858 tucatur:
2186 1788 2348 1858 inde
2394 1789 2733 1858 nutricem
2784 1790 3116 1860 hortaba—

560 1887 692 1957 tur,
747 1886 825 1944 ut
869 1874 1127 1945 clausis
1166 1876 1400 1958 ostiis,
1456 1875 1679 1966 ipsam
1730 1876 1989 1947 alicubi
2039 1877 2437 1946 abscondat:
2494 1899 2628 1948 non
2680 1877 2863 1965 quod
2916 1901 3112 1947 mor—

490 1999 501 2002 ·
560 1976 695 2033 tem
745 1963 1168 2044 formidaret,
1224 1964 1341 2034 sed
1391 1965 1575 2054 quod
1629 1965 1895 2035 timeret
1944 1965 2318 2055 pudicitiae
2366 1987 2553 2037 suae.
2609 1970 2803 2036 Paret
2835 1968 3106 2048 nutrix,

559 2054 830 2123 obserat
877 2051 1079 2123 fores:
1137 2053 1420 2122 veniunt
1467 2053 1720 2134 hostes,
1776 2076 1909 2124 non
1963 2065 2211 2123 curant
2259 2054 2623 2136 nutricem,
2677 2077 2827 2125 eam
2859 2054 3115 2125 abesse

559 2141 1044 2220 affirmantem,
1098 2141 1379 2211 irruunt
1423 2141 1496 2209 in
1546 2141 1771 2223 aedeS,
1835 2153 2358 2231 perscrutantur
2404 2142 2661 2224 omnia,
2707 2164 2833 2212 nec
2867 2154 3108 2213 tamen

558 2229 920 2298 inveniunt
967 2228 1329 2319 virginem.
1382 2235 1535 2298 Jam
1587 2230 1811 2299 taedio
1861 2230 2082 2299 affecti
2132 2231 2446 2301 recedere
2495 2231 2780 2312 volunt,
2835 2243 2901 2300 et
2945 2253 3117 2302 ecce

556 2340 742 2387 unus
780 2339 860 2386 ex
901 2316 1040 2386 illis
1087 2339 1203 2387 eos
1254 2317 1578 2399 retinenS,
1632 2319 1763 2387 ait:
1813 2342 1849 2384 «
1895 2319 1963 2388 Si
2010 2319 2254 2388 cistam
2307 2320 2486 2389 hanc
2534 2320 2907 2409 aperiatis3
2963 2320 3112 2390 for-

557 2406 759 2501 tassis
798 2405 940 2475 illic
999 2406 1376 2476 latitantem
1423 2406 1796 2495 reperietis,
1838 2433 1872 2473 x>
1924 2412 2067 2476 Mox
2117 2410 2426 2496 aperitur
2492 2408 2687 2488 cista,
2752 2408 2943 2499 virgo
2998 2408 3115 2478 lu-

556 2517 726 2586 gens
772 2494 1173 2576 extrahitur,
1227 2509 1292 2564 et
1340 2495 1424 2564 ad
1466 2495 1906 2566 Harduinum
1955 2495 2349 2566 adducitur:
2401 2497 2520 2584 qui
2570 2519 2729 2567 cum
2792 2519 3118 2567 moeren-

560 2597 692 2654 tem
745 2584 1101 2654 blanditiis
1148 2584 1441 2657 delinire
1491 2584 1870 2667 moliretur,
1929 2584 2043 2653 illa
2094 2597 2487 2655 constanter
2534 2586 2668 2655 ait:
2731 2611 2756 2650 α
2823 2591 3118 2657 Frustra

554 2672 931 2742 virulentos
971 2673 1230 2773 ingeris
1277 2695 1629 2744 sermones
1670 2695 1893 2761 neque
1943 2685 2005 2742 te
2055 2695 2275 2760 neque
2323 2686 2475 2744 tuas
2519 2674 2746 2745 minas
2797 2676 3111 2745 curanti.

556 2760 756 2830 Nulla
806 2783 913 2829 me
963 2775 1223 2831 ratione
1272 2760 1608 2851 impedire
1659 2762 1935 2851 poteris,
1973 2762 2143 2848 quin
2182 2762 2465 2831 reddam
2500 2763 2846 2834 Altissimo
2913 2764 3124 2850 quod,

553 2849 614 2919 ei
666 2848 969 2938 pollicita
1019 2872 1200 2919 sum.
1241 2855 1502 2939 Corpus
1549 2849 1860 2919 occidere
1912 2861 2125 2940 poteS,
2165 2851 2471 2920 animam
2523 2873 2656 2921 non
2710 2863 2923 2941 potes.
2966 2856 3119 2959 Ego

556 2958 712 3007 vero
780 2937 1049 3007 Domin‘i
1114 2938 1247 3006 mei
1309 2949 1373 3007 et
1431 2938 1739 3008 animata
1799 2938 2161 3019 doctrina,
2234 2951 2298 3008 et
2360 2940 2944 3030 promissionibus
3021 2947 3116 3010 n-

555 3026 727 3095 dens
762 3080 777 3107 ,
833 3025 1015 3095 bona
1061 3026 1211 3114 ejus
1259 3024 1460 3094 credo
1527 3048 1637 3095 me
1706 3026 1776 3095 in
1852 3040 2029 3096 terra
2081 3027 2504 3109 viventium,
2560 3028 2628 3097 in
2699 3040 3110 3097 sanctarum

554 3113 907 3213 virginum
958 3113 1408 3183 contubernio
1444 3114 1957 3203 jucundissima
2012 3115 2229 3184 animi
2276 3116 2691 3187 exultatione
2720 3116 3114 3187 visuram.»

559 3202 755 3281 Dixit,
811 3215 877 3271 et
924 3201 1080 3271 totis
1132 3201 1390 3270 viribus
1438 3224 1475 3270 e
1525 3203 1851 3273 manibus
1901 3202 2376 3293 improborum
2429 3226 2501 3274 se
2547 3204 2926 3276 subducit:
2985 3206 3120 3276 sed

554 3288 932 3379 fugientem
982 3289 1295 3376 sequitur
1333 3290 1736 3360 Harduinus
1785 3292 2048 3361 malitia
2085 3291 2579 3372 inflammatus,
2630 3314 2892 3380 suoque
2948 3315 3113 3363 eam

553 3399 717 3447 ense
753 3377 1055 3468 jugulat.
1104 3378 1286 3447 Felix
1335 3378 1591 3461 anima,
1638 3380 1872 3470 palma
1923 3380 2258 3470 martyrii,
2324 3382 2508 3467 quod
2576 3403 2849 3471 semper
2895 3403 3108 3470 expe-

558 3467 775 3548 tierat,
821 3466 1091 3556 adepta,
1134 3467 1381 3556 migrat
1424 3468 1491 3535 in
1530 3469 1855 3538 coelestes
1890 3469 2121 3538 beatae
2173 3470 2432 3559 patriae
2478 3470 2896 3539 mansiones.
2929 3474 3110 3538 Har-

554 3555 816 3625 duinus
880 3577 1032 3626 vero
1076 3555 1191 3625 ubi
1254 3555 1420 3624 vidit
1460 3558 1872 3646 sanguinem
1928 3582 1963 3625 e
2004 3579 2287 3647 corpore
2350 3557 2638 3648 virginis
2674 3570 3106 3635 manantem,

555 3656 835 3734 repente
897 3656 1299 3714 excoecatus
1364 3656 1487 3713 est.
1542 3646 1734 3727 Quod
1808 3660 2162 3714 cernentes
2236 3646 2386 3734 ejus
2447 3646 2778 3726 comiteS‚
2834 3668 2921 3715 ne
2973 3646 3113 3736 ipsi

553 3754 828 3890 qudo-que
875 3733 1152 3805 easdem
1203 3733 1446 3802 darent
1482 3734 2032 3827 poenas‚·relicto
2076 3734 2213 3815 illo,
2252 3734 2319 3802 in
2355 3759 2482 3805 sua
2513 3757 2670 3804 cum
2716 3734 3112 3825 ignominia

556 3843 626 3890 re
681 3843 841 3891 lere.

644 3913 680 3996 ἓ
727 3915 815 3981 5.
872 3911 997 3984 Ubi
1046 3922 1277 3979 autem
1328 3909 1560 3978 caedis
1609 3910 1823 3999 hujus
1873 3909 2055 3980 fama
2107 3911 2470 3992 increbuit,
2528 3925 2844 4001 parentes
2894 3911 3111 4013 virgi-

559 3997 666 4066 nis
715 4021 872 4067 cum
928 3996 1167 4069 multis
1214 3997 1371 4067 aliis
1421 3999 1646 4071 tristes
1676 4021 1754 4069 eo
1790 4013 2159 4090 properant
2208 4000 2627 4069 honorificas
2665 4002 2729 4070 ei
2778 4023 3111 4088 exequias

555 4085 938 4156 celebrant:
989 4086 1297 4177 plerique
1345 4086 1552 4156 etiam
1602 4111 1638 4157 e
1711 4088 1900 4157 Clero
1948 4110 2199 4178 corpus
2248 4089 2492 4158 feretro
2541 4089 2976 4179 impositum,
3031 4090 3107 4157 in

556 4174 843 4245 basilica
892 4176 1246 4245 beatorum
1298 4177 1476 4245 Petri
1523 4186 1587 4245 et
1638 4177 1830 4245 Pauli
1861 4177 2364 4266 Apostolorum,
2403 4178 2760 4264 sanctique
2796 4177 3104 4268 Sulpitii,

554 4284 729 4350 quae
779 4262 846 4331 in
894 4263 1204 4353 proximo
1239 4286 1437 4354 pag0‚
1474 4287 1681 4351 quem
1719 4264 2134 4334 Pomeriolas
2185 4279 2448 4347 vocant,
2502 4265 2777 4335 condita
2824 4278 2950 4348 est,
2999 4289 3109 4335 se-

557 4351 874 4442 pulturae
942 4352 1380 4422 mandarunt.
1464 4358 1618 4424 Post
1682 4375 1901 4422 annos
1952 4365 2087 4422 tres
2137 4353 2437 4423 foemina
2484 4354 2823 4441 quaedam
2874 4353 3108 4424 Amal-

556 4440 779 4511 trudis
828 4439 1129 4522 nomine,
1184 4440 1391 4511 vidua
1440 4441 1790 4531 religiosa,
1828 4463 2007 4529 quae
2053 4464 2203 4512 eam
2255 4441 2615 4513 basilicam
2664 4442 3101 4525 condiderat,
