3327 4999
193 318 448 384 MART.
504 318 589 382 29
771 335 850 381 DE
899 334 993 382 ss.
1044 333 1225 393 JONA,
1280 332 1659 380 nAnAcfflsio
1708 330 1787 379 ET
1835 329 2011 380 socc.
2063 333 2179 379 um.
2545 317 2675 380 549

193 418 450 496 Jonae,
496 427 829 501 tanquam
881 412 1105 504 plura,
1144 435 1352 499 quam
1404 435 1580 502 opus
1628 424 1830 492 esset,
1874 411 2121 492 locut0,
2167 412 2368 501 digiti
2421 435 2761 482 manuum

194 526 277 573 ac
355 503 613 593 pedum
699 502 848 570 dire
911 502 1495 591 praeciderentur.
1573 500 1769 582 Quod
1853 501 2137 586 quidem
2221 500 2527 569 ministri
2601 523 2762 570 cum

196 592 619 673 effecissent,
688 603 1080 680 amputatos
1128 590 1391 680 digitos
1440 589 1509 657 in
1561 601 1940 678 conspectu
1995 588 2223 678 ipsius
2289 589 2754 678 projicientes,

197 682 559 750 dixerunt:
596 706 624 743 <t
661 684 832 747 Ecce
885 701 1069 749 nunc
1117 678 1463 764 quomodo
1513 677 1766 777 digitos
1821 689 1970 745 tuos
2006 677 2075 745 in
2124 689 2302 745 terra
2346 677 2765 746 dissemina-

197 770 453 839 vimuS.
495 774 787 858 Expecta
825 768 1057 858 igitur,
1103 780 1360 835 etcum
1414 787 1662 835 messis
1714 780 1988 854 tempus
2036 764 2412 843 advenerit,
2466 765 2765 834 aderunt

197 858 322 927 tibi
375 857 581 926 multi
625 856 848 945 digiti.
889 878 925 921 »
975 855 1354 944 Respondit
1401 867 1686 925 sanctus
1733 859 1969 924 Jonas:
2014 878 2037 915 α
2080 859 2218 943 Ego
2266 853 2646 942 digitorum
2695 864 2763 921 et

198 968 548 1015 manuum
602 965 740 1012 non
789 966 954 1035 egeo
1003 944 1476 1013 multitudine.
1535 949 1732 1022 DeuS‚
1766 965 1806 1011 a
1854 964 1991 1028 quo
2040 941 2263 1011 factus
2312 963 2492 1021 sum,
2529 963 2639 1009 me
2691 942 2766 1008 in

194 1058 274 1103 ea
329 1033 813 1114 renovatione,
856 1054 1068 1118 quam
1127 1032 1200 1099 in
1252 1032 1453 1102 nobis
1501 1045 1602 1100 est
1656 1031 2263 1120 effecturuS,›ipse
2313 1029 2766 1098 renovabit.»

194 1123 574 1191 Audientes
624 1123 792 1189 haec
843 1126 1197 1209 Magorum
1250 1121 1599 1210 principes
1637 1174 1651 1196 ,
1707 1119 2069 1188 iracundia
2122 1118 2355 1209 pleni,
2403 1118 2769 1205 jusserunt

197 1212 430 1301 picem
483 1211 555 1277 in
609 1231 861 1299 magno
911 1230 1069 1277 vase
1120 1208 1483 1309 liquefieri,
1522 1221 1588 1276 et
1623 1221 1834 1298 caput
1862 1209 2011 1307 eju-s
2038 1230 2078 1276 a
2114 1206 2455 1275 ministris
2490 1205 2760 1286 abradi,

195 1314 348 1369 tum
414 1298 648 1388 ipsum
734 1310 1050 1366 sanctum
1114 1318 1184 1364 in
1252 1320 1529 1366 saccum
1598 1296 1692 1364 ita
1738 1317 1987 1384 conjici
2025 1349 2039 1375 ,
2093 1307 2170 1364 ut
2216 1308 2429 1384 caput
2475 1305 2756 1363 extaret.
2849 1338 2871 1348 -

197 1393 540 1457 Fecerunt
590 1385 815 1471 iniqui
868 1385 1168 1453 ministri
1232 1385 1417 1472 quod
1466 1384 1690 1454 suerat
1736 1385 2189 1471 imperatum,
2245 1396 2311 1451 et
2360 1384 2583 1452 sancti
2633 1382 2766 1451 viri

198 1491 434 1546 cutem
489 1474 738 1565 capitis
787 1496 867 1541 ac
916 1473 1231 1562 linguam
1275 1474 1344 1541 in
1397 1496 1515 1541 vas
1567 1473 1717 1563 pice
1768 1471 2053 1560 plenum
2107 1471 2590 1540 immiserunt:
2646 1471 2764 1540 de-

198 1564 364 1632 inde
407 1576 626 1631 totum
673 1562 879 1630 etiam
930 1562 1163 1650 ipsum
1204 1573 1547 1642 sanctum,
1601 1562 1671 1629 in
1728 1561 1946 1650 picem
1996 1559 2069 1627 in
2132 1559 2357 1627 medio
2419 1559 2602 1628 vasis
2654 1581 2770 1629 ve-

198 1649 730 1721 hementissime
778 1650 1182 1729 aestuantiS,
1238 1650 1704 1742 conjecerunt.
1760 1654 2009 1717 Verum
2062 1659 2298 1717 sancto
2328 1649 2512 1715 Jona
2540 1649 2610 1715 in
2644 1669 2764 1717 vas

199 1741 542 1828 conjectO,
596 1739 824 1807 statim
865 1750 1000 1807 tota
1039 1738 1149 1827 pix
1181 1760 1218 1804 e
1254 1761 1410 1806 vase
1458 1737 1766 1817 defluxit,
1807 1738 1899 1805 ita
1951 1748 2026 1805 ut
2073 1758 2233 1804 eum
2285 1757 2422 1804 non
2475 1735 2770 1825 attinge·

205 1841 355 1907 ret,
417 1850 542 1896 nec
591 1826 735 1895 ulla
782 1826 854 1894 in
907 1838 1096 1915 parte
1127 1826 1464 1894 *laederet
1545 1832 1711 1894 Rem
1766 1825 2156 1893 mirabilem
2206 1847 2286 1892 ac
2350 1845 2597 1893 novam
2648 1822 2766 1892 ad-

204 1917 443 1985 mirati
479 1915 798 1984 homines
832 1913 1058 2003 impii,
1090 1926 1155 1981 et
1188 1915 1496 1983 videntes
1531 1914 1755 1981 virum
1799 1926 2116 1983 sanctum
2158 1911 2431 1982 nullum
2465 1935 2545 1981 ex
2580 1925 2768 1980 tanto

205 2016 549 2073 tormento
598 2004 936 2073 damnum
989 2002 1338 2091 accepisse
1369 2057 1384 2083 ,
1436 2002 1787 2071 cochleam
1839 2001 2067 2069 afferri
2124 2001 2513 2089 jusserunt,
2567 2012 2632 2068 et
2691 2000 2765 2067 in

204 2114 285 2160 ea
337 2104 657 2160 sanctum
691 2091 876 2180 poni,
913 2091 1485 2177 vehementerque
1513 2112 1667 2159 com
1724 2090 1883 2158 rimi
1914 2112 1993 2158 ac
2043 2088 2399 2157 dissecari.
2437 2094 2769 2157 Fecerunt

115 2251 120 2255 ,
209 2180 513 2248 ministri
559 2180 922 2269 imperata,
955 2179 1330 2267 ipsumque
1378 2180 1446 2246 in
1497 2179 1665 2246 coch
1700 2199 1779 2246 ea
1819 2189 2401 2267 compresserunt,
2442 2190 2507 2246 et
2535 2175 2773 2245 omnia

207 2267 405 2337 illius
467 2290 622 2336 ossa
684 2266 1217 2355 confregerunt,
1273 2266 1522 2334 deinde
1571 2267 1803 2353 ipsum
1874 2265 2182 2333 medium
2255 2265 2763 2333 dissecuerunt.

210 2359 378 2424 Cum
433 2368 660 2424 autem
698 2355 1035 2424 dissectus
1066 2368 1267 2438 esset,
1323 2356 1756 2444 imperarunt
1796 2353 1993 2442 impii
2022 2359 2376 2443 Magorum
2416 2352 2767 2441 principes

209 2454 290 2512 ut
319 2465 573 2534 corpus
602 2443 751 2532 ejus
789 2444 857 2512 in
895 2443 1121 2512 lacum
1163 2443 1786 2533 profundissimum
1812 2442 2257 2532 conjicerent,
2296 2463 2375 2511 ac
2405 2441 2772 2531 diligenter

212 2532 681 2601 observarent.
735 2536 948 2619 Atque
995 2533 1089 2600 ita
1137 2532 1392 2602 factum
1429 2544 1552 2602 est.

306 2624 342 2706 ξ
392 2628 525 2693 11.
591 2625 836 2689 Sancto
870 2620 1083 2709 igitur
1108 2622 1292 2690 Jona
1327 2619 1642 2709 martyrii
1676 2640 2002 2688 coronam
2040 2630 2377 2696 assecutO,
2404 2618 2773 2706 jusserunt

212 2730 499 2778 rursum
551 2710 636 2777 ad
686 2709 1157 2795 quaestionem
1202 2721 1521 2778 sanctum
1572 2707 2049 2776 Barachisium
2091 2706 2370 2775 adduci:
2425 2717 2628 2791 atque
2677 2705 2772 2774 ita

208 2818 373 2865 eum
424 2796 705 2866 allocuti
756 2810 960 2866 sunt:
1002 2820 1037 2862 «
1081 2803 1287 2867 Parce
1328 2797 1659 2866 membris
1701 2796 1861 2874 tuiS,
1919 2794 2293 2874 Barachisi‚
2348 2806 2414 2862 et
2464 2793 2604 2862 noli
2665 2791 2772 2859 in-

207 2887 612 2975 tempestive
641 2887 937 2975 teipsum
978 2887 1284 2974 perdere.
1324 2910 1359 2952 »
1395 2884 1774 2975 Respondit
1821 2883 1921 2951 eis
1965 2884 2067 2951 vir
2114 2895 2397 2952 sanctus
2426 2905 2439 2948 :
2473 2904 2509 2947 «
2544 2887 2774 2967 Neque

211 2994 362 3061 eg0‚
419 2974 768 3061 inquiens,
807 2974 1152 3062 meipsum
1203 2974 1515 3052 formavi,
1556 2994 1781 3059 neque
1815 2971 2126 3060 perdam.
2163 2971 2523 3049 DominuS‚
2559 2991 2594 3038 a
2628 2991 2767 3055 quo

211 3060 439 3130 factus
486 3085 670 3142 sum,
726 3082 835 3128 me
882 3062 1131 3131 virtute
1180 3085 1305 3132 sua
1348 3063 1726 3142 renovabit,
1765 3059 2147 3149 eripietque
2194 3080 2306 3126 me
2351 3080 2389 3126 e
2439 3058 2767 3128 manibus

212 3151 481 3230 vestriS‚
534 3164 599 3217 et
648 3171 685 3218 e
735 3149 1060 3218 manibus
1110 3150 1450 3240 Principis
1490 3149 1696 3218 vestri
1750 3148 2209 3234 nequissimi,
2276 3145 2398 3232 qui
2447 3168 2485 3215 o
2539 3145 2769 3214 isicem

213 3258 423 3304 suum
477 3241 691 3305 Deum
744 3258 882 3305 non
931 3238 1266 3326 agnoscit,
1323 3238 1440 3307 sed
1491 3237 1750 3306 diaboli
1802 3236 2221 3305 voluntatem
2271 3234 2469 3304 defen
2527 3234 2578 3303 it
2629 3247 2774 3302 stu-

212 3323 467 3408 detque
516 3325 868 3414 perficere.
913 3348 948 3391 »
979 3330 1159 3393 Haec
1194 3346 1353 3394 cum
1403 3348 1442 3393 a
1478 3338 1715 3396 sancto
1763 3325 1949 3392 dicta
1996 3336 2248 3403 essent,
2303 3322 2445 3392 duo
2493 3345 2575 3391 ex
2624 3327 2765 3390 Ma·-

215 3433 466 3500 gorum
518 3412 955 3501 principibus
1005 3413 1349 3482 Masdrath
1389 3425 1455 3482 et
1495 3413 1757 3492 Seroth,
1800 3412 1885 3480 ad
1920 3417 2392 3480 Maarnensem
2427 3410 2769 3480 conversi:

218 3522 254 3565 «
296 3505 470 3579 Nos,
527 3501 901 3587 inquiunt,
957 3523 1184 3591 regem
1253 3522 1491 3591 regum
1546 3500 1908 3570 Saborium
1961 3500 2306 3568 afficimus
2356 3499 2376 3566 i
2435 3498 2769 3567 nominia.

216 3588 342 3656 Isti
392 3587 578 3656 enim
629 3609 858 3657 errore
906 3611 1032 3658 suo
1079 3588 1348 3668 confisi,
1405 3589 1752 3657 neminem
1806 3600 2221 3658 verentur.»
2258 3592 2355 3655 lta
2421 3587 2632 3667 ocuti,
2669 3608 2779 3656 ar-

214 3675 460 3744 dentes
510 3677 611 3745 ira
659 3676 893 3746 vultus
942 3699 1105 3746 suos
1136 3677 1222 3745 ad
1257 3677 1531 3745 beatum
1575 3676 2050 3745 Barachisium
2079 3688 2589 3752 converterunt,
2616 3675 2775 3763 jus-

216 3778 596 3849 seruntque
653 3765 887 3853 ipsum
949 3765 1021 3832 in
1090 3765 1326 3854 spinas
1391 3763 1692 3853 conJici,
1748 3763 1997 3833 deinde
2067 3762 2451 3833 arundines
2513 3762 2768 3841 afferri,

214 3851 531 3938 sindique
580 3852 869 3932 medias,
922 3863 987 3921 et
1036 3853 1256 3921 sancti
1303 3852 1433 3920 viri
1480 3852 1676 3920 carni
1724 3851 2115 3930 admoveri,
2150 3849 2644 3920 tum-funiculo
2678 3863 2775 3919 te-

217 3941 342 4008 nui
420 3942 651 4032 ipsum
714 3940 1230 4010 circumvinciri
1295 3954 1498 4027 atque
1560 3939 1955 4029 comprimi,
2009 3938 2228 4008 donec
2274 3939 2658 4008 arundines
2706 3938 2781 4006 in

211 4050 491 4097 carnem
561 4040 1032 4120 penetrarent:
1089 4040 1241 4119 post
1304 4041 1533 4097 autem
1584 4028 2044 4119 imperarunt,
2098 4040 2176 4096 ut
2222 4027 2606 4096 arundines
2663 4047 2781 4094 ex-

214 4117 676 4199 traherentur,
730 4129 808 4186 ut
849 4117 1002 4216 ejus
1031 4138 1274 4187 carnes
1322 4116 1805 4186 dilacerarent.
1863 4117 1971 4186 Sic
2021 4116 2235 4207 igitur
2281 4114 2595 4185 fecerunt
2643 4114 2780 4183 mi-

212 4204 441 4285 nistri,
479 4218 544 4275 et
590 4227 836 4275 carnes
885 4205 1108 4294 ipsius
1157 4205 1611 4274 dilaniarunt.
1688 4210 1880 4273 Tunc
1935 4203 2004 4272 in
2056 4203 2409 4274 cochleam
2448 4258 2463 4284 ,
2519 4203 2590 4271 in
2640 4223 2782 4289 qua

214 4305 497 4362 sanctus
558 4300 772 4363 Jonas
822 4306 1050 4363 sectus
1114 4292 1338 4363 fuerat
1373 4348 1388 4375 ,
1443 4293 1637 4384 injici
1692 4294 2057 4383 jusserunt
2106 4293 2355 4382 impii,
2408 4305 2616 4377 atque
2665 4290 2765 4358 ibi

211 4380 449 4451 omnia
495 4404 648 4451 ossa
697 4382 850 4471 ejus
890 4381 1249 4473 perfringi.
1288 4386 1476 4465 Quae
1521 4404 1685 4452 cum
1718 4393 1948 4453 essent
1994 4380 2365 4463 confracta,
2413 4385 2768 4470 Magorum
