3327 4999
234 333 492 407 MART.
530 333 617 400 2¹⁷
1040 352 1120 403 ιιι
1165 353 1221 401 s.
1274 351 1523 403 mucio
1569 322 1965 403 cdnrssssonss
2549 336 2665 403 53⁴

233 443 708 505 accesserunt:
771 432 1249 521 petieruntque
1295 455 1333 502 a
1381 435 1526 504 viro
1583 445 1858 514 sancto,
1925 443 2001 502 ut
2048 454 2173 523 pro
2219 455 2293 504 se
2350 438 2560 506 Deum
2610 458 2766 526 pre-

235 535 527 591 caretur.
565 520 885 592 Colebant
929 521 1113 591 enim
1161 543 1345 602 eum,
1380 522 1482 591 uti
1540 522 1973 615 prophetam,
2013 522 2338 610 quoniam
2390 545 2766 612 quaecum-

234 631 370 697 que
407 609 809 700 Imperatori
856 610 1088 680 futura
1129 611 1578 701 praedixerat,
1616 611 2025 680 evenissent.
2636 660 2646 670 -

324 702 359 785 ἓ
421 704 513 771 8.
570 704 919 769 Duxerunt
947 711 1366 770 autemeam
1419 702 1488 770 in
1537 700 1902 781 civitatem,
1942 713 2007 770 et
2056 701 2232 771 inter
2278 721 2352 771 se
2396 701 2765 772 contende-

233 787 423 863 bant,
460 800 613 857 uter
659 787 966 878 ipsorum
1018 789 1164 858 viro
1214 802 1448 858 sancto
1496 789 1781 859 domum
1840 787 2258 865 aedificaret.
2315 795 2392 858 At
2429 790 2599 891 ipse,
2651 813 2765 862 co-

231 877 423 968 gnita
455 898 691 947 eorum
725 877 1538 960 contentionez«Audite,
1591 878 1838 964 inquit,
1876 900 1987 947 me
2019 878 2194 949 servi
2237 877 2507 960 Christi,
2554 878 2766 953 nolite

228 965 676 1036 contendere:
730 965 903 1036 mihi
1001 980 1223 1036 ratum
1272 978 1374 1035 est
1421 966 1726 1036 studium
1781 979 2126 1037 vestrum:
2179 966 2296 1037 sed
2356 967 2522 1055 quia
2570 968 2766 1040 vobis

232 1053 425 1125 cordi
474 1066 597 1136 est,
650 1066 726 1125 ut
773 989 1143 1125 humilitati
1193 1076 1384 1125 meae
1431 1054 1825 1146 perfugium
1876 1055 2153 1146 paretis,
2204 1055 2373 1143 quid
2424 1057 2616 1127 vobis
2663 1057 2766 1127 sa·-

231 1142 556 1214 ciendum
594 1142 702 1224 sit,
755 1142 1008 1213 dicam.
1063 1144 1132 1214 Si
1176 1144 1337 1230 quis
1389 1144 1842 1226 anteverterit,
1895 1157 1974 1213 ut
2022 1144 2192 1213 mihi
2238 1144 2526 1215 domum
2575 1145 2765 1216 aedi-

228 1231 410 1313 ficet,
462 1230 605 1302 illic
653 1232 973 1303 habitabo
1012 1233 1339 1303 omnibus
1370 1232 1614 1303 diebus
1647 1232 1822 1302 vitae
1855 1255 2067 1302 meae.
2094 1233 2292 1323 »Ipsi
2328 1245 2584 1317 autem,
2637 1257 2766 1306 au-

226 1320 370 1392 dito
418 1332 656 1391 sancto
705 1320 871 1402 viro,
911 1321 1219 1393 certatim
1253 1320 1537 1392 domum
1586 1334 1957 1411 coeperunt
2001 1333 2332 1392 extruere.
2386 1327 2473 1391 Ac
2525 1327 2765 1393 Satur-

228 1410 440 1480 ninus
469 1408 772 1497 quidem‚
816 1432 976 1479 cum
1029 1408 1253 1480 locum
1318 1425 1504 1480 extra
1554 1423 1818 1501 portam
1866 1432 2044 1497 quae
2090 1410 2426 1481 Collarida
2475 1411 2755 1494 dicitur,

228 1498 628 1589 possideret,
685 1498 835 1568 illic
880 1498 1309 1569 aedificabat.
1369 1500 1593 1569 Victor
1650 1510 1923 1579 autem,
1990 1500 2060 1570 in
2122 1499 2359 1590 palatii
2412 1498 2586 1583 loon,
2640 1501 2776 1589 qui'

224 1593 567 1659 Arenosus
605 1586 1016 1677 appellatur,
1054 1587 1336 1658 domum
1364 1589 1825 1659 construebat.
1867 1592 2031 1657 Cum
2064 1586 2277 1679 igitur
2307 1589 2535 1668 ambo,
2576 1590 2761 1663 beati

226 1677 357 1746 viri
407 1676 685 1746 nomine
731 1676 1120 1746 aedificium
1159 1676 1585 1759 molirentur,
1645 1677 2057 1747 Saturninus
2105 1676 2415 1747 adhibita
2462 1677 2761 1770 dilige-n-

229 1764 345 1845 tia,
402 1765 487 1836 ita
540 1764 803 1836 volente
851 1771 981 1835 Deo
1012 1820 1028 1847 ,
1100 1763 1529 1835 domicilium
1580 1787 1659 1835 ex
1706 1765 1968 1856 duplici
2024 1779 2348 1836 constans
2394 1767 2759 1858 contigna-

229 1854 413 1924 tione
461 1853 775 1945 perfecit:
826 1865 893 1924 et
925 1854 1144 1923 virum
1174 1854 1446 1925 beatum
1482 1855 1761 1935 adiens:
1816 1859 2058 1934 «Ecce,
2097 1855 2343 1941 inquit,
2381 1875 2573 1926 serve
2611 1858 2751 1940 Dei,

231 1941 702 2012 habitaculum
753 1942 876 2012 tibi
923 1944 1298 2015 construxi.
1337 1943 1496 2013 Veni
1559 1943 1789 2033 igitur,
1842 1956 2046 2029 atque
2093 1943 2188 2013 ibi
2240 1942 2492 2013 habita.
2523 1967 2559 2010 »
2627 1949 2754 2014 Ac-

227 2032 431 2101 cessit
477 2031 580 2099 vir
624 2045 927 2111 sanctus,
979 2045 1183 2120 atque
1242 2030 1383 2101 illic
1444 2033 1512 2100 in
1580 2032 1856 2101 nomine
1907 2033 2019 2101 Dei
2069 2032 2283 2102 nostri
2341 2033 2752 2121 permansit.

225 2119 448 2190 Victor
474 2132 700 2189 autem
740 2142 991 2210 magno
1021 2121 1291 2191 ambitu
1334 2120 1761 2189 domicilium
1809 2143 1968 2190 cum
2018 2120 2441 2201 extruxisset,
2475 2122 2655 2190 venit
2680 2133 2748 2191 et

226 2207 394 2277 vidit
458 2231 528 2279 se
583 2232 622 2277 a
684 2209 1049 2279 Saturnino
1096 2207 1306 2279 fuisse
1355 2221 1777 2299 superatum.
1849 2214 2082 2296 Itaque
2151 2233 2399 2300 magno
2454 2209 2741 2280 affectus

229 2295 482 2378 dolore,
524 2297 814 2387 supplex
860 2297 945 2367 ad
995 2298 1211 2368 sancti
1266 2297 1393 2366 viri
1443 2319 1512 2367 se
1564 2297 1767 2387 pedes
1815 2298 2212 2387 prostravit:
2266 2302 2458 2368 «Oro
2508 2311 2591 2379 te,
2636 2299 2745 2368 in-

223 2385 489 2471 quiens,
541 2398 749 2477 pater,
811 2397 885 2456 ut
933 2408 1162 2456 meum
1209 2408 1482 2475 quoque
1543 2386 1770 2455 locum
1818 2386 2140 2476 accipias,
2193 2399 2257 2455 ot
2304 2387 2374 2455 in
2423 2407 2501 2455 eo
2552 2408 2744 2457 com-

228 2475 533 2554 moreris,
587 2474 865 2563 quando
902 2497 1060 2545 eum
1095 2476 1370 2545 nomine
1405 2488 1518 2546 tuo
1547 2474 2052 2546 aedificandum
2081 2476 2401 2546 curavi.»
2434 2480 2744 2563 Cumque

226 2563 462 2635 multis
511 2566 730 2636 verbis
775 2565 1215 2646 obsecrasset,
1287 2565 1637 2655 respondit
1692 2566 1754 2634 ei
1809 2566 2044 2652 [ustus
2097 2566 2444 2635 Isaacius:
2503 2588 2538 2631 «
2591 2566 2745 2647 Fili,

225 2650 563 2738 inquiens,
601 2675 739 2741 quo
776 2654 843 2724 in
896 2655 1042 2724 loco
1088 2655 1300 2724 voluit
1349 2677 1457 2725 me
1505 2659 1680 2724 Deus
1727 2654 1815 2722 ha
1868 2656 2055 2733 itare,
2112 2653 2182 2722 in
2232 2677 2311 2724 eo
2357 2653 2744 2741 quiescam,

221 2739 437 2811 donec
484 2743 659 2811 vitae
709 2764 896 2813 meae
944 2743 1103 2813 linis
1134 2742 1564 2812 advenerit.»
1615 2747 1690 2811 Et
1719 2741 2062 2811 benedixit
2090 2742 2175 2827 ei,
2212 2756 2416 2830 atque
2445 2743 2744 2814 dimisit.

221 2832 295 2898 In
341 2830 690 2901 domicilio
723 2831 935 2921 igitur
980 2854 1104 2901 suo
1142 2832 1355 2902 laetus
1401 2831 1977 2901 commorabatur.

307 2921 344 3006 ξ
403 2924 480 2991 2.
535 2921 948 2990 Saturninus
1001 2934 1226 2990 autem
1275 2933 1340 2990 et
1385 2922 1607 2990 'Victor
1657 2920 2048 3007 frequenter
2106 2941 2266 2989 eum
2329 2919 2746 3001 invisebant,

220 3005 702 3096 ducebantque
734 3031 965 3078 secum
1016 3022 1080 3079 et
1116 3009 1288 3078 alios
1318 3010 1599 3089 amicos,
1634 3022 1700 3079 et
1736 3031 1815 3079 ea
1867 3031 2045 3095 quae
2093 3007 2535 3080 sublevandis
2577 3031 2754 3099 pau-

218 3096 500 3185 peribus
542 3111 703 3166 sunt
751 3098 1154 3179 necessaria,
1190 3098 1827 3168 subministrabant.
1874 3104 2158 3167 Domum
2209 3098 2412 3166 etiam
2457 3109 2751 3184 uterque

216 3205 416 3252 suam
472 3185 671 3254 illum
724 3187 1074 3266 vocabant,
1128 3198 1203 3255 ut
1248 3187 1346 3257 eis
1389 3187 1716 3257 Dominus
1764 3187 1832 3255 in
1882 3188 2031 3275 ejus
2081 3187 2398 3276 ingressu
2447 3196 2512 3255 et
2557 3188 2749 3256 exitu

218 3271 675 3342 benediceret.
728 3273 916 3355 Quod
971 3275 1028 3343 si
1074 3274 1533 3365 contingebat,
1571 3287 1670 3354 ut,
1723 3296 1802 3343 eo
1851 3275 2073 3347 serius
2119 3297 2153 3343 e
2209 3274 2528 3355 rediente,
2585 3296 2748 3365 por-

217 3370 325 3427 tae
371 3360 660 3430 civitatis
691 3375 917 3432 essent
960 3363 1257 3444 clausae,
1309 3363 1726 3432 consistebat
1763 3377 1827 3432 et
1855 3364 2113 3445 orabat,
2173 3375 2458 3450 actoque
2509 3364 2747 3434 Crucis

216 3448 440 3539 signo,
494 3463 733 3539 sponte
779 3472 904 3520 sua
953 3465 1182 3540 portae
1227 3453 1733 3541 aperiebantur,
1787 3464 1987 3538 atque
2038 3453 2129 3520 ita
2175 3452 2420 3531 exibat,
2483 3452 2745 3542 gratias

215 3560 427 3628 agens
457 3542 607 3607 Deo.
660 3540 1068 3608 Saturninus
1097 3552 1324 3609 autem
1358 3562 1519 3609 cum
1545 3562 1704 3608 eum
1739 3542 2168 3611 vehementer
2198 3539 2535 3630 diligeret,
2571 3552 2749 3610 attu-

215 3626 295 3696 lit
325 3627 384 3695 ei
424 3627 689 3696 tabulas
721 3628 923 3696 totius
957 3628 1107 3708 loci,
1145 3640 1220 3697 ut
1252 3629 1570 3718 proprius
1603 3642 1777 3699 esset
1806 3629 2025 3718 ipsius
2059 3628 2461 3697 mansionis.
2498 3633 2742 3700 Noctes

211 3715 427 3805 igitur
470 3731 536 3785 et
580 3716 726 3786 dies
774 3715 1090 3786 assiduas
1141 3722 1269 3787 Deo
1317 3739 1549 3807 preces
1598 3718 1947 3786 offerebat:
2009 3739 2130 3786 nec
2161 3738 2471 3804 unquam
2513 3738 2746 3786 cessa-

213 3805 330 3874 bat
369 3807 788 3895 pauperibus
824 3804 1287 3894 eleemosynas
1333 3806 1764 3875 distribuere.
1820 3806 2011 3887 Quod
2054 3806 2110 3876 si
2159 3828 2294 3874 usu
2343 3806 2623 3887 veniret,
2671 3818 2749 3875 ut

211 3893 465 3979 aliquis
495 3895 580 3963 ab
626 3916 1015 3984 eopauper
1047 3894 1112 3962 in
1167 3896 1271 3962 via
1307 3907 1555 3984 peteret
1592 3895 2121 3982 eleemosynam,
2176 3895 2404 3963 statim
2447 3896 2746 3964 exuebat

212 3982 501 4072 pallium
554 4005 782 4064 suum,
826 3996 892 4052 et
938 3985 1224 4074 pauperi
1254 3983 1482 4053 dabat.
1523 3984 1723 4052 Omni
1771 3996 1997 4053 autem
2029 3996 2330 4074 tempore
2357 3983 2531 4055 vitae
2560 4006 2735 4052 suae

210 4073 607 4161 gravitatem
655 4073 965 4152 servavit,
1024 4074 1272 4164 spiritu
1320 4072 1627 4150 fervens,
1692 4086 1768 4141 ut
1826 4072 1921 4140 ait
1981 4071 2385 4162 ApostoluS‚
2454 4072 2745 4142 Domino

211 4161 534 4242 serviens,
580 4184 701 4251 spe
746 4161 1079 4252 gaudens,
1133 4163 1204 4231 in
1268 4161 1707 4231 tribulatione
1757 4161 2045 4251 patiens,
2100 4161 2389 4230 orationi
2443 4161 2734 4240 instanS,

212 4250 734 4320 necessitatibus
759 4263 1155 4321 sanctorum
1185 4251 1733 4329 communicanS‚
1767 4251 2090 4320 omnibus
2123 4250 2561 4329 benedicens,
2598 4271 2747 4316 ma-

207 4337 510 4409 ledicens
546 4340 829 4419 nemini,
866 4339 1271 4430 angelorum
1323 4340 1601 4409 imitans
1644 4340 1873 4418 vitam,
1931 4339 2212 4431 vestigia
2244 4361 2539 4426 sequeus
2571 4342 2750 4426 Apo-

210 4426 472 4510 stolica,
528 4438 677 4499 tum
725 4429 891 4512 zelo,
946 4444 1094 4500 tum
1143 4429 1504 4511 sacrificio,
1561 4440 1706 4498 tum
1756 4428 2096 4498 desiderio
2144 4430 2418 4509 Christi,
2473 4447 2756 4496 omnem
