3327 4999
165 334 423 403 MART.
485 333 566 398 ⁴3
1036 349 1115 396 nn
1162 349 1219 397 s.
1272 347 1631 396 mrumst&
1680 346 1849 395 vmc.
2503 332 2634 397 273

160 435 436 523 aliquid
485 433 617 503 olei
656 433 740 503 ad
791 432 1135 514 lucernas,
1174 443 1240 502 et
1287 432 1669 523 thymiama
1717 432 1788 501 in
1838 453 2047 503 usum
2096 434 2375 502 oratorii
2421 433 2724 525 recipere

164 547 305 595 non
351 522 863 594 recusabimus:
916 520 1103 608 quod
1132 521 1411 609 quidem
1465 520 1588 591 tibi
1628 520 1943 612 justitiae
1985 522 2366 592 mercedem
2401 523 2726 593 concilia-

169 614 298 685 bit.
328 639 354 676 »
409 613 532 682 His
578 612 793 702 igitur
838 610 1112 692 oblatiS,
1170 612 1456 699 rogabat
1501 631 1618 679 eas
1676 615 1777 679 Eu
1801 610 2085 690 ihrasia‚
2141 623 2220 680 ut
2264 624 2539 682 orarent
2648 634 2726 681 ro

173 702 329 773 Anti
375 724 511 771 ono
579 714 645 770 et
726 699 868 769 filia
924 722 1049 769 sua
1124 698 1531 790 Euphrasia.
1604 634 1866 769 Accidit
1934 700 2249 792 interea,
2316 712 2394 769 ut
2459 634 2727 791 pueiiae

179 726 604 882 Euphrasiae
651 789 909 858 diceret
970 787 1350 869 Abbatissa‚
1422 788 1732 858 tentandi
1789 788 2070 859 animo:
2140 811 2175 855 «
2223 788 2513 858 Domina
2575 810 2729 858 mea

180 879 586 970 Euphrasia‚
648 877 884 967 diligis
934 898 1020 946 ne
1074 898 1200 946 nos
1250 889 1315 946 et
1364 877 1862 946 monasterium
1915 881 2282 947 nostrum?
2319 900 2356 945 »
2417 884 2549 947 Res
2601 899 2729 947 on-

181 968 284 1037 dit
320 967 469 1037 illa:
523 971 812 1036 «Immo
859 978 1061 1047 certe,
1105 987 1231 1055 ego
1278 987 1436 1034 amo
1484 987 1624 1045 vost,
1678 987 1718 1035 o
1768 967 2081 1036 Domina.
2111 989 2144 1025 ····
2188 972 2457 1036 Rursus
2504 971 2550 1035 Α
2606 968 2730 1036 ba-

180 1057 344 1128 tissa
390 1077 551 1125 cum
591 1055 792 1145 joco:
860 1077 898 1121 «
948 1054 1018 1124 Si
1066 1074 1214 1135 nos,
1275 1054 1523 1140 inquit,
1583 1077 1801 1136 amaS,
1841 1076 2045 1124 mane
2094 1055 2484 1137 nobiscum,
2536 1068 2602 1125 et
2646 1078 2731 1125 u-

179 1158 313 1215 tere
361 1156 595 1214 nostro
646 1143 976 1214 habitu.»
1028 1141 1410 1232 Respondit
1465 1143 1733 1233 puella:
1791 1170 1823 1204 a
1871 1148 2126 1214 Revera
2183 1144 2241 1214 si
2289 1144 2536 1213 scirem
2591 1166 2730 1212 non

176 1256 374 1326 aegre
425 1233 721 1302 laturam
768 1244 1055 1301 matrem
1107 1253 1356 1312 meam,
1405 1253 1541 1300 non
1583 1232 1838 1301 exirem
1872 1254 1909 1302 e
1941 1233 2380 1303 monasterio,
2410 1257 2438 1297 ι
2493 1238 2572 1302 Et
2603 1233 2731 1303 Ab·

173 1322 476 1394 batissa:
531 1321 753 1391 «Plus
805 1343 888 1390 ne
939 1342 1086 1402 n05,
1122 1319 1240 1401 ait,
1277 1319 1535 1410 diligis,
1572 1333 1694 1389 aut
1740 1343 1894 1391 vero
1942 1343 2277 1412 sponsum
2330 1325 2730 1392 tuum‘la—

173 1412 364 1483 «Sed
425 1432 648 1497 neque
700 1431 827 1499 ego
877 1408 1078 1478 illum
1130 1409 1310 1490 novi,
1349 1409 1445 1478 ait
1490 1409 1899 1500 Euphrasia,
1964 1432 2186 1497 neque
2233 1409 2350 1480 ille
2398 1431 2540 1479 me:
2593 1415 2723 1479 Vos

176 1515 415 1571 autem
445 1510 512 1568 et
543 1498 722 1581 novi,
757 1510 823 1567 et
867 1518 1049 1567 amo,
1108 1497 1235 1567 Sed
1284 1497 1512 1579 dicite,
1556 1520 1839 1585 quaeSO,
1878 1499 2090 1568 mihi:
2145 1504 2273 1569 Vos
2317 1521 2524 1586 quem
2573 1498 2731 1567 dili-

221 1590 373 1660 itis:
429 1609 542 1657 me
589 1609 697 1669 ne,
758 1608 845 1655 an
898 1586 1097 1655 illum
1148 1586 1432 1676 potius?
1474 1610 1510 1654 »
1558 1588 1917 1656 Abbatissa
1963 1587 2352 1678 respondit:
2405 1609 2444 1654 «
2485 1593 2617 1658 Nos
2665 1598 2731 1656 te

171 1614 543 1769 fiiligimus
576 1689 643 1746 et
671 1676 1018 1745 Christum
1047 1686 1387 1746 nostrum.
1416 1697 1454 1742 »
1504 1680 1674 1744 Tum
1709 1676 1981 1766 puella:
2043 1703 2067 1741 ε
2095 1682 2232 1768 Ego
2260 1698 2439 1757 vero,
2472 1675 2722 1763 inquit,

171 1780 239 1837 et
283 1789 409 1837 vos
456 1764 695 1855 diligo,
739 1777 805 1833 et
852 1763 1198 1833 Christum
1248 1776 1622 1835 vestrum.»
1660 1764 1950 1834 Sedebat
1995 1765 2273 1834 interim
2304 1777 2519 1834 mater
2545 1765 2722 1855 ejuS,

178 1868 244 1927 et
289 1877 451 1926 cum
504 1854 774 1922 audiret
821 1852 948 1923 hos
982 1851 1278 1921 necdum
1329 1853 1681 1942 septennis
1729 1853 2000 1943 puellae
2039 1875 2414 1935 sermones,
2467 1854 2729 1954 exejus

178 1945 402 2016 oculis
449 1942 919 2032 lacrymarum
954 1940 1213 2011 imbres
1245 1941 1653 2010 manabant:
1709 1942 1942 2029 aitque
1972 1942 2060 2011 ad
2109 1942 2344 2012 illam:
2399 1965 2436 2008 «
2475 1942 2725 2011 venifi-

177 2034 294 2116 lia,
348 2050 593 2102 eamus
641 2029 826 2111 hinc,
874 2050 1037 2098 nam
1084 2050 1325 2119 vesper
1372 2029 1798 2099 incumbit.»
1847 2035 1923 2100 At
1950 2030 2069 2099 illa
2098 2030 2482 2117 respondit:
2522 2054 2558 2097 «
2588 2036 2636 2100 E
2686 2052 2744 2099 οι

178 2122 294 2192 hic
341 2119 638 2190 manebo
663 2140 824 2188 cum
856 2116 1140 2187 domina
1178 2119 1561 2189 Abbatissa.
1586 2141 1621 2185 »
1648 2119 1753 2188 Ait
1789 2141 1946 2189 vero
1978 2119 2082 2188 illi
2109 2119 2505 2190 Abbatissa:
2540 2142 2575 2185 «
2605 2123 2652 2187 Α
2705 2119 2730 2187 i

182 2212 348 2279 hinc
394 2208 679 2279 domina
726 2206 1132 2297 Euphrasia,
1195 2205 1308 2276 hic
1354 2205 1539 2275 enim
1591 2227 1795 2276 nemo
1846 2229 2124 2277 manere
2174 2219 2412 2298 potest,
2468 2206 2606 2276 nisi
2654 2229 2729 2276 se

181 2299 446 2369 Christo
483 2298 892 2367 devoveat.»
943 2293 1037 2364 Ad
1088 2316 1299 2381 quam
1361 2295 1622 2396 puella:
1677 2301 1816 2365 «Et
1877 2296 2023 2379 ubi,
2079 2296 2326 2383 inquit,
2378 2308 2482 2366 est
2529 2296 2725 2365 Chri-

183 2391 445 2457 stus?»
492 2392 663 2455 Tum
716 2384 1072 2455 Abbatissa
1106 2384 1533 2454 Dominicam
1590 2384 1653 2453 ei
1702 2384 2078 2476 imaginem
2128 2384 2462 2457 ostendit:
2515 2406 2727 2471 quam

181 2499 342 2548 cum
371 2475 490 2545 illa
535 2485 714 2548 esset
758 2471 1170 2556 exosculata,
1215 2476 1556 2555 «Revera,
1607 2473 1857 2561 inquit,
1893 2495 2020 2566 ego
2047 2496 2155 2544 me
2181 2473 2446 2544 Christo
2491 2494 2726 2556 voveo,

178 2589 305 2637 nec
351 2564 643 2635 ulterius
688 2586 850 2633 cum
901 2563 1188 2632 Domina
1252 2576 1471 2632 matre
1518 2564 1858 2634 recedam.
1889 2587 1925 2630 »
1973 2570 2127 2634 Jam
2177 2564 2720 2653 vesperascebat,

181 2669 244 2725 et
287 2675 513 2741 neque
561 2664 779 2722 mater
823 2649 996 2739 eju5‚
1058 2673 1280 2738 neque
1325 2652 1682 2721 Abbatissa
1713 2652 1776 2722 ei
1811 2652 2224 2743 persuadere
2272 2665 2607 2743 poterant,
2649 2662 2728 2722 ut

181 2767 251 2816 sc
294 2744 585 2814 domum
632 2739 990 2810 conferret.
1043 2744 1216 2808 Tum
1271 2733 1453 2811 vero’
1482 2741 1838 2812 Abbatissa
1898 2742 1995 2811 ait
2041 2740 2128 2811 ad
2177 2757 2468 2811 matrem
2524 2740 2721 2829 ejus:

184 2832 527 2902 «Domina
576 2851 767 2910 mea,
829 2827 1111 2919 patiaris
1173 2828 1352 2898 hanc
1400 2829 1708 2920 puellam
1755 2830 1941 2920 apud
1994 2852 2118 2899 nos
2168 2831 2448 2900 morari.
2510 2828 2723 2899 Video

179 2923 366 2992 enim
412 2918 727 2990 coelestis
775 2917 1033 3008 gratiae
1080 2915 1346 2987 lumine
1391 2918 1544 3004 ejus
1579 2932 1877 2989 mentem
1926 2918 2369 3008 perfusam.»
2420 2923 2728 3019 Sui-gens

178 3012 411 3099 itaque
460 3019 678 3078 mater
724 3004 1130 3106 Euphrasia,
1168 3007 1813 3106 apprehensamque
1858 3007 2076 3077 filiam
2102 3008 2368 3078 ducens
2417 3007 2503 3076 ad
2557 3027 2729 3075 ima-

180 3101 414 3192 ginem
462 3096 852 3176 Salvatoris,
895 3093 1186 3164 sublatis
1221 3116 1291 3163 m
1338 3095 1607 3166 coelum
1651 3096 1979 3166 manibus
2025 3118 2188 3166 cum
2237 3096 2588 3185 lacrymis,
2634 3095 2731 3164 ita

232 3200 459 3261 recata
518 3197 663 3255 est:
734 3206 771 3250 «
822 3182 1107 3253 Domine
1158 3188 1326 3254 Jesu
1386 3184 1670 3264 Christe,
1727 3186 2004 3276 suscipe
2050 3206 2293 3254 curam
2341 3182 2727 3254 infantulae

232 3279 417 3368 ujus,
479 3285 543 3344 te
595 3273 780 3342 enim
828 3271 1246 3361 concupivit,
1299 3293 1511 3360 seque
1562 3273 1683 3341 tibi
1734 3273 2339 3344 commendavit.»
2389 3278 2729 3344 Conversa

183 3382 415 3437 autem
447 3363 533 3433 ad
584 3361 823 3443 filiam,
857 3360 1065 3429 dixit:
1120 3366 1355 3431 «Deus
1401 3361 1523 3448 qui
1570 3360 1886 3431 fundavit
1916 3375 2180 3432 montes
2210 3361 2627 3442 immobileS,
2665 3373 2729 3430 te

180 3455 254 3525 in
304 3474 435 3525 suo
489 3453 732 3521 timore
783 3449 1228 3519 confirmet.»
1291 3449 1412 3521 His
1461 3449 1706 3532 dictis,
1775 3450 2054 3520 tradidit
2100 3472 2253 3520 eam
2301 3450 2726 3530 Abbatissae‚

181 3539 854 3641 flensque-recessit,
905 3551 975 3608 et
1028 3538 1331 3609 tundens
1380 3552 1620 3628 pectus
1678 3561 1909 3622 suum,
1962 3560 2203 3611 omnes
2253 3539 2341 3609 ad
2389 3539 2737 3629 lacrymas

194 3640 593 3704 commovit.

370 3724 449 3791 2.
502 3717 724 3787 Altera
768 3715 881 3785 die
927 3716 1285 3788 Abbatissa
1337 3738 1487 3786 eam
1537 3715 1824 3785 adduxit
1879 3715 1951 3784 in
1999 3717 2401 3799 oratorium,
2461 3727 2528 3786 et
2572 3736 2741 3787 cum

184 3810 258 3882 fu
311 3810 481 3879 isset
529 3827 765 3895 preces
808 3803 892 3874 ad
948 3805 1341 3886 Dominum,
1388 3806 1769 3876 monastico
1818 3804 2009 3873 illam
2059 3806 2303 3875 habitu
2348 3804 2597 3887 induit,
2634 3805 2744 3875 di-

183 3920 386 3969 cens:
442 3918 478 3962 «
505 3900 642 3965 Rex
688 3892 1086 3964 seculorum
1134 3907 1202 3964 et
1250 3894 1533 3963 Domine
1582 3893 2032 3963 Dominorum
2064 3894 2188 3982 qui
2229 3895 2298 3962 in
2328 3916 2409 3964 ea
2454 3893 2743 3986 coepisti

187 4009 365 4077 opus
414 3985 705 4064 bonum,
742 3994 815 4052 tu
837 3979 1031 4050 ‘illud
1082 3982 1335 4073 perfice
1363 4004 1583 4069 usque
1616 3983 1684 4050 in
1723 3982 1955 4053 finem.
1997 3989 2272 4053 Praesta
2299 3983 2418 4064 ita,
2455 3993 2535 4053 ut
2566 3984 2748 4053 vivat

195 4074 680 4144 convenienter
725 4070 1071 4162 mandatis
1115 4071 1274 4151 tuis,
1314 4083 1380 4140 et
1429 4071 1731 4140 inveniat
1771 4093 2046 4160 semper
2089 4071 2417 4141 fiduciam
2461 4073 2533 4141 in
2579 4093 2749 4141 con-

197 4174 435 4252 spectu
468 4175 609 4232 tuo.
642 4183 680 4228 »
713 4159 890 4229 Dixit
919 4170 1146 4229 autem
1183 4159 1288 4228 illi
1320 4159 1708 4249 Euphrasia
1756 4171 1975 4229 mater
2011 4160 2195 4251 ejus:
2240 4183 2278 4228 <‹
2310 4161 2422 4231 Vis
2455 4182 2547 4242 ‚ne
2601 4159 2752 4230 filia

194 4250 325 4318 hoc
370 4251 609 4320 habitu
659 4248 923 4319 vestiri?
955 4271 990 4315 »
1039 4253 1117 4318 Et
1168 4248 1289 4317 illa
1338 4248 1649 4318 hilariter
1699 4249 2093 4340 respondit:
2133 4272 2171 4317 «
2203 4250 2424 4319 Etiam
2461 4251 2751 4320 Domina

198 4351 434 4408 mater.
473 4363 507 4410 »
542 4344 625 4409 Ut
662 4337 849 4407 enim
884 4359 966 4407 ex
995 4337 1352 4407 Abbatissa
1403 4350 1470 4406 et
1517 4337 1872 4408 sororibus
1904 4339 2164 4420 audivi,
2209 4339 2395 4409 hunc
2425 4338 2747 4408 habitum

192 4427 605 4502 arrhabonis
654 4427 803 4497 loco
852 4426 1132 4517 praebet
1169 4424 1481 4496 Christus
1527 4425 1981 4518 diligentibus
2015 4450 2111 4499 se.
2156 4427 2261 4499 Ait
2292 4450 2452 4498 vero
2498 4438 2743 4496 mater:

356 4540 600 4600 surius
643 4567 667 4583 -
716 4535 878 4598 Vicae
914 4534 1025 4598 5¹8.
1058 4565 1083 4582 -
1109 4519 1237 4597 Vo'l.
1267 4533 1370 4599 111.
2519 4537 2596 4595 18

730 4683 771 4708 ὤ
