3327 4999
676 313 807 381 472
1595 330 1676 377 nn
1722 330 1778 378 S.
1840 328 2123 378 LArnonn
2745 307 2997 378 MART.
3027 312 3146 379 ,25

587 427 900 489 nostrum
942 415 1233 487 credidit
1278 412 1712 485 crucifixum.
1768 419 1845 486 Et
1874 413 2026 483 ideo
2062 412 2183 502 qui
2218 413 2560 484 consortio
2603 413 2947 504 passionis
2993 414 3146 485 uti-

587 518 721 589 tur,
774 504 1119 576 consortio
1164 502 1470 595 paradisi
1517 515 1908 574 coronatur.
1980 509 2225 575 Beatus
2282 504 2470 573 enim
2527 502 2701 573 latro
2745 503 2915 573 dum
2965 525 3145 594 sup-

583 596 873 689 plicium
922 593 1204 685 patitur,
1257 613 1549 682 regnum
1597 591 1886 662 coeleste
1933 591 2404 679 consequitur.
2438 596 2608 662 Ecce
2654 612 2816 661 reus
2849 591 3136 663 dicitur.

581 686 763 756 sicut
809 683 925 754 cui
959 682 1278 751 damnari
1326 680 1413 750 ad
1461 692 1739 771 tempus
1784 681 2149 771 expedivit.
2201 686 2344 751 Non
2378 682 2564 750 enim
2613 681 3005 771 perveniret
3049 681 3135 751 ad

578 773 899 865 gloriam,
937 771 997 841 si
1044 790 1181 839 non
1232 769 1662 841 contraditus
1708 781 1888 841 esset
1933 769 2020 839 ad
2069 791 2389 861 poenam.

666 864 704 949 ξ
755 866 845 933 8.
897 858 1269 928 Videamus
1302 858 1588 946 inquam
1628 879 1758 927 cur
1805 870 2151 929 tantorum
2186 857 2561 928 criminum
2607 878 2770 927 reus
2817 869 2956 928 tam
3005 859 3139 929 cito

578 972 619 1019 a
667 948 1013 1019 Salvatore
1075 947 1475 1048 paradisum
1529 958 2003 1104 promeretur,
2054 968 2215 1016 cum
2267 946 2387 1015 alii
2437 947 2817 1016 multorum
2882 959 3142 1039 tempo-

581 1059 740 1108 rum
803 1037 1133 1127 lacrymls
1180 1035 1522 1123 frequenti
1575 1056 1799 1122 usque
1856 1035 2147 1126 jejuniis
2193 1035 2304 1104 vix
2367 1034 2778 1106 delictorum
2849 1057 3131 1106 suorum

576 1125 850 1195 veniam
900 1136 1438 1213 consequantur.
1479 1129 1726 1215 Magna
1767 1122 2008 1195 fratres
2041 1134 2108 1193 et
2138 1122 2504 1215 multiplex
2551 1144 2763 1194 causa
2815 1136 2942 1194 est.
2998 1126 3134 1195 Pri-

582 1235 775 1284 mum
824 1213 1012 1301 quod
1062 1214 1189 1282 iste
1238 1213 1412 1284 latro
1460 1211 1820 1282 devotione
1867 1211 2029 1281 fidei
2064 1223 2201 1282 tam
2238 1223 2518 1304 repente
2549 1224 2860 1284 mutatus
2888 1225 3024 1293 est,
3066 1227 3139 1284 ut

581 1312 1011 1394 praesentem
1046 1322 1339 1393 poenam
1376 1300 1497 1370 des
1550 1301 1781 1384 iceret,
1820 1321 1900 1370 ac
1932 1301 2019 1371 de
2049 1300 2282 1372 futura
2314 1301 2583 1371 veniam
2619 1312 3042 1392 precaretur,
3074 1315 3139 1373 et

580 1391 805 1482 magis
852 1390 1159 1461 crederet
1203 1389 1375 1460 utile
1422 1389 1482 1459 si
1533 1389 1556 1458 i
1604 1410 1755 1461 esse
1802 1389 1889 1459 de
1936 1402 2211 1460 aeterno
2231 1389 2504 1479 judicio
2549 1401 2780 1481 petere
2809 1412 3023 1478 quam
3055 1391 3137 1461 de

581 1477 941 1570 temporali
978 1478 1323 1579 supplicio
1383 1476 1755 1569 postulare.
1811 1474 2291 1548 Reminiscens
2338 1478 2523 1548 enim
2581 1479 2922 1551 scelerum
2981 1502 3138 1551 suo-

580 1590 735 1638 rum
779 1578 846 1638 et
894 1567 1412 1657 poemtudinem
1464 1587 1761 1667 gerens,
1825 1567 1984 1656 plus
2033 1567 2280 1658 incipit
2345 1568 2576 1637 dolere
2651 1569 2834 1656 quod
2910 1581 3147 1658 sperat·

577 1678 791 1745 quam
834 1656 1086 1728 sentire
1113 1654 1299 1743 quod
1398 1665 1633 1735 autum
1688 1655 1910 1745 potuit
1964 1656 2148 1725 enim
2201 1655 2338 1725 nisi
2386 1656 2472 1726 de
2517 1655 2770 1727 futuris
2830 1657 3138 1748 amplius

577 1746 968 1836 cogitasset,
1007 1745 1127 1832 qui
1175 1744 1245 1812 in
1303 1676 1645 1815 CBristum
1684 1743 1895 1813 semel
1944 1743 2352 1825 crediderat,
2396 1744 2482 1815 de
2520 1746 2861 1835 praesenti
2914 1748 3136 1837 magis

580 1833 928 1935 supplicio
958 1834 1043 1903 de
1097 1830 1337 1902 recari.
1393 1831 1650 1901 Deinde
1683 1831 1856 1901 illud
1898 1832 1984 1901 ad
2016 1833 2307 1922 gratiam
2339 1833 2490 1922 eius
2521 1835 2803 1925 majoris
2848 1847 2954 1904 est
2992 1857 3135 1905 me-

579 1922 697 1991 riti
743 1921 929 2009 quod
996 1926 1039 1991 C
1094 1921 1340 1992 ristum
1412 1919 1485 1988 in
1533 1942 1740 1990 cruce
1800 1922 2100 2009 positum
2149 1906 2477 1991 credidit:
2559 1932 2626 1991 et
2684 1924 2914 2014 passio
2962 1945 3138 2011 quae

580 2010 740 2080 aliis
788 2009 1198 2080 scandalum
1247 2007 1427 2088 fecit,
1471 2008 1575 2077 illi
1624 2008 1709 2078 ad
1753 2007 1958 2079 fidem
2011 2008 2321 2099 profecit.
2370 2010 2604 2081 Crucis
2655 2012 2841 2081 enim
2903 2013 3138 2102 passio

580 2098 823 2168 multis
863 2096 1273 2170 scandalum
1312 2096 1464 2177 fuit,
1503 2096 1696 2167 sicut·
1730 2096 1898 2168 dicit
1942 2097 2337 2188 Apostolus:
2390 2103 2523 2169 Nos
2570 2112 2801 2169 autem
2860 2100 3138 2190 praedi-

578 2208 823 2258 camus
855 2187 1199 2259 Christum
1251 2185 1686 2255 crucifixum:
1743 2185 2037 2256 Judaeis
2094 2187 2376 2274 q'uidem
2427 2187 2861 2269 scandalum,
2913 2190 3138 2279 genti-

578 2275 716 2346 bus
763 2285 994 2345 autem
1036 2274 1422 2346 stultitiam.
1469 2278 1672 2343 Recte
1717 2295 1881 2365 ergo
1912 2286 2215 2344 meretur
2261 2274 2663 2365 paradisum
2700 2276 2821 2363 qui
2854 2298 3133 2348 crucem

582 2364 835 2434 Christi
881 2384 1015 2433 non
1051 2363 1318 2454 putavit
1339 2383 1488 2431 esse
1518 2361 1953 2443 scandalum,
1986 2362 2105 2432 sed
2137 2364 2482 2433 virtutem.
2521 2363 2698 2434 Dicit
2728 2365 2916 2434 enim
2948 2365 3136 2436 idem

580 2452 969 2554 Apostolus,
1023 2451 1195 2543 ipsis
1233 2451 1491 2522 vocatis
1529 2449 1810 2523 Judaeis
1837 2451 2205 2550 ‚Christum
2232 2453 2347 2522 Dei
2395 2452 2717 2523 virtutem
2749 2463 2818 2523 et
2864 2454 2984 2524 Dei
3018 2476 3136 2525 sa-

577 2543 935 2632 plentiam.
1008 2547 1210 2612 Recte
1283 2541 1491 2633 plane
1548 2551 1614 2611 et
1659 2545 1994 2611 Dommus
2041 2541 2207 2611 huic
2278 2540 2491 2611 donat
2548 2542 2950 2631 paradisum
3011 2545 3137 2632 qui

574 2653 781 2718 quem
821 2631 1033 2701 Judas
1067 2629 1376 2699 Scarioth
1411 2630 1480 2697 in
1533 2629 1809 2699 hor-tulo
1835 2629 2141 2723 paradipi
2174 2629 2603 2710 distraxerat;
2629 2630 2746 2701 hic
2791 2630 2864 2699 in
2898 2633 3134 2703 crucis

575 2719 888 2810 patibulo
934 2719 1322 2789 confitetur.
1378 2718 1545 2786 Mira
1594 2738 1743 2799 ωε,
1807 2718 2173 2787 confitetur
2229 2717 2402 2788 latro
2462 2738 2670 2805 quem
2735 2718 3136 2810 discipulus

572 2807 960 2898 abnegavit.
1014 2807 1183 2876 Mira
1232 2807 1518 2892 inquam
1568 2827 1710 2888 res,
1776 2805 1950 2875 latro
2023 2805 2435 2876 honorificat
2531 2806 2854 2877 atientem
2919 2831 3130 2895 quem

569 2896 783 2964 Judas
847 2892 1150 2984 prodidit
1213 2893 1665 2963 osculantem.
1718 2893 1814 2963 Ab
1862 2894 1992 2964 hoc
2054 2896 2244 2984 pacis
2293 2894 2453 2965 blan
2511 2895 2767 2965 imenta
2813 2897 3134 2968 vendun-

573 2995 706 3063 tur,
759 2983 847 3053 ab
895 2982 1014 3051 illo
1061 2981 1289 3051 crucis
1319 2982 1605 3051 vulnera
1654 2981 2168 3072 praedicantur.
2195 2984 2300 3052 Ait
2345 2982 2558 3064 enim,
2610 2989 2934 3055 Memento
2965 2989 3123 3068 mei,

568 3072 868 3152 Domine,
921 3092 1072 3138 cum
1100 3071 1360 3140 veneris
1391 3073 1463 3139 in
1502 3093 1708 3160 rayno
1749 3082 1884 3141 tuo.

660 3161 843 3259 §.a
890 3161 1072 3227 Haec
1117 3170 1220 3228 est
1266 3157 1429 3227 fidei
1460 3159 1683 3259 ‘plena
1729 3159 2039 3241 devoti0,
2081 3173 2160 3230 ut
2207 3180 2364 3230 cum
2411 3160 2497 3230 de
2544 3160 2952 3231 vulneribus
3002 3166 3134 3232 Do-

444 3318 450 3323 ,
571 3248 770 3326 mim,
826 3246 1177 3336 profluens
1226 3268 1349 3316 san
1404 3268 1515 3316 u1s
1587 3248 1937 3331 cernitur,
2000 3259 2164 3318 tunc
2213 3249 2299 3318 de
2345 3259 2674 3338 potestate
2733 3250 2886 3339 ejus
2933 3251 3133 3320 venia

570 3333 997 3426 postuletur:
1051 3356 1212 3404 cum
1274 3335 1340 3403 vi
1393 3346 1547 3405 etur
1594 3337 1747 3426 eJus
1816 3336 2220 3418 humilitas,
2274 3349 2441 3407 tunc
2508 3338 2732 3429 magis
2810 3338 3134 3409 timeatur

569 3424 721 3513 ejus
769 3422 1133 3493 divinitas:
1172 3444 1333 3492 cum
1385 3424 1589 3493 morti
1638 3424 1960 3495 addictus
2058 3437 2315 3507 utatur,
2371 3437 2535 3495 tunc
2604 3431 2699 3496 Re
2752 3425 2810 3495 is
2856 3426 2962 3495 illi
3010 3427 3133 3498 ho-

568 3511 1001 3581 norificentia
1033 3510 1403 3581 deferatur.
1459 3517 1592 3583 Iste
1639 3512 1825 3580 enim
1875 3513 2011 3583 fide
2043 3513 2104 3582 is
2151 3514 2323 3585 latro
2379 3536 2512 3584 non
2575 3536 2687 3584 cre
2741 3514 2868 3585 idit
2916 3516 3130 3586 mori-

570 3612 802 3669 turum
850 3622 1054 3686 quem
1098 3601 1477 3669 annunciat
1536 3614 2018 3690 regnaturum:
2075 3624 2211 3672 non
2269 3615 2465 3692 putat
2512 3602 2959 3674 subdendum
3020 3605 3128 3672 in-

569 3688 753 3765 feris,
807 3710 1012 3774 quem
1047 3688 1568 3758 dominaturum
1605 3690 1974 3760 confitetur
2004 3690 2074 3758 in
2116 3690 2348 3760 coelo:
2385 3712 2521 3761 non
2563 3691 2940 3762 arbitratur
2963 3714 3126 3762 eum

568 3776 755 3867 apud
805 3782 1163 3846 Tartarum
1213 3777 1528 3858 detineri,
1567 3800 1607 3846 a
1639 3800 1778 3864 quo
1827 3799 1899 3849 se
1928 3778 2135 3849 etiam
2178 3780 2479 3869 postulat
2512 3778 2815 3849 liberari.
2885 3785 3129 3851 Cernat

564 3865 725 3934 licet
769 3864 921 3954 ejus
961 3864 1226 3934 hiantia
1273 3863 1585 3946 vulnera,
1638 3878 1896 3956 spectet
1926 3866 2152 3957 ipsius
2185 3869 2599 3957 sanguinem
2635 3869 3120 3958 profluentem,

564 3958 781 4022 Deum
831 3964 1058 4022 tamen
1094 3952 1312 4022 credit
1358 3975 1563 4040 quem
1615 3976 1812 4024 reum
1863 3956 2104 4035 nescit,
2149 3955 2407 4039 iustum
2441 3955 2690 4026 fatetur
2725 3976 2933 4043 quem
2984 3978 3123 4027 non

564 4039 884 4109 meminit
929 4052 1382 4130 peccatorem.
1420 4041 1524 4111 Ait
1570 4042 1754 4111 enim
1790 4042 1893 4111 illi
1941 4042 2137 4113 alteri
2177 4043 2617 4133 exprobranti
2658 4043 2942 4126 latroni,
2991 4051 3123 4115 Nos

561 4128 843 4216 quidem
877 4141 1055 4198 recte
1091 4129 1305 4220 digna
1350 4130 1547 4200 sactis
1595 4131 1996 4222 recipimus,
2054 4131 2165 4200 hic
2214 4143 2447 4202 autem
2499 4132 2670 4201 nihil
2733 4132 2902 4202 mali
2953 4155 3135 4224 ges·‚

562 4217 672 4287 sit.
736 4215 1075 4285 Intellexit
1120 4219 1305 4286 enim
1354 4219 1534 4305 quod
1590 4240 1712 4310 pro
1773 4219 2019 4290 alienis
2115 4221 2368 4291 eccatis
2432 4221 2559 4290 has
2608 4220 2847 4311 plagas
2899 4221 3117 4291 susci-

562 4317 776 4396 peret,
879 4327 954 4374 ro
1015 4305 1260 4375 alienis
1309 4306 1689 4377 sceleribus
1744 4307 1912 4378 haec
1979 4331 2068 4379 vu
2102 4330 2267 4379 nera
2328 4309 2735 4380 sustineret:
2794 4320 2861 4378 et
2921 4308 3119 4378 scivit

561 4394 747 4481 quod
795 4393 918 4463 ila
949 4393 1018 4462 in
1071 4414 1357 4484 corpore
1405 4395 1648 4465 Christi
1700 4396 2012 4477 vulnera,
2067 4419 2205 4467 non
2245 4408 2474 4469 essent
2521 4396 2766 4467 Christi
2798 4396 3108 4478 vulnera,
