<?xml version="1.0" encoding="UTF-8"?>
<!DOCTYPE html PUBLIC "-//W3C//DTD XHTML 1.0 Transitional//EN"
    "http://www.w3.org/TR/xhtml1/DTD/xhtml1-transitional.dtd">
<html xmlns="http://www.w3.org/1999/xhtml" xml:lang="en" lang="en">
 <head>
  <title>
</title>
<meta http-equiv="Content-Type" content="text/html;charset=utf-8" />
  <meta name='ocr-system' content='tesseract 3.04.00' />
  <meta name='ocr-capabilities' content='ocr_page ocr_carea ocr_par ocr_line ocrx_word'/>
</head>
<body>
  <div class='ocr_page' id='page_1' title='image "./historiaeseuvit04lippgoog_0089.png"; bbox 0 0 3327 4999; ppageno 0'>
   <div class='ocr_carea' id='block_1_1' title="bbox 170 300 2627 377">
    <p class='ocr_par' dir='ltr' id='par_1_1' title="bbox 170 300 2627 377">
     <span class='ocr_line' id='line_1_1' title="bbox 170 300 2627 377; baseline 0.002 -12"><span class='ocrx_word' id='word_1_1' title='bbox 170 301 408 367; x_wconf 70' lang='lat' dir='ltr'>MART.</span> <span class='ocrx_word' id='word_1_2' title='bbox 465 300 503 365; x_wconf 88' lang='grc'>7</span> <span class='ocrx_word' id='word_1_3' title='bbox 1025 318 1105 364; x_wconf 74' lang='lat' dir='ltr'>na</span> <span class='ocrx_word' id='word_1_4' title='bbox 1152 319 1210 366; x_wconf 89' lang='lat' dir='ltr'>s.</span> <span class='ocrx_word' id='word_1_5' title='bbox 1262 318 1477 368; x_wconf 67' lang='lat' dir='ltr'>‘raon</span> <span class='ocrx_word' id='word_1_6' title='bbox 1523 319 1847 377; x_wconf 65' lang='lat' dir='ltr'>Aomiurn</span> <span class='ocrx_word' id='word_1_7' title='bbox 2542 305 2627 370; x_wconf 83' lang='lat'>79</span> 
     </span>
    </p>
   </div>
   <div class='ocr_carea' id='block_1_2' title="bbox 142 402 2796 4500">
    <p class='ocr_par' dir='ltr' id='par_1_2' title="bbox 142 402 2796 3522">
     <span class='ocr_line' id='line_1_2' title="bbox 171 402 2708 496; baseline 0.002 -23"><span class='ocrx_word' id='word_1_8' title='bbox 171 404 602 483; x_wconf 83' lang='lat' dir='ltr'>advenerant,</span> <span class='ocrx_word' id='word_1_9' title='bbox 653 402 1015 494; x_wconf 79' lang='lat' dir='ltr'>excipitur,</span> <span class='ocrx_word' id='word_1_10' title='bbox 1067 415 1134 473; x_wconf 90' lang='lat' dir='ltr'>et</span> <span class='ocrx_word' id='word_1_11' title='bbox 1178 425 1339 473; x_wconf 90' lang='lat' dir='ltr'>cum</span> <span class='ocrx_word' id='word_1_12' title='bbox 1391 404 1609 474; x_wconf 89' lang='lat' dir='ltr'>multo</span> <span class='ocrx_word' id='word_1_13' title='bbox 1654 404 1912 495; x_wconf 90' lang='lat' dir='ltr'>gaudio</span> <span class='ocrx_word' id='word_1_14' title='bbox 1942 403 2292 496; x_wconf 77' lang='lat' dir='ltr'>Neapolim</span> <span class='ocrx_word' id='word_1_15' title='bbox 2330 405 2708 478; x_wconf 74' lang='lat' dir='ltr'>reducitur.</span> 
     </span>
     <span class='ocr_line' id='line_1_3' title="bbox 172 490 2708 586; baseline 0.002 -24"><span class='ocrx_word' id='word_1_16' title='bbox 172 493 321 562; x_wconf 85' lang='lat' dir='ltr'>Inde</span> <span class='ocrx_word' id='word_1_17' title='bbox 368 514 531 561; x_wconf 84' lang='lat' dir='ltr'>vero</span> <span class='ocrx_word' id='word_1_18' title='bbox 579 502 869 562; x_wconf 75' lang='lat' dir='ltr'>Romam</span> <span class='ocrx_word' id='word_1_19' title='bbox 919 490 1180 565; x_wconf 86' lang='lat' dir='ltr'>missus</span> <span class='ocrx_word' id='word_1_20' title='bbox 1225 503 1349 562; x_wconf 88' lang='lat' dir='ltr'>est.</span> <span class='ocrx_word' id='word_1_21' title='bbox 1402 492 1480 562; x_wconf 90' lang='lat' dir='ltr'>Id</span> <span class='ocrx_word' id='word_1_22' title='bbox 1533 493 1860 586; x_wconf 91' lang='lat' dir='ltr'>temporis</span> <span class='ocrx_word' id='word_1_23' title='bbox 1906 499 2209 565; x_wconf 86' lang='lat' dir='ltr'>Joannes</span> <span class='ocrx_word' id='word_1_24' title='bbox 2269 496 2708 580; x_wconf 76' lang='lat' dir='ltr'>TeutonicuS‚</span> 
     </span>
     <span class='ocr_line' id='line_1_4' title="bbox 166 580 2711 674; baseline 0.002 -23"><span class='ocrx_word' id='word_1_25' title='bbox 166 582 433 651; x_wconf 81' lang='lat' dir='ltr'>Ordinis</span> <span class='ocrx_word' id='word_1_26' title='bbox 468 586 536 651; x_wconf 90' lang='lat' dir='ltr'>S.</span> <span class='ocrx_word' id='word_1_27' title='bbox 572 580 913 652; x_wconf 87' lang='lat' dir='ltr'>Dominici</span> <span class='ocrx_word' id='word_1_28' title='bbox 942 580 1282 673; x_wconf 79' lang='lat' dir='ltr'>Magister,</span> <span class='ocrx_word' id='word_1_29' title='bbox 1321 592 1398 651; x_wconf 88' lang='lat' dir='ltr'>ut</span> <span class='ocrx_word' id='word_1_30' title='bbox 1427 594 1693 665; x_wconf 87' lang='lat' dir='ltr'>vocant,</span> <span class='ocrx_word' id='word_1_31' title='bbox 1739 582 2053 653; x_wconf 69' lang='lat' dir='ltr'>doctrina</span> <span class='ocrx_word' id='word_1_32' title='bbox 2083 597 2151 653; x_wconf 89' lang='lat' dir='ltr'>et</span> <span class='ocrx_word' id='word_1_33' title='bbox 2190 581 2437 674; x_wconf 89' lang='lat' dir='ltr'>pietate</span> <span class='ocrx_word' id='word_1_34' title='bbox 2478 585 2711 657; x_wconf 89' lang='lat' dir='ltr'>clarus</span> 
     </span>
     <span class='ocr_line' id='line_1_5' title="bbox 165 670 2796 761; baseline 0.002 -20"><span class='ocrx_word' id='word_1_35' title='bbox 165 670 565 741; x_wconf 76' lang='lat' dir='ltr'>habebatur.</span> <span class='ocrx_word' id='word_1_36' title='bbox 621 674 688 739; x_wconf 90' lang='lat' dir='ltr'>Is</span> <span class='ocrx_word' id='word_1_37' title='bbox 736 670 1065 741; x_wconf 89' lang='lat' dir='ltr'>Thomam</span> <span class='ocrx_word' id='word_1_38' title='bbox 1115 693 1352 740; x_wconf 89' lang='lat' dir='ltr'>secum</span> <span class='ocrx_word' id='word_1_39' title='bbox 1401 671 1699 743; x_wconf 81' lang='lat' dir='ltr'>Parisios</span> <span class='ocrx_word' id='word_1_40' title='bbox 1747 671 2070 742; x_wconf 83' lang='lat' dir='ltr'>abduxit:</span> <span class='ocrx_word' id='word_1_41' title='bbox 2124 672 2413 743; x_wconf 88' lang='lat' dir='ltr'>ibicum</span> <span class='ocrx_word' id='word_1_42' title='bbox 2451 673 2716 761; x_wconf 82' lang='lat' dir='ltr'>aliquot</span> <span class='ocrx_word' id='word_1_43' title='bbox 2786 699 2796 709; x_wconf 94' lang='lat'>·</span> 
     </span>
     <span class='ocr_line' id='line_1_6' title="bbox 162 758 2712 853; baseline 0.002 -24"><span class='ocrx_word' id='word_1_44' title='bbox 162 782 426 831; x_wconf 85' lang='lat' dir='ltr'>menses</span> <span class='ocrx_word' id='word_1_45' title='bbox 478 758 775 839; x_wconf 85' lang='lat' dir='ltr'>fecisset,</span> <span class='ocrx_word' id='word_1_46' title='bbox 829 759 1087 831; x_wconf 89' lang='lat' dir='ltr'>missus</span> <span class='ocrx_word' id='word_1_47' title='bbox 1132 773 1237 829; x_wconf 87' lang='lat' dir='ltr'>est</span> <span class='ocrx_word' id='word_1_48' title='bbox 1282 758 1633 830; x_wconf 90' lang='lat' dir='ltr'>Coloniam</span> <span class='ocrx_word' id='word_1_49' title='bbox 1673 761 1879 853; x_wconf 82' lang='lat' dir='ltr'>Agrip</span> <span class='ocrx_word' id='word_1_50' title='bbox 1933 760 2147 842; x_wconf 87' lang='lat' dir='ltr'>inam,</span> <span class='ocrx_word' id='word_1_51' title='bbox 2184 774 2264 832; x_wconf 90' lang='lat' dir='ltr'>ut</span> <span class='ocrx_word' id='word_1_52' title='bbox 2291 760 2543 833; x_wconf 82' lang='lat' dir='ltr'>Alberti</span> <span class='ocrx_word' id='word_1_53' title='bbox 2571 770 2712 835; x_wconf 85' lang='lat' dir='ltr'>Ma·</span> 
     </span>
     <span class='ocr_line' id='line_1_7' title="bbox 163 846 2713 942; baseline 0.001 -24"><span class='ocrx_word' id='word_1_54' title='bbox 163 851 293 938; x_wconf 87' lang='lat' dir='ltr'>gni,</span> <span class='ocrx_word' id='word_1_55' title='bbox 346 846 731 939; x_wconf 88' lang='lat' dir='ltr'>multiplici</span> <span class='ocrx_word' id='word_1_56' title='bbox 778 847 1087 919; x_wconf 72' lang='lat' dir='ltr'>doctrina</span> <span class='ocrx_word' id='word_1_57' title='bbox 1118 861 1185 919; x_wconf 89' lang='lat' dir='ltr'>et</span> <span class='ocrx_word' id='word_1_58' title='bbox 1214 848 1390 919; x_wconf 87' lang='lat' dir='ltr'>vitae</span> <span class='ocrx_word' id='word_1_59' title='bbox 1417 850 1777 920; x_wconf 82' lang='lat' dir='ltr'>sanctitate</span> <span class='ocrx_word' id='word_1_60' title='bbox 1807 873 1884 921; x_wconf 89' lang='lat' dir='ltr'>ce</span> <span class='ocrx_word' id='word_1_61' title='bbox 1914 850 2263 933; x_wconf 88' lang='lat' dir='ltr'>eberrimi‚</span> <span class='ocrx_word' id='word_1_62' title='bbox 2306 852 2713 942; x_wconf 88' lang='lat' dir='ltr'>praelectio-</span> 
     </span>
     <span class='ocr_line' id='line_1_8' title="bbox 162 937 2711 1024; baseline 0.002 -16"><span class='ocrx_word' id='word_1_63' title='bbox 162 938 353 1008; x_wconf 86' lang='lat' dir='ltr'>nibus</span> <span class='ocrx_word' id='word_1_64' title='bbox 404 937 791 1009; x_wconf 87' lang='lat' dir='ltr'>interesset.</span> <span class='ocrx_word' id='word_1_65' title='bbox 845 941 1061 1020; x_wconf 87' lang='lat' dir='ltr'>Quem</span> <span class='ocrx_word' id='word_1_66' title='bbox 1109 958 1276 1009; x_wconf 89' lang='lat' dir='ltr'>sane</span> <span class='ocrx_word' id='word_1_67' title='bbox 1322 951 1399 1008; x_wconf 91' lang='lat' dir='ltr'>ut</span> <span class='ocrx_word' id='word_1_68' title='bbox 1427 938 1713 1020; x_wconf 86' lang='lat' dir='ltr'>audivit,</span> <span class='ocrx_word' id='word_1_69' title='bbox 1755 939 2044 1011; x_wconf 87' lang='lat' dir='ltr'>mirifice</span> <span class='ocrx_word' id='word_1_70' title='bbox 2077 939 2367 1011; x_wconf 85' lang='lat' dir='ltr'>laetatus</span> <span class='ocrx_word' id='word_1_71' title='bbox 2395 955 2519 1024; x_wconf 90' lang='lat' dir='ltr'>est,</span> <span class='ocrx_word' id='word_1_72' title='bbox 2557 954 2711 1011; x_wconf 84' lang='lat' dir='ltr'>tan-</span> 
     </span>
     <span class='ocr_line' id='line_1_9' title="bbox 158 1025 2709 1117; baseline 0.002 -22"><span class='ocrx_word' id='word_1_73' title='bbox 158 1038 288 1096; x_wconf 86' lang='lat' dir='ltr'>tum</span> <span class='ocrx_word' id='word_1_74' title='bbox 340 1049 419 1099; x_wconf 88' lang='lat' dir='ltr'>se</span> <span class='ocrx_word' id='word_1_75' title='bbox 467 1025 819 1095; x_wconf 87' lang='lat' dir='ltr'>invenisse</span> <span class='ocrx_word' id='word_1_76' title='bbox 859 1040 1392 1117; x_wconf 86' lang='lat' dir='ltr'>praeceptorem.</span> <span class='ocrx_word' id='word_1_77' title='bbox 1443 1033 1599 1098; x_wconf 81' lang='lat' dir='ltr'>Jam</span> <span class='ocrx_word' id='word_1_78' title='bbox 1642 1040 1801 1099; x_wconf 88' lang='lat' dir='ltr'>ante</span> <span class='ocrx_word' id='word_1_79' title='bbox 1843 1029 2034 1099; x_wconf 88' lang='lat' dir='ltr'>enim</span> <span class='ocrx_word' id='word_1_80' title='bbox 2067 1030 2308 1100; x_wconf 92' lang='lat' dir='ltr'>crebro</span> <span class='ocrx_word' id='word_1_81' title='bbox 2338 1031 2709 1101; x_wconf 89' lang='lat' dir='ltr'>Dominum</span> 
     </span>
     <span class='ocr_line' id='line_1_10' title="bbox 155 1115 2710 1211; baseline 0.001 -25"><span class='ocrx_word' id='word_1_82' title='bbox 155 1128 471 1206; x_wconf 85' lang='lat' dir='ltr'>precatus</span> <span class='ocrx_word' id='word_1_83' title='bbox 520 1129 706 1197; x_wconf 86' lang='lat' dir='ltr'>erat,</span> <span class='ocrx_word' id='word_1_84' title='bbox 759 1127 836 1186; x_wconf 89' lang='lat' dir='ltr'>ut</span> <span class='ocrx_word' id='word_1_85' title='bbox 879 1115 1297 1203; x_wconf 90' lang='lat' dir='ltr'>quandoque</span> <span class='ocrx_word' id='word_1_86' title='bbox 1344 1116 1579 1187; x_wconf 83' lang='lat' dir='ltr'>liceret</span> <span class='ocrx_word' id='word_1_87' title='bbox 1626 1117 1763 1208; x_wconf 90' lang='lat' dir='ltr'>ipsi</span> <span class='ocrx_word' id='word_1_88' title='bbox 1810 1117 1897 1187; x_wconf 92' lang='lat' dir='ltr'>ad</span> <span class='ocrx_word' id='word_1_89' title='bbox 1949 1129 2214 1188; x_wconf 88' lang='lat' dir='ltr'>tantum</span> <span class='ocrx_word' id='word_1_90' title='bbox 2263 1117 2492 1189; x_wconf 86' lang='lat' dir='ltr'>virum</span> <span class='ocrx_word' id='word_1_91' title='bbox 2554 1142 2710 1211; x_wconf 88' lang='lat' dir='ltr'>per-</span> 
     </span>
     <span class='ocr_line' id='line_1_11' title="bbox 152 1204 2710 1307; baseline 0.003 -36"><span class='ocrx_word' id='word_1_92' title='bbox 152 1205 400 1275; x_wconf 83' lang='lat' dir='ltr'>venire.</span> <span class='ocrx_word' id='word_1_93' title='bbox 461 1204 590 1274; x_wconf 91' lang='lat' dir='ltr'>Ubi</span> <span class='ocrx_word' id='word_1_94' title='bbox 639 1226 803 1274; x_wconf 88' lang='lat' dir='ltr'>sane</span> <span class='ocrx_word' id='word_1_95' title='bbox 849 1204 1067 1276; x_wconf 89' lang='lat' dir='ltr'>obiter</span> <span class='ocrx_word' id='word_1_96' title='bbox 1111 1204 1392 1275; x_wconf 88' lang='lat' dir='ltr'>illorum</span> <span class='ocrx_word' id='word_1_97' title='bbox 1442 1205 2011 1307; x_wconf 87' lang='lat' dir='ltr'>reprehendenda</span> <span class='ocrx_word' id='word_1_98' title='bbox 2045 1218 2150 1278; x_wconf 90' lang='lat' dir='ltr'>est</span> <span class='ocrx_word' id='word_1_99' title='bbox 2186 1208 2555 1289; x_wconf 86' lang='lat' dir='ltr'>temeritas,</span> <span class='ocrx_word' id='word_1_100' title='bbox 2599 1208 2710 1278; x_wconf 91' lang='lat' dir='ltr'>in-</span> 
     </span>
     <span class='ocr_line' id='line_1_12' title="bbox 149 1293 2702 1385; baseline 0.002 -20"><span class='ocrx_word' id='word_1_101' title='bbox 149 1294 339 1365; x_wconf 86' lang='lat' dir='ltr'>scitia</span> <span class='ocrx_word' id='word_1_102' title='bbox 362 1305 435 1363; x_wconf 88' lang='lat' dir='ltr'>et</span> <span class='ocrx_word' id='word_1_103' title='bbox 464 1293 927 1385; x_wconf 88' lang='lat' dir='ltr'>impudentia,</span> <span class='ocrx_word' id='word_1_104' title='bbox 965 1294 1086 1382; x_wconf 91' lang='lat' dir='ltr'>qui</span> <span class='ocrx_word' id='word_1_105' title='bbox 1116 1307 1434 1364; x_wconf 90' lang='lat' dir='ltr'>sanctum</span> <span class='ocrx_word' id='word_1_106' title='bbox 1464 1316 1692 1365; x_wconf 79' lang='lat' dir='ltr'>virum</span> <span class='ocrx_word' id='word_1_107' title='bbox 1721 1296 2231 1367; x_wconf 88' lang='lat' dir='ltr'>necromantiae</span> <span class='ocrx_word' id='word_1_108' title='bbox 2269 1294 2702 1380; x_wconf 86' lang='lat' dir='ltr'>insimulant,</span> 
     </span>
     <span class='ocr_line' id='line_1_13' title="bbox 146 1382 2702 1474; baseline 0.002 -22"><span class='ocrx_word' id='word_1_109' title='bbox 146 1396 208 1452; x_wconf 90' lang='lat' dir='ltr'>et</span> <span class='ocrx_word' id='word_1_110' title='bbox 249 1384 314 1453; x_wconf 91' lang='lat' dir='ltr'>ei</span> <span class='ocrx_word' id='word_1_111' title='bbox 364 1382 610 1452; x_wconf 90' lang='lat' dir='ltr'>nescio</span> <span class='ocrx_word' id='word_1_112' title='bbox 656 1404 832 1469; x_wconf 89' lang='lat' dir='ltr'>quae</span> <span class='ocrx_word' id='word_1_113' title='bbox 880 1382 1016 1453; x_wconf 87' lang='lat' dir='ltr'>alia</span> <span class='ocrx_word' id='word_1_114' title='bbox 1064 1383 1402 1474; x_wconf 87' lang='lat' dir='ltr'>imperite,</span> <span class='ocrx_word' id='word_1_115' title='bbox 1456 1405 1543 1454; x_wconf 90' lang='lat' dir='ltr'>ne</span> <span class='ocrx_word' id='word_1_116' title='bbox 1589 1384 1816 1455; x_wconf 87' lang='lat' dir='ltr'>dicam</span> <span class='ocrx_word' id='word_1_117' title='bbox 1867 1385 2236 1467; x_wconf 88' lang='lat' dir='ltr'>scelerate,</span> <span class='ocrx_word' id='word_1_118' title='bbox 2287 1385 2702 1469; x_wconf 86' lang='lat' dir='ltr'>attribuunt,</span> 
     </span>
     <span class='ocr_line' id='line_1_14' title="bbox 148 1470 2705 1566; baseline 0.002 -24"><span class='ocrx_word' id='word_1_119' title='bbox 148 1472 259 1542; x_wconf 81' lang='lat' dir='ltr'>sed</span> <span class='ocrx_word' id='word_1_120' title='bbox 310 1472 489 1543; x_wconf 88' lang='lat' dir='ltr'>haec</span> <span class='ocrx_word' id='word_1_121' title='bbox 539 1470 849 1542; x_wconf 84' lang='lat' dir='ltr'>fortassis</span> <span class='ocrx_word' id='word_1_122' title='bbox 896 1471 1065 1543; x_wconf 88' lang='lat' dir='ltr'>alibi</span> <span class='ocrx_word' id='word_1_123' title='bbox 1111 1471 1341 1542; x_wconf 86' lang='lat' dir='ltr'>fusius</span> <span class='ocrx_word' id='word_1_124' title='bbox 1383 1473 1727 1545; x_wconf 89' lang='lat' dir='ltr'>dicentur.</span> <span class='ocrx_word' id='word_1_125' title='bbox 1782 1474 1936 1546; x_wconf 89' lang='lat' dir='ltr'>Fuit</span> <span class='ocrx_word' id='word_1_126' title='bbox 1982 1474 2098 1544; x_wconf 90' lang='lat' dir='ltr'>ille</span> <span class='ocrx_word' id='word_1_127' title='bbox 2145 1495 2313 1545; x_wconf 89' lang='lat' dir='ltr'>sane</span> <span class='ocrx_word' id='word_1_128' title='bbox 2342 1473 2705 1566; x_wconf 90' lang='lat' dir='ltr'>incompa-</span> 
     </span>
     <span class='ocr_line' id='line_1_15' title="bbox 148 1559 2775 1663; baseline 0.001 -33"><span class='ocrx_word' id='word_1_129' title='bbox 148 1560 339 1630; x_wconf 90' lang='lat' dir='ltr'>rabili</span> <span class='ocrx_word' id='word_1_130' title='bbox 395 1582 636 1631; x_wconf 89' lang='lat' dir='ltr'>rerum</span> <span class='ocrx_word' id='word_1_131' title='bbox 688 1559 1148 1651; x_wconf 90' lang='lat' dir='ltr'>plurimarum</span> <span class='ocrx_word' id='word_1_132' title='bbox 1179 1562 1592 1663; x_wconf 83' lang='lat' dir='ltr'>cognitione,</span> <span class='ocrx_word' id='word_1_133' title='bbox 1626 1575 1693 1633; x_wconf 93' lang='lat' dir='ltr'>et</span> <span class='ocrx_word' id='word_1_134' title='bbox 1721 1563 2000 1654; x_wconf 77' lang='lat' dir='ltr'>egregia</span> <span class='ocrx_word' id='word_1_135' title='bbox 2031 1583 2307 1651; x_wconf 85' lang='lat' dir='ltr'>quoque</span> <span class='ocrx_word' id='word_1_136' title='bbox 2336 1564 2514 1634; x_wconf 89' lang='lat' dir='ltr'>vitae</span> <span class='ocrx_word' id='word_1_137' title='bbox 2542 1586 2707 1634; x_wconf 88' lang='lat' dir='ltr'>san-</span> <span class='ocrx_word' id='word_1_138' title='bbox 2771 1582 2775 1589; x_wconf 84' lang='lat'>·</span> 
     </span>
     <span class='ocr_line' id='line_1_16' title="bbox 146 1649 2742 1740; baseline 0.002 -22"><span class='ocrx_word' id='word_1_139' title='bbox 146 1650 478 1720; x_wconf 68' lang='lat' dir='ltr'>etimonia</span> <span class='ocrx_word' id='word_1_140' title='bbox 530 1649 905 1740; x_wconf 88' lang='lat' dir='ltr'>praeditus.</span> <span class='ocrx_word' id='word_1_141' title='bbox 960 1663 1036 1720; x_wconf 89' lang='lat' dir='ltr'>ut</span> <span class='ocrx_word' id='word_1_142' title='bbox 1085 1672 1223 1720; x_wconf 91' lang='lat' dir='ltr'>non</span> <span class='ocrx_word' id='word_1_143' title='bbox 1271 1652 1615 1721; x_wconf 84' lang='lat' dir='ltr'>immerito</span> <span class='ocrx_word' id='word_1_144' title='bbox 1667 1657 1732 1723; x_wconf 92' lang='lat' dir='ltr'>S.</span> <span class='ocrx_word' id='word_1_145' title='bbox 1770 1652 2064 1722; x_wconf 83' lang='lat' dir='ltr'>Thomas</span> <span class='ocrx_word' id='word_1_146' title='bbox 2105 1652 2226 1722; x_wconf 87' lang='lat' dir='ltr'>illo</span> <span class='ocrx_word' id='word_1_147' title='bbox 2317 1674 2510 1723; x_wconf 89' lang='lat' dir='ltr'>raece</span> <span class='ocrx_word' id='word_1_148' title='bbox 2565 1665 2742 1725; x_wconf 86' lang='lat' dir='ltr'>tore-</span> 
     </span>
     <span class='ocr_line' id='line_1_17' title="bbox 151 1737 2707 1833; baseline 0.002 -26"><span class='ocrx_word' id='word_1_149' title='bbox 151 1738 586 1827; x_wconf 81' lang='lat' dir='ltr'>gloriaretur.</span> <span class='ocrx_word' id='word_1_150' title='bbox 670 1737 951 1808; x_wconf 79' lang='lat' dir='ltr'>Multam</span> <span class='ocrx_word' id='word_1_151' title='bbox 1000 1738 1136 1808; x_wconf 90' lang='lat' dir='ltr'>sibi</span> <span class='ocrx_word' id='word_1_152' title='bbox 1181 1740 1595 1811; x_wconf 81' lang='lat' dir='ltr'>eruditionis</span> <span class='ocrx_word' id='word_1_153' title='bbox 1639 1741 1998 1811; x_wconf 86' lang='lat' dir='ltr'>materiam</span> <span class='ocrx_word' id='word_1_154' title='bbox 2050 1741 2181 1811; x_wconf 90' lang='lat' dir='ltr'>sub</span> <span class='ocrx_word' id='word_1_155' title='bbox 2247 1741 2368 1812; x_wconf 94' lang='lat' dir='ltr'>ilo</span> <span class='ocrx_word' id='word_1_156' title='bbox 2429 1764 2512 1813; x_wconf 93' lang='lat' dir='ltr'>co</span> <span class='ocrx_word' id='word_1_157' title='bbox 2543 1742 2707 1833; x_wconf 88' lang='lat' dir='ltr'>legit</span> 
     </span>
     <span class='ocr_line' id='line_1_18' title="bbox 155 1826 2704 1925; baseline 0.002 -29"><span class='ocrx_word' id='word_1_158' title='bbox 155 1827 443 1925; x_wconf 73' lang='lat' dir='ltr'>Thomas</span> <span class='ocrx_word' id='word_1_159' title='bbox 479 1883 499 1910; x_wconf 93' lang='lat'>,</span> <span class='ocrx_word' id='word_1_160' title='bbox 571 1827 696 1915; x_wconf 90' lang='lat' dir='ltr'>qui</span> <span class='ocrx_word' id='word_1_161' title='bbox 734 1826 881 1918; x_wconf 86' lang='lat' dir='ltr'>jam</span> <span class='ocrx_word' id='word_1_162' title='bbox 930 1828 1133 1915; x_wconf 89' lang='lat' dir='ltr'>quasi</span> <span class='ocrx_word' id='word_1_163' title='bbox 1180 1829 1392 1917; x_wconf 79' lang='lat' dir='ltr'>Pytha</span> <span class='ocrx_word' id='word_1_164' title='bbox 1445 1830 1715 1900; x_wconf 89' lang='lat' dir='ltr'>oricum</span> <span class='ocrx_word' id='word_1_165' title='bbox 1764 1829 2112 1918; x_wconf 86' lang='lat' dir='ltr'>quoddam</span> <span class='ocrx_word' id='word_1_166' title='bbox 2165 1829 2303 1901; x_wconf 89' lang='lat' dir='ltr'>sibi</span> <span class='ocrx_word' id='word_1_167' title='bbox 2352 1830 2704 1902; x_wconf 89' lang='lat' dir='ltr'>silentium</span> 
     </span>
     <span class='ocr_line' id='line_1_19' title="bbox 168 1853 2706 2021; baseline 0.003 -39"><span class='ocrx_word' id='word_1_168' title='bbox 168 1914 483 1987; x_wconf 77' lang='lat' dir='ltr'>indixisse</span> <span class='ocrx_word' id='word_1_169' title='bbox 533 1915 920 1996; x_wconf 86' lang='lat' dir='ltr'>videbatur,</span> <span class='ocrx_word' id='word_1_170' title='bbox 973 1928 1049 1987; x_wconf 87' lang='lat' dir='ltr'>ut</span> <span class='ocrx_word' id='word_1_171' title='bbox 1097 1930 1328 2008; x_wconf 90' lang='lat' dir='ltr'>posset</span> <span class='ocrx_word' id='word_1_172' title='bbox 1355 1853 1445 1987; x_wconf 52' lang='lat' dir='ltr'>ag</span> <span class='ocrx_word' id='word_1_173' title='bbox 1470 1919 1700 1988; x_wconf 91' lang='lat' dir='ltr'>studia</span> <span class='ocrx_word' id='word_1_174' title='bbox 1731 1918 2087 1990; x_wconf 87' lang='lat' dir='ltr'>literarum</span> <span class='ocrx_word' id='word_1_175' title='bbox 2123 1920 2450 2021; x_wconf 80' lang='lat' dir='ltr'>maj0rem</span> <span class='ocrx_word' id='word_1_176' title='bbox 2483 1919 2706 1989; x_wconf 88' lang='lat' dir='ltr'>animi</span> 
     </span>
     <span class='ocr_line' id='line_1_20' title="bbox 173 2003 2704 2107; baseline 0.004 -37"><span class='ocrx_word' id='word_1_177' title='bbox 173 2006 599 2076; x_wconf 86' lang='lat' dir='ltr'>attentionem</span> <span class='ocrx_word' id='word_1_178' title='bbox 648 2003 942 2074; x_wconf 88' lang='lat' dir='ltr'>adferre.</span> <span class='ocrx_word' id='word_1_179' title='bbox 994 2006 1172 2076; x_wconf 82' lang='lat' dir='ltr'>Adeo</span> <span class='ocrx_word' id='word_1_180' title='bbox 1221 2028 1376 2076; x_wconf 91' lang='lat' dir='ltr'>vero</span> <span class='ocrx_word' id='word_1_181' title='bbox 1425 2020 1755 2107; x_wconf 87' lang='lat' dir='ltr'>perpetuo</span> <span class='ocrx_word' id='word_1_182' title='bbox 1802 2008 1941 2078; x_wconf 86' lang='lat' dir='ltr'>fere</span> <span class='ocrx_word' id='word_1_183' title='bbox 1988 2030 2068 2077; x_wconf 92' lang='lat' dir='ltr'>ea</span> <span class='ocrx_word' id='word_1_184' title='bbox 2115 2009 2579 2080; x_wconf 80' lang='lat' dir='ltr'>taciturnitate</span> <span class='ocrx_word' id='word_1_185' title='bbox 2625 2031 2704 2078; x_wconf 92' lang='lat' dir='ltr'>u-</span> 
     </span>
     <span class='ocr_line' id='line_1_21' title="bbox 172 2091 2702 2189; baseline 0.003 -29"><span class='ocrx_word' id='word_1_186' title='bbox 172 2091 443 2175; x_wconf 87' lang='lat' dir='ltr'>tebatur,</span> <span class='ocrx_word' id='word_1_187' title='bbox 496 2107 574 2164; x_wconf 92' lang='lat' dir='ltr'>ut</span> <span class='ocrx_word' id='word_1_188' title='bbox 620 2094 1123 2185; x_wconf 86' lang='lat' dir='ltr'>condiscipulis</span> <span class='ocrx_word' id='word_1_189' title='bbox 1147 2117 1227 2165; x_wconf 91' lang='lat' dir='ltr'>eo</span> <span class='ocrx_word' id='word_1_190' title='bbox 1259 2116 1538 2165; x_wconf 81' lang='lat' dir='ltr'>nomine</span> <span class='ocrx_word' id='word_1_191' title='bbox 1570 2097 2071 2188; x_wconf 79' lang='lat' dir='ltr'>propemodum</span> <span class='ocrx_word' id='word_1_192' title='bbox 2113 2097 2182 2167; x_wconf 93' lang='lat' dir='ltr'>in</span> <span class='ocrx_word' id='word_1_193' title='bbox 2226 2108 2702 2189; x_wconf 87' lang='lat' dir='ltr'>contemptum</span> 
     </span>
     <span class='ocr_line' id='line_1_22' title="bbox 176 2182 2704 2285; baseline 0.005 -39"><span class='ocrx_word' id='word_1_194' title='bbox 176 2182 430 2264; x_wconf 82' lang='lat' dir='ltr'>veniret,</span> <span class='ocrx_word' id='word_1_195' title='bbox 481 2183 608 2271; x_wconf 90' lang='lat' dir='ltr'>qui</span> <span class='ocrx_word' id='word_1_196' title='bbox 654 2205 816 2253; x_wconf 90' lang='lat' dir='ltr'>eum</span> <span class='ocrx_word' id='word_1_197' title='bbox 864 2183 1105 2253; x_wconf 89' lang='lat' dir='ltr'>bovem</span> <span class='ocrx_word' id='word_1_198' title='bbox 1139 2196 1409 2254; x_wconf 87' lang='lat' dir='ltr'>mutum</span> <span class='ocrx_word' id='word_1_199' title='bbox 1443 2184 1911 2285; x_wconf 88' lang='lat' dir='ltr'>appellabant.</span> <span class='ocrx_word' id='word_1_200' title='bbox 1949 2191 2142 2256; x_wconf 87' lang='lat' dir='ltr'>Forte</span> <span class='ocrx_word' id='word_1_201' title='bbox 2168 2208 2289 2275; x_wconf 90' lang='lat' dir='ltr'>per</span> <span class='ocrx_word' id='word_1_202' title='bbox 2328 2185 2396 2254; x_wconf 91' lang='lat' dir='ltr'>id</span> <span class='ocrx_word' id='word_1_203' title='bbox 2430 2198 2561 2256; x_wconf 90' lang='lat' dir='ltr'>tem</span> <span class='ocrx_word' id='word_1_204' title='bbox 2619 2210 2704 2259; x_wconf 89' lang='lat' dir='ltr'>us</span> 
     </span>
     <span class='ocr_line' id='line_1_23' title="bbox 168 2269 2704 2364; baseline 0.003 -27"><span class='ocrx_word' id='word_1_205' title='bbox 168 2269 458 2342; x_wconf 74' lang='lat' dir='ltr'>Albertus</span> <span class='ocrx_word' id='word_1_206' title='bbox 512 2271 821 2361; x_wconf 85' lang='lat' dir='ltr'>Dionysii</span> <span class='ocrx_word' id='word_1_207' title='bbox 869 2272 954 2342; x_wconf 93' lang='lat' dir='ltr'>de</span> <span class='ocrx_word' id='word_1_208' title='bbox 1000 2272 1255 2342; x_wconf 88' lang='lat' dir='ltr'>divinis</span> <span class='ocrx_word' id='word_1_209' title='bbox 1305 2274 1720 2344; x_wconf 77' lang='lat' dir='ltr'>Nominibus</span> <span class='ocrx_word' id='word_1_210' title='bbox 1758 2274 2012 2343; x_wconf 87' lang='lat' dir='ltr'>librum</span> <span class='ocrx_word' id='word_1_211' title='bbox 2095 2274 2400 2364; x_wconf 88' lang='lat' dir='ltr'>raelegit,</span> <span class='ocrx_word' id='word_1_212' title='bbox 2435 2279 2572 2345; x_wconf 91' lang='lat' dir='ltr'>etT</span> <span class='ocrx_word' id='word_1_213' title='bbox 2627 2297 2704 2345; x_wconf 92' lang='lat'>0—</span> 
     </span>
     <span class='ocr_line' id='line_1_24' title="bbox 160 2361 2703 2462; baseline 0.002 -33"><span class='ocrx_word' id='word_1_214' title='bbox 160 2381 298 2429; x_wconf 87' lang='lat' dir='ltr'>mas</span> <span class='ocrx_word' id='word_1_215' title='bbox 339 2384 475 2431; x_wconf 90' lang='lat' dir='ltr'>non</span> <span class='ocrx_word' id='word_1_216' title='bbox 532 2361 837 2462; x_wconf 87' lang='lat' dir='ltr'>segniter</span> <span class='ocrx_word' id='word_1_217' title='bbox 882 2361 1338 2433; x_wconf 85' lang='lat' dir='ltr'>auscultabat.</span> <span class='ocrx_word' id='word_1_218' title='bbox 1391 2362 1636 2433; x_wconf 82' lang='lat' dir='ltr'>Aderat</span> <span class='ocrx_word' id='word_1_219' title='bbox 1679 2363 1775 2432; x_wconf 89' lang='lat' dir='ltr'>ibi</span> <span class='ocrx_word' id='word_1_220' title='bbox 1807 2364 1984 2433; x_wconf 89' lang='lat' dir='ltr'>inter</span> <span class='ocrx_word' id='word_1_221' title='bbox 2013 2386 2051 2431; x_wconf 92' lang='lat' dir='ltr'>a</span> <span class='ocrx_word' id='word_1_222' title='bbox 2085 2363 2186 2433; x_wconf 90' lang='lat' dir='ltr'>ios</span> <span class='ocrx_word' id='word_1_223' title='bbox 2214 2362 2499 2450; x_wconf 88' lang='lat' dir='ltr'>quidam</span> <span class='ocrx_word' id='word_1_224' title='bbox 2530 2361 2703 2434; x_wconf 90' lang='lat' dir='ltr'>bene</span> 
     </span>
     <span class='ocr_line' id='line_1_25' title="bbox 158 2446 2702 2539; baseline 0.003 -23"><span class='ocrx_word' id='word_1_225' title='bbox 158 2446 483 2532; x_wconf 80' lang='lat' dir='ltr'>literatuS,</span> <span class='ocrx_word' id='word_1_226' title='bbox 523 2473 647 2539; x_wconf 78' lang='lat' dir='ltr'>qui</span> <span class='ocrx_word' id='word_1_227' title='bbox 674 2472 833 2520; x_wconf 87' lang='lat' dir='ltr'>cum</span> <span class='ocrx_word' id='word_1_228' title='bbox 876 2450 1204 2521; x_wconf 87' lang='lat' dir='ltr'>Thomam</span> <span class='ocrx_word' id='word_1_229' title='bbox 1241 2450 1411 2523; x_wconf 90' lang='lat' dir='ltr'>adeo</span> <span class='ocrx_word' id='word_1_230' title='bbox 1451 2451 1709 2524; x_wconf 89' lang='lat' dir='ltr'>silentii</span> <span class='ocrx_word' id='word_1_231' title='bbox 1746 2452 2131 2524; x_wconf 89' lang='lat' dir='ltr'>studiosum</span> <span class='ocrx_word' id='word_1_232' title='bbox 2174 2464 2503 2535; x_wconf 90' lang='lat' dir='ltr'>cerneret,</span> <span class='ocrx_word' id='word_1_233' title='bbox 2539 2475 2702 2524; x_wconf 89' lang='lat' dir='ltr'>eum</span> 
     </span>
     <span class='ocr_line' id='line_1_26' title="bbox 159 2538 2702 2631; baseline 0.002 -25"><span class='ocrx_word' id='word_1_234' title='bbox 159 2538 381 2610; x_wconf 88' lang='lat' dir='ltr'>obtuso</span> <span class='ocrx_word' id='word_1_235' title='bbox 432 2540 722 2631; x_wconf 86' lang='lat' dir='ltr'>ingenio</span> <span class='ocrx_word' id='word_1_236' title='bbox 767 2553 833 2610; x_wconf 92' lang='lat' dir='ltr'>et</span> <span class='ocrx_word' id='word_1_237' title='bbox 878 2539 1104 2612; x_wconf 79' lang='lat' dir='ltr'>hebeti</span> <span class='ocrx_word' id='word_1_238' title='bbox 1151 2541 1574 2612; x_wconf 83' lang='lat' dir='ltr'>existimans.</span> <span class='ocrx_word' id='word_1_239' title='bbox 1649 2548 2185 2624; x_wconf 89' lang='lat' dir='ltr'>Percurramus‚</span> <span class='ocrx_word' id='word_1_240' title='bbox 2240 2541 2505 2629; x_wconf 85' lang='lat' dir='ltr'>inquit,</span> <span class='ocrx_word' id='word_1_241' title='bbox 2561 2541 2702 2613; x_wconf 89' lang='lat' dir='ltr'>sive</span> 
     </span>
     <span class='ocr_line' id='line_1_27' title="bbox 162 2629 2702 2731; baseline 0.002 -37"><span class='ocrx_word' id='word_1_242' title='bbox 162 2643 567 2717; x_wconf 85' lang='lat' dir='ltr'>repetamus,</span> <span class='ocrx_word' id='word_1_243' title='bbox 623 2650 802 2716; x_wconf 87' lang='lat' dir='ltr'>quae</span> <span class='ocrx_word' id='word_1_244' title='bbox 846 2629 933 2698; x_wconf 85' lang='lat' dir='ltr'>ab</span> <span class='ocrx_word' id='word_1_245' title='bbox 973 2629 1241 2699; x_wconf 82' lang='lat' dir='ltr'>Alberto</span> <span class='ocrx_word' id='word_1_246' title='bbox 1280 2631 1619 2721; x_wconf 88' lang='lat' dir='ltr'>praelecta</span> <span class='ocrx_word' id='word_1_247' title='bbox 1652 2645 1840 2702; x_wconf 89' lang='lat' dir='ltr'>sunt.</span> <span class='ocrx_word' id='word_1_248' title='bbox 1894 2631 2190 2701; x_wconf 87' lang='lat' dir='ltr'>Thomas</span> <span class='ocrx_word' id='word_1_249' title='bbox 2223 2652 2349 2731; x_wconf 89' lang='lat' dir='ltr'>pro</span> <span class='ocrx_word' id='word_1_250' title='bbox 2390 2652 2515 2700; x_wconf 88' lang='lat' dir='ltr'>sua</span> <span class='ocrx_word' id='word_1_251' title='bbox 2556 2653 2702 2700; x_wconf 88' lang='lat' dir='ltr'>mo-</span> 
     </span>
     <span class='ocr_line' id='line_1_28' title="bbox 161 2714 2697 2810; baseline 0 -23"><span class='ocrx_word' id='word_1_252' title='bbox 161 2714 354 2789; x_wconf 83' lang='lat' dir='ltr'>destia</span> <span class='ocrx_word' id='word_1_253' title='bbox 404 2719 711 2789; x_wconf 86' lang='lat' dir='ltr'>libenter</span> <span class='ocrx_word' id='word_1_254' title='bbox 755 2718 1025 2788; x_wconf 88' lang='lat' dir='ltr'>annuit.</span> <span class='ocrx_word' id='word_1_255' title='bbox 1064 2723 1251 2788; x_wconf 90' lang='lat' dir='ltr'>Inter</span> <span class='ocrx_word' id='word_1_256' title='bbox 1278 2720 1724 2810; x_wconf 81' lang='lat' dir='ltr'>repetendum</span> <span class='ocrx_word' id='word_1_257' title='bbox 1759 2731 1988 2790; x_wconf 90' lang='lat' dir='ltr'>autem</span> <span class='ocrx_word' id='word_1_258' title='bbox 2022 2742 2185 2790; x_wconf 90' lang='lat' dir='ltr'>cum</span> <span class='ocrx_word' id='word_1_259' title='bbox 2227 2719 2345 2789; x_wconf 79' lang='lat' dir='ltr'>ille</span> <span class='ocrx_word' id='word_1_260' title='bbox 2378 2719 2697 2789; x_wconf 89' lang='lat' dir='ltr'>nonnihil</span> 
     </span>
     <span class='ocr_line' id='line_1_29' title="bbox 153 2807 2700 2897; baseline 0.003 -25"><span class='ocrx_word' id='word_1_261' title='bbox 153 2819 419 2889; x_wconf 85' lang='lat' dir='ltr'>erraret,</span> <span class='ocrx_word' id='word_1_262' title='bbox 468 2830 513 2877; x_wconf 88' lang='lat' dir='ltr'>a</span> <span class='ocrx_word' id='word_1_263' title='bbox 543 2807 804 2877; x_wconf 86' lang='lat' dir='ltr'>Thoma</span> <span class='ocrx_word' id='word_1_264' title='bbox 840 2807 1240 2877; x_wconf 87' lang='lat' dir='ltr'>admonitus</span> <span class='ocrx_word' id='word_1_265' title='bbox 1270 2822 1394 2888; x_wconf 89' lang='lat' dir='ltr'>est,</span> <span class='ocrx_word' id='word_1_266' title='bbox 1435 2809 1634 2879; x_wconf 88' lang='lat' dir='ltr'>aliter</span> <span class='ocrx_word' id='word_1_267' title='bbox 1667 2809 2015 2879; x_wconf 82' lang='lat' dir='ltr'>Albertum</span> <span class='ocrx_word' id='word_1_268' title='bbox 2052 2809 2328 2888; x_wconf 86' lang='lat' dir='ltr'>sentire,</span> <span class='ocrx_word' id='word_1_269' title='bbox 2365 2830 2577 2897; x_wconf 90' lang='lat' dir='ltr'>quam</span> <span class='ocrx_word' id='word_1_270' title='bbox 2613 2809 2700 2879; x_wconf 90' lang='lat' dir='ltr'>ab</span> 
     </span>
     <span class='ocr_line' id='line_1_30' title="bbox 152 2893 2702 2999; baseline 0.002 -37"><span class='ocrx_word' id='word_1_271' title='bbox 152 2893 291 2985; x_wconf 86' lang='lat' dir='ltr'>ipso</span> <span class='ocrx_word' id='word_1_272' title='bbox 340 2907 731 2988; x_wconf 88' lang='lat' dir='ltr'>putaretur.</span> <span class='ocrx_word' id='word_1_273' title='bbox 786 2901 1093 2983; x_wconf 82' lang='lat' dir='ltr'>Cumque</span> <span class='ocrx_word' id='word_1_274' title='bbox 1139 2896 1257 2967; x_wconf 92' lang='lat' dir='ltr'>ille</span> <span class='ocrx_word' id='word_1_275' title='bbox 1303 2910 1594 2988; x_wconf 89' lang='lat' dir='ltr'>rogaret,</span> <span class='ocrx_word' id='word_1_276' title='bbox 1638 2910 1717 2967; x_wconf 88' lang='lat' dir='ltr'>ut</span> <span class='ocrx_word' id='word_1_277' title='bbox 1743 2897 1997 2969; x_wconf 82' lang='lat' dir='ltr'>Alberti</span> <span class='ocrx_word' id='word_1_278' title='bbox 2029 2898 2437 2968; x_wconf 89' lang='lat' dir='ltr'>sententiam</span> <span class='ocrx_word' id='word_1_279' title='bbox 2480 2895 2702 2999; x_wconf 85' lang='lat' dir='ltr'>expli-</span> 
     </span>
     <span class='ocr_line' id='line_1_31' title="bbox 147 2985 2699 3074; baseline 0.001 -21"><span class='ocrx_word' id='word_1_280' title='bbox 147 2999 344 3066; x_wconf 81' lang='lat' dir='ltr'>caret,</span> <span class='ocrx_word' id='word_1_281' title='bbox 400 2985 707 3055; x_wconf 86' lang='lat' dir='ltr'>Thomas</span> <span class='ocrx_word' id='word_1_282' title='bbox 746 2985 840 3055; x_wconf 88' lang='lat' dir='ltr'>ita</span> <span class='ocrx_word' id='word_1_283' title='bbox 871 2986 1276 3074; x_wconf 78' lang='lat' dir='ltr'>Dionysium</span> <span class='ocrx_word' id='word_1_284' title='bbox 1312 2986 1489 3057; x_wconf 85' lang='lat' dir='ltr'>inter</span> <span class='ocrx_word' id='word_1_285' title='bbox 1541 2997 1800 3056; x_wconf 87' lang='lat' dir='ltr'>retatus</span> <span class='ocrx_word' id='word_1_286' title='bbox 1829 2999 1952 3069; x_wconf 92' lang='lat' dir='ltr'>est,</span> <span class='ocrx_word' id='word_1_287' title='bbox 1991 2999 2069 3058; x_wconf 87' lang='lat' dir='ltr'>ut</span> <span class='ocrx_word' id='word_1_288' title='bbox 2105 2987 2454 3057; x_wconf 85' lang='lat' dir='ltr'>Albertum</span> <span class='ocrx_word' id='word_1_289' title='bbox 2491 2999 2699 3057; x_wconf 83' lang='lat' dir='ltr'>etlam</span> 
     </span>
     <span class='ocr_line' id='line_1_32' title="bbox 146 3072 2699 3163; baseline 0.002 -22"><span class='ocrx_word' id='word_1_290' title='bbox 146 3072 412 3145; x_wconf 83' lang='lat' dir='ltr'>vincere</span> <span class='ocrx_word' id='word_1_291' title='bbox 463 3073 835 3144; x_wconf 88' lang='lat' dir='ltr'>videretur.</span> <span class='ocrx_word' id='word_1_292' title='bbox 909 3075 1250 3145; x_wconf 89' lang='lat' dir='ltr'>Perlatum</span> <span class='ocrx_word' id='word_1_293' title='bbox 1301 3074 1429 3145; x_wconf 91' lang='lat' dir='ltr'>hoc</span> <span class='ocrx_word' id='word_1_294' title='bbox 1505 3074 1605 3144; x_wconf 91' lang='lat' dir='ltr'>uit</span> <span class='ocrx_word' id='word_1_295' title='bbox 1651 3074 1735 3144; x_wconf 84' lang='lat' dir='ltr'>ad</span> <span class='ocrx_word' id='word_1_296' title='bbox 1789 3075 1987 3146; x_wconf 88' lang='lat' dir='ltr'>illum</span> <span class='ocrx_word' id='word_1_297' title='bbox 2018 3129 2040 3157; x_wconf 89' lang='lat'>,</span> <span class='ocrx_word' id='word_1_298' title='bbox 2094 3098 2304 3163; x_wconf 90' lang='lat' dir='ltr'>quem</span> <span class='ocrx_word' id='word_1_299' title='bbox 2352 3075 2699 3146; x_wconf 89' lang='lat' dir='ltr'>studioso-</span> 
     </span>
     <span class='ocr_line' id='line_1_33' title="bbox 145 3163 2690 3255; baseline 0 -23"><span class='ocrx_word' id='word_1_300' title='bbox 145 3183 289 3232; x_wconf 83' lang='lat' dir='ltr'>rurn</span> <span class='ocrx_word' id='word_1_301' title='bbox 342 3163 763 3255; x_wconf 86' lang='lat' dir='ltr'>magistrum</span> <span class='ocrx_word' id='word_1_302' title='bbox 811 3174 1078 3243; x_wconf 86' lang='lat' dir='ltr'>vocant,</span> <span class='ocrx_word' id='word_1_303' title='bbox 1132 3163 1253 3251; x_wconf 90' lang='lat' dir='ltr'>qui</span> <span class='ocrx_word' id='word_1_304' title='bbox 1303 3177 1574 3254; x_wconf 89' lang='lat' dir='ltr'>postera</span> <span class='ocrx_word' id='word_1_305' title='bbox 1620 3163 1735 3234; x_wconf 91' lang='lat' dir='ltr'>die</span> <span class='ocrx_word' id='word_1_306' title='bbox 1781 3164 1867 3234; x_wconf 88' lang='lat' dir='ltr'>ad</span> <span class='ocrx_word' id='word_1_307' title='bbox 1903 3164 2130 3236; x_wconf 79' lang='lat' dir='ltr'>locum</span> <span class='ocrx_word' id='word_1_308' title='bbox 2164 3165 2343 3234; x_wconf 90' lang='lat' dir='ltr'>clam</span> <span class='ocrx_word' id='word_1_309' title='bbox 2378 3165 2690 3246; x_wconf 87' lang='lat' dir='ltr'>accessit,</span> 
     </span>
     <span class='ocr_line' id='line_1_34' title="bbox 142 3251 2698 3345; baseline 0 -24"><span class='ocrx_word' id='word_1_310' title='bbox 142 3251 256 3321; x_wconf 90' lang='lat' dir='ltr'>ubi</span> <span class='ocrx_word' id='word_1_311' title='bbox 287 3253 593 3323; x_wconf 87' lang='lat' dir='ltr'>Thomas</span> <span class='ocrx_word' id='word_1_312' title='bbox 624 3251 1151 3342; x_wconf 88' lang='lat' dir='ltr'>praelectionem</span> <span class='ocrx_word' id='word_1_313' title='bbox 1187 3252 1440 3323; x_wconf 80' lang='lat' dir='ltr'>Alberti</span> <span class='ocrx_word' id='word_1_314' title='bbox 1475 3253 1844 3345; x_wconf 89' lang='lat' dir='ltr'>repetebat,</span> <span class='ocrx_word' id='word_1_315' title='bbox 1884 3252 2388 3345; x_wconf 90' lang='lat' dir='ltr'>diligenterque</span> <span class='ocrx_word' id='word_1_316' title='bbox 2415 3253 2698 3324; x_wconf 84' lang='lat' dir='ltr'>auscul-</span> 
     </span>
     <span class='ocr_line' id='line_1_35' title="bbox 144 3340 2697 3428; baseline 0.002 -20"><span class='ocrx_word' id='word_1_317' title='bbox 144 3352 289 3410; x_wconf 84' lang='lat' dir='ltr'>tans</span> <span class='ocrx_word' id='word_1_318' title='bbox 318 3394 340 3421; x_wconf 87' lang='lat'>,</span> <span class='ocrx_word' id='word_1_319' title='bbox 397 3341 560 3428; x_wconf 89' lang='lat' dir='ltr'>ejus</span> <span class='ocrx_word' id='word_1_320' title='bbox 607 3342 677 3409; x_wconf 90' lang='lat' dir='ltr'>in</span> <span class='ocrx_word' id='word_1_321' title='bbox 729 3341 968 3412; x_wconf 88' lang='lat' dir='ltr'>enium</span> <span class='ocrx_word' id='word_1_322' title='bbox 1014 3354 1079 3411; x_wconf 87' lang='lat' dir='ltr'>et</span> <span class='ocrx_word' id='word_1_323' title='bbox 1126 3340 1510 3412; x_wconf 89' lang='lat' dir='ltr'>doctrinam</span> <span class='ocrx_word' id='word_1_324' title='bbox 1563 3342 1761 3413; x_wconf 89' lang='lat' dir='ltr'>valde</span> <span class='ocrx_word' id='word_1_325' title='bbox 1807 3342 2284 3412; x_wconf 88' lang='lat' dir='ltr'>admirabatur</span> <span class='ocrx_word' id='word_1_326' title='bbox 2317 3397 2333 3423; x_wconf 90' lang='lat'>‚</span> <span class='ocrx_word' id='word_1_327' title='bbox 2404 3363 2697 3428; x_wconf 86' lang='lat' dir='ltr'>moxque</span> 
     </span>
     <span class='ocr_line' id='line_1_36' title="bbox 146 3429 1206 3522; baseline -0.001 -24"><span class='ocrx_word' id='word_1_328' title='bbox 146 3449 277 3498; x_wconf 87' lang='lat' dir='ltr'>rem</span> <span class='ocrx_word' id='word_1_329' title='bbox 331 3442 548 3499; x_wconf 89' lang='lat' dir='ltr'>totam</span> <span class='ocrx_word' id='word_1_330' title='bbox 598 3429 669 3498; x_wconf 85' lang='lat' dir='ltr'>Al</span> <span class='ocrx_word' id='word_1_331' title='bbox 722 3440 869 3500; x_wconf 91' lang='lat' dir='ltr'>erto</span> <span class='ocrx_word' id='word_1_332' title='bbox 913 3429 1206 3522; x_wconf 87' lang='lat' dir='ltr'>aperuit.</span> 
     </span>
    </p>

    <p class='ocr_par' dir='ltr' id='par_1_3' title="bbox 144 3518 2696 4500">
     <span class='ocr_line' id='line_1_37' title="bbox 188 3518 2694 3674; baseline -0 -84"><span class='ocrx_word' id='word_1_333' title='bbox 188 3519 378 3674; x_wconf 43' lang='grc' dir='ltr'>[Ξῖ</span> <span class='ocrx_word' id='word_1_334' title='bbox 421 3524 564 3588; x_wconf 82' lang='lat' dir='ltr'>Non</span> <span class='ocrx_word' id='word_1_335' title='bbox 600 3518 725 3588; x_wconf 92' lang='lat' dir='ltr'>diu</span> <span class='ocrx_word' id='word_1_336' title='bbox 756 3532 908 3610; x_wconf 88' lang='lat' dir='ltr'>post</span> <span class='ocrx_word' id='word_1_337' title='bbox 939 3518 1255 3590; x_wconf 82' lang='lat' dir='ltr'>Albertus</span> <span class='ocrx_word' id='word_1_338' title='bbox 1289 3518 1358 3588; x_wconf 91' lang='lat' dir='ltr'>in</span> <span class='ocrx_word' id='word_1_339' title='bbox 1394 3519 1677 3610; x_wconf 86' lang='lat' dir='ltr'>publica</span> <span class='ocrx_word' id='word_1_340' title='bbox 1711 3518 2178 3610; x_wconf 88' lang='lat' dir='ltr'>disputatione</span> <span class='ocrx_word' id='word_1_341' title='bbox 2218 3518 2694 3606; x_wconf 87' lang='lat' dir='ltr'>quaestionem</span> 
     </span>
     <span class='ocr_line' id='line_1_38' title="bbox 144 3603 2694 3691; baseline 0.003 -20"><span class='ocrx_word' id='word_1_342' title='bbox 144 3603 203 3671; x_wconf 84' lang='lat' dir='ltr'>d·</span> <span class='ocrx_word' id='word_1_343' title='bbox 284 3607 495 3678; x_wconf 88' lang='lat' dir='ltr'>cilem</span> <span class='ocrx_word' id='word_1_344' title='bbox 548 3607 971 3679; x_wconf 85' lang='lat' dir='ltr'>tractandam</span> <span class='ocrx_word' id='word_1_345' title='bbox 1020 3630 1219 3680; x_wconf 86' lang='lat' dir='ltr'>susce</span> <span class='ocrx_word' id='word_1_346' title='bbox 1273 3608 1346 3678; x_wconf 89' lang='lat' dir='ltr'>it.</span> <span class='ocrx_word' id='word_1_347' title='bbox 1409 3609 1654 3679; x_wconf 78' lang='lat' dir='ltr'>Aderat</span> <span class='ocrx_word' id='word_1_348' title='bbox 1702 3609 1995 3679; x_wconf 88' lang='lat' dir='ltr'>Thomas</span> <span class='ocrx_word' id='word_1_349' title='bbox 2025 3664 2041 3691; x_wconf 93' lang='lat'>‚</span> <span class='ocrx_word' id='word_1_350' title='bbox 2096 3620 2162 3678; x_wconf 89' lang='lat' dir='ltr'>et</span> <span class='ocrx_word' id='word_1_351' title='bbox 2208 3608 2393 3677; x_wconf 90' lang='lat' dir='ltr'>dicta</span> <span class='ocrx_word' id='word_1_352' title='bbox 2442 3607 2694 3678; x_wconf 78' lang='lat' dir='ltr'>Alberti</span> 
     </span>
     <span class='ocr_line' id='line_1_39' title="bbox 146 3694 2694 3789; baseline 0.002 -29"><span class='ocrx_word' id='word_1_353' title='bbox 146 3694 362 3766; x_wconf 87' lang='lat' dir='ltr'>tenaci</span> <span class='ocrx_word' id='word_1_354' title='bbox 416 3697 749 3768; x_wconf 75' lang='lat' dir='ltr'>memoria</span> <span class='ocrx_word' id='word_1_355' title='bbox 788 3719 1172 3778; x_wconf 81' lang='lat' dir='ltr'>asservans,</span> <span class='ocrx_word' id='word_1_356' title='bbox 1260 3698 1461 3767; x_wconf 88' lang='lat' dir='ltr'>einde</span> <span class='ocrx_word' id='word_1_357' title='bbox 1491 3699 1749 3789; x_wconf 88' lang='lat' dir='ltr'>scripto</span> <span class='ocrx_word' id='word_1_358' title='bbox 1782 3696 2344 3789; x_wconf 84' lang='lat' dir='ltr'>comprehendit:</span> <span class='ocrx_word' id='word_1_359' title='bbox 2380 3695 2497 3766; x_wconf 90' lang='lat' dir='ltr'>sed</span> <span class='ocrx_word' id='word_1_360' title='bbox 2531 3719 2694 3766; x_wconf 90' lang='lat' dir='ltr'>cum</span> 
     </span>
     <span class='ocr_line' id='line_1_40' title="bbox 146 3784 2693 3877; baseline 0.002 -28"><span class='ocrx_word' id='word_1_361' title='bbox 146 3803 179 3849; x_wconf 89' lang='lat' dir='ltr'>e</span> <span class='ocrx_word' id='word_1_362' title='bbox 218 3784 548 3855; x_wconf 88' lang='lat' dir='ltr'>cubiculo</span> <span class='ocrx_word' id='word_1_363' title='bbox 598 3785 889 3856; x_wconf 85' lang='lat' dir='ltr'>festinus</span> <span class='ocrx_word' id='word_1_364' title='bbox 934 3786 1183 3867; x_wconf 88' lang='lat' dir='ltr'>exiret,</span> <span class='ocrx_word' id='word_1_365' title='bbox 1238 3787 1594 3869; x_wconf 86' lang='lat' dir='ltr'>chartula,</span> <span class='ocrx_word' id='word_1_366' title='bbox 1648 3789 1721 3857; x_wconf 89' lang='lat' dir='ltr'>in</span> <span class='ocrx_word' id='word_1_367' title='bbox 1768 3809 1906 3874; x_wconf 86' lang='lat' dir='ltr'>qua</span> <span class='ocrx_word' id='word_1_368' title='bbox 1953 3809 2034 3856; x_wconf 88' lang='lat' dir='ltr'>ea</span> <span class='ocrx_word' id='word_1_369' title='bbox 2081 3786 2574 3877; x_wconf 87' lang='lat' dir='ltr'>descripserat,</span> <span class='ocrx_word' id='word_1_370' title='bbox 2629 3785 2693 3855; x_wconf 91' lang='lat' dir='ltr'>ei</span> 
     </span>
     <span class='ocr_line' id='line_1_41' title="bbox 148 3872 2696 3963; baseline 0.002 -24"><span class='ocrx_word' id='word_1_371' title='bbox 148 3872 391 3944; x_wconf 83' lang='lat' dir='ltr'>excidit</span> <span class='ocrx_word' id='word_1_372' title='bbox 441 3874 794 3954; x_wconf 87' lang='lat' dir='ltr'>nescienti,</span> <span class='ocrx_word' id='word_1_373' title='bbox 848 3876 1259 3962; x_wconf 78' lang='lat' dir='ltr'>inventaque</span> <span class='ocrx_word' id='word_1_374' title='bbox 1298 3876 1386 3945; x_wconf 92' lang='lat' dir='ltr'>ab</span> <span class='ocrx_word' id='word_1_375' title='bbox 1425 3876 1560 3946; x_wconf 91' lang='lat' dir='ltr'>alio</span> <span class='ocrx_word' id='word_1_376' title='bbox 1593 3876 1921 3963; x_wconf 87' lang='lat' dir='ltr'>quodam,</span> <span class='ocrx_word' id='word_1_377' title='bbox 1966 3876 2052 3945; x_wconf 89' lang='lat' dir='ltr'>ad</span> <span class='ocrx_word' id='word_1_378' title='bbox 2092 3876 2439 3944; x_wconf 85' lang='lat' dir='ltr'>Albertum</span> <span class='ocrx_word' id='word_1_379' title='bbox 2487 3874 2696 3945; x_wconf 89' lang='lat' dir='ltr'>allata</span> 
     </span>
     <span class='ocr_line' id='line_1_42' title="bbox 150 3963 2694 4064; baseline 0.003 -37"><span class='ocrx_word' id='word_1_380' title='bbox 150 3974 259 4030; x_wconf 84' lang='lat' dir='ltr'>est.</span> <span class='ocrx_word' id='word_1_381' title='bbox 311 3963 449 4046; x_wconf 85' lang='lat' dir='ltr'>Qui</span> <span class='ocrx_word' id='word_1_382' title='bbox 494 3986 655 4034; x_wconf 91' lang='lat' dir='ltr'>cum</span> <span class='ocrx_word' id='word_1_383' title='bbox 707 3963 1004 4064; x_wconf 83' lang='lat' dir='ltr'>legisset,</span> <span class='ocrx_word' id='word_1_384' title='bbox 1058 3964 1367 4035; x_wconf 87' lang='lat' dir='ltr'>divinam</span> <span class='ocrx_word' id='word_1_385' title='bbox 1417 3965 1487 4034; x_wconf 91' lang='lat' dir='ltr'>in</span> <span class='ocrx_word' id='word_1_386' title='bbox 1538 3987 1619 4035; x_wconf 89' lang='lat' dir='ltr'>eo</span> <span class='ocrx_word' id='word_1_387' title='bbox 1668 3964 1987 4056; x_wconf 88' lang='lat' dir='ltr'>gratiam,</span> <span class='ocrx_word' id='word_1_388' title='bbox 2039 3985 2330 4051; x_wconf 89' lang='lat' dir='ltr'>eamque</span> <span class='ocrx_word' id='word_1_389' title='bbox 2378 3963 2694 4055; x_wconf 89' lang='lat' dir='ltr'>singula-</span> 
     </span>
     <span class='ocr_line' id='line_1_43' title="bbox 157 4051 2691 4145; baseline 0.002 -29"><span class='ocrx_word' id='word_1_390' title='bbox 157 4067 308 4132; x_wconf 86' lang='lat' dir='ltr'>rem,</span> <span class='ocrx_word' id='word_1_391' title='bbox 360 4051 870 4123; x_wconf 83' lang='lat' dir='ltr'>animadvertit.</span> <span class='ocrx_word' id='word_1_392' title='bbox 925 4058 1159 4141; x_wconf 90' lang='lat' dir='ltr'>Itaque</span> <span class='ocrx_word' id='word_1_393' title='bbox 1195 4054 1433 4145; x_wconf 85' lang='lat' dir='ltr'>jussit.</span> <span class='ocrx_word' id='word_1_394' title='bbox 1488 4067 1563 4124; x_wconf 91' lang='lat' dir='ltr'>ut</span> <span class='ocrx_word' id='word_1_395' title='bbox 1610 4054 1683 4122; x_wconf 90' lang='lat' dir='ltr'>in</span> <span class='ocrx_word' id='word_1_396' title='bbox 1735 4053 2049 4144; x_wconf 80' lang='lat' dir='ltr'>proxima</span> <span class='ocrx_word' id='word_1_397' title='bbox 2096 4053 2561 4144; x_wconf 86' lang='lat' dir='ltr'>disputatione</span> <span class='ocrx_word' id='word_1_398' title='bbox 2604 4052 2691 4122; x_wconf 89' lang='lat' dir='ltr'>ad</span> 
     </span>
     <span class='ocr_line' id='line_1_44' title="bbox 157 4140 2694 4234; baseline 0.001 -26"><span class='ocrx_word' id='word_1_399' title='bbox 157 4140 610 4234; x_wconf 66' lang='lat' dir='ltr'>quaestionem</span> <span class='ocrx_word' id='word_1_400' title='bbox 660 4163 797 4213; x_wconf 87' lang='lat' dir='ltr'>non</span> <span class='ocrx_word' id='word_1_401' title='bbox 847 4143 1065 4213; x_wconf 87' lang='lat' dir='ltr'>cuivis</span> <span class='ocrx_word' id='word_1_402' title='bbox 1111 4143 1383 4212; x_wconf 86' lang='lat' dir='ltr'>obviam</span> <span class='ocrx_word' id='word_1_403' title='bbox 1434 4142 1733 4212; x_wconf 89' lang='lat' dir='ltr'>Thomas</span> <span class='ocrx_word' id='word_1_404' title='bbox 1782 4142 2245 4233; x_wconf 82' lang='lat' dir='ltr'>responderet.</span> <span class='ocrx_word' id='word_1_405' title='bbox 2328 4142 2449 4213; x_wconf 93' lang='lat' dir='ltr'>Ille</span> <span class='ocrx_word' id='word_1_406' title='bbox 2500 4142 2694 4232; x_wconf 90' lang='lat' dir='ltr'>prin—</span> 
     </span>
     <span class='ocr_line' id='line_1_45' title="bbox 159 4226 2693 4322; baseline 0.002 -28"><span class='ocrx_word' id='word_1_407' title='bbox 159 4226 321 4319; x_wconf 73' lang='lat' dir='ltr'>cipio</span> <span class='ocrx_word' id='word_1_408' title='bbox 367 4231 709 4301; x_wconf 85' lang='lat' dir='ltr'>recusavit</span> <span class='ocrx_word' id='word_1_409' title='bbox 756 4253 918 4322; x_wconf 90' lang='lat' dir='ltr'>prae</span> <span class='ocrx_word' id='word_1_410' title='bbox 966 4232 1376 4301; x_wconf 88' lang='lat' dir='ltr'>verecundia</span> <span class='ocrx_word' id='word_1_411' title='bbox 1422 4245 1488 4302; x_wconf 92' lang='lat' dir='ltr'>et</span> <span class='ocrx_word' id='word_1_412' title='bbox 1537 4231 1950 4312; x_wconf 88' lang='lat' dir='ltr'>humilitate,</span> <span class='ocrx_word' id='word_1_413' title='bbox 2003 4229 2122 4300; x_wconf 92' lang='lat' dir='ltr'>sed</span> <span class='ocrx_word' id='word_1_414' title='bbox 2171 4253 2328 4300; x_wconf 86' lang='lat' dir='ltr'>cum</span> <span class='ocrx_word' id='word_1_415' title='bbox 2378 4230 2693 4301; x_wconf 84' lang='lat' dir='ltr'>Albertus</span> 
     </span>
     <span class='ocr_line' id='line_1_46' title="bbox 166 4319 2685 4409; baseline 0.002 -26"><span class='ocrx_word' id='word_1_416' title='bbox 166 4327 433 4386; x_wconf 72' lang='lat' dir='ltr'>nnstaret</span> <span class='ocrx_word' id='word_1_417' title='bbox 462 4372 478 4398; x_wconf 92' lang='lat'>,</span> <span class='ocrx_word' id='word_1_418' title='bbox 528 4321 731 4391; x_wconf 88' lang='lat' dir='ltr'>cessit</span> <span class='ocrx_word' id='word_1_419' title='bbox 779 4319 1154 4391; x_wconf 89' lang='lat' dir='ltr'>humiliter.</span> <span class='ocrx_word' id='word_1_420' title='bbox 1210 4327 1377 4391; x_wconf 79' lang='lat' dir='ltr'>Cum</span> <span class='ocrx_word' id='word_1_421' title='bbox 1428 4332 1657 4390; x_wconf 88' lang='lat' dir='ltr'>autem</span> <span class='ocrx_word' id='word_1_422' title='bbox 1712 4343 1848 4390; x_wconf 89' lang='lat' dir='ltr'>non</span> <span class='ocrx_word' id='word_1_423' title='bbox 1899 4333 2127 4390; x_wconf 88' lang='lat' dir='ltr'>tamen</span> <span class='ocrx_word' id='word_1_424' title='bbox 2177 4342 2305 4390; x_wconf 91' lang='lat' dir='ltr'>suo</span> <span class='ocrx_word' id='word_1_425' title='bbox 2354 4319 2634 4409; x_wconf 88' lang='lat' dir='ltr'>ingenio</span> <span class='ocrx_word' id='word_1_426' title='bbox 2668 4373 2685 4398; x_wconf 85' lang='lat'>,</span> 
     </span>
     <span class='ocr_line' id='line_1_47' title="bbox 167 4404 2686 4500; baseline -0 -24"><span class='ocrx_word' id='word_1_427' title='bbox 167 4419 351 4485; x_wconf 74' lang='lat' dir='ltr'>quam</span> <span class='ocrx_word' id='word_1_428' title='bbox 400 4404 633 4488; x_wconf 77' lang='lat' dir='ltr'>divina</span> <span class='ocrx_word' id='word_1_429' title='bbox 681 4409 899 4500; x_wconf 65' lang='lat' dir='ltr'>gratia</span> <span class='ocrx_word' id='word_1_430' title='bbox 951 4410 1301 4493; x_wconf 87' lang='lat' dir='ltr'>niteretur,</span> <span class='ocrx_word' id='word_1_431' title='bbox 1356 4410 1443 4480; x_wconf 90' lang='lat' dir='ltr'>ad</span> <span class='ocrx_word' id='word_1_432' title='bbox 1492 4410 1999 4481; x_wconf 84' lang='lat' dir='ltr'>obsecrandum</span> <span class='ocrx_word' id='word_1_433' title='bbox 2038 4409 2408 4479; x_wconf 87' lang='lat' dir='ltr'>Dominum</span> <span class='ocrx_word' id='word_1_434' title='bbox 2446 4413 2686 4476; x_wconf 86' lang='lat' dir='ltr'>Jesum</span> 
     </span>
    </p>
   </div>
  </div>
 </body>
</html>
