3327 4999
695 315 822 381 344
1487 331 1568 380 nr:
1615 335 1673 382 s.
1725 333 2012 383 Ansssmo
2057 333 2257 383 muse.
2762 316 3008 382 MART.
3063 317 3145 383 ⁴3

596 412 925 484 ecclesiae
969 411 1320 503 fungendo
1386 413 1959 504 conjungeretur,
2016 416 2391 486 accersitus
2435 425 2560 486 est.
2617 414 2808 484 Unde
2854 415 3141 485 Alexan-

598 501 852 586 drum,
905 523 1064 572 cum
1133 514 1460 589 tanquam
1522 502 1754 572 divino
1800 503 2101 589 quodam
2176 502 2456 574 oraculo
2527 525 2608 573 ex
2657 503 3142 593 Cappadocum

594 614 669 662 re
720 592 896 672 ione,
949 590 1070 660 ubi
1122 591 1425 681 primum
1476 591 1546 660 in
1585 592 2021 682 episcopatus
2052 592 2276 681 gradu
2324 591 2568 662 fuisset
2607 591 2892 674 locatus,
2942 598 3143 662 Jerc-

592 702 666 751 so
696 702 932 771 ymam
983 692 1127 749 tum
1177 679 1334 759 voti,
1389 692 1534 750 tum
1578 680 1883 751 locorum
1922 680 2362 750 visendorum
2412 683 2622 752 causa
2668 682 3134 763 contenderez,

589 768 781 839 illius
827 767 1155 839 ecclesiae
1209 768 1451 839 fratres
1497 791 1655 838 eum
1715 770 2068 860 excipiunt
2131 769 2631 861 benignissime
2690 784 2756 840 et
2803 793 2940 841 non
2990 793 3142 840 am-

587 857 774 948 plius
804 859 1089 927 domum
1143 858 1383 928 reverti
1432 859 1862 949 permittunt:
1917 858 2125 945 idque
2189 872 2466 949 propter
2525 859 2734 927 aliam
2783 859 3142 931 revelatio-

586 968 771 1028 nem,
825 946 996 1037 ipsis
1026 946 1260 1016 itidem
1301 962 1507 1017 noctu
1536 948 1793 1027 visam;
1845 969 2022 1034 quae
2065 948 2371 1034 quidem,
2411 969 2572 1018 voce
2617 947 3140 1021 evidentissima

585 1033 891 1126 profusa,
945 1036 1045 1104 eis
1091 1036 1212 1123 qui
1253 1049 1446 1107 erant
1492 1037 1671 1106 inter
1720 1036 1873 1106 illos
1919 1037 2006 1107 ob
2055 1036 2374 1106 virtutem
2412 1036 2920 1127 spectatissimi,
2976 1060 3136 1127 per-

589 1123 830 1214 spicue
863 1123 1299 1213 significavit,
1351 1137 1428 1194 ut
1455 1139 1641 1194 extra
1692 1139 1922 1216 portas
1968 1125 2260 1196 civitatis
2317 1126 2599 1215 egressi,
2654 1147 2814 1195 eum
2862 1126 3136 1217 episco-

589 1234 759 1371 pum
808 1212 1245 1283 admitterent
1289 1213 1411 1300 qui
1457 1214 1630 1305 ipsis
1678 1238 1717 1283 a
1769 1219 1898 1283 Deo
1957 1227 2156 1284 antea
2203 1214 2604 1315 designatus
2646 1226 2812 1284 erat.
2851 1220 3000 1298 Quo
3051 1214 3138 1285 ad

646 1323 783 1372 unc
835 1301 1118 1370 modum
1158 1314 1367 1403 gesto,
1420 1302 1978 1393 Jerosolymitani
2035 1326 2390 1372 communi
2438 1303 2920 1394 episcoporum
2971 1326 3139 1374 con-

590 1413 808 1461 sensu
836 1389 955 1476 qui
1006 1390 1337 1460 finitimas
1383 1392 1709 1463 ecclesias
1743 1392 2225 1481 procurabant,
2265 1392 2647 1463 necessario
2699 1392 2896 1461 illum
2946 1392 3138 1483 apud

592 1501 666 1551 se
712 1501 992 1548 manere
1030 1483 1422 1570 coegerunt.
1478 1480 1668 1549 Idem
1719 1481 1862 1569 ipse
1910 1480 2283 1550 Alexander
2317 1482 2384 1550 in
2435 1481 2581 1551 suis
2610 1480 2918 1570 epistolis
2961 1503 3142 1567 quas

594 1568 681 1638 ad
733 1567 1108 1639 Antinoltas
1156 1568 1431 1658 scripsit
1478 1591 1788 1656 quaeque
1845 1569 2073 1638 adhuc
2120 1570 2305 1660 apud
2357 1592 2481 1639 nos
2527 1581 2777 1651 extant,
2839 1570 3143 1640 Narcissi

591 1654 893 1757 collegae
964 1656 1073 1727 sui
1133 1656 1204 1725 in
1275 1656 1698 1747 praefectura
1771 1656 2096 1727 ecclesiae
2166 1658 2778 1749 Jerosolymitanae
2836 1659 3146 1749 gerenda

594 1756 1011 1815 mentionem
1063 1743 1273 1827 facit,
1336 1745 1466 1815 ista
1517 1746 1583 1815 in
1635 1759 1936 1815 extrema
1983 1746 2102 1816 illa
2158 1747 2446 1838 epistola
2495 1748 2580 1816 ad
2633 1747 2912 1816 verbum
2971 1747 3143 1818 scri-

590 1833 803 1903 bens:
838 1833 1142 1903 «Salutat
1189 1855 1303 1903 vos
1333 1836 1691 1905 Narcissus
1737 1835 1858 1921 qui
1907 1834 2019 1905 hic
2053 1848 2210 1905 ante
2258 1859 2368 1906 me
2413 1836 2850 1926 episcopatus
2900 1834 3138 1906 locum

592 1923 974 2012 occupavit,
1018 1934 1083 1992 et
1129 1935 1404 1992 centum
1443 1924 1592 2013 jam
1640 1935 1706 1992 et
1752 1923 2049 1994 sedecim
2092 1947 2312 1996 annos
2365 1939 2929 2027 praetergressuS‚
3000 1947 3143 1994 me·

593 2034 756 2082 cum
806 2011 874 2079 in
910 2011 1149 2081 eodem
1202 2012 1578 2083 ministerio
1625 2013 2061 2100 quorundam
2129 2014 2450 2104 precibus
2497 2026 2911 2115 conjunctus
2959 2012 3133 2083 fuit:

591 2100 713 2189 qui
733 2101 1045 2170 obsecrat
1076 2123 1216 2179 vos,
1243 2114 1319 2170 ut
1341 2101 1519 2171 idem
1546 2124 1776 2171 meum
1809 2103 2117 2172 sentiatis
2136 2102 2512 2189 eademque
2534 2103 2682 2173 sitis
2716 2103 3135 2173 voluntate.»

680 2192 717 2275 ξ
787 2195 874 2260 2.
928 2189 1300 2259 Alexander
1344 2190 1958 2282 Jerosolymitanae
2003 2191 2330 2261 ecclesiae
2377 2192 2844 2292 episcopusin
2899 2191 3141 2261 Palae-

594 2277 774 2347 stina
821 2300 1088 2357 rursus,
1139 2279 1261 2348 ubi
1310 2285 1671 2351 Caesareae
1722 2294 1995 2371 propter
2024 2281 2367 2351 Christum
2422 2281 2755 2370 praesidis
2801 2279 3138 2350 tribunali

596 2366 888 2436 stetisset
923 2380 989 2437 et
1050 2390 1371 2459 magnam
1435 2368 1677 2439 suisset
1722 2392 1803 2439 ex
1877 2370 2183 2439 secunda
2256 2368 2417 2438 fidei
2465 2391 2631 2439 suae
2700 2368 3138 2439 confessione

595 2456 1261 2527 commendationem
1310 2458 1640 2549 adeptus,
1687 2458 1834 2546 jam
1885 2471 2185 2529 extrema
2240 2470 2586 2529 senectute
2632 2467 2697 2528 et
2743 2457 3148 2530 veneranda

595 2544 802 2635 plane
847 2545 1095 2615 canitie
1125 2547 1443 2627 eximius,
1495 2548 1791 2617 carceris
1820 2547 2130 2618 cruciatu
2161 2548 2390 2617 denuo
2419 2548 2781 2617 afflictatus
2827 2558 2952 2617 est.
2989 2554 3143 2631 Quo

592 2633 899 2721 quidem,
954 2646 1106 2726 post
1153 2636 1579 2725 praeclarum
1613 2649 1678 2705 et
1710 2635 1974 2705 illustre
2007 2637 2474 2715 testimonium
2516 2636 2674 2705 fidei
2709 2636 3144 2707 Christianae

595 2723 933 2812 praesulis
983 2723 1313 2793 tribunali
1344 2723 1847 2805 datum,morte
1894 2725 1964 2793 in
1999 2747 2270 2794 carcere
2316 2725 2694 2815 consopito,
2735 2726 3147 2800 Mazabanes

594 2833 949 2884 successor
992 2813 1142 2902 ejus
1190 2812 1262 2882 in
1309 2813 1710 2903 episcopatu
1753 2813 2327 2904 Jerosolymitano
2365 2813 2775 2884 declaratur.

1116 3087 1193 3191 S.
1247 3089 1697 3190 ANSELMI
1754 3089 2250 3193 LUCENSIS
2300 3090 2614 3193 EPlSC.

1656 3350 1760 3416 EN
1767 3350 2084 3416 COMIUM

1369 3528 1449 3575 nx
1494 3528 1850 3577 uENoLoffio
1897 3526 2307 3578 nssnssmcrmo
2330 3506 2365 3542 ⁴²

912 3683 1364 3742 consecratus
1405 3699 1583 3743 anno
1622 3688 1804 3755 1073,
1847 3686 2019 3772 obiit
2058 3688 2219 3743 1086
2244 3715 2323 3728 -—
2364 3688 2522 3746 Nat.
2566 3687 2815 3745 Italae.

681 3876 719 3961 ἓ
763 3879 843 3945 1.
894 3875 1257 3947 Anselmus
1294 3876 1515 3967 patria
1563 3882 1998 3959 Mantuanus,
2053 3882 2428 3947 Lucensem
2467 3877 2950 3949 Pontificatum
2999 3879 3148 3949 vir-

596 3971 734 4033 tute
782 3964 1053 4045 meruit,
1107 3966 1461 4036 sanctitate
1508 3967 1878 4049 exornavit,
1934 3966 2151 4036 multo
2198 3966 2477 4035 nomine
2510 3966 2596 4035 de
2627 3965 2930 4037 Ecclesia
2975 3970 3148 4038 uni-

594 4073 786 4124 versa
836 4053 1343 4127 meritissimus.
1398 4060 1566 4125 Eum
1622 4056 1989 4147 Gregorius
2037 4060 2152 4124 VII
2218 4061 2408 4138 Pont.
2463 4060 2631 4124 Max.
2693 4061 2956 4147 Regum
3009 4068 3148 4126 ter-

590 4162 730 4227 ror,
761 4140 1367 4214 Schismaticorum
1397 4143 1712 4225 malleus,
1751 4144 1919 4215 tanti
1949 4143 2129 4227 fecit,
2147 4155 2225 4215 ut
2252 4143 2681 4235 gravissimis
2700 4144 2770 4213 in
2794 4144 3147 4217 Ecclesiae

640 4339 667 4366 ¹·
697 4339 922 4381 surianae
940 4340 1218 4382 collectioni
1237 4342 1325 4383 hoc
1346 4343 1489 4384 breve
1507 4344 1715 4394 elogium
1743 4343 2006 4384 addendum
2036 4344 2313 4394 selegimusz
2347 4345 2448 4383 Vita
2487 4343 2630 4389 enim.
2657 4353 2800 4394 quam
2835 4343 3145 4385 Bollmdtsta

590 4393 830 4440 exhibent.
849 4405 876 4434 a
894 4395 1152 4434 domestico
1175 4396 1219 4436 8.
1239 4398 1449 4436 Amelmi
1469 4398 1751 4446 Presbytero
1768 4395 1874 4437 tus&
1893 4399 2166 4438 narratione
2183 4398 2459 4447 conscripta.
2477 4397 2594 4437 fines
2615 4407 2700 4438 no·
2712 4397 3048 4438 transcendere
3061 4407 3145 4438 co·

590 4449 723 4498 geret
740 4448 928 4498 quibus,
947 4449 1123 4500 absque
1141 4449 1269 4490 Snru
1288 4451 1592 4502 detrimento,
1611 4452 1746 4493 decet
1764 4452 1928 4492 nostra
1947 4452 2064 4492 haec
2080 4451 2325 4493 volumina
2342 4450 2589 4494 contineri.
