3327 4999
662 322 788 385 488
1373 340 1452 386 me
1499 339 1553 384 s,
1611 333 2032 384 nssnntanno
2079 331 2320 380 ABBATE
2728 318 2975 383 MART.
3034 320 3132 384 25

573 420 888 577 lnotitiam
922 418 1462 510 perferebantur,
1517 418 2042 508 magnificarent
2089 426 2349 506 patrem
2400 434 2637 485 eorum
2688 418 2806 504 qui
2855 418 2926 486 in
2969 440 3132 488 coe-

602 532 660 580 ls
690 520 815 580 est.

671 606 708 679 ἓ
759 602 852 668 θ.
909 603 1108 668 Nocte
1154 597 1454 685 quadam
1507 597 1608 665 vir
1655 607 1935 666 sanctus
1994 617 2116 685 pro
2164 617 2291 666 sua
2343 595 2839 668 consuetudine
2887 597 2954 664 in
3008 618 3131 667 ec-

573 688 785 757 clesia
837 691 901 755 S.
951 686 1125 756 Petri
1175 686 1470 777 Apostoli
1520 687 1793 755 divinae
1845 684 2406 775 contemplationi
2463 689 2786 765 intentus,
2841 687 3124 756 Abbatis

568 776 957 857 Maurenti‚
1013 776 1143 845 viri
1189 775 1384 845 valde
1451 774 1858 847 venerabilis
1896 830 1910 854 ‚
1975 774 2277 843 animam
2347 798 2383 844 e
2432 776 2843 847 monasterio
2895 777 3119 846 sancti

573 865 900 935 Florentii
944 866 1127 951 quod
1178 865 1513 935 Glannam
1564 877 1828 945 vocant,
1864 864 1951 933 ab
1983 864 2289 932 Antrensi
2339 863 2668 935 coenobio
2714 864 2801 933 ad
2834 864 3122 955 triginta
3194 867 3205 877 '

570 955 869 1024 distante
904 954 1254 1035 milliaria,
1302 954 1601 1025 ducibus
1650 953 1938 1043 angeliS,
1993 952 2228 1022 relicto
2275 966 2581 1045 corpore,
2621 953 2920 1044 migrare
2948 955 3121 1024 vidit

571 1043 657 1113 ad
696 1044 943 1113 coelos.
1000 1048 1303 1131 Cumque
1352 1045 1420 1112 in
1472 1065 1620 1114 eam
1668 1043 1790 1113 diu
1823 1041 2059 1113 oculos
2106 1042 2474 1125 defixisset,
2530 1043 2727 1133 signo
2775 1042 2933 1112 dato
2982 1044 3119 1113 fra-

565 1148 701 1205 tres
749 1134 1182 1214 convocavit,
1227 1133 1574 1221 jussitque
1629 1146 1706 1203 ut
1756 1130 2087 1201 Maurenti
2135 1131 2411 1202 Abbatis
2458 1134 2763 1202 animam
2815 1134 3109 1203 Domino

568 1223 1155 1293 commendarent.
1214 1228 1541 1292 Fecerunt
1590 1222 1718 1291 hoc
1767 1221 1867 1290 illi
1915 1220 2196 1308 quidem
2245 1236 2562 1314 prompta
2595 1234 2660 1291 et
2699 1220 2911 1309 alacri
2950 1223 3114 1292 obe-

566 1312 868 1382 dientia:
922 1322 989 1381 at
1037 1312 1472 1382 mirabantur
1514 1323 1764 1389 tamen,
1803 1332 1961 1379 cum
1996 1309 2172 1379 inter
2202 1323 2575 1400 utrumque
2616 1312 3110 1382 monasterium

568 1414 706 1471 tam
741 1401 944 1493 longa
980 1401 1243 1471 itineris
1292 1402 1510 1492 spatia
1561 1399 2005 1479 intercedant,
2060 1419 2360 1486 quonam
2399 1414 2596 1492 pacto
2647 1401 2750 1468 vir
2798 1401 2915 1469 Dei
2961 1402 3112 1471 ani-

566 1513 749 1560 mam
802 1492 952 1591 ejus
999 1512 1034 1559 e
1073 1512 1192 1559 cor
1242 1512 1357 1558 ore
1391 1490 1757 1565 abeuntem
1806 1488 2036 1557 videre
2085 1490 2402 1577 potuerit.
2459 1496 2540 1560 Ut
2569 1491 2783 1581 igitur
2837 1489 2925 1559 de
2971 1504 3107 1560 tota

566 1602 638 1650 re
685 1592 1005 1649 certiores
1050 1580 1162 1647 red
1220 1591 1518 1660 crentur,
1574 1579 1921 1648 hominem
1964 1577 2280 1669 ablegare
2311 1591 2605 1649 statuere
2634 1580 2754 1666 qui
2786 1578 2871 1648 de
2917 1581 3130 1649 obitu·

567 1669 902 1738 Maurenti
950 1668 1227 1739 Abbatis
1274 1669 1672 1755 inquireret.
1729 1672 1895 1736 Ecce
1944 1679 2168 1736 autem
2222 1667 2475 1738 adsunt
2517 1669 2758 1738 fratres
2804 1690 2841 1737 e
2891 1669 3104 1739 sancti

567 1757 890 1827 Florentii
941 1757 1377 1839 monasteriO,
1432 1779 1769 1843 suamque
1819 1755 2163 1846 plorantes
2210 1758 2618 1839 orbitatem,
2675 1757 2953 1828 Abbatis
3000 1759 3109 1828 sui

566 1869 919 1917 excessum
985 1847 1344 1915 nunciant.
1395 1846 1824 1915 Adhibebant
1882 1858 2109 1915 autem
2160 1844 2299 1915 illis
2364 1852 2725 1917 Antrenses
2787 1847 3108 1916 monachi

565 1932 905 2006 fraternae
952 1935 1441 2005 consolationis
1488 1936 1600 2026 pia
1649 1935 1995 2015 fomenta,
2050 1935 2396 2021 simulque
2447 1959 2583 2023 qua
2644 1937 2811 2006 hora
2859 1936 3108 2004 defun-

566 2038 718 2095 ctus
766 2035 944 2095 esset
1009 2025 1251 2105 abbas,
1323 2026 1922 2115 percontabantur.
1977 2029 2191 2107 Quam
2246 2047 2409 2095 sane
2456 2026 2767 2095 eamdem
2825 2026 3108 2095 omnino

567 2115 782 2185 fuisse
830 2113 1224 2185 didicerunt
1269 2136 1408 2202 qua
1441 2114 1526 2183 ab
1576 2114 1828 2184 Abbate
1877 2136 2001 2184 suo
2051 2115 2509 2184 Hermelando
2555 2137 2713 2184 eum
2775 2114 3108 2205 migrasse

567 2204 954 2274 audierant.
1135 2214 1139 2222 “

653 2296 689 2381 ἓ
773 2297 927 2365 10.
984 2293 1277 2383 Contigit
1321 2293 1739 2380 quandoque
1787 2292 2007 2361 virum
2072 2292 2186 2361 Dei
2235 2315 2394 2362 cum
2456 2292 2718 2380 aliquot
2776 2293 3107 2363 fratribus

570 2384 695 2452 iter
744 2382 993 2452 habere
1035 2405 1156 2472 per
1202 2387 1697 2453 Nannetensem
1752 2402 2032 2482 pagum.
2092 2386 2280 2451 Forte
2328 2393 2471 2451 tum
2518 2382 2654 2452 illis
2693 2382 2966 2451 obviam
3005 2406 3109 2451 ve-

566 2473 668 2543 nit
715 2471 1053 2543 Arnoldus
1092 2471 1399 2560 quidam,
1439 2471 1649 2542 multa
1703 2471 2033 2563 dignitate
2063 2470 2433 2559 multisque
2471 2471 2730 2543 divitiis
2781 2471 3101 2563 insignis,

565 2586 815 2653 magna
852 2563 1370 2648 obsequentium
1422 2563 1622 2632 turba
1658 2561 1971 2651 stipatus.
2018 2560 2108 2629 Ad
2152 2583 2309 2630 eum
2361 2561 2621 2652 prolixe
2669 2574 2817 2632 tum
2869 2584 2904 2630 e
2932 2562 3105 2630 scri—

563 2652 786 2742 pturis
833 2652 1086 2721 divinis
1161 2673 1545 2720 sermonem
1617 2651 1858 2720 habuit
1904 2651 2006 2719 vir
2039 2663 2356 2732 sanctuS,
2419 2673 2457 2719 o
2506 2651 2697 2720 timis
2757 2673 2915 2720 eum
2962 2673 3104 2722 ser-

565 2742 888 2811 monibus
936 2741 1321 2810 insti‘tuens.
1379 2741 1469 2810 lis
1498 2741 1642 2829 jam
1688 2740 1923 2820 finitis,
1977 2739 2147 2808 dixit
2182 2739 2306 2808 uni
2359 2761 2397 2808 e
2475 2741 2826 2811 ratribus:
2881 2746 3107 2810 «Hac-

563 2843 764 2900 tenus
840 2829 1119 2917 quidem
1174 2850 1293 2920 pro
1363 2829 1690 2919 ingenloli
1764 2828 1972 2899 nostri
2043 2829 2364 2897 tenuitate
2434 2829 2594 2898 huic
2650 2829 2907 2898 illustri
2962 2831 3104 2898 viro

562 2918 942 3010 spiritalem
985 2917 1531 2986 ministravimus
1581 2929 1856 3008 potum:
1911 2929 1977 2986 at
2029 2939 2214 2985 nunc
2278 2930 2614 3007 superest,
2652 2928 2728 2988 ut
2785 2917 3106 2988 hortante

561 3031 686 3077 nos
734 3006 1084 3087 charitate,
1139 3006 1559 3098 corporalem
1610 3007 1815 3076 etiam
1853 3006 2104 3097 pariter
2146 3028 2580 3078 sumamus.»
2621 3008 3105 3096 Respondente

560 3098 810 3175 fratre,
870 3096 1310 3186 perexiguum
1371 3095 1512 3165 illic
1553 3097 1691 3164 vini
1726 3096 1986 3175 adesse,
2041 3095 2361 3182 quodque
2412 3096 2518 3165 vix
2555 3096 2873 3165 heminae
2917 3119 3103 3165 men-

562 3206 792 3257 suram
844 3183 1225 3253 excederet:
1298 3184 1658 3275 hocipsum
1714 3185 1815 3252 vir
1860 3197 2136 3254 sanctus
2187 3185 2398 3272 jussit
2443 3185 2732 3265 adferri,
2790 3186 2858 3253 in
2913 3185 3103 3255 illius

562 3275 808 3344 virtute
854 3274 1206 3343 confidens
1252 3274 1368 3360 qui
1419 3274 1726 3361 quinque
1761 3275 2081 3363 panibu5‚
2113 3275 2420 3361 quinque
2469 3274 2837 3343 hominum
2879 3274 3101 3343 millia

563 3363 839 3433 abunde
887 3361 1138 3432 refecit.
1178 3363 1389 3432 Allato
1441 3363 1618 3443 vino,
1685 3363 1960 3453 signum
2013 3363 2239 3432 crucis
2287 3385 2365 3432 ex
2423 3363 2641 3444 ressit‚
2697 3364 3100 3455 porrigique

553 3452 765 3544 jussit
812 3450 1103 3521 Arnoldo
1136 3474 1340 3539 quem
1376 3451 1699 3532 diximus,
1740 3452 2142 3538 cunctisque
2182 3452 2300 3538 qui
2328 3452 2371 3520 il
2409 3475 2527 3522 um
2560 3452 3093 3522 comitabantur.

566 3542 1003 3612 Distribuitur
1052 3564 1205 3611 mox
1253 3542 1622 3615 omnibus,
1679 3541 1936 3632 singuli
1986 3541 2296 3629 singulos
2359 3542 2605 3611 bibunt
2653 3541 2903 3612 calices
2958 3542 3101 3634 ple-

567 3655 709 3710 nOS,
766 3654 889 3700 nec
939 3643 1163 3700 tamen
1215 3632 1450 3699 vinum
1501 3630 1924 3699 exhauritur.
1980 3635 2054 3698 In
2104 3630 2310 3718 cujus
2359 3654 2524 3700 sane
2583 3631 2919 3719 praeclari
2971 3632 3100 3699 mi-

562 3719 781 3789 raculi
831 3720 1296 3789 testimonium
1350 3719 1706 3790 vasculum
1760 3718 1956 3794 illud.
2013 3719 2195 3788 unde
2237 3719 2471 3789 vinum
2523 3719 2971 3796 fundebatur,
3026 3720 3096 3788 in

564 3809 778 3880 sancti
832 3809 1043 3899 patris
1091 3823 1480 3879 asservatur
1527 3809 1964 3878 monasterio.

551 3911 554 3914 '
647 3901 682 3986 ξ
739 3903 871 3972 u.
925 3899 1279 3967 consuevit
1334 3899 1437 3967 vir
1487 3899 1598 3966 Dei
1676 3897 2252 3987 Quadragesimae
2317 3897 2562 3968 diebu‘s
2611 3898 2697 3967 ob
2748 3897 3098 3967 vitandam

557 3988 919 4056 hominum
969 3987 1418 4074 frequentiam
1469 3987 1588 4074 qui
1626 3986 1823 4056 illum
1864 3986 2243 4073 fratresque
2280 3985 2644 4066 visitaturi,
2699 4008 2858 4055 cum
2910 3987 3097 4056 obla-

558 4077 865 4146 tionibus
912 4075 995 4145 ad
1049 4078 1538 4146 monasterium
1591 4076 2070 4156 adventabant,
2124 4076 2557 4167 Antriginum
2610 4089 2860 4166 petere,
2894 4090 3095 4163 atque

559 4166 699 4235 illic
732 4187 889 4234 cum
943 4166 1182 4254 paucis
1232 4165 1825 4236 fratribus·multa
1864 4166 2279 4236 abstinentia
2326 4188 2578 4256 corpus
2627 4188 2830 4234 suum
2872 4188 3095 4234 macc-

561 4278 732 4336 rare.
777 4267 850 4323 ut
897 4254 964 4323 in
1021 4255 1329 4323 I‘aschali
1379 4255 1807 4324 solemnitate
1838 4267 2060 4345 posset
2094 4255 2399 4346 seipsum
2433 4261 2575 4326 ¹Deo
2608 4255 2900 4324 hostiam
2936 4277 3093 4345 gra-

562 4344 898 4412 tissimam
948 4343 1286 4412 exhibere.
1335 4343 1592 4413 Accidit
1636 4357 1864 4413 autem
1930 4344 2227 4432 quodam
2269 4344 2402 4425 die,
2465 4356 2541 4413 ut
2590 4342 2979 4433 vigiliarum
3030 4356 3095 4412 et

562 4455 845 4524 precum
911 4433 1236 4502 instantia
1297 4431 1752 4522 defatigatus,
1807 4433 1937 4502 sub
2006 4433 2161 4502 divo
2226 4433 2444 4502 animi
2499 4438 2709 4504 causa
2778 4432 3093 4501 nonnihil
