3327 4999
225 348 332 413 EX
380 346 555 413 OCT.
610 348 680 414 Μ
970 367 1048 412 nx
1097 366 1153 413 s.
1209 364 1501 413 nat-suom!
1547 363 1773 414 coron.
1827 362 2027 412 Ense.
2289 333 2296 340 ’
2557 346 2673 410 684

228 452 522 516 Tantum
553 467 826 535 semper
856 446 1164 516 materiei
1194 447 1533 537 supererit
1578 446 1646 515 id
1698 445 2128 526 curantibuS,
2183 455 2259 514 ut
2307 444 2439 535 ipsi
2475 444 2775 544 profecto

225 547 382 604 ante
430 535 597 604 lassi
635 535 1073 616 cessaverint,
1126 557 1333 623 quam
1388 535 1454 604 id
1496 534 1679 622 quod
1713 533 2121 615 moliuntur,
2165 533 2606 624 expleverint.

315 632 353 704 ἓ
425 627 569 694 ²¹2.
620 624 781 693 Jam
841 645 997 692 vere
1044 623 1114 691 in
1169 623 1680 714 praedicatione
1737 623 1926 692 verbi
1975 623 2093 691 Dei
2155 635 2221 691 et
2267 623 2336 690 in
2396 621 2773 691 subtilitate

225 712 771 802 disputationum
832 711 917 780 de
985 711 1381 781 sinceritate
1430 713 1938 803 Scripturarum
1971 766 1991 791 ,
2060 710 2289 798 qualis
2335 721 2778 797 quantusque

228 801 459 882 suerit,
513 801 844 870 admirari
879 821 1274 890 possumus,
1326 799 1628 869 diffinire
1678 821 1810 868 non
1849 821 2247 889 possumus:
2273 820 2451 885 quae
2483 810 2618 868 tam
2668 820 2777 866 co·

229 889 420 979 piose
487 889 676 959 sanis
724 888 1163 962 sermonibus
1220 888 1492 958 Domini
1540 888 1756 959 nostri
1819 894 1985 959 Jesu
2033 887 2303 969 Christi,
2356 899 2421 957 et
2466 909 2548 956 ea
2598 908 2775 973 quae

228 977 614 1047 secundum
666 977 983 1066 pietatem
1024 989 1127 1046 est
1172 976 1509 1054 doctrina,
1574 975 1901 1066 profudit,
1956 987 2033 1045 ut
2073 974 2354 1066 plenum
2412 997 2571 1044 eum
2630 996 2779 1044 esse

229 1066 568 1156 sapientia
629 1064 769 1146 Dei,
822 1085 945 1155 per
989 1086 1196 1152 quam
1233 1065 1467 1135 omnia
1512 1064 1690 1135 facta
1729 1076 1912 1147 sunt,
1957 1085 2160 1133 nemo
2209 1064 2338 1133 hoc
2384 1063 2677 1132 audiens
2707 1072 2772 1131 et

227 1165 408 1222 recte
454 1152 852 1242 intelligens
882 1153 1320 1223 dubitaverit.
1361 1160 1437 1225 Et
1481 1166 1560 1224 ut
1605 1152 1781 1222 nihil
1829 1152 2010 1239 quod
2063 1152 2282 1221 divini
2329 1150 2560 1221 cultus
2615 1150 2776 1219 usui

227 1251 662 1332 competeret,
717 1264 926 1331 sagax
963 1263 1205 1312 eorum
1236 1264 1412 1330 quae
1460 1255 1623 1312 sunt
1668 1248 1835 1311 Jesu
1860 1240 2130 1320 Christi,
2174 1250 2512 1310 scrutator
2556 1239 2778 1307 inten-

227 1342 445 1400 tatum
496 1329 957 1416 relinqueret,
1015 1331 1075 1401 si
1120 1352 1295 1418 quos
1365 1342 1485 1401 aut
1531 1331 1604 1399 in
1678 1350 1961 1400 suorum
2033 1328 2322 1398 ovilium
2370 1327 2606 1419 septis,
2659 1338 2779 1396 aut

226 1430 412 1487 extra
447 1418 699 1509 reperit
730 1419 852 1505 qui
887 1419 1225 1510 singulari
1276 1419 1422 1490 acie
1453 1431 1690 1489 contra
1723 1417 2079 1488 diabolum
2128 1416 2552 1496 dimicaturi,
2611 1414 2775 1486 soli-

228 1507 475 1577 tariam
520 1508 730 1577 vitam
779 1518 1199 1597 appeterent,
1252 1508 1377 1578 hos
1423 1530 1581 1577 cum
1636 1506 1827 1577 omni
1874 1506 2307 1575 veneratione
2374 1514 2773 1594 susceptOS,

230 1617 395 1664 suae
442 1617 715 1683 quoque
760 1596 1251 1667 exhortationis
1298 1596 1700 1667 charitativa
1740 1593 2207 1665 consolatione
2253 1593 2604 1672 munitos,
2652 1614 2774 1682 per

226 1683 533 1754 diversas
602 1685 1171 1755 monasteriorum
1223 1696 1290 1753 et
1355 1684 1802 1755 ecclesiarum
1882 1682 2216 1757 cellulas,
2294 1703 2453 1750 curn
2529 1680 2777 1750 idoneo

230 1771 571 1840 Ecclesiae
617 1772 1009 1842 testimonio
1054 1785 1119 1842 et
1148 1773 1490 1863 religios0,
1544 1784 1621 1842 ut
1667 1771 1973 1851 decebat,
2024 1770 2272 1851 offici0,
2317 1769 2485 1839 alibi
2532 1769 2776 1858 singu-

228 1860 355 1940 los,
402 1859 570 1929 alibi
601 1861 805 1930 binos
842 1861 1159 1931 inclusit:
1210 1862 1467 1949 quibus
1517 1873 1743 1930 tamen
1803 1859 2212 1939 adinvicem,
2276 1858 2412 1926 nisi
2461 1877 2778 1926 sermone

229 1961 496 2018 tantum
537 1960 600 2017 et
632 1962 917 2038 aspectu
967 1949 1203 2019 nullus
1252 1960 1511 2039 pateret
1542 1970 1884 2020 accessus.
1923 1948 2045 2018 His
2086 1959 2410 2036 sumptus
2453 1957 2519 2014 et
2566 1966 2778 2030 quae-

226 2057 528 2123 cumque
559 2037 905 2106 humanae
930 2035 1282 2127 fragilitati
1317 2038 1701 2109 necessaria
1730 2035 2160 2116 videbantur,
2190 2057 2311 2136 per
2333 2033 2777 2114 fidelissimos

228 2147 393 2194 suae
464 2124 1085 2197 administrationis
1143 2127 1435 2196 vicarios
1501 2126 1763 2195 solicite
1831 2125 2245 2194 ministravit
2297 2135 2362 2192 et
2410 2121 2778 2223 praecipue
2851 2149 2854 2152 “

227 2235 352 2304 per
399 2214 875 2305 Apostolorum
910 2213 1103 2295 festa,
1140 2226 1475 2301 quotquot
1506 2215 1577 2283 in
1609 2235 1794 2282 anno
1840 2224 2319 2294 occurrerent,
2374 2210 2774 2300 singulatim

227 2324 343 2372 eos
377 2302 579 2372 donis
612 2302 1157 2394 congruentibus
1211 2303 1527 2372 visitavit.
1576 2306 1678 2371 Ita
1708 2301 2091 2371 secundum
2129 2300 2568 2391 perspicuam
2603 2303 2778 2388 Apo-

229 2390 506 2462 stolicae
538 2413 851 2460 normam
903 2391 1277 2472 doctrinae,
1338 2390 1520 2460 bona
1578 2390 1936 2481 providere
1983 2389 2271 2468 curavit,
2315 2411 2451 2457 non
2505 2398 2771 2456 tantum

226 2502 460 2549 coram
513 2484 667 2560 Dec,
702 2480 818 2550 sed
853 2479 1055 2549 etiam
1091 2502 1321 2550 coram
1358 2479 1799 2549 hominibus:
1837 2490 1914 2548 ut
1952 2479 2460 2568 cujuscumque
2492 2476 2777 2546 affectus

228 2570 369 2638 sive
427 2568 846 2638 conditionis
886 2569 1224 2650 homineS,
1280 2569 1338 2640 si
1387 2574 1597 2638 Deum
1639 2579 2071 2654 quaererent,
2135 2567 2313 2636 inter
2372 2566 2522 2656 ejus
2571 2563 2777 2633 disci-

228 2656 433 2747 pulos
481 2669 601 2727 aut
649 2658 927 2746 probari
968 2668 1270 2748 possent,
1328 2669 1447 2727 aut
1491 2656 1779 2727 erudiri.

315 2748 352 2832 ξ
417 2749 566 2816 ⁷18.
621 2746 748 2814 Ubi
779 2758 1009 2815 autem
1059 2745 1247 2816 zelus
1307 2757 1374 2815 et
1435 2746 1806 2826 contentio,
1860 2745 1955 2824 ait
2012 2742 2316 2814 Jacobus
2364 2740 2768 2833 Apostolu5‚

227 2834 325 2904 ibi
354 2833 813 2904 inconstantia
841 2846 907 2903 et
953 2855 1158 2903 omne
1204 2852 1381 2923 opus
1430 2856 1744 2923 pravum.
1802 2832 2130 2902 Similiter
2162 2831 2234 2899 in
2283 2853 2361 2901 eo
2409 2830 2594 2918 quod
2661 2851 2778 2897 ne-

224 2922 434 2991 farios
465 2922 802 3009 quosdam
838 2922 1099 3012 patriae
1128 2922 1524 3009 civiumque
1574 2921 1955 3013 praedones
2000 2920 2085 2989 de
2118 2941 2354 3010 regno,
2409 2918 2530 2987 ubi
2560 2916 2777 3004 quieti

225 3022 290 3080 et
329 3011 600 3099 pacifici
646 3032 794 3081 esse
842 3009 1236 3091 noluerunt,
1290 3010 1490 3097 quasi
1535 3023 1792 3100 pestem
1829 3012 2167 3080 bonorum
2201 3007 2464 3097 expulit
2497 3017 2563 3074 et
2609 3027 2776 3074 exu-

227 3099 369 3168 lare
400 3099 643 3198 coegit,
699 3098 870 3188 ipsis
921 3098 1075 3168 licet
1105 3099 1572 3168 nescientibus
1621 3098 1919 3188 profecto
1967 3096 2342 3166 consuluit.
2397 3100 2544 3177 Quo
2589 3093 2776 3163 enim

227 3187 623 3255 diuturnior
655 3187 982 3273 nequitia,
1018 3209 1096 3257 eo
1131 3188 1509 3277 graviorem
1561 3199 1625 3256 et
1658 3186 2094 3277 prolixiorem
2137 3184 2271 3254 sibi
2320 3182 2768 3273 comparabat

230 3295 544 3364 poenam.
581 3274 868 3356 Quando
900 3288 1128 3344 autem
1164 3276 1327 3344 boni
1351 3276 1806 3362 quiescerent,
1854 3274 1912 3343 si
1943 3273 2287 3342 malorum
2324 3271 2538 3341 furori
2571 3290 2777 3339 nemo

228 3362 629 3432 resisteret?
667 3362 1007 3432 Nimirum
1072 3364 1376 3453 pepercit
1424 3364 1563 3433 illis
1612 3368 1813 3443 DeuS,
1849 3362 2109 3453 quibus
2158 3360 2287 3430 hoc
2337 3381 2589 3460 magua
2650 3363 2776 3448 sua

231 3450 559 3542 patientia
605 3462 670 3519 et
719 3450 1018 3520 bonitate
1066 3452 1418 3541 permisit,
1463 3462 1541 3521 ut
1585 3451 1671 3520 de
1719 3472 1889 3541 pace
1942 3463 2007 3518 et
2067 3461 2251 3519 statu
2348 3461 2559 3518 atriae
2609 3467 2776 3517 suae

228 3538 546 3608 absentes
593 3537 950 3620 audirent,
1020 3538 1203 3626 quod
1280 3551 1674 3629 praesentes
1751 3559 2131 3625 numquam
2211 3536 2273 3605 vi
2330 3558 2443 3605 ere
2498 3535 2770 3604 vellent.

231 3626 509 3707 FeliceS,
564 3627 619 3694 si
656 3627 836 3695 bona
869 3649 989 3697 sua
1043 3627 1281 3696 saltem
1317 3627 1386 3695 in
1433 3626 1983 3717 peregrinatione
2021 3624 2489 3715 cognoverint,
2540 3636 2606 3693 et
2654 3645 2777 3713 pa·-

226 3716 428 3784 triam
459 3715 826 3804 cupierint,
866 3715 950 3784 de
996 3738 1133 3801 qua
1164 3715 1412 3805 expelli
1464 3737 1597 3783 non
1651 3714 1942 3804 possint:
1997 3714 2119 3782 ubi
2155 3713 2334 3782 beati
2365 3733 2609 3781 omnes
2653 3733 2777 3801 pa-

226 3803 433 3883 cifici,
469 3804 798 3890 quoniam
852 3804 979 3871 filii
1032 3804 1144 3872 Dei
1178 3815 1339 3873 sunt
1386 3803 1629 3872 vocati.
1668 3802 1849 3871 Talis
1883 3802 2113 3888 itaque
2148 3824 2268 3891 per
2299 3802 2414 3870 Dei
2457 3799 2776 3890 omnipo-

231 3892 432 3961 tentis
465 3893 754 3981 gratiam
793 3892 896 3960 vir
925 3892 1053 3962 iste
1084 3891 1236 3972 tuit,
1268 3904 1346 3960 ut
1375 3914 1500 3960 nec
1537 3891 1720 3973 odic,
1760 3913 1885 3959 nec
1932 3890 2191 3958 invidia
2222 3890 2310 3959 ad
2361 3910 2777 3979 persequen-

226 3980 393 4049 dum
445 4002 562 4048 eos
592 3980 713 4067 qui
754 3979 921 4050 tales
953 3994 1170 4060 erant,
1211 3979 1355 4049 ullo
1404 3980 1608 4049 modo
1655 3980 2089 4048 excitaretur:
2146 4000 2271 4046 nec
2305 4000 2344 4046 a
2385 3976 2775 4047 miserendo

228 4081 347 4137 aut
399 4068 743 4159 parcendo
794 4068 1064 4139 miseris
1120 4068 1376 4138 duritia
1425 4080 1544 4137 aut
1592 4067 2001 4137 crudelitate
2048 4066 2282 4152 aliqua
2332 4066 2779 4154 restringere-

234 4169 379 4257 tur:
416 4156 534 4225 sed
575 4170 684 4256 ut·
748 4168 931 4225 astor
978 4156 1289 4227 solicitus
1320 4169 1384 4225 et
1418 4178 1571 4225 vere
1615 4157 1755 4225 dux
1803 4153 2038 4245 populi
2097 4156 2234 4234 Dei,
2280 4153 2568 4223 salutem
2626 4174 2777 4222 om-

233 4267 423 4314 nium
477 4257 541 4314 et
587 4257 686 4315 uti
723 4246 951 4314 itatem
997 4245 1064 4312 in
1114 4246 1305 4314 omni
1343 4244 1682 4331 quaesivit
1722 4267 1806 4313 ne
1854 4243 2015 4324 oti0,
2050 4254 2114 4311 et
2151 4264 2325 4329 quos
2372 4243 2521 4333 ipse
2561 4242 2630 4308 in
2671 4242 2778 4310 via

236 4333 348 4401 Dei
381 4332 576 4402 duxit
621 4346 687 4403 et
751 4333 1018 4413 docuit,
1086 4355 1172 4403 ne
1236 4356 1275 4402 a
1328 4334 1667 4424 perversis
1714 4356 1784 4403 se
1839 4343 2208 4402 ucerentur
2252 4332 2423 4401 etin
2473 4350 2775 4399 errorem

236 4421 667 4492 mitterentur
714 4433 992 4493 strenue
1022 4422 1414 4493 decertavit.
1469 4427 1763 4493 Tantum
1811 4434 2037 4492 autem
2096 4421 2329 4490 aberat
2373 4417 2768 4497 asaevitia,
