3327 4999
162 220 411 288 MART.
466 220 548 285 ⁴9
903 239 982 284 na
1029 238 1121 286 ss.
1174 237 1541 287 LANooAmo
1586 239 1661 287 Er
1708 239 1989 289 animno
2493 225 2621 291 363

163 317 530 408 cujusdam
581 316 801 387 noctis
837 317 1100 389 visione
1147 319 1373 388 subita
1423 318 1894 410 semivigilans
1938 321 2330 412 corripitur,
2386 337 2589 412 atque
2636 324 2706 393 in

167 407 338 477 haec
386 407 593 477 verba
652 418 1005 476 monetur:
1045 412 1271 477 «Cum
1323 408 1640 477 dominos
1688 409 2141 496 dominasque
2202 424 2468 482 nostras
2528 419 2710 484 terra

163 495 507 576 extuleris,
560 518 689 565 cur
717 505 782 566 et
821 518 944 565 nos
990 496 1228 565 fideles
1272 518 1510 566 eorum
1542 496 1610 565 in
1654 495 1802 567 luto
1852 498 2244 569 delitescere
2302 500 2521 570 sinis?
2552 508 2708 593 ,Ego

165 585 425 675 quippe
471 607 624 653 sum
681 585 1074 654 Landrada:
1129 585 1466 655 Adrianus
1513 598 1775 675 martyr
1820 600 1885 656 et
1930 588 2294 669 Julianus,
2350 590 2485 680 ipsi
2530 612 2708 677 quo—

163 695 296 761 que
344 687 512 744 sunt
544 673 628 742 de
678 674 992 744 societate
1027 688 1281 744 nostra.
1322 697 1357 741 »
1391 679 1580 743 Hanc
1627 675 1955 745 visionem
2003 676 2117 745 illa
2168 678 2310 746 viro
2364 678 2705 749 intimavit

163 774 230 832 et
274 774 350 832 ut
401 774 520 833 aut
546 762 1100 853 Episcopus‚-aut
1145 763 1513 832 auctoritas
1542 762 1847 855 episcopi
1896 764 1979 833 ad
2030 765 2563 837 sublevationem
2599 790 2708 838 eo-

162 852 319 921 rum
372 851 813 932 invitaretur,
870 851 1154 942 rogavit.
1207 852 1329 921 Ille
1391 852 1752 942 praeterito
1816 850 1998 923 anno
2056 856 2148 923 ita
2195 855 2263 923 in
2335 855 2708 926 elevatione

159 954 588 1010 caeterorum
638 951 923 1027 questus
960 953 1060 1009 est
1099 952 1534 1031 opsonatum,
1592 954 1669 1010 ut
1710 941 1772 1009 ei
1824 964 1943 1043 per
1991 965 2239 1013 manus
2301 944 2468 1015 haec
2516 946 2705 1015 ince-

158 1042 351 1119 ptare
401 1029 613 1098 nimis
644 1029 955 1098 videatur
986 1029 1309 1098 arduum.
1363 1034 1517 1098 Post
1563 1029 1711 1099 dies
1749 1030 2008 1117 aliquot
2038 1047 2409 1132 apparente
2450 1034 2698 1106 iterum

156 1118 397 1188 eadem
448 1116 731 1198 visione,
786 1118 872 1186 ab
920 1118 1155 1189 eadem
1208 1140 1341 1204 qua
1398 1118 1592 1209 prius
1651 1120 2158 1189 sanctimoniali
2194 1122 2576 1191 secundum
2608 1124 2708 1193 ef-

161 1206 394 1297 figiem
459 1207 546 1275 de
594 1205 1011 1297 negligentia
1058 1206 1450 1297 corripitur,
1503 1207 1587 1276 de
1633 1221 1898 1277 contem
1958 1221 2030 1277 tu
2069 1209 2540 1281 confunditur.
2568 1218 2708 1282 «Et

162 1317 362 1381 quae,
420 1295 668 1382 inquit,
725 1308 817 1364 tot
862 1308 925 1364 et
974 1308 1154 1365 tanta
1193 1296 1261 1364 in
1312 1295 1615 1365 medicos
1661 1319 1875 1387 expen
1936 1297 2065 1379 isti,
2120 1320 2246 1367 nec
2292 1300 2519 1368 curari
2567 1322 2709 1370 me-

91 1444 97 1448 .
158 1384 386 1461 ruisti,
430 1384 489 1455 si
518 1406 643 1452 nos
666 1406 746 1452 ex
779 1384 920 1453 luto
948 1385 1244 1466 efferreS,
1274 1384 1416 1472 jam
1455 1386 1679 1454 sanari
1728 1386 2257 1456 meruisses.»-
2287 1393 2406 1457 «Et
2431 1387 2575 1469 ubi,
2599 1389 2708 1458 in—

161 1472 313 1558 quit
362 1472 510 1551 illa,
545 1495 659 1542 vos
691 1473 1298 1543 inveniemustn—
1329 1473 1549 1542 «Sella
1579 1496 1716 1560 qua
1744 1475 1826 1543 ad
1852 1474 2207 1545 ecclesiam
2240 1478 2550 1567 gestariS‚
2605 1479 2710 1546 in-

164 1562 335 1648 quit,
410 1573 531 1631 tua
581 1574 810 1631 nostra
874 1561 1315 1632 irreverenter
1378 1562 1703 1652 deprimit
1749 1564 1987 1633 busta:
2040 1587 2198 1634 arca
2252 1578 2480 1634 autem
2530 1579 2708 1638 retro

164 1651 410 1739 posita,
468 1650 767 1719 nimium
815 1663 916 1719 est
951 1652 1147 1721 nobis
1178 1673 1487 1720 onerosa.
1524 1657 1601 1719 Et
1648 1652 1706 1721 si
1754 1653 2062 1723 causaris
2109 1653 2270 1740 quia
2303 1656 2707 1745 episcopum

160 1751 278 1807 aut
324 1740 477 1830 ejus
528 1739 815 1808 vicarios
866 1761 999 1807 non
1051 1740 1355 1820 mereris,
1387 1762 1423 1808 e
1472 1740 1694 1809 vicino
1745 1743 2179 1811 Sarabertum
2232 1743 2470 1812 saltem
2522 1766 2709 1833 pres-

162 1825 479 1916 byterum
526 1828 737 1896 babes
791 1838 855 1896 et
900 1827 1071 1897 alios
1126 1828 1212 1896 ad
1273 1828 1339 1897 id
1393 1828 1890 1917 perficiendum
1947 1831 2123 1899 viros
2162 1831 2469 1900 fideles.»
2513 1839 2707 1902 Mane

168 1914 418 2002 itaque,
471 1916 639 2003 quid
694 1938 900 2006 super
940 1916 1047 1985 his
1095 1916 1269 1986 facto
1316 1939 1491 2006 opus
1537 1929 1733 1998 esset,
1773 1918 2203 2001 deliberanti,
2257 1920 2449 1988 adest
2494 1943 2704 2007 quae-

169 2003 328 2072 dam
387 2028 466 2074 ex
516 2027 857 2096 gynecaeo
904 2005 1053 2094 ejus
1119 2004 1384 2096 puella,
1455 2027 1612 2075 cum
1673 2006 1911 2075 eadem
1973 2008 2231 2077 visione
2282 2008 2580 2078 referens
2629 2031 2701 2080 se

171 2093 500 2163 monitam
552 2116 675 2194 per
721 2093 888 2163 haec
934 2094 1171 2162 eadem
1221 2095 1443 2183 signa;
1480 2116 1560 2164 ea
1606 2116 1792 2164 nunc
1841 2096 1909 2163 in
1956 2095 2115 2166 villa
2158 2097 2707 2187 Guodengohovo

168 2178 447 2252 habitat.
500 2182 896 2274 Sigeburgis
943 2197 1169 2252 autem
1219 2183 1498 2252 domina
1537 2178 1710 2272 ejus,
1763 2184 1876 2252 cui
1926 2184 2091 2254 haec
2140 2185 2707 2256 demonstraban-

171 2279 296 2348 tur,
349 2293 387 2340 a
419 2273 763 2360 cujusque
809 2294 925 2341 ore
978 2271 1281 2359 jurantis
1329 2272 1495 2341 baec
1550 2286 1617 2341 et
1660 2273 2060 2342 obtestantis
2109 2295 2234 2344 nos
2292 2275 2420 2345 ista
2468 2276 2705 2346 decer-

171 2358 451 2455 psimus,
529 2360 757 2429 adhuc
807 2361 1004 2429 vivit:
1058 2361 1309 2442 «vivit,
1342 2359 1648 2446 inquam,
1703 2373 1768 2430 et
1816 2363 2156 2452 praesenti
2191 2362 2342 2432 luce
2389 2386 2581 2445 sana,
2633 2376 2700 2434 et

172 2447 534 2519 incolumis
582 2449 900 2519 vescitur:
955 2449 1206 2520 nobilis
1254 2472 1567 2541 persona,
1621 2450 1871 2521 domus
1924 2450 2173 2541 ampla,
2224 2474 2364 2522 rem
2409 2452 2703 2523 fideliter

174 2552 566 2618 quaerentes
616 2539 831 2619 scire,
896 2561 1031 2608 non
1083 2539 1243 2607 sinit
1293 2540 1570 2609 latere.»
1599 2544 1785 2622 Quae
1831 2563 1989 2609 cum
2034 2541 2224 2609 omni
2273 2541 2706 2619 festinatione

176 2622 432 2698 mittens
472 2630 909 2717 presbyteros
957 2629 1078 2714 qui
1125 2629 1292 2698 haec
1362 2628 1731 2718 explerent,
1788 2629 2142 2710 accersire,
2207 2630 2484 2700 interim
2554 2631 2706 2721 ipsa

164 2730 290 2865 pro
334 2717 624 2786 obtentu
688 2716 1197 2806 recuperandae
1244 2716 1485 2786 salutis
1550 2739 1684 2787 non
1736 2740 1936 2807 passa
1999 2719 2374 2805 quiescere,
2430 2718 2584 2789 fecit
2631 2741 2705 2789 se

190 2802 311 2870 erri
357 2806 441 2875 ad
502 2804 886 2885 ecclesiam,
939 2818 1003 2874 et
1051 2806 1324 2875 interim
1373 2829 1412 2875 a
1461 2805 1608 2874 loco
1656 2806 2097 2877 denominato
2153 2807 2485 2897 paulatim
2547 2830 2705 2899 ege-

162 2908 301 2961 rere
348 2907 631 2964 terram.
685 2900 760 2963 Et
809 2894 916 2963 vix
967 2895 1381 2985 semipedem
1434 2908 1648 2963 terrae
1697 2908 2039 2965 eruerant:
2105 2909 2169 2966 et
2215 2919 2372 2965 ecce
2431 2910 2702 2967 sancto-

162 2996 306 3048 rum
356 2985 703 3055 cisternae
754 2982 820 3051 in
870 2983 1019 3073 ipsa
1071 3005 1241 3073 pene
1290 2983 1655 3073 superficie
1703 2985 2147 3074 apparebant.
2203 2984 2584 3055 Adveniunt
2636 2999 2703 3056 et

165 3070 589 3172 presbyteri,
643 3071 1064 3158 quicumque
1112 3084 1304 3141 erant
1358 3073 1658 3141 evocati:
1713 3083 1778 3141 et
1824 3074 2091 3143 retectis
2156 3086 2551 3143 sanctorum
2602 3097 2706 3145 se-

173 3157 446 3241 pulcris,
514 3174 916 3250 repererunt
963 3160 1245 3228 nomina
1292 3182 1527 3229 eorum
1577 3175 1981 3251 exprompta
2048 3162 2117 3231 in
2169 3163 2561 3233 breviculis.
2628 3170 2708 3234 Et

173 3240 328 3341 dum
375 3271 693 3336 quaeque
740 3249 952 3339 digna
1000 3249 1429 3319 translationi
1478 3249 1859 3339 adimplent
1908 3273 2032 3342 pro
2073 3273 2296 3340 posse,
2353 3253 2506 3342 ipsa
2553 3252 2705 3342 jam

172 3327 343 3404 dicta
390 3352 703 3407 matrona
735 3359 912 3425 quae
944 3338 1134 3429 operi
1183 3338 1539 3407 insistebat
1571 3339 1919 3419 attentius,
1961 3340 2187 3410 subito
2217 3363 2570 3422 conversa,
2609 3341 2706 3409 ri-

176 3438 282 3489 vos
328 3427 569 3497 veneni
603 3441 667 3497 et
703 3426 1085 3516 putredinis
1132 3427 1393 3496 saniem
1456 3427 1539 3495 ad
1583 3427 1856 3497 sextarii
1907 3450 2305 3498 mensuram
2355 3429 2535 3499 videt
2586 3452 2707 3498 ex-

174 3512 459 3607 currisse
501 3515 634 3585 sibi
682 3538 760 3583 ex
807 3516 1155 3585 cruribuS.
1206 3521 1391 3598 Quae
1438 3515 1776 3585 admirata
1823 3530 1888 3585 et
1934 3516 2017 3585 de
2065 3529 2334 3607 recepta
2382 3518 2707 3608 sospitate

175 3590 449 3672 hilarior
513 3603 799 3683 reddita,
852 3603 1136 3673 domum
1189 3604 1396 3695 pedes
1462 3604 1697 3686 rediit,
1749 3606 2137 3674 convivium
2197 3606 2589 3695 hospitibus
2636 3619 2704 3676 et

172 3680 557 3762 domesticis
604 3691 960 3782 opulenter
992 3695 1370 3783 apparavit,
1424 3692 1575 3783 ipsa
1623 3693 1999 3775 intersedit,
2042 3716 2163 3763 nec
2210 3693 2523 3772 edulium
2575 3695 2704 3764 ali-

172 3778 343 3856 quod
392 3780 773 3862 fastidiens‚
846 3803 967 3851 nec
1027 3781 1163 3850 vini
1229 3782 1568 3872 potionem
1630 3781 1733 3851 vel
1782 3782 2064 3852 alterius
2113 3773 2508 3853 sorbitionis
2548 3785 2700 3873 jam

177 3861 565 3958 abhorrens.
606 3875 754 3940 Fert
797 3884 1025 3940 autem
1061 3869 1243 3939 fama
1290 3870 1663 3940 multorum
1715 3882 1779 3939 et
1809 3884 1965 3940 ante
2001 3893 2122 3940 nos
2152 3884 2218 3941 et
2263 3872 2334 3940 in
2377 3894 2705 3961 praesen-

178 3956 438 4039 tiarum,
479 3959 656 4028 hanc
687 3960 978 4040 beatam,
1023 3959 1191 4028 dum
1222 3958 1868 4030 sanctimonialibus
1916 3959 2199 4030 Belisiae
2237 3960 2474 4050 positis
2506 3983 2707 4052 prae-

178 4032 357 4123 fecta,
412 4048 857 4117 suavissimos
907 4069 1244 4139 supernae
1282 4046 1882 4137 contemplationis
1913 4061 2218 4139 carperet
2249 4048 2539 4133 fructuS,
2595 4073 2707 4122 sa·-

176 4131 617 4230 cratissimam
662 4135 994 4227 virginem
1030 4136 1556 4227 praeclaraeque
1606 4136 1984 4207 nobilitatis
2014 4137 2483 4230 Amelbergam
2537 4163 2705 4208 san-

177 4223 319 4364 {ttis-
344 4224 716 4379 mgtituisse
764 4225 1073 4297 moribus
1106 4225 1514 4314 studiisque.
1556 4230 1755 4296 Facta
1800 4238 1902 4296 est
1932 4248 2089 4297 vero
2129 4227 2297 4298 haec
2346 4228 2704 4298 translatio

206 4315 367 4373 ertio
449 4333 616 4384 onas
666 4313 910 4383 Martii.
