3327 4999
685 350 814 414 686
1332 361 1413 412 mi
1459 362 1515 410 s.
1569 361 1865 413 nannoni:
1910 328 2384 412 commemo.
2668 341 2774 412 EX
2820 342 2996 412 OCT.
3056 343 3137 410 Η

593 470 1072 541 quascumque
1118 457 1377 539 gentes,
1428 469 1908 537 quascumque
1953 460 2170 519 terras
2216 447 2607 538 attigerant,
2640 468 2882 518 omnes
2920 448 3148 517 mira-

594 542 825 612 biliter
887 539 1146 630 hujuS,
1217 548 1295 606 ut
1356 557 1598 606 eorum
1653 537 1883 608 verbis
1929 550 2108 617 utar,
2160 535 2357 626 digni
2406 541 2539 606 Deo
2585 536 2714 606 viri
2762 537 3010 608 merita
3061 536 3146 604 in

593 627 1125 720 rempublicam,
1184 625 1255 694 in
1304 624 1827 715 Imperatorem,
1878 628 1951 694 in
2021 631 2114 695 Re
2162 647 2260 704 es,
2317 624 2389 692 in
2438 625 2811 716 principeS,
2869 627 2938 695 in
2987 646 3147 694 om-

594 739 753 788 nem
803 717 1138 808 populum
1164 713 1439 795 eximia,
1475 734 1613 800 qua
1641 715 1937 801 quisque
1972 712 2132 783 facu
2162 724 2295 782 tate
2323 725 2609 803 poterat,
2645 714 3136 785 aestimabant.

682 809 720 893 ἓ
782 810 941 877 85.
994 810 1149 872 ,lam
1198 823 1356 871 vero
1404 824 1565 872 cum
1614 801 1958 890 ejusmodi
2017 801 2342 889 exequiae
2406 801 2757 871 Coloniam
2806 803 3142 872 adventa-

593 906 768 975 rent,
806 905 871 962 et
918 892 1047 962 hoc
1096 912 1219 980 per
1265 911 1542 960 omnem
1594 912 1666 959 re
1719 891 1790 958 ni
1840 890 2126 961 Lotarici
2177 888 2514 981 populum
2565 889 2750 960 fama
2796 890 3011 960 nimis
3058 911 3145 958 o-

593 984 788 1053 diosa
853 981 1090 1082 disper
1137 990 1299 1061 eret,
1352 978 1447 1048 ita
1493 978 1682 1049 disso
1712 978 1813 1049 uti
1861 991 2023 1050 sunt
2068 999 2330 1059 omneS,
2387 979 2790 1069 praesertim
2840 978 3143 1051 sanctis·

593 1072 811 1142 simae
850 1068 1034 1138 sedis
1078 1067 1271 1136 ilius
1316 1078 1383 1136 et
1415 1067 1756 1137 Ecclesiae
1804 1067 2097 1147 alumni,
2148 1065 2351 1154 quasi
2397 1066 2750 1138 discessus
2798 1068 2970 1137 tanti
3014 1088 3143 1157 pa-

593 1158 797 1229 storis
842 1168 910 1227 et
953 1156 1208 1237 obitus,
1261 1154 1570 1246 ejusdem
1633 1167 1813 1228 esset
1859 1154 2199 1225 Ecclesiae
2250 1153 2485 1234 funus,
2523 1160 2692 1225 Nam
2744 1156 3139 1225 secundum

592 1245 1125 1337 amplitudinem
1180 1243 1433 1334 prioris
1497 1243 2011 1325 consolationiS,
2052 1254 2217 1313 tunc
2255 1243 2547 1313 invaluit
2596 1243 2698 1312 vis
2744 1255 2809 1313 et
2858 1242 3141 1333 magni-

593 1334 762 1406 tudo
797 1332 1077 1405 doloris.
1115 1332 1442 1403 Flebanti
1495 1332 1635 1402 itur
1679 1354 1942 1414 omnes,
1983 1331 2293 1423 plerique
2331 1331 2549 1401 donec
2596 1331 2666 1400 in
2717 1332 2818 1402 eis
2865 1333 3139 1402 exicca-

591 1435 833 1493 rentur
881 1423 1262 1509 lacrymae:
1330 1441 1452 1489 mu
1487 1421 1533 1490 ti
1591 1420 1968 1520 congelatis
2036 1419 2369 1490 membris
2416 1420 2737 1501 attoniti,
2803 1420 2872 1488 in
2941 1431 3136 1490 tanta

590 1511 905 1582 orbitatis
935 1510 1146 1599 hujus
1195 1507 1475 1578 miseria
1513 1508 1903 1600 semetipsis
1947 1509 2173 1578 vivere
2209 1507 2400 1577 obliti
2453 1519 2639 1578 sunt.
2679 1513 2844 1578 Ante
2891 1529 3140 1579 omnes

591 1600 786 1671 luctu
823 1622 896 1670 se
945 1598 1432 1689 lacrymisque,
1487 1597 1711 1688 magis
1757 1609 1987 1667 autem
2036 1597 2307 1665 interno
2354 1595 2590 1667 dolore
2627 1596 2858 1667 cordis
2904 1597 3137 1666 affecit

589 1690 710 1776 qui
757 1688 948 1757 hunc
996 1700 1259 1777 patrem
1320 1685 1580 1775 patriae
1637 1706 1801 1774 prae
1847 1685 2132 1755 caeteris
2180 1685 2459 1764 amavit,
2517 1685 2916 1755 Folcmarus
2983 1707 3140 1754 me-

590 1776 950 1848 morabilis
998 1774 1358 1866 probitatis
1402 1784 1469 1842 et
1513 1772 1897 1843 industriae
1924 1773 2288 1853 DiaconuS,
2319 1796 2401 1842 ac
2432 1772 2739 1863 prudens
2767 1772 3140 1860 fidelisque

588 1866 804 1957 hujus
852 1876 1128 1935 sanctae
1176 1862 1518 1932 Ecclesiae
1566 1873 1808 1962 protus
1851 1873 1918 1931 et
1964 1883 2406 1942 oeconomuS,
2455 1882 2594 1948 quo
2644 1862 2920 1930 nomine
2966 1884 3138 1931 eum

587 1954 740 2044 ipse
790 1964 1001 2055 pater,
1038 1963 1115 2022 ut
1164 1963 1330 2042 puta
1376 1950 1713 2020 vicarium
1754 1971 1985 2031 suum,
2023 1961 2088 2019 et
2119 1949 2253 2019 sibi
2285 1950 2356 2018 in
2405 1949 2599 2019 omni
2639 1950 2911 2040 negotio
2961 1971 3137 2019 con·

578 2042 1148 2132 junct¹ssimum,
1220 2039 1559 2108 honorare
1622 2038 2000 2109 consuevit.
2072 2042 2150 2107 In
2198 2059 2337 2124 quo
2399 2036 2546 2107 solo
2594 2049 2761 2108 tunc
2806 2039 3132 2108 omnium

588 2130 1049 2201 desolatorum
1086 2149 1228 2208 ora,
1267 2126 1474 2209 oculi,
1517 2139 1584 2196 et
1627 2127 1846 2196 animi
1893 2127 2379 2197 versabantur:
2432 2147 2728 2213 quorum
2778 2138 2960 2196 certe
2983 2148 3134 2196 om-

592 2218 787 2287 nium
837 2217 1187 2288 voluntate
1233 2228 1437 2302 atque
1484 2214 1824 2285 desiderio
1861 2215 2007 2305 jam
2057 2214 2339 2296 electu3,
2382 2214 2540 2285 licet
2588 2215 2898 2285 nondum
2949 2215 3135 2284 desi-

589 2319 867 2397 gnatuS,
904 2305 1127 2375 fuerat
1175 2302 1475 2395 praesul.
1516 2302 1694 2374 Huic
1739 2314 1934 2395 pater
1979 2303 2140 2394 pius
2186 2303 2478 2384 absenti,
2531 2303 2715 2389 quod
2775 2326 2935 2373 eum
2977 2325 3136 2373 nos-

590 2405 691 2464 set
748 2417 828 2465 ex
878 2394 1181 2474 nomine,
1243 2414 1351 2463 res
1398 2414 1561 2462 suas
1608 2414 1851 2461 omnes
1897 2391 2133 2483 egenis
2170 2401 2237 2460 et
2281 2391 2594 2462 ecclesiis
2625 2391 2974 2482 Episcopii
3022 2391 3134 2463 sui

589 2482 1144 2565 distribuendaS‚
1211 2480 1567 2573 praescius
1627 2481 1941 2571 (credo)
1998 2479 2271 2552 futurae
2318 2480 2802 2562 successioniS,
2855 2502 3134 2551 summo

590 2573 817 2643 studio
865 2571 1224 2661 delegavit.

675 2663 714 2747 ξ
776 2664 942 2733 86.
994 2665 1111 2732 Est
1206 2680 1370 2749 rope
1417 2660 1659 2728 muros
1705 2658 1999 2728 civitatis
2043 2657 2377 2738 eeclesia,
2450 2660 2799 2728 structura
2844 2656 3130 2744 quidem

586 2761 653 2818 et
698 2770 903 2839 opere
949 2682 1260 2828 humilis
1314 2745 1428 2815 sed
1482 2745 1958 2835 Apostolorum
2011 2746 2312 2827 nomine,
2380 2746 2451 2814 in
2498 2767 2797 2833 quorum
2845 2766 3131 2815 venera-

588 2837 773 2907 tione
819 2847 1215 2906 consecrata
1273 2833 1695 2924 perhibetur,
1758 2833 1891 2902 insi
1949 2833 2078 2903 nis.
2132 2838 2209 2902 In
2260 2856 2340 2903 ea
2387 2833 2472 2903 de
2522 2836 2777 2904 ositum
2830 2833 3131 2924 pastoris

589 2925 700 2995 sui
746 2946 1000 3025 corpus
1045 2922 1382 3001 exanime,
1435 2920 1798 2989 sacerdotii
1844 2942 1924 2989 ve
1953 2921 2164 2991 abant
2211 2856 2639 3013 insignissus:
2692 2945 2831 3010 quo
2882 2922 3128 3013 paucis

588 3013 725 3082 nisi
761 3011 1116 3102 Episcopis
1160 3020 1225 3080 et
1269 3007 1692 3095 quibusdam
1739 3007 2039 3080 secundi
2076 3009 2345 3080 ordinis
2386 3010 2883 3092 sacerdotibus,
2940 3025 3133 3101 pate-

585 3100 704 3169 bat
770 3120 1111 3169 accessus.
1183 3096 1354 3165 Inde
1418 3118 1576 3167 mox
1633 3096 2016 3177 elevatum,
2072 3098 2309 3170 Clerus
2365 3110 2431 3168 et
2479 3099 2780 3189 populus
2842 3112 3133 3171 cantum

588 3186 1084 3278 planctumque
1152 3184 1563 3275 permixtum
1629 3184 2160 3275 ingeminantes,
2215 3187 2283 3255 in
2334 3186 2698 3257 ecclesiam
2745 3188 3134 3259 beatissimi

586 3275 766 3344 Petri
811 3272 1289 3365 Apostolorum
1341 3271 1713 3364 principis,
1766 3271 1892 3343 ubi
1939 3273 2134 3345 sedes
2178 3286 2324 3345 erat
2370 3275 2806 3356 venerabiliS,
2862 3276 3133 3346 detule-

585 3375 772 3433 runt.
828 3368 1099 3432 Noctem
1151 3360 1341 3430 illam
1392 3361 1837 3431 celeberrime
1883 3361 1952 3431 in
2002 3361 2257 3452 vigiliis
2303 3372 2370 3433 et
2418 3363 2848 3454 psalmodiiS,
2883 3365 2994 3433 vix
3030 3389 3136 3435 re-

586 3450 907 3522 focillatis
970 3449 1381 3541 corporibus
1415 3505 1430 3531 ‚
1496 3450 1885 3521 insomnem
1946 3449 2314 3521 duxerunt,
2385 3457 2576 3521 Mane
2637 3464 2867 3522 autem
2926 3453 3129 3533 facto,

586 3539 906 3610 convenit
934 3539 1258 3608 universa
1307 3538 1570 3619 civitae„
1608 3550 1676 3607 et
1720 3560 1959 3608 eorum
2007 3538 2130 3625 qui
2176 3538 2261 3607 de
2307 3539 2596 3610 diversis
2643 3541 3023 3640 provinciis
3068 3557 3137 3613 et

585 3650 659 3697 re
712 3628 820 3699 nis
868 3627 1096 3697 subita
1122 3626 1308 3696 sama
1353 3626 1652 3696 exterriti
1684 3626 2131 3707 advenerunt,
2165 3627 2697 3699 innumerabilis
2727 3629 3128 3704 multitudo.

585 3721 633 3786 Α
688 3716 817 3786 fuit
863 3714 1283 3784 Trevirensis
1330 3714 1926 3804 Archiepiscopus,
1961 3726 2027 3783 et
2085 3715 2475 3784 Leodiensis
2505 3717 2814 3786 antistes.
2848 3723 3135 3789 Proces-

586 3815 827 3874 serunt
873 3804 944 3872 in
977 3803 1286 3872 medium
1321 3803 1575 3893 Episco‘
1620 3802 1642 3871 i
1690 3802 2153 3873 Theodericus
2198 3813 2263 3873 et
2309 3802 2712 3894 wigfridus,
2769 3816 2973 3877 testes
3020 3808 3136 3878 ul·

586 3893 795 3962 timae
843 3891 1220 3960 sanctionis
1266 3891 1417 3980 ejus
1463 3901 1530 3961 et
1592 3890 1954 3981 egationis,
2005 3913 2215 3978 quam
2264 3891 2429 3963 filiis
2478 3891 2626 3962 suis
2686 3891 2944 3962 ibidem
2996 3900 3134 3965 Deo

585 3979 1049 4049 militantibus
1098 3979 1309 4047 misit.
1364 3983 1639 4049 Lectum
1689 3990 1792 4048 est
1838 3989 2323 4049 testamentum
2380 3980 2533 4070 ejus
2580 3980 2652 4049 in
2704 3980 3136 4071 presbyterio

585 4066 985 4148 venerabili,
1026 4078 1185 4137 ante
1231 4066 1442 4136 altare
1482 4066 1904 4138 sanctissimi
1937 4067 2155 4136 Petri:
2203 4067 2545 4138 recensita
2569 4080 3136 4157 sunteteaquae

586 4156 702 4247 pio
750 4154 1029 4243 quidem
1062 4165 1128 4224 et
1174 4154 1440 4225 solicito
1490 4156 1557 4224 in
1611 4155 1726 4224 Dei
1767 4154 1974 4225 rebus
2013 4156 2247 4225 animo
2299 4156 2559 4247 rogavit
2616 4167 2683 4226 et
2717 4156 2955 4246 jussit,
3009 4160 3134 4229 sed

587 4243 954 4315 scribenda
1014 4265 1148 4313 non
1198 4244 1502 4313 censuit:
1556 4242 1874 4313 videlicet
1918 4255 1998 4312 ut
2043 4265 2226 4313 anno
2293 4243 2413 4314 illo
2462 4255 2597 4314 toto
2645 4268 2767 4336 per
2813 4245 3135 4337 singulos

586 4332 735 4402 dies
782 4353 1165 4419 numquam
1218 4331 1476 4412 minus»,
1528 4353 1740 4417 quam
1791 4331 1966 4400 libra
2012 4331 2456 4403 denariorum
2505 4332 2795 4425 integra,
2834 4334 2908 4403 in
2958 4358 3135 4408 usus

588 4442 973 4513 pauperum
1035 4420 1303 4512 erogari
1368 4419 1665 4490 deberet.
1741 4420 1996 4491 Deinde
2042 4422 2428 4493 secundum
2478 4422 3011 4512 postulationem
3065 4437 3136 4498 et
