3327 4999
615 354 745 420 270
1392 373 1472 420 DE
1520 372 1576 420 s.
1630 372 1988 421 nurnnasu
2037 374 2203 422 vma.
2683 358 2926 423 MART.
2986 362 3012 425 t
3029 360 3067 424 3

529 451 782 542 lapide,
837 450 1426 539 quemadmodum
1479 453 1593 522 ille
1639 465 2102 545 praeceperat.
2185 454 2506 546 Martyrio
2553 470 2921 526 coronatus
2967 470 3071 528 est

525 552 809 611 sanctus
849 540 1098 612 Christi
1130 540 1427 611 Sabinus
1457 547 1496 611 3
1529 542 1697 614 Idus
1727 543 1970 623 Martii,
2014 558 2339 634 regnante
2373 544 2589 634 impio
2627 544 3062 629 Diocletiano,

525 629 739 698 immo
789 650 945 699 vero
995 630 1281 699 Domino
1330 644 1564 701 nostro
1610 637 1777 702 Jesu
1826 631 2113 702 Christo:
2167 633 2281 703 cui
2332 633 2553 725 gloria
2585 645 2650 703 et
2697 635 3070 725 imperium

524 717 596 787 in
645 718 877 788 secula
925 718 1343 801 seculorum,
1388 724 1622 789 Amen.

772 961 1006 1063 VITA
1072 963 1153 1063 S.
1223 962 1888 1067 EUPHRASIAE
1960 964 2458 1066 NOBILlSS.
2531 967 2807 1071 VIRG.

1075 1218 1154 1265 Ex
1202 1218 1364 1266 vms
1410 1218 1663 1266 PATRUH
1709 1216 1787 1266 m·
1835 1219 2073 1270 INSIGNI
2120 1221 2224 1268 HS.
2279 1219 2499 1268 comen

1010 1320 1259 1368 uUTATo
1307 1321 1497 1368 STYLo
1543 1322 1661 1368 PER
1718 1322 1906 1369 LAUR.
1962 1322 2199 1370 smum!
2246 1321 2591 1370 DESCRIPTA

1150 1499 1422 1555 Floruit
1459 1500 1797 1568 probabil.
1840 1500 2120 1557 ineunte
2160 1502 2222 1556 V
2264 1504 2448 1562 saec.

609 1688 646 1773 ξ
673 1690 750 1758 1.
796 1684 1076 1774 Imperii
1104 1683 1409 1754 habenas
1442 1684 1840 1754 moderante
1869 1684 2244 1756 Theodosio
2274 1685 2588 1786 piissimo
2618 1687 2932 1778 principe
2958 1688 3070 1779 (a)

521 1774 593 1843 in
643 1773 814 1842 urbe
861 1772 1048 1863 regia
1083 1772 1667 1863 Constantinopoli
1700 1774 2032 1843 Senatorii
2063 1775 2328 1845 ordinls
2362 1776 2463 1843 vir
2495 1775 2644 1856 fuit,
2681 1780 3060 1868 Antlgonus

522 1863 850 1942 nomine,
905 1861 1043 1950 ipsi
1090 1861 1495 1951 Imperatori
1551 1874 1615 1931 et
1661 1884 1909 1953 genere
1954 1874 2021 1932 et
2066 1864 2570 1933 consuetudine
2616 1866 3054 1956 conjunctus.

520 1957 678 2021 Erat
722 1950 783 2019 is
832 1971 968 2018 non
1019 1970 1333 2019 sermone
1381 1949 1761 2032 dumtaxat,
1802 1950 1921 2022 sed
1950 1952 2156 2021 etiam
2187 1952 2383 2021 sactis
2416 1953 2715 2043 sapienS,
2755 1954 2841 2023 ad
2877 1956 3056 2025 bona

519 2061 791 2130 semper
837 2038 1213 2108 adhortans
1264 2038 1671 2129 principem,
1723 2052 1800 2109 ut
1846 2040 1932 2109 ad
1985 2040 2257 2129 pietatis
2305 2044 2808 2133 praescriptum
2859 2044 3054 2133 Reip.

518 2128 787 2218 negotia
835 2140 1126 2197 curaret.
1182 2133 1407 2197 Inerat
1454 2150 1610 2198 vero
1654 2128 1862 2198 etiam
1911 2129 2015 2198 illi
2061 2151 2225 2219 erga
2275 2131 2557 2200 miseros
2609 2132 2724 2221 pia
2769 2134 3059 2202 commi-

517 2218 764 2287 seratio
791 2272 805 2296 ,
845 2238 980 2302 qua
1014 2216 1220 2286 fiebat
1246 2272 1260 2298 ,
1300 2228 1377 2287 ut
1408 2216 1705 2308 benigne
1743 2219 2012 2288 cunctis
2059 2219 2421 2309 egentibus
2468 2242 2576 2291 res
2635 2221 3058 2292 necessarias

517 2306 1005 2396 suppeditaret.
1044 2306 1369 2397 Princeps
1417 2306 1862 2387 Theodosius,
1904 2329 2036 2375 non
2088 2307 2293 2377 modo
2342 2321 2418 2378 ut
2467 2321 2816 2398 parentem
2851 2322 2918 2379 et
2949 2331 3060 2380 se·

515 2408 851 2476 natorem,
906 2394 1024 2463 sed
1073 2394 1279 2463 etiam
1326 2405 1404 2464 ut
1451 2394 1915 2465 Christianum
1963 2409 2027 2464 et
2131 2396 2298 2479 ium,
2338 2419 2745 2488 semperque
2793 2399 3056 2488 optima

516 2483 988 2555 consulentem
1022 2538 1037 2565 ,
1091 2482 1290 2552 illum
1358 2481 1553 2552 valde
1617 2485 1908 2555 charum
1976 2484 2061 2553 ha
2115 2486 2291 2555 ebat.
2374 2491 2623 2556 Tantae
2670 2501 2898 2557 autem
2953 2486 3058 2558 illi

519 2573 978 2664 suppetebant
1022 2593 1209 2663 opes,
1243 2583 1321 2641 ut
1359 2572 1982 2664 Constantinopolis
2031 2575 2374 2644 neminem
2425 2574 2528 2644 illi
2569 2577 2828 2645 divitiis
2853 2587 2918 2646 et
2948 2599 3054 2646 re-

518 2676 622 2732 cte
669 2661 865 2732 factis
912 2681 1144 2750 parem
1198 2660 1496 2730 haberet.
1549 2662 1822 2751 Accepit
1868 2683 2024 2730 vero
2072 2664 2437 2754 conjugem
2486 2665 2759 2754 generis
2807 2667 2939 2744 sui,
2981 2666 3050 2734 id

516 2762 640 2832 est,
679 2773 856 2837 quae
901 2754 1387 2839 Imperatorem
1423 2770 1697 2836 quoque
1730 2751 2068 2840 sanguine
2108 2753 2552 2842 contingeret,
2593 2754 3051 2845 Euphrasiam

515 2840 793 2910 nomine
827 2894 844 2920 ‚
900 2849 1283 2906 matronam
1340 2838 1754 2928 cumprimis
1823 2839 2263 2930 religiosam,
2322 2846 2671 2927 Deumque
2721 2843 2916 2912 valde
2965 2843 3050 2912 ti-

512 2940 838 3009 mentem,
875 2926 947 2993 in
997 2938 1128 2994 tem
1185 2925 1272 2994 lis
1321 2925 1699 3009 assiduam,
1738 2940 1805 2997 et
1854 2933 1984 2998 Deo
2037 2929 2185 3018 pias
2234 2951 2467 3019 preces
2508 2952 2668 3000 cum
2718 2930 3047 3021 lacrymis

510 3016 930 3087 offerentem.
1013 3020 1123 3084 Mu
1159 3027 1258 3084 tos
1306 3014 1426 3084 illa
1471 3015 1714 3106 inopes
1763 3016 1921 3087 fecit
1968 3017 2374 3109 locupleteS,
2429 3019 2783 3107 multaque
2832 3021 3052 3092 sacris

513 3104 802 3174 aedibus
846 3116 913 3173 et
960 3103 1128 3173 locis
1178 3125 1469 3174 munera
1514 3104 1881 3175 deferebat.
1934 3108 2270 3176 Amabant
2318 3107 2507 3176 illam
2560 3108 2870 3199 impense
2916 3113 3053 3178 Au-

518 3205 766 3285 gustus
812 3203 877 3262 et
922 3192 1072 3283 ejus
1120 3193 1394 3283 conjux,
1449 3205 1595 3262 tum
1644 3194 1830 3282 quod
1866 3217 2033 3266 suae
2070 3208 2248 3266 esset
2285 3195 2610 3278 familiae,
2669 3210 2816 3266 tum
2866 3199 3052 3285 quod

516 3282 829 3352 moribus
888 3282 1207 3371 optimiS‚
1262 3282 1751 3373 imprimisque
1814 3284 2100 3354 honesta
2159 3297 2223 3354 et
2280 3284 2600 3376 religiosa
2674 3286 3044 3357 videretur.

511 3377 718 3441 Porro
785 3370 1112 3461 temporis
1165 3392 1493 3441 successu
1560 3384 1719 3442 nata
1780 3386 1882 3442 est
1940 3372 2039 3443 eis
2103 3373 2269 3457 filia,
2333 3395 2543 3460 quam
2595 3375 3055 3466 Euphrasiam

510 3459 650 3529 dici
688 3459 1075 3529 voluerunt.
1112 3465 1204 3528 Ea
1239 3458 1429 3551 prole
1474 3461 1658 3531 aucti
1705 3484 1862 3531 cum
1905 3475 2154 3544 essent,
2194 3462 2364 3532 dixit
2396 3464 2591 3533 uxori
2631 3465 3046 3555 Antigonus:

515 3574 541 3612 ι
582 3549 766 3620 Nosti
814 3570 1007 3619 soror
1051 3570 1204 3618 mea
1253 3548 1657 3639 Euphrasia,
1726 3573 1938 3637 quam
1990 3573 2273 3641 prorsus
2322 3551 2497 3621 nihil
2548 3553 2634 3622 sit
2683 3552 2849 3622 haec
2912 3554 3055 3622 vita

510 3660 861 3729 praesens,
913 3660 1124 3726 quam
1173 3637 1344 3707 nihil
1386 3641 1833 3725 quantumvis
1880 3640 2151 3729 amplae
2200 3639 2579 3721 facultates,
2628 3662 2837 3729 quam
2871 3641 3048 3711 nihil

508 3727 774 3797 vanitas
820 3727 1048 3797 omnis
1096 3727 1343 3797 mundi
1392 3727 1609 3816 hujus
1654 3727 2241 3819 praeterlabentiS.
2295 3735 2488 3800 Aetas
2522 3730 2824 3800 hominis
2864 3743 3054 3801 octo·

506 3816 697 3907 ginta
736 3816 939 3885 annis
989 3817 1339 3907 peragitur
1382 3838 1543 3886 cum
1595 3817 1833 3887 multis
1871 3817 2402 3889 calamitatibus.
2466 3823 2642 3909 Opes
2698 3831 2929 3889 autem
2977 3819 3051 3888 in

504 3905 691 3975 coelo
742 3905 798 3977 si
850 3906 1331 3988 recondantur,
1369 3905 1439 3974 in
1490 3905 1763 3976 infinita
1810 3906 2040 3977 secula
2080 3921 2484 3997 permanent
2533 3914 2744 3978 Deum
2796 3908 3048 3978 timen-

505 3994 713 4064 tibus.
800 3999 875 4063 Et
939 4016 1097 4064 ecce
1174 4016 1298 4065 nos
1377 3995 1756 4066 mundanis
1817 3994 2154 4085 implicati
2222 3997 2411 4066 curis
2476 4009 2541 4067 et
2618 4019 2698 4066 co
2751 3996 3058 4065 itationi-

502 4084 657 4166 buS‚
712 4081 852 4152 illis
919 4105 1044 4153 nos
1106 4082 1402 4153 aeternis
1464 4083 1721 4156 divitiis
1792 4085 2194 4175 privamus,
2277 4107 2628 4176 opumque
2758 4108 3050 4155 uxarum

555 4254 614 4301 (a)
642 4253 872 4293 Auctor-ea
901 4254 1216 4293 communiter
1245 4252 1426 4306 (excipe
1454 4253 1786 4294 Bollandimoa
1806 4252 1915 4308 1³1².)
1933 4256 2150 4296 floruisse
2170 4258 2392 4296 asserunt
2407 4257 2507 4306 huj.
2530 4258 2575 4297 S.
2595 4256 2800 4306 virginis
2824 4258 3049 4305 parentes

500 4307 750 4346 Theodosii
769 4306 979 4346 Junioris
997 4308 1219 4356 tempore,
1239 4307 1365 4355 quod
1384 4307 1576 4346 minime
1596 4308 1815 4357 congruit
1833 4318 1938 4348 cum
1969 4311 2074 4358 ejus
2105 4311 2256 4349 aetate
2292 4321 2521 4350 annorum
2557 4309 2753 4360 triginta
2785 4319 2877 4358 qua
2907 4310 3055 4352 vitam

501 4361 790 4409 explevisset
808 4370 930 4400 anno
950 4361 1178 4400 atterunt
1195 4361 1304 4409 plus
1332 4361 1490 4400 minus
1518 4369 1718 4406 coccium
1746 4371 1855 4402 nam
1884 4363 2176 4403 Theodosius
2202 4364 2250 4402 11
2279 4365 2530 4414 imperium
2557 4365 2667 4404 iniit
2695 4371 2871 4403 ccccxx.
2903 4363 2988 4403 Vel
3018 4365 3054 4404 i·

499 4415 628 4462 gitur
652 4415 769 4453 obiit
790 4414 831 4454 S.
850 4414 1113 4462 Euphrasia
1131 4417 1240 4462 post
1260 4422 1453 4465 ccccxx,
1472 4415 1549 4455 vel
1569 4415 1792 4454 vixerunt.
1811 4416 1915 4464 ejus
1935 4420 2155 4465 parentes
2185 4420 2409 4468 regnante
2438 4419 2623 4458 seniore
2658 4417 2935 4457 Theodosio.
2963 4418 3058 4458 Eu-

500 4468 706 4517 phrasta,
725 4468 959 4518 Eupraxia
975 4467 1150 4507 alicubi
1169 4466 1361 4516 tegitur.
