3327 4999
682 349 811 414 512
1479 359 1557 407 nn
1604 362 1661 408 s.
1716 359 2001 409 musano
2046 361 2248 409 muse.
2754 343 3000 409 MART.
3055 343 3154 409 26

596 459 884 517 naturae
929 456 997 514 et
1051 464 1281 513 rerum
1342 440 1658 511 ordinem
1696 442 1969 511 meruit.
2031 442 2287 512 Habuit
2333 442 2625 532 gratiam
2673 441 3152 525 curationum,

595 536 762 624 quia
832 529 1516 604 incommoditatibus
1584 540 1650 598 et
1722 530 2244 601 infirmitatibus
2316 552 2684 622 corporum
2737 530 3162 621 plerumque

594 623 980 694 medicatus
1032 632 1157 690 est.
1193 618 1449 689 Habuit
1478 618 1945 775 operationem
1980 620 2338 701 virtutum,
2375 643 2514 707 qua
2547 619 2721 688 mira
2758 618 3161 707 frequenter

592 713 697 781 vel
733 710 1171 780 invisibiliter
1200 708 1410 786 intus,
1447 729 1522 775 ve
1582 706 1942 777 visibiliter
1979 707 2145 777 soris
2190 731 2232 778 o
2283 721 2514 779 eratus
2543 719 2665 780 est.
2704 708 2960 778 Habuit
2990 731 3161 799 pro—

652 801 932 880 hetiam,
979 820 1118 886 qua
1167 796 1298 866 alis
1345 795 1771 875 abscondita,
1805 796 2083 887 saepius
2128 810 2193 866 et
2267 819 2443 954 onge
2491 811 2645 897 post
2692 797 2927 866 futura
2953 820 3161 887 prae-

592 824 787 959 gixit.
824 887 1079 958 Habuit
1125 884 1610 955 discretionem
1660 885 2057 974 spirituum,
2095 908 2233 972 qua
2276 908 2352 954 ve
2426 886 2707 955 utilium
2758 885 2857 953 vel
2922 885 3147 955 inuti-

593 978 769 1047 lium
819 997 1136 1046 suasores
1182 985 1249 1043 et
1295 984 1675 1063 patratores
1712 972 1942 1059 justae
2001 973 2222 1044 lancis
2288 972 2551 1043 trutina
2598 974 2944 1042 discrevit.
3005 979 3148 1044 Ha-

594 1066 747 1135 buit
768 1076 835 1135 et
858 1086 1109 1156 genera
1135 1063 1562 1153 linguarum:
1597 1082 1773 1148 quas
1802 1060 1929 1130 etsi
1959 1084 2200 1131 omnes
2230 1084 2365 1131 non
2402 1074 2656 1141 nosset,
2696 1060 3151 1133 Thuidiscam

596 1167 824 1224 tamen
874 1166 940 1223 et
987 1152 1338 1231 Latinam,
1385 1171 1471 1218 ne
1519 1148 1756 1240 plures
1803 1150 2145 1231 dicamuS‚
2190 1149 2260 1219 id
2308 1164 2433 1231 est,
2488 1150 2860 1220 Barbaram
2902 1164 2968 1219 et
3018 1156 3153 1221 Ro-

597 1263 901 1321 manam,
951 1263 1089 1310 non
1140 1239 1501 1329 ignoravit.
1557 1237 1813 1307 Habuit
1859 1260 2136 1326 quoque
2202 1238 2831 1329 interpretationem
2883 1260 3149 1308 sermo—

596 1352 793 1410 num,
837 1351 976 1416 qua
1025 1350 1111 1419 po
1165 1327 1303 1397 ulis
1354 1328 1779 1396 incessanter
1818 1326 2322 1427 scripturarum
2368 1340 2795 1399 sacramenta
2835 1327 3146 1397 elucida-

598 1420 716 1488 vit.
763 1419 1103 1508 Hujusmo
1155 1416 1180 1485 i
1226 1414 1557 1484 virtutum
1593 1415 2086 1506 praerogativis
2132 1416 2608 1487 beatissimam
2637 1415 2831 1486 illius
2859 1439 3146 1486 conver-

601 1507 936 1577 sationem
986 1505 1219 1574 divina
1269 1502 1543 1594 largitio
1591 1525 1863 1593 semper
1925 1505 2408 1575 comitabatur.

690 1598 727 1682 ξ
779 1598 922 1666 ²2.
978 1600 1135 1664 Erat
1179 1591 1365 1661 enim
1416 1591 1634 1661 isdem
1686 1604 1969 1663 sanctus
2032 1592 2386 1683 Ludgerus
2418 1594 2486 1662 in
2527 1594 2902 1693 Scripturis
2933 1594 3153 1667 sacris

611 1705 750 1753 non
792 1682 1228 1752 mediocriter
1255 1679 1594 1760 erudituS‚
1631 1679 1815 1768 quod
1868 1682 1935 1749 in
1986 1681 2334 1771 plerisque
2378 1682 2757 1773 opusculis,
2796 1704 2975 1769 quae
3004 1683 3153 1773 ipse

599 1771 780 1853 fecit,
826 1770 1090 1858 liquido
1135 1772 1444 1860 apparet.
1499 1774 1669 1838 Nam
1715 1791 1819 1849 ea,
1856 1792 2035 1856 quae
2085 1770 2153 1839 in
2205 1772 2525 1861 passione
2572 1771 2791 1840 sancti
2823 1772 3151 1861 martyris

601 1858 930 1930 Bonisacii
992 1859 1078 1929 de
1145 1880 1225 1927 eo
1276 1857 1761 1947 praetermissa
1833 1870 2146 1939 noverat,
2260 1858 2591 1929 rimordia
2664 1858 2926 1930 scilieet
2976 1860 3151 1929 vitae

602 1950 776 2039 ejus,
812 1948 1181 2018 adventum
1218 1958 1423 2031 atque
1469 1946 1999 2028 ordinationem,
2036 1882 2329 2037 pulcffro
2359 1970 2677 2018 sermone
2704 1948 3141 2038 conscripsit.

604 2042 762 2108 Com
820 2037 1002 2107 osuit
1047 2048 1115 2107 et
1163 2034 1474 2104 libellum
1526 2034 1611 2102 de
1665 2035 1798 2103 vita
1839 2057 2127 2105 suorum
2177 2035 2528 2124 quondam
2585 2037 2986 2116 doctorum,
3044 2057 3152 2104 ve-

604 2060 1025 2196 nerassilium
1058 2145 1272 2212 aeque
1302 2122 1764 2204 sacerdotum,
1801 2124 2103 2214 Gregorii
2138 2137 2203 2194 et
2228 2124 2505 2194 Albrici:
2542 2125 2611 2193 in
2645 2147 2781 2212 quo
2817 2125 2915 2195 vel
2960 2126 3152 2215 inge—

605 2214 707 2284 nii
736 2214 886 2301 ejus
917 2235 1235 2293 acumen,
1276 2211 1376 2279 vel
1409 2211 1667 2298 eloquii
1698 2212 2025 2302 splendor
2051 2213 2297 2283 elucet.
2335 2214 2668 2300 Quodque
2688 2236 2824 2282 non
2862 2214 3152 2282 minima

606 2302 1062 2373 admiratione
1094 2313 1265 2392 eget,
1305 2300 1484 2369 inter
1535 2301 1757 2371 varias
1802 2302 2315 2392 occupationes»,
2367 2302 2624 2389 quibus
2674 2302 2745 2371 in
2794 2301 3144 2383 dictandO,

606 2391 1092 2483 praedicandO,
1144 2389 1405 2459 orando
1437 2389 1702 2490 jugiter
1747 2403 2125 2480 occupatus
2176 2391 2552 2472 tenebatur,
2584 2391 2954 2491 discipulis
2977 2413 3148 2478 quo-

607 2479 773 2550 tidie
819 2482 966 2551 suis
1012 2479 1281 2549 divinas
1329 2492 1710 2569 scripturas
1757 2479 2073 2549 semotim
2123 2480 2389 2550 tradere
2449 2492 2828 2561 consuent,
2869 2493 2938 2550 et
2992 2503 3148 2571 pro-

601 2568 926 2640 fundiora
972 2591 1286 2657 quaeque
1322 2568 1422 2637 eis
1454 2569 1846 2659 explanare.
1888 2569 2233 2657 Quicquid
2272 2571 2343 2637 in
2379 2569 2551 2660 ipsis
2579 2569 2836 2639 morale
2873 2592 3024 2641 esse
3053 2570 3151 2637 vi-

604 2658 931 2738 debatur,
988 2657 1426 2727 auditoribus
1480 2657 1627 2726 suis
1677 2656 1918 2726 sedulo
1978 2658 2531 2727 commendavit:
2585 2658 2917 2744 quicquid
2974 2658 3149 2728 alios

604 2747 872 2827 docuit,
939 2746 1087 2836 ipse
1147 2745 1343 2836 prius
1393 2745 1726 2835 implevit.
1796 2751 1896 2816 Ita
1947 2746 2099 2819 suis
2148 2746 2414 2837 duplici
2462 2746 2866 2816 consulebat
2911 2747 3139 2817 modo:

604 2834 1006 2905 durioribus
1038 2845 1103 2904 et
1155 2832 1724 2924 simplicioribuS‚
1756 2834 1915 2903 vita:
1970 2833 2656 2925 intelligentioribuS‚
2689 2834 2955 2925 lingua.
2993 2836 3154 2907 Illos

604 2922 973 3014 exemplis,
1013 2922 1181 2992 istos
1222 2921 1446 2990 verbis
1502 2923 1584 2992 ad
1647 2921 1948 3018 veritatis
1985 2922 2165 2991 viam
2213 2923 2543 2994 trahebat.
2604 2923 2793 2992 Unde
2838 2946 2972 2993 non
3030 2924 3154 2993 im-

609 3011 853 3080 merito
904 3010 1034 3080 tale
1081 3010 1527 3110 praeconium
1583 3011 2012 3092 merebatur,
2070 3011 2271 3082 talem
2320 3012 2475 3098 ejus
2521 3034 2672 3083 esse
2738 3012 3150 3091 doctrinam,

607 3099 879 3185 qualem
932 3109 997 3168 et
1033 3111 1268 3167 vitam:
1324 3097 1526 3167 talem
1561 3098 1795 3180 vitam,
1852 3099 2128 3186 qualem
2182 3101 2615 3184 doctrinam:
2671 3101 2763 3170 ita
2808 3124 2971 3170 eum
3033 3100 3154 3169 do—

604 3208 782 3267 cere,
837 3196 914 3255 ut
953 3184 1195 3256 facere:
1243 3187 1335 3256 ita
1381 3185 1625 3269 facere,
1680 3199 1759 3258 ut
1802 3188 2067 3258 docere.
2124 3190 2474 3260 Cucullam
2529 3189 2681 3259 ideo
2732 3211 2865 3258 non
2930 3203 3154 3279 porta-

604 3275 744 3355 bat,
779 3274 945 3362 quia
994 3274 1377 3366 regularem
1431 3297 1790 3362 nunquam
1843 3276 2370 3366 promissionem
2424 3277 2600 3348 fecit:
2639 3278 2770 3348 sub
2818 3279 3153 3348 canonico

605 3363 850 3434 habitu
899 3363 1400 3433 monachorum
1435 3362 1730 3454 perfecte
1761 3365 1967 3433 vitam
1994 3365 2324 3466 implevi-t.
2361 3367 2711 3447 Cilicium,
2742 3366 2927 3453 quod
2978 3379 3154 3436 veste

606 3451 940 3521 abscondi
992 3463 1273 3542 poterat,
1313 3451 1407 3521 ita
1431 3475 1651 3539 usque
1684 3453 1768 3522 ad
1798 3453 2004 3522 finem
2043 3465 2216 3523 vitae
2249 3455 2425 3537 tulit,
2479 3466 2555 3525 ut
2593 3456 2723 3524 hoc
2756 3477 2917 3525 eum
2955 3476 3153 3524 nemo

611 3553 879 3630 praeter
924 3539 1503 3611 familiarissimos
1558 3563 1721 3612 suos
1770 3541 1944 3611 ferre
1992 3543 2219 3612 sciret.
2291 3550 2574 3614 Carnem
2618 3544 2895 3633 spiritui
2948 3565 3154 3634 repu-

610 3639 935 3719 gnantem
988 3628 1050 3698 vi
1104 3629 1265 3710 iliis,
1308 3629 1622 3719 jejuniis,
1666 3642 1734 3699 et
1777 3630 2104 3701 omnibus
2160 3633 2419 3718 quibus
2484 3643 2743 3723 poterat
2779 3632 3006 3703 modis
3036 3632 3154 3701 do-

605 3717 860 3787 mabat:
917 3739 1027 3787 mo
1080 3718 1440 3788 eratiorem
1494 3729 1720 3788 tamen
1786 3740 1858 3787 se
1905 3719 2197 3789 aliorum
2266 3720 2488 3791 oculis
2535 3720 2897 3791 ostendere
2940 3720 3153 3790 male-

608 3804 748 3888 bat,
803 3827 889 3874 ne
934 3805 1094 3892 quis
1137 3825 1294 3875 eum
1338 3805 1537 3893 ,iuxta
1584 3806 1694 3887 id,
1750 3806 1934 3893 quod
1993 3808 2354 3897 Apostolus
2402 3809 2521 3890 ait,
2572 3806 2995 3880 existimaret
3043 3832 3155 3879 su-

609 3915 734 3984 pra
783 3893 878 3974 id,
934 3893 1117 3982 quod
1161 3894 1431 3964 videbat
1464 3894 1689 3976 illum,
1727 3895 2207 3966 aut‘audiebat
2236 3899 2323 3966 ab
2354 3897 2496 3967 illo.
2534 3898 2744 3986 Cujus
2775 3899 2871 3966 rei
2908 3897 3149 3988 gratia,

599 3993 687 4052 -ut
737 3983 1057 4083 probaret
1098 3982 1655 4084 omnia·munda
1705 3984 2025 4084 mundis,
2079 3996 2143 4053 et
2192 3985 2364 4054 nihil
2418 3985 2869 4075 rejiciendum
2904 4041 2919 4067 ‚
2972 3985 3152 4073 quod

609 4091 774 4140 cum
822 4083 1202 4161 gratiarum
1237 4081 1505 4140 actione
1545 4084 1947 4160 perclpltur‚
1982 4073 2296 4144 carnium
2341 4096 2537 4144 esum
2577 4075 2783 4144 certis
2834 4075 3157 4165 tempori·

607 4158 744 4229 bus
793 4181 930 4229 non
982 4159 1230 4228 renuit:
1267 4171 1653 4230 saturatum
1703 4172 1929 4230 tamen
1977 4160 2178 4231 illum
2219 4162 2373 4232 cibo
2421 4174 2540 4232 aut
2587 4174 2754 4253 potu
2801 4185 3006 4233 nemo
3036 4185 3157 4232 au-

608 4246 801 4329 divit,
841 4269 1043 4316 nemo
1092 4258 1271 4317 certe
1318 4270 1631 4336 unquam
1685 4247 1874 4318 vidit.
1914 4250 2257 4333 Convivia,
2293 4262 2528 4342 utpote
2554 4252 2948 4344 episcopm,
2983 4274 3156 4321 non-

608 4357 971 4424 nunquam
1021 4335 1406 4406 exhibebat:
1461 4336 1547 4406 ad
1597 4337 1767 4406 haec
1805 4338 2231 4407 commixtim
2262 4340 2363 4408 vel
2396 4339 2639 4409 divites
2669 4340 2772 4409 vel
2816 4362 3152 4432 pauperes

611 4423 936 4506 invitans,
975 4445 1264 4515 corpora
1283 4448 1535 4495 eorum
1566 4424 1940 4509 alimentis,
1976 4427 2247 4502 animas
2295 4427 2643 4500 reficiebat
2687 4429 3149 4502 documentis.
