3327 4999
253 328 501 394 MART.
554 330 640 394 27
966 350 1045 396 ns
1092 351 1149 398 s.
1204 348 1577 398 ALEXANDRO
1626 350 1841 398 mum
1887 351 2081 399 mar.
2590 335 2707 400 52⁴

221 427 377 513 ·‹‘1ui
423 426 796 497 daemones
846 428 1162 518 impuros
1207 430 1591 501 veneraris:
1644 451 1682 498 e
1731 453 1771 498 o
1824 429 2010 499 enim
2080 451 2303 519 neque
2352 431 2577 502 minas
2620 445 2803 514 tuas,

250 535 478 602 neque
527 527 890 596 tormenta,
934 538 1414 604 quaecumque
1462 517 1609 607 ipse
1656 540 1697 586 a
1730 518 1998 589 laturus
2062 540 2160 600 eS,
2213 518 2600 600 extimescO,
2646 542 2809 590 cum

250 624 494 672 verum
544 608 758 672 Deum
818 605 1200 694 adjutorem
1253 606 1572 675 habeam.
1612 628 1649 672 »
1712 606 2171 676 Maximianus
2219 619 2491 676 autem:
2563 630 2600 674 «
2648 613 2807 679 Jam

249 689 419 771 dixi,
475 713 584 761 me
636 693 736 760 tui
768 692 1242 762 misericordia
1288 706 1717 763 commotum
1766 716 1939 764 esse.
1978 693 2236 764 Accede
2283 695 2499 784 igitur
2544 706 2610 765 et
2663 696 2802 765 diis

249 779 588 850 sacrifica.
628 779 842 867 quue
875 780 932 849 si
983 781 1248 863 feceriS,
1303 782 1473 851 scito
1514 793 1577 851 te
1624 805 1850 852 unum
1885 804 1964 851 ex
2013 804 2252 852 eorum
2290 805 2581 853 numero
2628 781 2818 853 futu-

247 888 408 935 rum
460 870 582 955 qui
632 868 701 936 in
754 868 1008 956 palatio
1056 891 1210 939 meo
1270 870 1485 960 regali
1535 871 1802 960 primas
1835 882 2242 940 tenent.»--
2280 875 2415 940 «Et
2452 872 2805 958 quisnam,

242 954 476 1040 inquit
508 957 907 1037 Alexander,
946 957 1118 1027 deus
1155 958 1269 1026 ille
1316 972 1440 1037 est,
1480 958 1589 1026 cui
1628 980 1671 1027 a
1719 980 1829 1027 me
1869 958 2291 1027 sacrificium
2329 959 2561 1028 offerri
2608 959 2713 1028 vis
2740 962 2810 1026 i»

255 1046 392 1116 Cui
441 1046 927 1115 Maximianus:
981 1069 1018 1110 «
1055 1051 1298 1136 Magno
1357 1045 1485 1114 deo
1547 1046 1708 1115 Jovi
1758 1046 2176 1117 sacrificium
2228 1047 2493 1115 offeres
2537 1070 2574 1114 »
2624 1052 2813 1116 Tunc

247 1130 494 1204 beatus
524 1134 925 1214 Alexander,
963 1134 1455 1203 Maximianum
1495 1156 1740 1204 rursus
1772 1135 2252 1225 interrogavit:
2307 1135 2639 1205 «Cuinam
2682 1136 2811 1204 deo

243 1222 350 1291 vis
385 1221 1191 1293 sacrificem‘?»--«.lovi
1241 1244 1349 1290 ma
1409 1243 1519 1302 no,
1561 1223 1788 1308 inquit
1823 1223 2027 1291 ille.»
2054 1222 2148 1291 Ad
2186 1221 2354 1292 haec
2402 1223 2804 1293 Alexander:

248 1316 401 1380 «An
457 1311 759 1399 ignoras.
815 1308 1222 1378 daemonem
1258 1323 1324 1378 et
1391 1310 1685 1379 'allacem
1737 1310 1948 1381 istum
1999 1332 2171 1390 esse,
2211 1333 2418 1397 quem
2471 1324 2544 1379 tu
2593 1312 2803 1380 deum

248 1399 594 1489 appellas:
651 1397 1003 1483 quondam
1043 1397 1406 1466 mulierem
1456 1398 1808 1486 quandam
1841 1398 2262 1489 concupivit,
2298 1411 2363 1468 et
2392 1400 2545 1498 ejus
2574 1420 2810 1468 amore

245 1499 521 1576 captuS‚
586 1485 763 1554 tauri
817 1485 1036 1553 forma
1087 1508 1158 1554 se
1209 1485 1459 1567 induit,
1513 1498 1578 1555 et
1629 1486 2021 1577 praestigiis
2070 1487 2218 1557 suis
2268 1487 2627 1556 mulierem
2682 1486 2810 1555 mi-

245 1595 473 1644 seram
524 1573 794 1663 decepit
842 1596 921 1641 ac
973 1574 1311 1642 foedavit?
1342 1600 1364 1635 a
2008 1606 2011 1611 -

334 1665 372 1750 ἓ
431 1666 508 1734 2.
563 1668 733 1730 Tum
784 1661 1006 1730 iratus
1055 1662 1535 1740 Maximianus,
1580 1662 1793 1752 jussit
1846 1662 1932 1731 ad
1988 1684 2059 1732 se
2106 1662 2430 1732 accersiri
2481 1662 2807 1751 Tyberia-

251 1773 423 1819 num
475 1750 890 1827 Tribunum,
942 1750 1180 1835 eique:
1236 1772 1273 1816 «
1308 1756 1404 1818 En
1438 1805 1452 1825 ,
1512 1751 1760 1837 inquit,
1828 1750 2181 1819 hominem
2233 1751 2420 1819 hunc
2491 1750 2810 1840 potestati

255 1851 412 1908 tuae
461 1837 693 1918 trado,
753 1837 1136 1923 quinetiam
1195 1839 1583 1928 praecipio,
1652 1850 1730 1907 ut
1775 1839 1865 1907 ab
1912 1840 2087 1907 urbe
2134 1843 2351 1907 Roma
2398 1839 2807 1926 Byzantium

232 1948 476 2013 ¹usque
524 1924 891 2015 diligenter
939 1925 1251 2011 inquiras
1291 1926 1375 1994 de
1424 1926 1678 1995 nostris
1712 1927 1870 2006 diis,
1906 1938 1973 1994 et
2019 1925 2104 1995 de
2131 1931 2300 1994 Jesu
2347 1927 2470 2012 qui
2521 1926 2802 2009 dicitur,

250 2035 459 2101 quem
503 2013 667 2082 colit
713 2013 1124 2082 Alexander:
1178 2014 1381 2102 cujus
1429 2013 1905 2094 sectatoribuS,
1944 2035 2424 2100 quoscumque
2470 2014 2803 2095 invenieS‚

251 2101 468 2170 nolim
519 2121 789 2191 parcas,
832 2122 1053 2187 neque
1104 2101 1216 2169 isti
1263 2100 1667 2181 Alexandro,
1699 2102 1817 2171 sed
1854 2114 1918 2170 et
1953 2102 2210 2191 ipsum,
2242 2113 2308 2170 et
2339 2123 2582 2170 omnes
2615 2101 2809 2170 Chri—

248 2190 513 2259 stianos
560 2188 849 2278 affligaS,
887 2202 1266 2274 utcumque
1314 2189 1439 2258 tibi
1487 2190 1712 2258 visum
1746 2190 1971 2269 fuerit,
2020 2202 2096 2258 ut
2126 2210 2368 2258 omnes
2396 2190 2621 2260 edicto
2654 2211 2805 2259 meo

246 2277 688 2357 adversantes
734 2284 1157 2366 cognoscant
1202 2297 1417 2346 manu
1468 2299 1618 2346 mea
1670 2299 1742 2347 se
1771 2298 1969 2367 posse
1999 2277 2318 2347 interfici.
2355 2301 2391 2343 »
2442 2283 2613 2346 Tum
2647 2278 2805 2347 bea-

245 2377 357 2436 tus
406 2365 827 2434 Alexander:
883 2365 1206 2434 «Gratias
1255 2387 1384 2454 ago
1427 2365 1579 2445 tibi,
1625 2371 1964 2453 Tyranne,
1993 2365 2181 2451 quod
2218 2387 2326 2433 me
2377 2387 2499 2454 per
2546 2364 2803 2434 multas

247 2453 560 2545 regiones
608 2452 942 2523 celebrem
996 2452 1144 2522 fieri
1181 2452 1475 2538 jussisti.
1510 2476 1661 2521 »—-
1691 2476 1726 2520 «
1761 2458 1886 2523 Per
1930 2452 2097 2522 deos
2144 2452 2357 2544 ipsos,
2399 2454 2629 2540 inquit
2662 2459 2800 2522 Ma-

243 2542 618 2622 ximianus,
676 2563 811 2610 non
853 2542 1141 2631 effugies
1191 2564 1440 2611 manus
1490 2542 1878 2631 Tyberiani.
1932 2547 2076 2611 Non
2124 2542 2311 2611 enim
2364 2542 2468 2611 illi
2526 2541 2625 2611 tui
2672 2542 2804 2610 mi—

243 2632 624 2711 serebitur,
677 2630 1269 2730 quemadmodum
1336 2652 1463 2720 ego
1533 2631 1855 2700 misertus
1920 2629 2121 2698 fui.»
2190 2630 2310 2699 Cui
2362 2629 2791 2699 Alexander:

245 2724 405 2786 «De
454 2719 583 2787 hac
631 2730 836 2787 etiam
891 2739 961 2786 re
1013 2723 1141 2787 Deo
1191 2740 1343 2788 meo
1383 2718 1639 2808 gratias
1689 2740 1917 2808 agam,
1972 2718 2032 2786 si
2079 2716 2251 2787 forte
2299 2716 2563 2808 dignus
2614 2718 2805 2787 inve-

243 2806 418 2888 niar,
472 2806 594 2907 qui
630 2806 890 2893 ubique
936 2807 1247 2896 gentium
1297 2829 1421 2897 pro
1475 2807 1723 2877 Christi
1774 2807 2057 2875 nomine
2112 2806 2383 2878 labores
2415 2820 2481 2875 et
2527 2827 2807 2875 aerum—

242 2916 372 2964 nas
422 2908 737 2985 patiar.»
2294 2957 2299 2964 .

331 2985 368 3070 ξ
432 2986 514 3054 S.
571 2987 752 3051 Haec
799 3003 961 3051 cum
1010 2980 1388 3051 audivisset
1419 2981 1900 3063 MaximianuS‚
1926 2981 2143 3072 jussit
2189 2982 2653 3052 Alexandrum
2691 3002 2809 3049 ex·-

242 3082 346 3139 tra
414 3069 718 3139 tribunal
770 3069 965 3159 ejici:
1017 3091 1223 3156 quem
1273 3091 1435 3139 cum
1486 3070 1916 3154 Tyberianus
1974 3070 2308 3160 ejecisset,
2374 3085 2441 3140 et
2490 3069 2808 3170 potestati

241 3180 409 3228 suae
444 3157 771 3227 traditum
823 3157 1126 3238 haberet,
1168 3169 1434 3246 postero
1481 3158 1594 3226 die
1642 3158 1890 3229 sedens
1940 3157 2011 3225 in
2073 3159 2429 3238 tribunali,
2478 3158 2692 3248 jussit
2742 3156 2802 3225 i·-

243 3266 450 3335 psum
513 3245 680 3314 illuc
723 3244 912 3314 duci.
967 3251 1134 3314 Cum
1184 3258 1412 3314 autem
1462 3246 1855 3326 duceretur,
1910 3246 2061 3316 risit
2107 3268 2186 3315 ac
2235 3247 2443 3315 dixit:
2501 3269 2536 3312 «
2577 3252 2673 3315 En
2724 3256 2803 3315 ut

241 3354 486 3403 rursus
533 3344 809 3402 satanas
857 3355 930 3402 se
981 3333 1325 3414 instruxit,
1397 3343 1463 3402 et
1521 3345 1762 3402 contra
1813 3355 1922 3402 me
1969 3345 2277 3428 armatus
2326 3347 2450 3404 est.
2504 3357 2541 3401 »
2602 3339 2796 3402 Post·

240 3441 451 3508 quam
503 3434 735 3489 autem
778 3420 890 3489 ille
943 3421 1303 3510 ingressus
1349 3420 1500 3493 fuit.
1549 3422 1978 3510 Tyberianus
2015 3422 2111 3490 ita
2156 3444 2317 3491 eum
2368 3423 2620 3490 affatus
2654 3431 2798 3491 est:

244 3508 481 3591 «Quid
531 3520 654 3590 est,
689 3530 729 3577 o
777 3508 1202 3577 Alexander?
1252 3514 1343 3576 An
1397 3507 1628 3578 adhuc
1680 3509 1779 3578 in·
1816 3509 1936 3577 illa
1986 3509 2365 3579 temeritate
2418 3523 2537 3579 tua
2582 3509 2806 3599 persi-

243 3597 419 3667 stis?
467 3601 619 3676 Fac,
674 3596 858 3683 quod
908 3596 1064 3666 dico
1105 3619 1119 3663 ε
1173 3596 1310 3663 diis
1357 3596 1698 3673 sacrifica,
1751 3610 1817 3666 et
1868 3598 2162 3686 teipsum
2215 3620 2250 3666 a
2307 3598 2671 3667 tormentis
2721 3596 2809 3665 li-

240 3687 428 3756 bera.
488 3708 523 3751 »
575 3684 951 3773 Respondit
996 3683 1413 3753 Alexander:
1470 3706 1505 3749 «
1553 3684 1706 3753 Vidi
1763 3705 1891 3774 ego
1954 3684 2447 3775 sempiternam
2499 3684 2800 3775 gloriam

243 3773 415 3842 mihi
467 3784 991 3862 praeparatam:
1044 3793 1185 3858 qua
1230 3793 1303 3840 re
1361 3770 1739 3842 delectatus
1780 3794 1976 3866 sum,
2036 3784 2102 3841 et
2139 3773 2470 3843 exultavit
2516 3773 2809 3863 spiritus

241 3882 463 3930 meus,
504 3884 540 3927 »
589 3861 684 3930 Ad
735 3861 904 3929 haec
937 3859 1398 3949 Tyberianus:
1459 3861 1578 3928 «Si
1622 3858 1860 3940 facies,
1910 3859 2097 3946 quod
2155 3859 2372 3947 jussit
2420 3866 2806 3951 Imperator

240 3948 473 4020 etdiis
521 3949 975 4029 sacrificabis,
1017 3961 1181 4032 tunc
1233 3947 1457 4047 magis
1506 3947 1745 4017 laetari
1806 3960 1874 4018 et
1920 3947 2227 4018 exultare
2291 3949 2571 4040 poteris.
2624 3953 2703 4019 At
2746 3949 2810 4018 si

241 4058 487 4128 perges
521 4051 776 4108 temere
823 4058 1049 4128 agere,
1104 4035 1279 4105 illud
1332 4035 1457 4105 ubi
1503 4035 1829 4126 praedico
1865 4058 1987 4126 per
2011 4035 2177 4106 deos
2202 4058 2469 4118 omnes,
2508 4059 2632 4128 per
2660 4058 2813 4106 om-

239 4146 364 4195 nes
411 4128 621 4196 urbes
668 4148 749 4196 ac
815 4125 1132 4216 regiones
1196 4147 1358 4196 ossa
1424 4137 1542 4193 tua
1599 4147 1640 4194 a
1700 4145 1809 4193 me
1877 4125 2348 4225 dispergenda
2393 4147 2568 4195 esse.
2629 4148 2668 4192 »
2716 4163 2809 4175 -—

239 4218 464 4304 «Ego,
504 4214 732 4301 inquit
780 4213 1178 4294 Alexander,
1232 4211 1411 4281 facio
1455 4207 1639 4300 quod
1682 4212 1886 4302 jubet
1946 4218 2283 4284 Dominus
2342 4234 2541 4285 meus
2588 4212 2810 4282 coele-

240 4301 390 4382 stiS,
446 4322 671 4389 neque
719 4302 949 4372 minas
998 4314 1152 4371 tuas
1207 4301 1459 4382 timeo,
1524 4322 1749 4388 neque
1812 4313 2155 4371 tormenta
2215 4313 2335 4372 tua
2393 4300 2712 4371 formido,
2770 4323 2807 4367 »

241 4392 424 4459 Haec
470 4412 634 4462 cum
685 4390 998 4462 audisset
1041 4389 1496 4480 Tyberianus,
1546 4389 1654 4460 ira
1701 4389 2034 4481 percitus,
2090 4389 2306 4481 jussit
2343 4388 2807 4459 Alexandrum
