3327 4999
727 329 855 394 380
959 344 967 367 f
1252 346 1332 392 nn
1377 346 1432 393 s.
1483 343 1849 393 numnam-o
1895 342 2095 391 narse.
2146 342 2546 392 unmsnmv.
2790 326 3037 391 MART.
3090 327 3187 399 20

638 452 938 518 namque
982 440 1085 502 est
1128 431 1313 518 quod
1374 430 1686 500 molestia
1733 451 1916 520 genu
1964 429 2290 498 tumentis
2344 449 2750 518 oppressus,
2817 428 3013 498 nulla
3060 452 3191 501 cu-

625 518 915 610 juslibet
948 519 1374 589 medicorum
1423 519 1767 589 industria
1816 539 2095 609 possum
2145 517 2447 587 sanari.»
2474 517 2609 599 Qui
2642 516 2970 588 desiliens
2999 540 3188 605 equo

636 629 719 676 ac
765 630 950 697 genu
996 608 1407 700 languidum
1442 607 1845 699 diligentius
1891 606 2363 677 considerans:
2395 612 2695 693 «Coque,
2742 606 3001 693 inquit,
3060 608 3191 678 tri-

637 696 881 766 ticeam
931 697 1002 765 in
1052 697 1223 767 lacte
1280 697 1598 776 farinam,
1630 709 1696 767 et
1741 695 1869 765 hac
1926 695 2348 766 confectione
2402 695 2627 765 calida
2676 708 3018 765 tumorem
3068 718 3189 767 su-

635 806 969 886 perunge,
995 798 1061 855 et
1105 786 1531 857 sanaberis.»
1560 791 1637 855 Et
1682 785 1793 855 his
1840 784 2064 865 dictis,
2103 785 2480 855 ascendens
2509 805 2791 871 equum,
2827 784 3021 854 abiit.
3060 784 3189 856 Ille

627 874 849 964 jussis
896 874 1424 965 obtemperans,
1479 887 1632 964 post
1695 874 1843 943 dies
1902 896 2156 964 paucos
2222 886 2504 944 sanatus
2566 886 2701 943 est:
2767 874 3186 963 agnovitque

637 962 961 1053 angelum
1011 962 1222 1033 fuisse
1267 963 1388 1049 qui
1436 964 1604 1032 haec
1651 962 1785 1034 sibi
1835 962 2091 1032 monita
2141 962 2476 1041 dedisset,
2533 961 2839 1031 mittente
2887 962 3006 1031 illo
3055 964 3184 1049 qui

638 1051 991 1138 quondam
1042 1052 1457 1143 Raphaelem
1506 1051 1998 1141 archangelum
2047 1052 2132 1120 ad
2175 1051 2521 1121 sanandos
2551 1051 2797 1120 Tobiae
2845 1050 3034 1120 visus
3067 1051 3185 1120 de·

642 1139 898 1209 stinare
944 1140 1271 1230 dignatus
1316 1154 1440 1210 est.
1492 1140 1685 1223 Quod
1721 1140 1780 1210 si
1827 1140 1942 1208 cui
1977 1141 2242 1210 videtur
2273 1139 2697 1221 incredibile,
2743 1139 3062 1229 angelum
3105 1141 3179 1209 in

642 1249 818 1315 equo
868 1229 1295 1320 apparuisse,
1353 1229 1533 1320 legat
1580 1228 1935 1298 historiam
1992 1229 2583 1309 Machabaeorum,
2637 1227 2706 1296 in
2763 1250 2901 1314 qua
2944 1227 3176 1318 angeli

642 1316 715 1386 in
748 1318 945 1404 equis
992 1330 1056 1386 et
1101 1318 1187 1386 ad
1232 1318 1459 1387 Judae
1490 1317 1883 1387 Machabaei
1933 1331 1997 1387 et
2042 1318 2126 1387 ad
2177 1318 2397 1408 ipsius
2433 1316 2669 1407 templi
2708 1317 3181 1387 defensionem

642 1405 1002 1475 advenisse
1061 1421 1549 1476 memorantur.

732 1496 769 1581 ξ
840 1499 934 1565 8.
985 1494 1081 1563 Ab
1129 1495 1258 1564 hoc
1305 1508 1533 1565 autem
1567 1508 1871 1587 tempore
1917 1495 2199 1564 devotus
2230 1495 2513 1564 Domino
2562 1516 2755 1584 puer,
2810 1495 2988 1564 sicut
3029 1493 3185 1584 ipse

644 1595 878 1673 postea
928 1582 1388 1654 familiaribus
1454 1583 1601 1655 suis
1648 1584 1949 1654 attestari
1996 1583 2276 1663 solebat,
2329 1605 2530 1673 saepe
2588 1583 2658 1651 in
2719 1582 3061 1674 angustiis
3110 1605 3215 1652 se-

640 1670 1060 1742 vallantibus
1106 1694 1313 1742 orans
1360 1673 1754 1754 Dominum,
1807 1672 2034 1762 angeli
2083 1672 2334 1742 meruit
2380 1671 2827 1762 opitulatione
2873 1670 3178 1740 defendi:

640 1781 911 1829 necnon
960 1761 1161 1829 etiam
1214 1783 1337 1851 pro
1384 1761 1540 1832 aliis
1587 1760 1659 1829 in
1713 1761 2015 1851 periculo
2047 1761 2456 1841 constitutiS,
2490 1761 2654 1847 quia
2701 1758 2999 1850 benigna
3035 1761 3184 1851 pie-

644 1860 780 1918 tate
827 1849 1285 1940 supplicabat,
1323 1849 1816 1920 exaudiebatur
1861 1851 1948 1919 ab
1997 1848 2113 1919 illo
2170 1851 2290 1936 qui
2338 1849 2747 1919 clamantem
2801 1869 3180 1939 pauperem

644 1937 972 2007 exaudire
1018 1950 1083 2007 et
1127 1959 1206 2008 ex
1265 1938 1590 2009 omnibus
1666 1938 2226 2009 tribulationibus
2272 1938 2422 2027 ejus
2480 1937 2832 2008 consuevit
2886 1937 3177 2027 eripere.

642 2032 762 2096 Est
816 2026 1113 2113 denique
1161 2027 1653 2096 monasterium
1730 2046 1866 2098 non
1919 2026 2120 2118 longe
2165 2027 2251 2096 ab
2307 2027 2478 2097 ostio
2539 2026 2852 2097 fluminis
2899 2025 3051 2094 Tini
3095 2025 3187 2095 ad

645 2114 1008 2185 meridiem
1062 2115 1296 2198 situm,
1349 2128 1512 2186 tunc
1559 2115 1838 2202 quidem
1883 2115 2213 2195 virorum,
2267 2138 2454 2185 nunc
2491 2128 2720 2184 autem
2770 2126 3057 2195 mutate,
3109 2127 3190 2184 ut

646 2203 857 2283 solet,
912 2227 1033 2295 per
1107 2215 1410 2296 tempora
1460 2226 1693 2274 rerum
1750 2216 1971 2285 statu,
2023 2204 2368 2295 virginum
2431 2204 2691 2273 Christo
2738 2204 3188 2273 servientium

645 2291 867 2361 nobili
912 2294 1227 2369 examine
1277 2293 1574 2384 pollens:
1639 2294 1761 2379 qui
1808 2293 2121 2362 videlicet
2175 2292 2413 2362 famuli
2467 2292 2712 2362 Christi
2768 2291 2936 2361 dum
2989 2291 3184 2383 ligna

643 2382 1046 2451 monasterii
1092 2383 1339 2452 usibus
1397 2394 1556 2472 apta
1601 2405 1726 2472 per
1773 2383 2130 2451 memorati
2195 2381 2462 2451 alveum
2522 2380 2835 2451 fluminis
2890 2381 3092 2450 delon
3148 2404 3189 2451 e

643 2469 910 2541 ratibus
956 2472 1299 2553 veherent,
1344 2470 1631 2561 jamque
1677 2492 1713 2541 e
1757 2471 2030 2561 regione
2075 2470 2381 2561 ejusdem
2433 2469 2830 2540 monasterii
2876 2470 3090 2540 vehen
3149 2492 3190 2539 o

643 2559 1063 2640 devenirent,
1116 2583 1196 2629 ac
1243 2573 1422 2629 rates
1471 2561 1556 2629 ad
1614 2571 1867 2629 terram
1915 2560 2205 2630 educere
2251 2573 2686 2642 conarentur,
2737 2581 2894 2629 ecce
2940 2572 3189 2629 ventus

642 2648 872 2718 subito
921 2650 1007 2718 ab
1053 2670 1304 2718 occasu
1345 2647 1866 2738 intempestivus
1913 2670 2321 2739 assurgenS,
2371 2648 2674 2739 abripuit
2720 2661 2922 2729 rates,
2976 2661 3187 2735 atque

641 2738 728 2806 ad
777 2738 1031 2808 ostium
1081 2737 1393 2805 fluminis
1440 2737 1708 2805 trahere
1754 2738 1998 2894 coepit.
2052 2738 2245 2819 Quod
2301 2737 2608 2808 videntes
2664 2759 2700 2806 c
2762 2737 3185 2807 monasterio

641 2825 907 2905 fratres,
963 2825 1235 2895 emissis
1268 2825 1336 2892 in
1388 2825 1597 2894 fluvio
1627 2826 1874 2895 navicu
1906 2825 1988 2906 is,
2028 2847 2142 2895 eos
2171 2826 2292 2913 qui
2339 2826 2409 2894 in
2437 2827 2701 2895 ratibus
2749 2825 3183 2908 laborabant,

644 2914 971 3004 adjuvare
1017 2913 1443 2983 nitebantur:
1499 2912 1615 2985 sed
1665 2914 1729 2982 vi
1777 2914 2090 2984 fluminis
2119 2938 2199 2984 ac
2230 2926 2580 2984 ventorum
2613 2914 2937 2984 violentia
2983 2937 3193 3016 supe-

645 3003 802 3078 rati,
857 3024 1291 3089 nequaquam
1341 3002 1682 3082 valebant;
1725 3002 1909 3071 unde
1935 3001 2108 3072 facta
2134 3003 2606 3094 desperatione
2644 3003 2933 3073 humani
2982 3003 3190 3093 adju-

648 3091 828 3168 torii,
881 3089 1339 3190 confugerunt
1377 3091 1462 3160 ad
1512 3091 1851 3161 divinum.
1904 3092 2174 3181 Egressi
2221 3113 2518 3178 namque
2565 3092 2647 3160 de
2680 3092 3096 3164 monasterio
3126 3105 3193 3162 et

648 3178 1042 3250 labentibus
1091 3201 1158 3247 m
1211 3183 1555 3249 Oceanum
1591 3180 1882 3260 ratibu8,
1915 3180 2178 3250 collecti
2211 3180 2280 3249 in
2311 3181 2535 3270 primo
2569 3180 2786 3262 obice,
2824 3181 3195 3251 flectebant

647 3289 898 3356 genua,
956 3267 1427 3358 supplicantes
1472 3269 1759 3339 Domino
1809 3291 1930 3359 pro
1978 3268 2111 3349 his,
2164 3291 2339 3356 quos
2369 3270 2436 3339 in
2489 3281 2755 3338 tantum
2805 3270 3047 3339 mortis
3081 3269 3195 3338 di-

648 3356 949 3426 scrimen
1017 3356 1445 3446 jamjamque
1518 3357 1778 3427 irruere
1825 3358 2217 3427 cernebant.
2285 3358 2410 3427 Sed
2471 3357 2857 3448 provisione
2912 3358 3184 3438 divina,

642 3444 962 3532 quamvis
1058 3445 1131 3515 iu
1229 3446 1604 3515 recantium
1640 3499 1655 3524 ,
1718 3458 1871 3515 vota
1918 3459 2081 3517 sunt
2124 3446 2376 3529 dilata,
2429 3460 2506 3515 ut
2561 3447 2872 3517 videlicet
2926 3460 3196 3534 quanta

647 3545 826 3602 esset
882 3534 952 3602 in
1010 3534 1179 3603 Cuth
1231 3547 1373 3604 erto
1446 3535 1660 3604 virtus
1735 3534 2061 3625 precandi
2136 3547 2528 3626 patesceret.
2593 3536 2825 3606 Stabat
2877 3537 3067 3605 enim
3116 3536 3193 3605 in

643 3620 856 3692 altera
904 3624 1130 3692 amnis
1176 3623 1330 3714 ripa
1398 3623 1702 3714 vulgaris
1750 3623 1949 3693 turba
1997 3645 2131 3692 non
2202 3623 2494 3703 modica,
2550 3625 2619 3693 in
2668 3647 2807 3711 qua
2852 3625 3080 3695 stabat
3123 3638 3193 3695 et

644 3712 828 3802 ipse:
881 3732 1059 3798 quae
1112 3733 1297 3793 cum,
1351 3712 1864 3803 aspectantibus
1936 3735 2097 3782 cum
2170 3712 2442 3783 tristitia
2506 3712 2899 3794 monachiS,
2953 3726 3193 3805 raptas

645 3821 848 3890 porro
884 3822 1005 3891 per
1051 3822 1241 3870 mare
1286 3813 1591 3870 cerneret
1637 3813 1837 3881 rate5‚
1890 3801 2059 3870 adeo
2100 3812 2176 3870 ut
2222 3801 2422 3888 quasi
2468 3801 2777 3889 quinque
2823 3824 2983 3872 aves
3034 3824 3191 3893 par·

645 3888 847 3958 vulae
883 3888 1247 3978 (quinque
1306 3890 1491 3959 enim
1539 3902 1734 3958 erant
1772 3888 2005 3978 rates)
2060 3889 2271 3960 undis
2319 3889 2695 3961 insidentes
2742 3903 3184 3982 apparerent,

645 3976 870 4067 coepit
919 3976 1202 4047 irridere
1270 3978 1476 4048 vitam
1542 3977 2076 4048 conversationis
2139 3999 2378 4048 eorum
2410 4034 2425 4061 ,
2477 3980 2679 4066 quasi
2729 3980 2973 4049 merito
3021 3981 3192 4051 talia

644 4077 1039 4166 paterentur
1082 4067 1205 4153 qui
1251 4067 1649 4137 communia
1708 4066 2099 4136 mortalium
2160 4068 2320 4157 jura
2397 4082 2829 4157 spernenteS,
2888 4090 3066 4138 nova
3117 4082 3193 4139 et

643 4167 876 4244 ignota
923 4154 1165 4224 darent
1192 4167 1442 4225 statuta
1473 4153 1772 4224 vivendi.
1806 4153 2160 4226 Prohibuit
2211 4156 2457 4246 probra
2482 4156 2946 4227 deridentium
2981 4157 3192 4228 Cuth-
3259 4163 3276 4188 ⁰

642 4244 903 4313 bertus:
931 4241 1151 4325 «Quid
1201 4243 1426 4334 agitis,
1482 4243 1836 4331 inquiens,
1889 4243 2153 4326 fratres,
2200 4244 2684 4316 maledicentes
2733 4246 2840 4317 his
2886 4268 3063 4333 quos
3110 4248 3186 4316 in

646 4330 858 4401 letum
884 4331 1031 4421 jam
1074 4331 1248 4402 trahi
1289 4331 1572 4402 videtis?
1620 4337 1851 4401 Nonne
1882 4332 2131 4404 melius
2167 4345 2343 4403 esset
2380 4347 2445 4404 et
2491 4334 2899 4416 humaniuS,
2956 4336 3188 4405 Domi-

642 4442 825 4492 num
894 4441 1017 4511 pro
1090 4441 1327 4490 eorum
1393 4420 1746 4510 deprecari
1817 4421 2038 4491 salute
2100 4444 2308 4509 quam
2367 4422 2452 4491 de
2523 4422 2800 4494 illorum
2877 4424 3185 4514 gaudere
