3327 4999
172 338 417 405 MART.
473 338 556 402 16
950 355 1031 402 nn
1078 355 1134 402 s.
1188 355 1466 405 :tammo
1515 356 1910 406 comnssonn
2483 340 2612 410 299
2685 384 2688 387 ι

169 436 440 515 sciebat,
478 456 519 504 a
562 456 698 522 quo
745 433 1125 525 profectum
1173 449 1274 505 est
1309 449 1786 528 praeceptum:
1846 447 1913 507 et
1969 436 2091 524 qui
2146 448 2251 508 est
2296 441 2694 510 communis

166 525 473 595 omnium
518 536 585 593 et
633 523 898 616 primus
933 537 1144 623 pater,
1181 538 1246 593 et
1290 524 1537 615 opifex,
1574 537 1640 595 et
1687 525 2058 616 praecipua
2106 548 2337 608 causa,
2369 541 2445 598 ut
2474 529 2696 599 simus

170 626 235 683 et
276 613 602 683 vivamus.
675 611 802 682 Sed
862 612 1034 680 mihi
1094 613 1490 704 arrigantur
1532 636 1774 685 omnes
1821 637 2027 685 aures
2084 615 2170 684 ad
2220 615 2689 688 audiendum:

160 701 304 793 jam
339 702 519 771 enim
560 701 628 770 in
665 701 897 771 animo
935 702 1235 771 Abramii
1283 703 1630 795 incipiunt
1666 703 1832 773 oriri
1865 702 2035 773 radii
2070 703 2351 794 gratiae.
2388 710 2512 776 Sex
2536 706 2693 794 qui-

169 788 318 859 dem
356 792 842 881 praeterierant
894 789 1065 871 dies,
1117 814 1198 860 ex
1244 812 1381 877 quo
1441 793 1896 882 peragebatur
1951 792 2369 873 convivium,
2409 807 2474 863 et
2519 795 2700 865 cele-

168 878 539 950 brabantur
568 879 873 968 nuptiae,
928 891 994 949 et
1037 880 1413 949 canebatur
1459 882 1925 970 hymenaeus:
1978 882 2270 970 septimo
2327 895 2581 963 autem,
2624 884 2694 951 in

168 990 297 1055 quo
329 981 474 1038 erat
501 969 601 1038 eis
648 967 1052 1039 solvendum
1105 969 1644 1050 matrimonium,
1686 970 1760 1039 fit
1790 992 1898 1039 res
1943 968 2281 1056 quaedam
2315 971 2698 1041 admirabi-

168 1056 283 1137 lis,
350 1070 414 1128 et
470 1079 649 1144 quae
696 1057 802 1125 vix
849 1056 1036 1125 credi
1085 1057 1321 1147 possit.
1376 1064 1540 1129 Nam
1593 1058 1871 1129 sedebat
1914 1058 2194 1146 quidem
2245 1059 2330 1128 ad
2385 1081 2694 1131 mensam

166 1167 318 1216 cum
367 1168 622 1237 sponsa
670 1145 1029 1236 splendide
1062 1145 1435 1216 admodum
1484 1147 1868 1227 Abi-antius,
1907 1160 2238 1234 tanquam
2291 1170 2588 1239 sponsus
2622 1170 2694 1218 re

164 1257 314 1305 vera
362 1235 436 1304 in
489 1234 785 1304 thalamo
826 1256 993 1304 suo:
1048 1234 1350 1304 tumultu
1384 1248 1611 1305 autem
1658 1249 1724 1306 et
1773 1235 2024 1325 plausu
2073 1249 2209 1306 tota
2255 1236 2505 1306 doinus
2585 1259 2692 1307 er-

162 1324 523 1414 strepebat‚
581 1344 991 1409 mensaeque
1036 1335 1100 1392 et
1145 1324 1447 1394 convivis
1503 1337 1698 1395 erant
1745 1346 1983 1394 omnes
2031 1324 2311 1394 intenti:
2369 1339 2688 1396 occutus

162 1427 392 1484 autem
444 1423 708 1482 amator
773 1424 1043 1481 nostrae
1089 1412 1377 1496 salutiS,
1448 1425 1514 1482 et
1569 1413 1899 1504 spiritalis
1955 1435 2035 1483 ac
2082 1413 2361 1483 divinus
2425 1416 2696 1484 anima-

161 1523 316 1572 rum
380 1515 773 1572 nostrarum
832 1501 1191 1592 pronubus
1249 1515 1314 1571 et
1360 1522 1657 1593 sponsus
1697 1502 2028 1583 Christus,
2081 1502 2356 1572 illarum
2414 1503 2695 1585 scilicet,

156 1613 335 1677 quae
384 1602 550 1659 sunt
594 1590 845 1678 dignae
894 1588 1212 1659 thalamis
1259 1590 1427 1671 suis,
1481 1590 1671 1660 dulci
1717 1590 2019 1678 quodam
2066 1591 2258 1660 radio
2297 1592 2609 1662 coelestis
2635 1605 2701 1663 et

154 1678 531 1749 ineffabilis
580 1678 965 1769 splendoris
1020 1679 1275 1747 sensim
1326 1678 1639 1749 immisso
1674 1680 1742 1748 in
1783 1679 2190 1759 thalamum,
2238 1680 2433 1749 suavi
2481 1694 2545 1751 et
2591 1681 2693 1751 al-

156 1767 419 1839 licienti
468 1767 621 1837 luce
668 1766 902 1836 oculos
952 1766 1315 1836 illustravit
1363 1769 1701 1849 Abramii,
1775 1767 1982 1838 veluti
2040 1768 2125 1837 ad
2193 1790 2265 1837 se
2312 1791 2694 1850 accersens,

153 1868 219 1925 et
266 1857 502 1948 ipsum
566 1877 686 1945 per
735 1856 956 1925 lucem
1005 1857 1377 1925 attrahens,
1426 1856 1620 1926 Illius
1666 1857 1852 1927 enim
1903 1857 2175 1926 animae
2233 1871 2464 1947 aperte
2512 1880 2701 1928 ama-

158 1944 941 2103 blatlpulchritudincm,
978 1955 1044 2013 et
1073 1945 1335 2014 volebat
1370 1967 1529 2014 eum
1579 1945 1914 2016 collocare
1943 1946 2014 2014 in
2043 1945 2247 2037 longe
2295 1945 2699 2017 melioribus

166 2046 281 2104 tta
312 2055 517 2103 amis.

252 2125 290 2210 ἓ
337 2129 425 2195 4.
501 2121 726 2213 Hujus
773 2134 999 2190 autem
1052 2119 1227 2193 lucis
1274 2120 1642 2191 dulcedine
1690 2142 1962 2192 summe
2009 2133 2254 2211 captus
2301 2121 2693 2198 Abramius,

159 2223 240 2280 ut
286 2233 463 2298 quae
507 2212 570 2280 ei
621 2233 741 2301 per
784 2208 1021 2280 oculos
1053 2210 1134 2278 ad
1172 2211 1485 2280 animum
1534 2210 1920 2291 affinxerat,
1964 2222 2029 2279 et
2066 2210 2396 2280 ineffabili
2440 2211 2702 2298 jucun-

165 2299 378 2368 ditate
403 2312 467 2369 et
496 2299 858 2391 splendore
885 2320 1003 2368 cor
1029 2299 1288 2370 habens
1326 2299 1685 2389 repletum,
1726 2312 1946 2385 neque
1977 2299 2212 2368 cibum
2248 2320 2465 2385 neque
2495 2312 2697 2390 potus

165 2387 433 2457 volebat
476 2410 794 2459 sumere:
849 2388 966 2459 sed
1017 2388 1286 2459 stabant
1332 2387 1597 2458 immoti
1647 2391 1801 2476 ejus
1848 2386 2075 2468 oculi,
2131 2387 2219 2457 ad
2282 2388 2457 2459 lucis
2506 2388 2698 2460 illius

172 2476 459 2576 speciem
509 2477 873 2559 intuentes,
926 2488 989 2547 et
1036 2476 1222 2566 apud
1273 2498 1344 2547 se
1380 2477 1680 2568 optabat,
1734 2487 1811 2548 ut
1856 2476 1989 2546 cito
2039 2476 2416 2549 solveretur
2460 2478 2694 2547 convi-

168 2587 378 2635 vium.
428 2571 573 2650 Quo
618 2567 900 2654 quidem
948 2580 1024 2636 ut
1071 2566 1550 2647 desiderabat,
1605 2567 1827 2638 soluto
1863 2621 1878 2648 ,
1931 2578 1996 2635 et
2043 2566 2342 2657 singulis
2389 2567 2696 2637 convivis

167 2652 441 2725 domum
496 2657 804 2737 reversis,
860 2655 1057 2725 tacite
1103 2654 1308 2725 domo
1353 2656 1726 2746 egreditur,
1779 2677 1820 2724 a
1868 2654 2059 2725 nullo
2106 2655 2265 2737 ali0,
2313 2656 2447 2726 nisi
2478 2678 2516 2725 a
2548 2656 2694 2725 solo

166 2746 334 2823 Deo,
383 2745 505 2832 qui
550 2766 711 2815 eum
761 2744 1090 2825 vocabat,
1145 2744 1355 2813 visuS.
1409 2750 1486 2814 Et
1531 2767 1693 2814 cum
1740 2744 1925 2813 circa
1971 2743 2110 2814 duo
2160 2745 2380 2814 stadia
2427 2745 2700 2815 abesset

161 2853 201 2901 a
247 2833 536 2915 civitate,
594 2832 898 2923 pervenit
945 2832 1031 2901 ad
1080 2832 1454 2919 quamdam
1503 2832 1773 2905 cellam.
1825 2844 2004 2920 quae
2053 2833 2341 2923 pulchre
2387 2845 2532 2903 erat
2578 2854 2703 2924 po-

156 2922 283 2991 sita
326 2922 414 2992 ad
465 2922 762 3009 quietem
820 2933 884 2990 et
930 2921 1305 2991 silentium.
1383 2927 1545 2990 Eam
1608 2935 1837 2990 autem
1873 2976 1888 3003 ,
1942 2944 2152 3008 quam
2206 2922 2523 3014 jucunde
2590 2933 2694 2991 est

154 3010 554 3103 ingressus!
609 3009 880 3098 Aliquid
942 3010 1125 3079 enim
1192 3011 1254 3078 ei
1316 3010 1753 3092 ostenderat,
1816 3032 1992 3097 quae
2041 3024 2454 3100 apparuerat
2503 3010 2698 3092 visi0,

152 3100 337 3186 quod
380 3099 735 3190 spectabat
780 3099 865 3168 ad
915 3099 1066 3186 ejus
1113 3098 1626 3169 habitationem.
1671 3099 1943 3169 Deinde.
1980 3112 2055 3168 ut
2088 3099 2336 3169 assolet
2369 3101 2439 3168 in
2491 3099 2699 3170 rebus

156 3187 600 3279 hujusmodi,
653 3209 813 3258 cum
863 3186 1052 3256 domi
1100 3185 1654 3288 frequentissime
1704 3188 2179 3258 nominaretur
2225 3210 2570 3278 sponsuS,
2634 3197 2700 3257 et

155 3288 386 3349 essent
433 3298 677 3347 omnes
723 3275 1041 3366 occupati
1090 3276 1175 3344 ad
1229 3276 1328 3346 illi
1378 3274 1919 3358 inserviendum,
1959 3277 2107 3367 ipse
2146 3291 2372 3347 autem
2417 3276 2707 3346 minime

156 3366 452 3447 adesset,
493 3364 721 3435 statim
771 3364 1107 3435 recordati
1155 3377 1318 3434 sunt
1368 3377 1682 3456 parentes
1734 3365 1981 3453 prioris
2029 3365 2155 3434 filii
2205 3366 2603 3447 sententiae,
2640 3377 2708 3434 et

160 3453 352 3526 illius
420 3456 493 3523 in
546 3458 758 3523 Deum
810 3453 1181 3545 propositi,
1236 3464 1302 3523 et
1349 3474 1639 3554 magnae
1687 3453 2016 3524 adversus
2066 3455 2344 3544 nuptias
2387 3468 2707 3524 constan·

156 3544 311 3613 tiae:
372 3564 597 3629 neque
642 3565 795 3612 eam
846 3564 987 3612 rem
1048 3555 1357 3633 poterant
1403 3542 1590 3611 aliud
1645 3563 1904 3622 vocare,
1942 3543 2076 3612 nisi
2126 3556 2440 3632 apertum
2485 3563 2705 3612 seces·
2748 3542 2756 3556 ²

158 3653 337 3702 sum.
396 3638 477 3702 Et
545 3631 695 3701 ideo
743 3633 1252 3713 scrutabantur,
1314 3653 1449 3700 non
1499 3631 1763 3701 theatra
1810 3629 2061 3713 solum,
2123 3644 2189 3701 et
2235 3631 2421 3712 fora,
2474 3643 2541 3701 et
2593 3650 2704 3699 re·

153 3722 365 3812 giam,
422 3731 493 3790 et
539 3720 781 3790 domos
828 3721 1258 3796 amicorum,
1306 3720 1423 3789 sed
1474 3720 1923 3800 solitudineS,
1976 3732 2042 3790 et
2092 3733 2396 3800 montes,
2445 3731 2512 3788 et
2558 3740 2706 3788 mo-

152 3811 542 3879 nachorum
597 3809 1033 3888 habitacula,
1087 3823 1154 3879 et
1222 3808 1446 3880 sicubi
1507 3819 1687 3878 esset
1755 3808 2011 3895 aliquis
2073 3808 2267 3879 locus
2340 3819 2544 3897 aptus
2615 3806 2705 3876 ad

148 3918 505 3970 secessum
550 3910 617 3966 et
649 3897 1025 3967 silentium.
1066 3902 1235 3967 Cum
1275 3896 1476 3967 multi
1522 3917 1686 3988 ergo
1731 3898 1991 3983 ubique
2037 3908 2447 3984 quaererent
2491 3894 2702 3967 Abra-

150 3987 397 4069 mium,
458 3985 1021 4073 decimoseptimo
1053 3986 1167 4056 die
1206 3999 1566 4077 postquam
1600 3999 1993 4063 secesserat,
2030 3985 2378 4056 invenitur
2410 3985 2483 4054 in
2518 3983 2708 4054 dicta

152 4074 348 4158 cella,
408 4073 684 4144 nullum
736 4075 1022 4157 habenS,
1061 4075 1182 4163 qui
1216 4075 1426 4147 simul
1474 4075 1831 4155 habitaret,
1885 4074 2006 4144 sed
2046 4074 2194 4166 ipse
2240 4074 2432 4144 solus
2478 4073 2705 4143 inclu-

162 4181 297 4233 sus,
364 4168 584 4250 Atque
634 4162 790 4233 illos
836 4163 1116 4250 quidem
1147 4218 1167 4244 ,
1223 4164 1345 4251 qui
1395 4164 1627 4254 ipsum
1679 4163 2103 4245 invenerant,
2156 4162 2419 4233 invadit
2464 4175 2709 4253 stupor

160 4253 577 4322 commixtus
626 4251 884 4322 laetitia
928 4265 994 4323 et
1040 4251 1344 4322 tristitia:
1394 4265 1472 4322 ut
1516 4252 1638 4339 qui
1686 4251 2103 4323 laetarentur
2147 4252 2467 4340 quidem,
2519 4249 2706 4338 quod

161 4338 590 4411 invenissent
635 4341 1159 4411 adolescentem:
1212 4343 1567 4432 stuperent
1612 4353 1843 4411 autem
1893 4352 2030 4411 tam
2083 4341 2508 4433 repentinam
2556 4339 2709 4429 ejus

163 4430 643 4512 mutationem,
674 4442 740 4500 et
769 4430 997 4501 statim
1024 4432 1111 4501 ab
1140 4430 1333 4500 initio
1360 4442 1755 4521 susceptam
1801 4430 2009 4501 vitam
2057 4430 2251 4501 illam
2298 4427 2702 4509 solitariam,
