3327 4999
606 335 733 403 564
1396 355 1476 400 mi
1522 353 1577 400 s.
1639 351 1882 401 :oxma
1928 349 2200 400 cunco
2678 333 2922 403 MART.
2976 337 3064 402 3⁰

518 432 762 514 iritari,
809 454 893 502 ne
919 432 1210 503 ulterius
1243 450 1480 504 eorum
1517 431 1779 502 malitia
1807 445 1873 501 et
1898 431 2376 503 malevolentia
2408 448 2842 503 excresceret.
2879 439 3063 518 Quo·

515 524 698 593 circa
747 533 812 591 et
880 521 979 590 illi
1032 521 1295 591 reveriti
1360 520 1818 590 humilitatem
1870 543 1950 591 ac
1997 522 2400 591 modestiam
2455 523 2613 601 viri,
2663 524 3063 611 consciique

517 610 702 699 quod
744 608 879 681 sibi
925 610 1266 701 ejusmodi
1302 609 1618 679 utilitatis
1667 609 1920 679 fontem
1948 610 2477 693 obturaverant,
2515 612 2894 699 quantique
2940 613 3062 682 de-

517 699 825 770 trimenti
872 699 1197 769 omnibus
1264 699 1645 780 extiterant,
1686 699 1772 768 ad
1823 698 2045 768 virum
2094 699 2448 789 supplices
2495 701 2895 783 adveniunt,
2932 702 3061 771 do-

517 788 916 874 ctrinaeque
964 809 1347 858 sermonem
1400 787 1755 857 communi
1804 802 1957 858 voto
2004 812 2162 858 cum
2206 788 2363 858 aliis
2409 802 2812 879 exposcunt.
2849 791 3064 861 Cessit

519 876 734 967 igitur
780 875 1047 977 stat-im,
1088 890 1162 946 ut
1209 877 1331 966 qui
1379 877 1846 947 contradicere
1896 898 2033 948 non
2098 891 2334 960 norat,
2395 891 2461 948 et
2522 879 2749 949 denuo
2812 879 3064 969 prioris

518 976 738 1035 status
785 978 1081 1054 arripult
1129 988 1470 1036 normam.
2776 1031 2790 1043 .

605 1055 643 1141 ξ
708 1058 866 1125 1o.
923 1057 1089 1123 Cum
1140 1055 1352 1145 igitur
1399 1056 1491 1125 ita
1537 1054 1739 1124 bonis
1787 1055 2113 1125 omnibus
2141 1055 2520 1136 excelleret,
2566 1067 2644 1126 ut
2671 1056 2924 1128 similis
2959 1058 3064 1126 in-

519 1141 749 1211 venire
781 1163 915 1211 non
961 1156 1210 1233 posset,
1249 1167 1390 1213 uno
1439 1142 1645 1213 simul
1697 1165 1903 1214 ovans
1937 1158 2108 1221 voto,
2144 1166 2421 1232 unoque
2450 1146 2697 1215 affectu
2727 1161 3064 1234 tanquam

519 1253 776 1301 novum
811 1231 1181 1317 quemdam
1235 1238 1529 1323 Moysem
1560 1232 1848 1301 invitum
1893 1233 2090 1302 illum
2124 1234 2207 1301 ad
2244 1233 2533 1302 fratrum
2586 1235 3062 1324 magisterium

516 1331 585 1389 et
631 1319 934 1410 regimen
986 1334 1531 1412 assumpserunt.
1589 1320 1941 1391 lucernam
1990 1322 2100 1411 (ut
2145 1322 2235 1391 ita
2283 1322 2604 1424 dixerim)
2632 1345 2842 1414 super
2875 1325 3067 1415 prin—

517 1409 792 1500 cipatus
839 1409 1332 1480 candelabrum
1382 1410 1745 1490 elevanteS,
1802 1409 2045 1499 optimi
2081 1432 2247 1480 sane
2295 1411 2535 1480 talium
2563 1410 2877 1501 Judices:
2933 1435 3062 1483 nec

513 1519 641 1587 spe
689 1519 816 1568 sua
862 1497 1171 1567 frustrati
1220 1511 1405 1569 sunt.
1457 1498 1778 1570 Ascendit
1823 1497 2005 1567 enim
2057 1513 2123 1568 et
2169 1499 2317 1588 ipse
2364 1500 2449 1568 ad
2487 1515 2788 1570 montem
2828 1524 3066 1571 sacra-

521 1598 799 1672 tamque
844 1586 1214 1677 caliginem
1260 1588 1565 1665 subiens·‚
1621 1587 1735 1655 Dei
1790 1586 2114 1656 manibus
2160 1589 2616 1673 conscriptam
2672 1590 2886 1681 legem
2941 1613 3064 1660 su·
3121 1635 3126 1639 -

521 1675 760 1764 scepit,
815 1675 1068 1766 Deique
1114 1676 1691 1766 contemplatione
1721 1676 1983 1757 fruenS‚
2017 1690 2083 1745 et
2112 1675 2695 1747 intellectualibus
2727 1679 3064 1767 gradibus

520 1763 884 1846 scandens,
924 1766 1130 1836 verbo
1182 1764 1295 1834 Dei
1342 1764 1612 1855 aperuit
1657 1786 1734 1834 os
1768 1787 2002 1844 suum,
2041 1778 2105 1833 et
2138 1765 2458 1855 spiritum
2487 1767 2861 1846 attrahens,
2899 1789 3060 1837 eru-

519 1852 726 1923 ctavit
776 1855 1057 1924 verbum
1092 1854 1347 1924 bonum
1398 1854 1483 1922 de
1532 1853 1710 1924 bono
1745 1853 2066 1922 thesauro
2111 1854 2341 1923 cordis
2388 1855 2522 1924 sui.

606 1944 643 2029 ξ
708 1948 840 2015 11.
896 1943 1006 2012 Sic
1067 1942 1280 2033 igitur
1327 1941 1635 2032 implevit
1686 1941 1895 2011 tinem
1956 1941 2248 2013 visibilis
2316 1943 2487 2012 vitae
2535 1944 2605 2012 in
2658 1943 3053 2034 principatu

520 2029 987 2101 [sraelitai-um
1030 2031 1548 2111 monachorum,
1588 2031 1656 2099 in
1714 2031 1840 2100 hoc
1890 2031 2109 2100 solum
2147 2054 2187 2100 a
2237 2035 2461 2121 Moyse
2501 2031 2826 2103 differens
2873 2032 3061 2120 quod

521 2141 919 2208 supremam
949 2120 1330 2190 Jerusalem
1382 2142 1652 2189 summa
1696 2119 2018 2189 facilitate
2065 2121 2486 2190 conscendit.
2544 2121 2665 2190 Ille
2694 2123 2904 2203 enirn,
2947 2145 3063 2192 ne-

520 2209 663 2279 scio
708 2229 846 2295 quo
911 2208 1134 2288 modo,
1187 2209 1390 2279 etiam
1442 2222 1712 2278 terrena
1771 2208 2136 2279 frustratus
2183 2222 2308 2279 est.
2356 2216 2770 2280 Attestantur
2828 2223 3057 2280 autem

521 2296 631 2367 his
678 2319 855 2383 quae
901 2297 1229 2378 diximus,
1283 2309 1616 2385 quotquot
1667 2320 1786 2388 per
1832 2320 1992 2368 eum
2043 2299 2339 2388 Spiritus
2387 2299 2613 2368 Sancti
2663 2299 2958 2386 eloquiis
2997 2313 3066 2370 et

521 2386 743 2543 gratia
783 2386 974 2475 potiti
1025 2399 1208 2467 sunt,
1255 2386 1676 2477 plurimique
1721 2409 1800 2456 ex
1849 2387 1956 2456 his
1994 2387 2145 2477 ejus
2193 2388 2413 2478 gratia
2444 2387 2680 2459 salvati
2713 2402 2897 2469 sunt,
2935 2389 3062 2457 ho—

571 2475 770 2562 ieque
818 2475 1191 2546 salvantur.
1254 2477 1467 2546 Testis
1514 2476 1820 2566 optimus
1868 2476 2197 2567 sapientis
2260 2477 2471 2567 hujus
2520 2477 2761 2549 salutis
2813 2478 3064 2548 simul-

520 2586 656 2650 que
719 2564 1094 2655 sapientiae
1155 2587 1374 2634 novus
1439 2565 1671 2635 David.
1732 2567 1945 2634 Testis
1991 2566 2150 2634 item
2202 2579 2268 2635 et
2316 2580 2548 2657 pastor
2601 2581 2833 2636 noster
2886 2568 3067 2657 opti-

524 2676 683 2722 mus
740 2659 1066 2736 JoanneS,
1119 2676 1159 2724 a
1205 2676 1342 2741 quo
1392 2675 1688 2755 magnus
1735 2654 1851 2723 ille
1898 2669 2258 2737 exoratus,
2327 2655 2411 2724 de
2461 2656 2646 2724 Sinai
2698 2669 2927 2724 monte
2976 2657 3067 2726 ad

522 2764 650 2813 nos
697 2764 920 2829 usque
966 2743 1237 2811 animae
1283 2742 1675 2833 cognitione
1729 2743 2199 2824 descendens,
2271 2741 2505 2812 veluti·
2544 2766 2758 2813 novus
2806 2745 3068 2831 aliquis

523 2831 641 2899 Dei
676 2831 1085 2920 speculator,
1132 2853 1294 2900 suas
1326 2853 1363 2899 a
1402 2835 1527 2899 Deo
1569 2830 1839 2901 tabulas
1886 2831 2255 2921 inscriptas
2302 2833 2600 2902 ostendit
2646 2834 2890 2903 nobis:
2943 2856 3063 2903 ex-

524 2919 868 2989 trinsecus
918 2919 1198 3007 quidem
1248 2920 1505 2988 activae
1556 2921 1750 3001 vitae,
1821 2920 2238 2992 intrinsecus
2285 2944 2443 2991 vero
2489 2922 3065 3013 contemplativae

524 3007 906 3077 doctrinam
959 3007 1408 3078 continentes.
1462 3007 1498 3042 ¹*

577 3205 602 3231 ⁸
632 3206 668 3243 Ε
686 3203 931 3253 cantandae,
947 3203 1144 3253 Gltmata,
1162 3204 1346 3245 cumaea
1363 3206 1528 3254 (gradu
1547 3206 1626 3246 vel
1644 3203 1788 3257 analo)
1810 3207 1852 3246 S.
1872 3207 2036 3247 Abbati
2060 3210 2421 3257 cognomentum
2438 3210 2616 3249 climaci·
2642 3209 2819 3250 factum
2848 3220 2906 3250 ex
2934 3221 3065 3260 egre·

522 3258 597 3309 gio
627 3259 731 3308 ejus
748 3258 873 3299 ubro
890 3259 947 3299 dc
966 3259 1310 3308 Religiosorum
1329 3260 1538 3309 perfecta
1560 3261 1684 3300 vitae
1702 3261 1883 3302 ratione
1904 3271 2044 3313 quem
2062 3263 2271 3303 Par-addai
2291 3263 2464 3304 Scaeam
2481 3264 2735 3313 inscripsit.
