3327 4999
744 334 873 398 ⁴90
1560 349 1640 396 ns
1688 349 1745 396 s,
1799 347 2114 396 Gnscomo
2163 348 2324 396 PAPA
2825 329 3063 394 MART.
3112 329 3179 395 ⁴2

647 428 719 497 in
769 451 907 516 qua
956 450 1027 498 se
1080 430 1537 499 Universalem
1584 427 1936 517 appellare
1983 440 2273 497 conatus
2318 438 2420 498 est
2465 426 2522 495 ⁴⁸.
2576 424 2770 509 Quod
2824 447 2975 495 mox
3021 431 3180 515 Papa

645 517 967 605 Pelagius
1013 529 1088 586 ut
1135 540 1174 585 a
1230 515 1435 592 novit,
1490 516 1770 585 directis
1818 516 2128 605 epistolis
2176 538 2255 585 ex
2303 515 2708 585 auctoritate
2754 515 2968 584 sancti
3021 514 3176 583 Petri

645 606 962 695 apostoli,
1016 606 1166 696 ejus
1219 626 1324 673 em
1379 604 1627 692 synodi
1676 617 1822 674 acta
1872 605 2204 673 cassavit:
2257 603 2634 673 diaconum
2676 624 2833 671 vero
2867 603 3182 692 quijuxta

649 715 910 763 morem
943 715 1070 784 pro
1104 692 1453 782 responsis
1485 692 1982 762 Ecclesiasticis
2015 692 2353 762 faciendis
2383 692 2926 781 Imperatoribus
2955 690 3182 760 adhae-

646 781 862 862 rebat,
915 803 1074 850 cum
1117 802 1197 850 eo
1238 781 1600 850 Missarum
1639 781 1975 850 solemnia
2008 780 2354 849 celebrare
2387 779 2767 869 prohibuit.
2814 779 3021 866 Cujus
3050 801 3181 849 sen·

646 870 929 938 tentiam
981 871 1222 939 beatus
1269 890 1543 955 quoque
1591 869 1963 959 Gregorius
2009 890 2331 955 sequens,
2389 867 2822 958 praedictum
2859 872 3178 947 ‚Ioannem

600 1008 605 1011 ι
652 978 855 1045 saepe
901 957 1401 1026 commonitum
1451 958 1888 1043 acquiescere
1934 956 2389 1036 differentem,
2442 955 2780 1024 sententia
2832 955 2983 1046 pari
3024 955 3183 1023 mul-

648 1057 968 1126 ctaverat,
1021 1045 1486 1131 omnibusque
1534 1045 1983 1134 pontificibus
2030 1045 2159 1114 sub
2192 1045 2756 1113 interminatione
2787 1044 3045 1133 proprii
3078 1045 3180 1111 lio-

646 1133 838 1203 noris
887 1134 1354 1214 mandaverat,
1408 1155 1494 1202 ne
1542 1155 1854 1219 unquam
1907 1132 2323 1203 Universalis
2376 1131 2743 1222 profanum
2785 1130 3177 1200 vocabulum

647 1232 767 1291 aut
799 1222 1199 1303 scriberent,
1238 1236 1358 1291 aut
1388 1220 1726 1311 scriptum
1759 1221 2212 1312 susciperent,
2251 1232 2369 1290 aut
2403 1220 2525 1289 ubi
2555 1219 2797 1290 fuisset
2831 1220 3174 1309 scriptum,

647 1310 1184 1380 subscriberent.
1256 1314 1636 1400 Quaproter
1680 1315 2005 1391 JoanneS,
2064 1309 2300 1379 multis
2349 1308 2642 1378 fallaciis
2689 1308 2777 1377 ad
2827 1331 3027 1377 suam
3075 1308 3183 1390 hy-

645 1399 974 1488 pocrisim
1024 1419 1438 1468 consensum
1491 1397 1883 1467 avarissimi
1931 1397 2375 1488 Imperatoris
2426 1397 2813 1477 redimens,
2880 1395 3177 1475 obtinuit,

641 1499 720 1555 ut
769 1490 1153 1575 Imperator
1199 1486 1523 1575 Gregorio
1571 1486 1923 1565 scriberet,
1980 1486 2162 1572 quod
2215 1486 2351 1555 sibi
2401 1486 2738 1575 pacificus
2785 1484 3117 1554 existeret.

734 1581 772 1653 ἓ
820 1579 979 1646 85.
1025 1574 1095 1608 ’μ’
1127 1579 1508 1664 Quaproter
1538 1574 1688 1664 ipse
1718 1575 2148 1663 Imperatrici
2185 1574 2618 1643 Constantine
2650 1573 2830 1641 inter
2862 1574 3003 1642 alia
3033 1571 3180 1642 scri-

642 1660 818 1751 psit,
875 1663 1150 1731 dicens:
1208 1685 1245 1729 «
1299 1662 1673 1732 Sabiniano
1721 1662 2014 1732 diacono
2064 1661 2446 1752 responsali
2499 1683 2648 1730 meo
2697 1662 3044 1731 scribente
3086 1682 3182 1729 co·

642 1750 886 1905 Ξηονί,
943 1750 1015 1818 in
1065 1750 1298 1821 causis
1348 1750 1526 1819 beati
1575 1750 1752 1820 Petri
1793 1750 2262 1840 apostolorum
2316 1750 2655 1841 principis
2702 1762 2945 1818 contra
2994 1770 3181 1836 quos-

692 1860 805 1906 am
856 1839 1199 1929 superbe,
1258 1838 1596 1918 humiles,
1654 1838 1811 1907 ficte
1860 1839 2191 1920 blandos,
2245 1842 2505 1925 quanta
2552 1860 2625 1907 se
2662 1838 2942 1926 justitia
2992 1849 3185 1907 vestra

641 1927 975 1995 serenitas
1024 1926 1402 2017 impendat.
1460 1928 1651 1996 Unde
1698 1926 1929 1995 adhuc
1980 1941 2156 2017 peto,
2203 1941 2280 1995 ut
2312 1926 2577 1995 nullius
2609 1926 3007 2017 praevalere
3034 1946 3181 1995 con-

641 2023 744 2082 tra
794 2015 1145 2084 veritatem
1198 2015 1619 2104 hypocrisim
1690 2015 2125 2105 permittatis.
2207 2016 2380 2096 Quia
2449 2027 2611 2085 sunt
2667 2015 2958 2100 quidam
2998 2069 3013 2095 ,
3078 2011 3182 2099 qui

630 2102 831 2191 juxta
877 2124 1037 2193 egre
1092 2103 1138 2171 ii
1190 2103 1681 2193 praedicatoris
1714 2124 1970 2183 vocem,
2011 2126 2133 2193 per
2159 2103 2401 2172 dulces
2431 2124 2784 2173 sermones
2813 2116 2880 2171 et
2913 2100 3178 2172 benedi-

638 2189 898 2261 ctiones
944 2214 1017 2260 se
1075 2204 1288 2260 ucunt
1334 2191 1543 2260 corda
1591 2191 2094 2260 innocentium.
2149 2192 2280 2273 Qui
2330 2203 2509 2260 veste
2554 2190 2839 2277 quidem
2890 2188 3178 2280 despecti

639 2289 824 2356 sunt,
882 2278 998 2348 sed
1049 2280 1255 2348 corde
1306 2292 1611 2348 tument:
1663 2291 1729 2347 et
1775 2281 1974 2365 quasi
2029 2280 2096 2348 in
2151 2280 2278 2348 hoc
2338 2279 2600 2348 mundo
2661 2291 2916 2347 cuncta
2976 2276 3187 2367 despi-

639 2366 856 2446 ciunt,
898 2366 1015 2436 sed
1055 2380 1282 2437 tamen
1315 2390 1393 2446 ea
1423 2389 1602 2455 quae
1630 2367 1879 2435 mundi
1910 2381 2096 2447 sunt,
2133 2381 2385 2437 cuncta
2419 2366 2628 2436 simul
2665 2367 2961 2456 adipisci
3000 2387 3186 2455 quae-

637 2467 825 2524 runt.
880 2456 1010 2538 Qui
1060 2456 1384 2547 indignos
1433 2476 1505 2524 se
1553 2455 1957 2526 hominibus
1998 2456 2319 2537 fatentur,
2360 2455 2478 2526 sed
2524 2456 2808 2546 privatis
2843 2454 3180 2527 vocabulis

635 2546 938 2613 contenti
985 2567 1133 2615 esse
1182 2567 1318 2614 non
1372 2555 1706 2633 possunt:
1759 2545 1925 2631 quia
1972 2544 2147 2613 illud
2197 2557 2584 2635 appetunt,
2635 2543 2823 2613 unde
2869 2546 3181 2614 omnibus

633 2630 986 2721 digniores
1031 2655 1181 2702 esse
1231 2633 1614 2701 videantur.
1674 2655 1709 2698 »
1762 2638 1837 2701 Et
1888 2646 2039 2723 post
2090 2655 2362 2724 pauca:
2424 2657 2451 2696 α
2505 2637 2858 2703 Praeterea
2911 2633 3170 2708 indico,

631 2720 800 2806 quia
870 2721 1164 2809 piissimi
1232 2720 1505 2789 Domini
1569 2721 1825 2810 scripta
1875 2722 2190 2810 suscepi,
2247 2734 2324 2790 ut
2371 2719 2562 2790 fratri
2609 2736 2676 2790 et
2723 2719 3180 2791 consacerdoti

631 2830 786 2876 meo
832 2810 1086 2877 Joanni
1133 2807 1420 2878 debeam
1469 2830 1618 2878 esse
1660 2810 2017 2898 pacificus.
2064 2815 2140 2878 Et
2178 2810 2464 2895 quidem
2498 2810 2597 2878 sic
2633 2809 3041 2900 religiosum
3077 2809 3183 2878 do-

630 2896 905 2965 minum
956 2896 1231 2978 decuit,
1286 2909 1360 2965 ut
1410 2896 1747 2967 sacerdoti
1799 2898 1927 2969 ista
1977 2899 2420 2989 praeciperet.
2501 2897 2627 2967 Sed
2678 2920 2840 2967 cum
2893 2920 2970 2968 se
3024 2898 3176 2965 nova

629 2984 1193 3074 praesumptione
1240 2997 1447 3071 atque
1486 2987 1814 3075 superbia
1856 2986 2036 3054 idem
2071 2986 2278 3056 frater
2308 3008 2505 3055 meus
2550 2987 3017 3056 Universalem
3052 2984 3178 3075 epi·

629 3091 919 3160 scopum
970 3072 1291 3163 appellet,
1346 3074 1438 3143 ita
1473 3086 1548 3142 ut
1578 3085 1854 3144 sanctae
1891 3077 2263 3145 memoriae
2294 3074 2677 3144 decessoris
2715 3076 2850 3144 mei
2885 3087 3180 3165 tempore

629 3159 932 3229 adscribi
981 3182 1054 3229 se
1100 3162 1171 3229 in
1220 3162 1484 3251 synodo
1534 3162 1654 3230 tali
1697 3163 1822 3232 hoc
1854 3164 2154 3252 superbo
2191 3163 2522 3232 vocabulo
2556 3162 2830 3240 faceret,
2869 3161 3180 3250 quamvis

627 3260 880 3318 cuncta
927 3248 1115 3319 illius
1164 3250 1435 3339 synodi,
1494 3250 1662 3320 Sede
1710 3252 2095 3340 Apostolica
2142 3251 2676 3331 contradicente,
2733 3252 2964 3322 soluta
3012 3252 3172 3320 sint:

629 3336 821 3407 triste
868 3337 1043 3406 mibi
1090 3337 1351 3425 aliquid
1405 3339 1895 3410 serenissimus
1940 3340 2272 3409 dominus
2321 3340 2573 3419 innuit,
2617 3340 2804 3426 quod
2851 3362 2988 3409 non
3029 3358 3176 3409 eum

629 3426 967 3516 corripuit
1012 3426 1133 3513 qui
1183 3427 1514 3517 superbit,
1570 3428 1690 3498 sed
1725 3449 1835 3497 me
1879 3429 2105 3516 potius
2136 3431 2223 3499 ab
2260 3428 2635 3498 intentione
2668 3450 2821 3497 mea
2849 3428 3184 3497 declinare

626 3514 868 3596 voluit,
902 3514 1046 3602 qui,
1086 3515 1155 3583 in
1187 3515 1314 3584 hac
1346 3538 1580 3595 causa,
1620 3516 2148 3607 Evangeliorum
2183 3529 2247 3586 et
2278 3521 2637 3586 Canonum
2673 3529 2928 3587 statuta
2963 3513 3182 3586 humi-

627 3601 842 3672 litatis
861 3616 1065 3690 atque
1085 3604 1521 3678 rectitudinis
1559 3604 1810 3674 virtute
1843 3605 2160 3675 defendo.
2207 3609 2353 3687 Qua
2395 3604 2465 3672 in
2501 3627 2573 3673 re
2602 3627 2641 3673 a
2678 3605 3030 3694 praedicto
3051 3602 3176 3670 sra-

628 3702 730 3760 tre
775 3704 841 3761 et
885 3693 1370 3766 consacerdote
1420 3715 1593 3772 meo,
1648 3706 1887 3763 contra
1937 3693 2418 3784 Evangelicam
2468 3692 2906 3772 sententiam,
2951 3705 3178 3761 contra

627 3781 907 3851 beatum
952 3803 1227 3868 quoque
1276 3787 1553 3854 Petrum
1602 3781 2026 3872 Apostolum,
2065 3794 2130 3850 et
2158 3794 2399 3851 contra
2427 3803 2670 3851 omnes
2705 3780 3047 3850 Ecclesias
3075 3800 3178 3848 ca-

627 3890 1034 3956 nonumque
1081 3882 1334 3940 statuta
1383 3871 1635 3962 agitur.
1684 3871 1811 3940 Sed
1843 3883 1946 3940 est
1982 3870 2422 3959 omnipotens
2460 3875 2659 3949 DeuS,
2695 3868 2768 3937 in
2805 3870 3010 3959 cujus
3045 3888 3183 3935 ma-

625 3980 764 4028 nus
814 3974 977 4027 sunt
1022 3959 1279 4037 omnia,
1333 3959 1419 4027 de
1465 3980 1603 4045 quo
1653 3959 1990 4049 scriptum
2024 3971 2162 4029 est:
2215 3963 2361 4028 Non
2399 3968 2494 4026 est
2522 3959 2886 4047 sapientia,
2924 3981 3054 4026 non
3089 3963 3177 4024 est

622 4049 1013 4139 prudentia,
1044 4070 1175 4117 non
1207 4057 1301 4117 est
1322 4050 1677 4118 consilium
1703 4059 1935 4117 contra
1966 4049 2317 4116 Dominum
2344 4045 2570 4135 (Prov.
2605 4046 2763 4134 xxi).
2800 4051 2880 4115 Et
2906 4044 3181 4132 quidem

629 4134 1018 4226 saepefatus
1066 4137 1553 4208 sanctissimus
1597 4135 1807 4206 frater
1839 4135 2283 4207 serenissimo
2317 4135 2601 4208 domino
2642 4134 2864 4205 multa
2896 4133 3178 4204 suadere

682 4335 708 4361 *¹
736 4335 804 4375 De
822 4334 1063 4383 hypocrisi
1081 4334 1131 4374 et
1151 4335 1376 4384 superbis
1392 4334 1842 4384 constantinopolit.
1858 4333 2213 4384 Archlepiscopl
2238 4334 2537 4375 Universalem
2567 4342 2619 4374 se
2648 4333 2946 4384 appellantis.
2975 4331 3095 4370 Eum
3122 4328 3182 4365 ln-

630 4388 780 4428 {erius
800 4389 1021 4427 Lucifero
1041 4390 1293 4436 comparat.

681 4442 737 4469 *¹¹²
768 4442 1055 4492 Augustales
1076 4442 1262 4483 litteras
1282 4451 1372 4491 pro
1395 4450 1451 4483 eo
1470 4439 1799 4490 supplicantes
1817 4438 2008 4481 refellit.
