3327 4999
168 354 275 422 EX
320 357 493 424 OCT.
549 360 632 425 40
946 381 1023 428 nn
1071 382 1127 428 s.
1181 380 1420 434 somna
1468 382 1698 432 canon.
1762 384 1904 432 nne.
2483 373 2609 437 657

165 482 324 530 vero
371 463 566 549 quasi
599 464 908 533 exanime
939 465 1365 549 cernebatur,
1419 490 1682 556 suoque
1732 469 2029 560 pondere
2075 470 2501 562 depressum,
2535 474 2692 546 sub·

169 549 405 620 sistere
453 551 561 622 vix
657 553 985 634 emisset,
1065 556 1191 625 nisi
1257 556 1344 625 ab
1402 557 1558 626 aliis
1612 572 1789 628 esset
1846 572 2324 630 sustentatum.
2381 563 2692 644 Quodam

166 638 279 709 die
324 640 588 731 ejusmo
642 642 662 710 i
700 642 1018 732 jucunda
1064 644 1419 716 devotione
1457 646 1763 730 affectuS,
1816 648 1883 717 in
1935 649 2184 721 sacello
2232 671 2357 720 suo
2418 652 2693 724 Missam

168 727 511 799 celebrare
559 731 791 813 voluit,
829 733 1146 803 ministro
1193 733 1383 806 illius
1413 736 1476 805 ei
1509 736 1866 807 assistente
1896 761 2054 808 cum
2091 739 2370 808 homine
2391 741 2692 826 quodam

167 819 483 888 seculari.
538 821 939 892 Praemissis
986 822 1198 914 igitur
1227 824 1506 914 privatis
1545 826 1969 897 orationibus
1995 840 2059 898 et
2107 828 2690 907 meditationibus,

166 927 321 976 mox
362 908 814 980 sacerdotales
862 911 1090 983 induit
1136 926 1374 984 vestes:
1428 936 1729 1002 cumque
1774 916 2020 986 anhelo
2071 932 2336 1007 pectore
2383 919 2696 989 coelestis

168 997 427 1084 patriae
474 998 728 1088 gaudia
773 1002 1372 1092 contemplaretur,
1427 1026 1644 1092 usque
1711 1006 1792 1075 ad
1859 1006 2225 1096 Epistolam
2281 1008 2514 1078 omnia
2573 1009 2697 1078 rite

166 1106 322 1174 pere
374 1086 448 1157 it.
501 1092 671 1157 Tum
723 1111 876 1159 vero
904 1089 1082 1160 clam
1131 1091 1301 1160 dixit
1347 1093 1686 1175 ministr0‚
1741 1107 1814 1162 ut
1848 1095 2222 1166 secularem
2259 1096 2606 1166 hominem
2657 1120 2694 1166 e

164 1109 412 1244 sacefio
471 1175 744 1264 juberet
813 1179 1198 1250 abscedere.
1254 1181 1445 1263 Quod
1495 1204 1650 1251 cum
1735 1182 1990 1253 sactum
2038 1198 2250 1266 esset,
2305 1186 2694 1273 usqueadeo

160 1261 391 1335 divino
421 1276 522 1337 est
554 1288 786 1336 amore
833 1268 1324 1350 inflammatus,
1381 1283 1454 1340 ut
1496 1293 1657 1361 prae
1709 1273 1922 1343 multo
1957 1273 2418 1363 lacrymarum
2467 1276 2687 1345 imbre

159 1353 365 1423 verba
414 1357 870 1445 pronunciare
918 1381 1051 1429 non
1107 1370 1351 1449 posset.
1406 1360 1595 1442 Quod
1634 1375 1852 1430 tamen
1910 1362 2023 1431 ille
2071 1384 2204 1431 non
2271 1365 2524 1445 virtuti,
2571 1365 2689 1434 sed

159 1441 546 1513 infirmitati
577 1445 906 1529 attribuit,
952 1448 1187 1518 nolens
1236 1461 1306 1518 ut
1344 1448 1656 1519 minister
1700 1451 1849 1541 ejus
1895 1451 1977 1520 ad
2031 1452 2324 1521 aliorum
2377 1453 2690 1523 notitiam

160 1531 228 1600 id
263 1532 766 1623 gloriabundus
801 1536 1145 1627 perferret.
1194 1537 1320 1607 Sed
1354 1551 1498 1608 erat
1543 1551 1721 1609 certe
1771 1540 1885 1609 ille
1932 1542 2199 1632 egregie
2249 1541 2558 1623 humilis,
2614 1555 2691 1612 ut

159 1621 360 1691 etiam
412 1646 526 1693 eos
573 1624 886 1716 diligeret
931 1628 1051 1715 qui
1099 1628 1328 1719 ipsum
1360 1628 1777 1698 contumelia
1810 1629 2177 1710 afficerent,
2234 1630 2537 1721 ingratos
2570 1632 2686 1701 be·
2785 1662 2796 1673 ·

158 1710 423 1782 neficiis
468 1714 807 1797 obrueret,
845 1739 1055 1786 vanas
1100 1716 1532 1787 adulantium
1582 1717 1820 1788 laudes
1867 1720 2104 1799 odiret,
2159 1720 2450 1791 honores
2499 1720 2688 1809 fuge-

160 1812 282 1881 ret,
343 1824 504 1871 cum
554 1802 991 1876 inferioribus
1040 1806 1492 1888 ministraret,
1560 1808 2100 1897 provectioribus
2157 1808 2549 1879 sociabilem
2615 1832 2687 1878 se

163 1889 533 1962 exhiberet.

250 1981 286 2065 ἓ
333 1986 426 2051 θ.
489 1986 692 2052 Porro
740 1984 930 2075 gregi
978 1984 1112 2054 sibi
1157 1986 1525 2066 commisso
1572 1986 1633 2054 vi
1690 1986 1933 2055 ilanter
1981 1986 2386 2067 intendem,
2440 1987 2680 2056 adver-

164 2089 321 2136 sum
370 2070 657 2161 maligni
705 2072 1060 2143 daemonis
1109 2074 1508 2146 tentationes
1556 2098 1635 2144 su
1692 2075 1869 2145 ditos
1918 2098 2079 2146 suos
2109 2090 2173 2146 et
2202 2076 2689 2147 exhortationi-

164 2155 327 2238 buS‚
381 2172 444 2230 et
507 2182 693 2230 exem
750 2161 835 2233 lis
896 2162 1096 2232 bonis
1144 2165 1412 2254 egregie
1460 2165 1812 2265 animavit.
1888 2165 2162 2236 Deside's
2209 2178 2290 2235 et.
2331 2166 2560 2257 pigros
2611 2166 2680 2235 in

162 2248 572 2336 praestando
619 2271 658 2319 o
736 2252 863 2332 ci0‚
916 2252 1313 2344 castigabat:
1370 2254 1477 2343 pie
1522 2266 1585 2323 et
1634 2252 1945 2344 religiose
1977 2277 2048 2323 se
2080 2267 2413 2345 gerentes,
2452 2255 2677 2325 favore

159 2347 224 2403 et
254 2358 485 2406 amore
520 2340 1079 2429 prosequebatur.
1121 2340 1248 2411 Dili
1298 2354 1486 2411 enter
1518 2343 1929 2413 admonebat
1962 2342 2224 2424 fratrea,
2263 2356 2339 2414 ut
2376 2368 2412 2411 a
2455 2344 2677 2414 domi-

161 2425 295 2495 bus
341 2425 750 2501 officialibus
800 2429 1120 2501 mulieres
1154 2454 1271 2501 exc
1304 2431 1611 2514 uderent,
1652 2454 1735 2502 ne
1768 2445 1989 2502 mente
2022 2445 2336 2504 vacantes
2377 2433 2676 2514 libidini,

159 2537 199 2583 a
246 2514 601 2588 beatorum
649 2520 989 2590 consortio
1038 2521 1276 2590 fierent
1323 2520 1551 2590 alieni.
1621 2527 1784 2592 Cum
1837 2521 2162 2592 fratribus
2210 2523 2278 2590 in
2330 2522 2680 2594 refectorio

160 2603 392 2674 cibum
443 2630 685 2699 capere
724 2608 1004 2690 solebat,
1058 2610 1191 2681 nisi
1241 2611 1541 2700 hospites
1572 2611 1918 2697 ejusmodi
1951 2612 2489 2701 supervenirent,
2527 2614 2684 2699 qui-

159 2694 292 2763 bus
338 2716 496 2765 eum
547 2698 783 2769 adesse
831 2701 1189 2788 oporteret.
1257 2700 1578 2772 Noctibus
1626 2700 1923 2771 cubabat
1964 2702 2030 2769 in
2081 2700 2505 2782 dormitorio,
2564 2724 2686 2771 no-

157 2785 559 2874 cturnisque
624 2787 988 2877 precibus,
1041 2811 1214 2875 quas
1273 2791 1636 2861 Matutinas
1687 2802 1949 2866 vocant,
2005 2789 2289 2880 pervigil
2332 2791 2678 2872 intererat,

158 2873 455 2944 multum
488 2874 980 2957 reformidans,
1035 2878 1093 2947 si
1141 2901 1340 2949 secus
1389 2891 1517 2949 tem
1577 2902 1659 2949 us
1699 2901 1778 2949 ex
1830 2878 2127 2960 auderet,
2165 2902 2321 2948 cum
2367 2879 2686 2970 lampade

159 2982 372 3033 vacua
420 2986 554 3034 non
606 2987 677 3035 se
711 2979 1194 3057 perventurum
1245 2967 1328 3037 ad
1380 2991 1515 3059 epu
1545 2992 1619 3040 as
1669 2990 1786 3039 coe
1818 2969 2063 3038 estium
2104 2969 2530 3059 nuptiarum.
2566 2974 2684 3038 Ae—

156 3062 385 3139 grotos
433 3054 695 3125 solicite
744 3056 1098 3139 visitabat,
1152 3057 1250 3127 eis
1306 3069 1694 3148 opportuno
1759 3071 2057 3149 tempore
2104 3079 2212 3127 res
2261 3059 2683 3128 necessarias

156 3139 715 3214 subministrans.
768 3145 960 3246 Apud
1012 3145 1312 3236 hospites
1359 3148 1721 3236 jucundus
1779 3160 1957 3230 erat,
2027 3160 2092 3217 et
2139 3147 2481 3237 sapienter
2529 3147 2684 3216 aliis

156 3249 349 3296 escas
381 3232 729 3331 appositas
775 3232 1218 3316 distribuens,
1258 3235 1404 3326 ipse
1451 3237 1628 3307 inter
1674 3235 1960 3306 delicata
2011 3235 2266 3305 fercula
2315 3236 2458 3307 solo
2500 3259 2677 3328 pane

158 3317 561 3406 saepissime
609 3323 1026 3393 vescebatur.
1081 3324 1274 3406 Quod
1326 3337 1548 3394 tamen
1600 3347 1685 3394 ne
1733 3325 1888 3395 aliis
1935 3325 2485 3406 admirationem,
2542 3327 2676 3417 ipsi

157 3403 444 3494 gloriam
498 3408 773 3480 inanem
824 3415 1108 3502 pareret,
1162 3413 1351 3482 cibos
1403 3414 1890 3485 conscindebat
1937 3437 2016 3484 ac
2067 3415 2507 3504 partiebatur,
2565 3415 2680 3486 sed

154 3511 353 3571 caute
418 3502 485 3570 in
536 3501 836 3590 quodam
896 3502 1172 3574 vasculo
1232 3507 1347 3572 eos
1397 3525 1782 3594 reponens,
1846 3526 2004 3573 cum
2053 3503 2250 3573 edere
2299 3514 2677 3594 putaretur,

156 3591 271 3661 Dei
323 3613 553 3661 amore
607 3613 884 3662 carnem
940 3591 1352 3662 abstinentia
1402 3592 1810 3662 macerabat.

244 3685 280 3770 ξ
325 3687 402 3754 ⁸2.
468 3687 700 3751 Sermo
747 3680 896 3770 ejus
943 3679 1479 3768 haudquaquam
1525 3681 1996 3751 infructuosus
2045 3681 2194 3762 fuit,
2236 3703 2360 3751 nec
2389 3681 2682 3752 delecta-

155 3771 359 3842 batur
406 3771 629 3841 verbis
677 3769 935 3839 frivolis
981 3780 1046 3838 et
1092 3770 1616 3860 supervacaneis
1666 3770 1783 3840 sed
1834 3769 2142 3850 utilibus,
2199 3771 2286 3871 ab
2327 3770 2476 3861 ipsa
2510 3772 2676 3842 scri-

157 3873 361 3961 ptura
407 3861 642 3930 divina
688 3857 1111 3950 depromptis
1140 3911 1158 3937 ,
1214 3859 1414 3949 cujus
1460 3872 1604 3929 erat
1665 3859 2039 3929 admodum
2090 3859 2463 3929 studlosuS.
2535 3866 2676 3932 Mos

156 3949 259 4019 1lli
306 3950 481 4031 fuit,
537 3948 890 4020 nocturnis
951 3948 1271 4039 precibus
1320 3948 1709 4038 persolutiS,
1766 3948 2094 4034 reliquam
2150 3949 2369 4020 noctis
2418 3961 2675 4037 partem

158 4040 386 4110 studio
418 4039 796 4111 devotionis
834 4037 1254 4127 impendere,
1300 4038 1443 4109 solo
1491 4043 1622 4108 Deo
1671 4037 1979 4118 consci0‚
2033 4037 2198 4138 quid
2236 4038 2322 4107 ab
2353 4059 2431 4107 eo
2460 4037 2672 4139 fieret:

155 4141 607 4217 accurateque
654 4129 725 4198 in
775 4150 937 4198 suos
983 4139 1177 4198 actus
1223 4128 1659 4215 quotidianos
1710 4127 2076 4216 inquirere,
2132 4127 2337 4215 idque
2369 4149 2503 4196 non
2535 4150 2681 4197 sine

161 4216 485 4310 lacrymis
548 4230 615 4289 et
680 4217 965 4309 ejulatu.
1033 4221 1131 4286 Ita
1190 4217 1583 4288 meditando
1629 4228 1694 4287 et
1741 4215 2270 4307 contemplando
2338 4238 2558 4304 usque
2609 4217 2675 4284 in

155 4331 498 4390 auroram,
546 4331 685 4396 qua
731 4305 1147 4377 sacrificium
1199 4306 1438 4376 Missae
1484 4307 1845 4387 offerebat,
1901 4305 2246 4398 praeclare
2302 4318 2677 4405 occupatus

152 4410 320 4468 erat:
372 4396 976 4484 communitusque
1022 4396 1382 4466 adversum
1433 4396 1637 4476 vitia,
1682 4396 1992 4466 omnium
2043 4395 2377 4465 conditori
2428 4394 2679 4464 multas

153 4489 407 4579 gratias
474 4490 739 4580 agebat.
814 4492 1023 4557 Tanto
1094 4485 1305 4578 igitur
1366 4484 1742 4557 devotionis
1808 4486 1966 4578 igne
2029 4485 2519 4564 inflammatuS,
2584 4496 2680 4553 tot

313 4610 552 4674 surius
593 4639 618 4655 ·
654 4607 819 4672 Vitae
856 4605 964 4671 SS.
1020 4639 1042 4652 ·
1084 4604 1209 4666 Vol.
1251 4604 1354 4669 111.
2407 4603 2483 4664 42
