3327 4999
670 336 799 402 350
1244 354 1323 400 nn
1372 355 1427 401 s.
1482 355 1774 402 anuarino
1822 357 1983 403 REGE
2030 357 2106 403 nr
2152 356 2443 404 marma
2740 339 2985 404 MART.
3044 341 3132 405 ⁴8

579 434 945 523 cujusdam
982 432 1430 505 Orientalium
1472 433 1845 524 Anglorum
1897 436 2105 505 Ducis
2157 435 2395 505 filiam.
2443 441 2521 505 Et
2565 435 2845 522 quidem
2900 436 3134 527 Edga-

581 545 704 592 rus
752 537 1117 614 postquam
1168 544 1303 590 non
1357 545 1579 611 pauca
1625 523 1757 592 sibi
1805 524 1958 614 ejus
2006 536 2222 594 terrae
2253 525 2401 593 loca
2428 525 2852 605 subdiderat,
2888 537 2955 594 et
2975 526 3131 616 jam

582 612 1056 682 monarchiam
1110 611 1419 681 obtinere
1465 612 1830 694 videretur,
1885 614 2075 682 solus
2106 614 2395 704 imperio
2446 615 2724 703 potitus,
2772 613 2894 684 ubi
2928 615 3129 704 prius

580 700 785 771 multi
835 713 1320 792 regnaverant:
1374 700 1810 771 hortantibus
1875 724 2033 771 eum
2084 707 2197 772 SS.
2251 708 2602 772 Dunstano
2651 703 3134 773 cantuariensi

580 800 647 859 et
693 789 1112 859 Athelwoldo
1166 789 1617 859 wintoniensi
1667 791 2021 881 Episcopis
2052 846 2066 872 ,
2121 791 2462 892 permulta
2512 793 2924 863 monasteria
2975 792 3130 861 illa·

583 900 738 947 rum
790 878 1176 969 regionum,
1215 901 1390 964 quas
1438 878 1866 970 subjugarat,
1920 880 2007 950 ab
2054 880 2210 949 allis
2258 891 2537 961 vastata,
2574 881 2722 951 suis
2749 881 3132 971 impendiis

570 966 788 1057 jussit
834 966 1229 1046 instaurari,
1288 967 1623 1038 nonnulla
1669 969 1874 1038 etiam
1924 990 2098 1038 nova
2145 992 2184 1038 a
2216 969 2686 1039 fundamentis
2719 971 2982 1039 extrui:
3038 969 3128 1039 ad

577 1077 878 1142 quorum
929 1055 1063 1125 alia
1095 1056 1283 1125 misit
1312 1058 1600 1127 Abbates
1628 1078 1788 1126 cum
1818 1056 2078 1144 aliquot
2106 1059 2485 1138 monachis,
2527 1058 2938 1148 disciplinae
2972 1081 3125 1128 mo-

574 1145 878 1214 nasticae
924 1146 1406 1215 convenienter
1451 1146 1775 1215 victuris:
1815 1146 1901 1214 ad
1936 1146 2071 1215 alia
2100 1169 2258 1216 vero
2305 1148 2889 1228 sanctimonialeS,
2923 1148 3120 1217 Chri-

580 1246 683 1304 sto
732 1234 1125 1305 servituraS.
1187 1234 1525 1307 Omnibus
1574 1247 1803 1305 autem
1855 1236 2136 1326 praedia
2181 1249 2246 1305 et
2296 1236 2491 1306 villas
2541 1237 2878 1318 attribuit,
2932 1236 3124 1307 unde

579 1323 836 1392 affatim
888 1322 987 1394 eis
1020 1335 1461 1413 suppeterent
1508 1346 1686 1410 quae
1724 1324 1809 1393 ad
1859 1325 2111 1393 victum
2167 1326 2620 1411 vestitumque
2669 1326 3116 1416 pertinerent.

576 1417 656 1481 Et
701 1412 850 1504 ipse
897 1412 1178 1499 quidem
1233 1413 1389 1501 pius
1437 1435 1547 1482 rex
1578 1413 2026 1482 constituerat
2060 1414 2556 1483 monachorum
2599 1413 2931 1484 coenobia
2959 1415 3125 1482 sub-

576 1500 740 1570 inde
790 1501 1082 1571 invisere
1136 1513 1202 1571 et
1264 1500 1504 1571 fratres
1569 1501 1935 1572 consolari.
2003 1508 2207 1571 Porro
2273 1502 2581 1593 reginam
2652 1502 2866 1571 voluit
2932 1503 3125 1575 idem

571 1602 922 1681 praestare
969 1611 1132 1680 erga
1178 1590 1514 1660 foeminas
1564 1596 1695 1659 Deo
1751 1603 2077 1660 sacratas.
2126 1591 2433 1661 Habebat
2492 1605 2721 1660 autem
2776 1614 2856 1661 ex
2904 1592 3125 1661 altera

570 1680 865 1769 conjuge
912 1679 1114 1748 etiam
1167 1678 1389 1749 filium
1434 1679 1899 1748 Ethelredum.
1945 1680 2225 1748 Interim
2270 1680 2631 1750 Eduardus
2682 1681 2903 1770 major
2952 1693 3126 1751 natu

570 1767 785 1848 filius,
840 1768 1140 1858 optimae
1181 1767 1434 1837 indolis
1487 1790 1675 1858 puer,
1723 1767 2070 1838 lasciviam
2115 1791 2388 1838 omnem
2437 1782 2503 1838 et
2550 1767 2990 1839 illecebrosas
3019 1769 3123 1837 vi—

571 1866 678 1925 tae
728 1856 939 1945 hujus
989 1855 1147 1925 volu
1202 1867 1369 1943 tates
1417 1879 1788 1946 respuenS,
1857 1857 1949 1926 ita
2015 1880 2086 1927 se
2147 1881 2309 1948 erga
2372 1864 2630 1938 Deum,
2685 1869 2749 1927 et
2799 1858 3121 1928 homines

569 1967 974 2035 comparare
1021 1958 1131 2016 stu
1184 1947 1307 2026 uit,
1344 1957 1420 2015 ut
1471 1951 1598 2015 Deo
1647 1946 1929 2032 quidem
1965 1958 2120 2015 ante
2146 1948 2383 2016 omnia
2421 1947 2674 2016 mentis
2702 1958 2766 2015 et
2798 1947 3116 2037 corporis

570 2032 957 2123 integritate
1004 2034 1327 2103 sectanda
1370 2034 1700 2124 placeret:
1766 2035 2165 2107 hominibus
2215 2057 2370 2104 vero
2417 2049 2692 2126 gratum
2732 2047 2797 2103 et
2843 2036 3116 2105 amabi-

568 2122 704 2191 lem
765 2144 837 2192 se
884 2123 1253 2193 exhiberet.
1308 2129 1465 2193 Erat
1514 2145 1669 2193 vero
1716 2124 1920 2193 etiam
1974 2123 2190 2193 multa
2236 2124 2578 2195 industria
2624 2138 2690 2193 et
2739 2124 3114 2213 prudentia

570 2212 1013 2301 conspicuus.
1060 2211 1153 2282 Iis
1201 2225 1551 2302 permotus
1599 2225 1792 2303 pater
1837 2213 1987 2303 ejus
2038 2213 2368 2301 Edgarus‚
2409 2213 2608 2282 illum
2660 2225 2811 2303 post
2867 2235 2942 2282 se
2993 2237 3112 2281 vo-

572 2298 703 2368 luit
751 2301 943 2390 regni
985 2313 1253 2390 sceptra
1300 2313 1562 2371 tenere:
1617 2325 1695 2370 ac
1727 2301 1975 2370 deinde
2020 2302 2420 2390 compositis
2449 2302 2642 2391 regni
2674 2302 2901 2383 rebm,
2940 2303 3117 2393 piis-

569 2388 793 2458 simus
826 2412 938 2458 rex
987 2390 1121 2458 vita
1169 2388 1449 2460 functus
1497 2403 1596 2459 est
1644 2412 1827 2459 anno
1873 2413 1911 2458 a
1959 2390 2221 2460 Christo
2269 2403 2426 2460 nato
2473 2412 2872 2460 nccecnxxvn
2917 2391 3116 2481 regni

569 2498 727 2548 vero
775 2478 884 2548 sui
932 2502 1038 2548 xv1
1089 2479 1348 2548 mensis
1392 2477 1560 2549 ,tulii
1600 2479 1711 2548 die
1742 2490 1998 2548 octavo.

655 2569 692 2653 ξ
758 2572 845 2637 v.
901 2574 992 2637 Eo
1040 2567 1385 2649 defunctO,
1425 2568 1789 2636 Eduardus
1833 2589 1914 2637 ex
1962 2568 2175 2658 patris
2205 2568 2550 2637 voluntate
2579 2591 2619 2637 a
2657 2573 2719 2637 S.
2755 2573 3114 2639 Dunstano

565 2666 631 2724 et
677 2656 1097 2742 quibusdam
1166 2656 1360 2745 regni
1423 2656 1823 2747 proceribus
1869 2679 1984 2725 rex
2031 2670 2323 2726 creatur.
2386 2662 2544 2746 Ipso
2592 2669 2822 2726 autem
2869 2679 3111 2727 conse-

565 2744 893 2815 crationis
941 2747 1089 2833 ejus
1136 2757 1441 2834 tempore
1487 2745 1773 2832 quidam
1833 2745 2028 2833 regni
2076 2745 2437 2835 optimates
2486 2745 2587 2814 illi
2641 2768 2712 2814 se
2760 2767 3109 2837 opposue-

565 2846 752 2904 runt.
814 2833 888 2901 Id
938 2846 1016 2904 ut
1065 2834 1230 2903 vidit
1279 2838 1344 2902 S.
1399 2839 1819 2914 DunstanUS‚
1883 2833 2056 2902 nibil
2107 2856 2146 2902 a
2195 2833 2530 2903 sententia
2596 2855 2722 2902 sua
2769 2835 3102 2915 dimotuS,

564 2921 891 2991 vexillum
944 2926 1008 2991 S.
1055 2922 1288 2992 Crucis
1335 2922 1516 3008 quod
1570 2944 1693 3013 pro
1742 2944 1929 2991 more
1959 2934 2114 2990 ante
2146 2922 2344 2991 illum
2377 2922 2743 3002 ferebatur,
2775 2924 2846 2991 in
2882 2923 3110 2992 medio

563 3012 824 3093 statuit,
863 3021 1125 3080 etcum
1177 3010 1462 3080 caeteris
1511 3011 1703 3111 regni
1753 3010 2097 3101 episcopis
2144 3011 2542 3080 Eduardum
2596 3033 2819 3097 regem
2871 3034 3110 3081 conse-

566 3099 823 3170 cravit:
877 3120 1176 3187 eumque
1220 3099 1447 3187 quoad
1489 3099 1676 3180 vixit,
1733 3121 1897 3168 sane
1931 3111 2211 3200 paterno
2244 3121 2476 3170 amore
2525 3100 2928 3190 complexus
2975 3112 3098 3180 est,

565 3189 826 3280 quippe
873 3209 1077 3274 quern
1129 3211 1169 3255 a
1217 3187 1463 3278 primis
1508 3188 1997 3257 aetatis'annis
2057 3189 2128 3256 in
2193 3189 2412 3258 lilium
2464 3188 2927 3279 adoptaverat.
2985 3189 3110 3258 Ubi

560 3277 584 3346 i
638 3278 775 3347 itur
802 3276 889 3345 ad
923 3275 1117 3367 regni
1166 3277 1637 3366 gubernacula
1686 3277 2048 3347 Eduardus
2091 3299 2206 3346 rex
2238 3278 2562 3367 pervenit,
2603 3300 2642 3345 a
2674 3298 2832 3367 rege
2859 3300 3104 3368 regum

564 3371 609 3435 C
668 3366 830 3435 risto
869 3378 1010 3466 opt.
1049 3387 1227 3434 max.
1273 3366 1345 3434 in
1394 3366 1572 3436 viam
1614 3366 1924 3456 justitiae
1956 3379 2021 3435 et
2044 3367 2345 3436 veritatis
2372 3366 2819 3455 dirigebatur,
2855 3379 3107 3436 etcum

561 3465 741 3525 esset
788 3475 860 3523 re
936 3477 978 3523 a
1026 3454 1375 3544 maiestate
1422 3453 1767 3534 sublimis,
1807 3455 1878 3523 in
1913 3455 2062 3524 dies
2109 3455 2425 3524 studebat
2458 3455 2674 3524 animi
2714 3455 3105 3524 humilitate

562 3542 716 3613 fieri
778 3566 860 3612 su
915 3541 1210 3614 missior.
1266 3549 1341 3612 Et
1386 3555 1463 3613 ut
1509 3543 1705 3634 regni
1769 3544 2042 3635 negotia
2104 3544 2477 3634 prudenter
2532 3556 2826 3624 curaret,
2885 3543 3108 3613 noluit

559 3632 632 3701 in
682 3631 1052 3703 consilium
1119 3631 1446 3701 adhibere
1499 3632 1792 3722 juvenes
1858 3646 1976 3702 aut
2041 3633 2276 3704 minus
2341 3633 2727 3724 sapientes:
2781 3633 2898 3703 sed
2949 3633 3102 3721 ejus

560 3742 766 3807 quem
818 3720 1144 3801 diximus,
1183 3721 1400 3790 sancti
1449 3721 1798 3810 pontificis
1848 3723 2183 3793 Dunstani
2233 3721 2511 3791 monitis
2559 3722 3099 3811 obtemperabat,

562 3823 627 3879 et
673 3831 754 3878 ex
803 3809 991 3878 illius
1038 3810 1472 3897 aliorumque
1512 3810 1988 3901 religiosorum
2039 3821 2105 3880 et
2152 3823 2492 3902 spectatae
2539 3811 2953 3901 integritatis
3005 3811 3108 3879 vi-

561 3919 801 3967 rorum
849 3898 1178 3980 consilio,
1227 3900 1300 3967 in
1343 3899 1631 3986 judiciis
1680 3900 2085 3970 sententiam
2139 3902 2516 3991 promebat.
2569 3899 2879 3970 Paternis
2926 3921 3100 3987 quo-

556 4009 692 4075 que
741 3987 1044 4078 vestigiis
1092 3988 1437 4070 insistens,
1478 4001 1612 4058 tam
1665 3990 1869 4058 rebus
1902 3988 2168 4059 bellicis
2208 4012 2418 4077 quam
2449 3988 2951 4059 Ecclesiasticis
2979 4011 3103 4059 ne-

557 4075 762 4167 gotiis
812 4088 1171 4146 strenuum
1222 4099 1300 4146 ac
1347 4078 1667 4147 devotum
1703 4078 1993 4148 intendit
2040 4079 2392 4148 animum:
2446 4077 2762 4148 hostibus
2810 4076 3101 4163 quidem

557 4177 624 4236 et
670 4164 1030 4267 flagitiosis
1076 4166 1476 4237 hominibus
1524 4189 1836 4237 severum
1884 4181 1949 4237 et
1997 4166 2414 4236 terribilem:
2471 4165 2603 4257 piis
2651 4188 2833 4247 vem,
2867 4177 2935 4236 et
2960 4165 3104 4234 illis

560 4276 789 4347 praeci
848 4277 931 4324 ue
959 4255 1078 4341 qui
1125 4268 1352 4325 essent
1399 4257 1613 4326 sacris
1659 4256 1933 4337 initiati,
1969 4255 2554 4343 quemadmodum
2591 4277 2629 4323 a
2677 4267 2871 4356 patre
2918 4253 3101 4324 didi·-

563 4356 772 4425 cerat,
843 4344 1173 4434 enignum
1196 4366 1267 4412 se
1308 4345 1695 4435 praebebat,
1746 4358 1811 4414 et
1858 4346 1944 4415 ab
1965 4345 2155 4414 omni
2203 4344 2358 4414 illos
2400 4343 2829 4414 infestatione
2867 4343 3110 4413 tueba-

565 4445 701 4506 tur.
737 4439 894 4503 Erat
941 4446 1290 4524 praeterea
1336 4433 1502 4503 haec
1538 4433 1642 4503 illi
1679 4434 2084 4522 quotidiana
2128 4433 2542 4517 exercitatio,
2594 4436 2837 4524 inopes
2886 4432 3100 4513 alere,
