3327 4999
114 316 123 323 ’
169 342 275 410 Ex
324 342 543 410 SEPT.
599 342 639 408 3
1006 363 1084 410 mi
1132 363 1186 410 s.
1242 360 1529 413 mammo
1576 362 1875 414 muscoro
2503 346 2619 413 641

176 454 597 523 accusante,
648 452 715 511 et
760 440 998 532 capilli
1046 443 1267 512 renati
1317 456 1502 514 sunt.
1538 450 1762 515 Potest
1809 445 1938 515 hoc
1986 444 2161 515 disci
2208 444 2560 535 exemplO,
2617 462 2724 514 res

170 554 405 603 sacras
455 530 745 600 minime
805 531 1265 601 temerandas.
1320 534 1545 623 Hujus
1593 556 1750 605 vero
1801 535 1897 603 rei
1950 544 2044 604 tot
2077 544 2240 606 sunt
2288 546 2513 618 testeS,
2556 543 2724 622 quot

169 620 322 712 ejus
373 618 641 710 praedii
692 630 839 688 tum
882 619 1072 691 fuere
1121 620 1566 693 habitatores

264 712 301 797 ξ
349 712 430 780 8.
486 709 721 778 Visum
775 719 877 778 est
924 708 1301 798 aliquando
1350 710 1705 793 fratribuS‚
1744 710 2084 799 quaedam
2125 710 2310 781 circa
2343 709 2729 781 venerabile

166 798 352 867 beati
416 797 546 866 viri
594 795 998 887 sepulcrum
1079 798 1436 868 emendari
1511 813 1847 890 oportere.
1917 800 2349 870 Advocantur
2395 798 2722 879 artifices,

172 885 490 955 indicant
537 884 640 955 illi
675 940 691 968 ,
744 884 912 973 quid
966 886 1114 956 fieri
1163 886 1427 958 debeat:
1482 888 1733 959 deinde
1785 888 1870 958 ad
1922 900 2188 958 certum
2237 887 2422 958 diem
2471 887 2730 958 adsunt

175 997 337 1044 cum
406 975 647 1046 rastris
694 986 760 1043 et
809 974 1078 1045 malleis
1109 1031 1124 1056 ,
1180 975 1479 1047 humum
1528 977 1831 1068 sepulcri
1880 977 2245 1059 effodiunt,
2300 976 2569 1047 foribus
2616 974 2736 1045 ob-

171 1063 440 1134 seratis:
496 1063 567 1131 in
610 1061 934 1133 fodiendo
985 1086 1308 1155 magnam
1361 1066 1668 1136 sentiunt
1717 1064 2196 1135 difficultatem
2248 1065 2336 1135 ob
2366 1064 2509 1135 soli
2541 1076 2733 1134 tena-

173 1153 476 1221 citatem.
530 1150 659 1221 Ubi
706 1163 935 1221 autem
988 1152 1306 1253 superior
1352 1164 1531 1223 terra
1567 1153 1884 1224 nonnihil
1935 1165 2163 1224 amota
2212 1152 2381 1235 fuit,
2422 1165 2612 1224 tanta
2650 1174 2731 1221 ex

172 1241 494 1332 sepulcro
546 1240 851 1309 manavit
895 1239 1129 1310 odoris
1168 1242 1493 1324 suavitas,
1548 1265 1627 1313 ac
1679 1244 1762 1314 si·
1785 1254 2094 1312 aromata
2140 1242 2378 1312 omnia
2408 1241 2553 1311 illic
2582 1263 2732 1312 cre-

174 1343 555 1398 marentur.
632 1334 1001 1398 Terrentur
1061 1330 1406 1411 artificeS,
1462 1331 1839 1422 fugamque
1887 1344 2281 1422 capessunt.
2362 1337 2438 1400 At
2487 1344 2619 1401 tem
2677 1328 2728 1398 li

175 1429 433 1499 custoS,
480 1416 786 1487 divinam
837 1416 1234 1509 intelligens
1281 1418 1523 1489 adesse
1587 1420 1933 1502 virtutem,
1989 1419 2355 1490 confirmat
2399 1441 2515 1490 eos
2544 1473 2566 1500 ‚
2676 1418 2733 1488 i·

173 1528 338 1577 cens
385 1518 568 1576 certo
616 1505 780 1575 inde
829 1505 1115 1593 liquere,
1173 1506 1415 1579 adesse
1466 1520 1889 1609 praesentem
1943 1510 2216 1579 beatum
2260 1507 2512 1589 virum,
2549 1508 2733 1598 ipso·

174 1617 472 1682 rumque
504 1594 722 1664 labori
756 1592 1002 1664 favere.
1059 1601 1357 1686 Pergunt
1395 1598 1630 1687 igitur,
1686 1610 1763 1669 ut
1797 1608 2186 1686 coeperant,
2241 1595 2492 1667 fodere:
2526 1618 2731 1687 porro

174 1684 344 1754 odor
369 1683 487 1753 ille
514 1684 696 1754 foras
726 1705 1124 1774 erumpam,
1153 1684 1382 1754 locum
1417 1707 1695 1755 omnem
1725 1686 2046 1776 complet,
2072 1685 2165 1755 ita
2193 1698 2271 1756 ut
2298 1684 2380 1755 ad
2413 1686 2730 1755 omnium

175 1774 488 1843 notitiam
541 1771 950 1864 perveniret,
1003 1773 1189 1860 quod
1243 1773 1487 1843 fratres
1534 1774 1831 1845 celatum
1883 1775 2226 1845 volebant.

264 1871 302 1945 g
351 1866 445 1931 9.
524 1867 603 1930 In
654 1861 812 1953 pagi
865 1862 1376 1932 Mosaliacensis
1428 1863 1708 1952 praedio
1760 1869 2077 1933 Maranco
2125 1862 2411 1950 quidam
2464 1861 2725 1953 hydro-

176 1951 310 2052 pisi
344 1962 649 2033 vexatuS,
689 1961 893 2037 atque
944 1951 1136 2020 omni
1196 1951 1623 2021 medicorum
1666 1974 1704 2020 o
1759 1956 1874 2022 era
1925 1951 2098 2021 nihil
2150 1950 2476 2042 adjutuS,
2536 1961 2735 2020 nocte

173 2062 245 2109 ιη
300 2039 562 2110 somnis
612 2038 1010 2109 admonitus
1057 2038 1209 2121 fuit,
1249 2052 1326 2110 ut
1374 2040 1459 2110 ad
1512 1975 1864 2110 tumulum
1917 2040 2096 2112 beati
2149 2039 2452 2110 Remaoli
2495 2060 2733 2130 preces

177 2128 446 2198 fundat.
503 2127 625 2196 Ille
674 2148 830 2197 mox
878 2128 1139 2198 indicat
1186 2128 1499 2218 cognatis
1547 2129 1907 2211 visionem,
1965 2128 2131 2221 petit
2180 2149 2622 2218 summopere
2652 2148 2733 2197 eo

178 2239 251 2289 se
300 2216 554 2286 adduci
652 2216 1076 2304 romittitque
1125 2240 1196 2287 se
1243 2217 1597 2304 quandam
1648 2218 1885 2288 vineae
1935 2231 2197 2309 partem
2253 2229 2491 2288 sancto
2530 2214 2734 2286 datu-

179 2328 364 2387 rum,
420 2305 479 2375 si
527 2327 602 2374 sa
634 2327 719 2376 us
766 2305 1024 2377 amissa
1071 2307 1325 2376 redeat.
1390 2312 1634 2376 Parent
1681 2305 1936 2388 amici,
2006 2319 2072 2376 et
2119 2328 2280 2376 cum
2330 2305 2548 2375 cereis
2606 2303 2734 2374 du-

177 2408 346 2465 cunt
392 2393 746 2463 hominem
796 2394 882 2463 ad
933 2394 1159 2464 locum
1213 2407 1550 2485 optatum:
1604 2396 1865 2465 adeunt
1913 2394 2261 2465 tumulum
2317 2405 2725 2473 reverenter,

176 2482 560 2554 incendunt
604 2505 862 2567 cereos,
915 2496 1114 2554 orant
1161 2483 1577 2566 diutissime,
1631 2495 1696 2554 et
1734 2484 1971 2554 morbo
2013 2506 2084 2553 se
2135 2483 2341 2555 sentit
2387 2482 2593 2553 homo
2653 2480 2736 2551 li·
2828 2511 2834 2515 >

175 2572 516 2642 beratum.
572 2572 878 2653 Vineam,
933 2574 1034 2642 uti
1070 2572 1419 2665 pollicitus
1466 2587 1633 2655 erat,
1692 2572 1898 2642 tradit
1949 2572 2387 2653 monasteri0‚
2445 2582 2509 2641 et
2557 2570 2737 2641 redit

185 2661 271 2729 ad
314 2682 462 2731 sua.
519 2661 647 2731 Sed
699 2661 1065 2752 paulopost
1102 2663 1248 2752 jam
1303 2684 1590 2734 securus
1638 2661 1723 2731 de
1771 2662 1993 2732 salute
2043 2662 2377 2753 corporiS‚
2430 2660 2618 2729 dolet
2664 2680 2737 2729 se

175 2750 448 2819 vineam
498 2749 697 2819 beato
766 2750 1090 2820 Remaclo
1137 2749 1447 2830 dedisse,
1507 2772 1632 2820 nec
1680 2750 1950 2821 dubitat
1997 2771 2149 2819 eam
2201 2770 2446 2821 rursus
2495 2747 2736 2818 vendi-

179 2861 339 2909 care
368 2838 546 2919 'sibi‚
598 2849 663 2908 et
709 2838 950 2908 vinum
998 2860 1079 2909 ex
1126 2861 1206 2909 ea
1264 2839 1657 2919 collectum,
1712 2839 1784 2909 in
1838 2861 1965 2909 sua
2007 2837 2182 2908 cella
2227 2836 2547 2908 condere.
2605 2836 2733 2906 Sed

177 2949 335 2999 ecce
386 2927 561 2996 redit
607 2927 691 2996 ad
747 2926 1077 2997 miserum
1115 2927 1424 3018 hydrops
1461 2927 1822 3017 pristinuS,
1865 2927 2176 3015 adeoque
2207 2947 2368 2997 euru
2407 2925 2729 3017 exagitat,

179 3027 259 3087 ut
328 3016 502 3085 vitae
550 3037 745 3106 spem
807 3037 1082 3085 omnem
1132 3016 1480 3107 abjiceret.
1546 3021 1669 3086 Dat
1727 3015 1944 3107 igitur
1997 3015 2260 3086 vexatio
2308 3014 2739 3085 intellectum

179 3103 477 3185 auditui,
530 3116 597 3174 et
642 3103 978 3173 sacerdoti
1010 3116 1214 3193 atque
1260 3105 1571 3196 cognatis
1617 3127 1699 3174 ex
1752 3126 1970 3175 onens
2021 3104 2474 3176 temeritatem
2508 3124 2734 3186 suam,

181 3192 465 3262 ducitur
511 3192 598 3262 ab
645 3191 745 3261 eis
793 3190 1028 3262 infelix
1074 3215 1215 3263 una
1249 3215 1409 3263 cum
1462 3194 1618 3263 vino
1670 3194 1787 3263 ilo
1836 3194 1922 3264 ad
1974 3192 2326 3264 tumulum
2358 3191 2539 3262 beati
2571 3192 2730 3274 viri,

181 3280 484 3351 multum
567 3279 1073 3371 trepidantibus
1118 3282 1309 3363 illis,
1366 3304 1451 3351 ne
1497 3282 1704 3353 etiam
1756 3283 1890 3383 ipsi
1938 3282 2090 3372 ejus
2140 3280 2421 3352 sceleris
2532 3302 2743 3353 oenas

181 3371 474 3441 luerent.
516 3376 870 3460 Rogantur
914 3370 1079 3439 inde
1117 3370 1359 3440 fratres
1410 3370 1853 3451 monasterii,
1907 3383 1984 3441 ut
2029 3383 2225 3440 orent
2275 3391 2398 3460 pro
2429 3367 2475 3437 il
2510 3390 2574 3450 o;
2623 3370 2744 3460 ju-

179 3460 350 3529 bent
393 3480 556 3529 eum
595 3458 836 3527 fratres
886 3458 972 3528 ad
1029 3459 1360 3529 ecclesiae
1408 3458 1587 3530 fores
1626 3471 1983 3551 expectare
2052 3458 2273 3528 sancti
2321 3455 2741 3528 confessoris

182 3549 502 3618 virtutem
532 3602 548 3629 ,
602 3557 1011 3635 orantesque
1060 3570 1183 3638 pro
1231 3569 1310 3618 eo
1381 3560 1577 3618 nocte
1623 3548 1791 3632 illa,
1848 3569 2051 3617 mane
2099 3546 2334 3617 vident
2387 3545 2739 3616 hominem

183 3649 535 3710 sanatum.
591 3635 814 3724 Hujus
864 3636 959 3705 rei
1008 3647 1211 3706 testes
1259 3646 1424 3707 sunt
1472 3636 1785 3728 plurimi.

275 3729 507 3814 §1st
562 3723 859 3807 Quidam
907 3747 947 3794 a
987 3726 1227 3797 matris
1265 3736 1460 3795 utero
1510 3725 1770 3797 surdus
1817 3735 1883 3794 et
1933 3734 2191 3805 mutuS,
2245 3746 2286 3793 a
2335 3723 2742 3814 parentibus

184 3813 714 3886 commendatus
761 3824 863 3884 est
910 3814 1202 3894 homini,
1250 3814 1372 3901 qui
1419 3835 1581 3883 eum
1629 3814 1717 3883 ad
1768 3824 2167 3885 sanctorum
2207 3813 2577 3882 memorias
2608 3811 2746 3881 cir-

185 3903 656 3975 cumduceret.
696 3908 865 3982 ,Iam
916 3902 1213 3972 multum
1255 3903 1585 3992 temporis
1635 3902 1737 3972 illi
1777 3901 2213 3973 confecerant
2269 3900 2561 3970 diversis
2621 3899 2745 3970 ad-

186 3991 439 4063 eundis
488 3991 680 4072 locis,
732 4011 896 4061 cum
944 3991 1225 4061 tandem
1275 3991 1362 4060 ad
1416 4003 1731 4062 nostrum
1768 3990 2266 4061 monasterium
2304 3989 2740 4080 perveniunt.

189 4081 465 4171 Excepti
513 4103 554 4150 a
603 4078 825 4160 nobis,
881 4080 952 4149 in
1002 4080 1427 4151 xenodochio
1476 4079 1562 4149 ad
1612 4080 1761 4149 dies
1809 4091 1961 4151 octo
2009 4078 2467 4150 humanitatis
2517 4077 2748 4148 studio

191 4180 691 4241 sustentantur.
746 4168 1101 4239 Dominico
1173 4179 1402 4238 autem
1480 4168 1631 4250 die,
1699 4168 1823 4255 qui
1892 4178 2035 4237 tum
2087 4178 2233 4237 erat
2294 4177 2452 4236 ante
2502 4165 2751 4236 Christi

188 4257 614 4327 nativitatem
648 4267 953 4338 octavuS‚
995 4255 1460 4348 pulsabantur
1505 4257 1705 4348 signa
1753 4256 1836 4325 ad
1943 4277 2132 4327 reces
2182 4254 2632 4347 vespertinaS‚
2686 4266 2751 4324 et

193 4346 453 4446 populo
515 4345 604 4415 ad
665 4345 1468 4445 ecclesiam-confluente
1505 4400 1520 4428 ,
1577 4345 1792 4415 miser
1829 4344 1887 4445 ‚il
1921 4366 1958 4415 e
2003 4345 2384 4424 excitatur,
2455 4355 2517 4413 et
2559 4342 2743 4443 licet,

193 4435 364 4524 quid
444 4447 801 4524 ageretur,
874 4456 1152 4504 nescius
1225 4446 1447 4521 esset,
1528 4445 1756 4505 tamen
1823 4444 2034 4504 lntrat
2102 4455 2265 4505 cum
2328 4443 2614 4504 caeteris
2679 4452 2752 4500 1n

360 4544 602 4618 surius
631 4572 657 4589 ·
708 4541 866 4604 Vitae
891 4543 1000 4607 SS.
1036 4573 1060 4587 -
1087 4542 1212 4604 Vol.
1259 4541 1361 4602 111.
2301 4561 2306 4566 “
2435 4542 2512 4606 41
