3327 4999
643 318 769 383 484
1347 282 1425 378 mi
1474 332 1528 378 s.
1583 329 2001 379 nssnuamuo
2047 330 2287 377 ΑΒΒΑΤΕ
2699 310 2943 376 MART.
3005 310 3102 376 25
3152 348 3161 353 -

561 413 872 484 discendi
912 412 1253 482 celeritate
1290 411 1489 481 facile
1518 412 1904 494 antecessit,
1950 433 2074 480 nec
2113 422 2340 480 tamen
2376 408 2610 479 animo
2643 409 2923 478 inflatus
2961 421 3095 489 est,

559 505 679 573 sed
729 501 1014 594 puerilis
1062 501 1299 571 aetatis
1347 501 1688 572 levitatem
1731 524 2001 571 morum
2051 500 2380 592 gravitate
2428 520 2895 590 compescens,
2935 498 3103 568 nul-

559 593 647 662 lis
694 593 1124 683 voluptatum
1173 589 1514 661 illecebris
1561 613 1922 682 sepassus
1968 603 2069 659 cst
2118 589 2390 659 irretiri.
2430 594 2594 659 Nam
2636 588 2866 658 carnis
2898 600 3101 680 petu-

555 682 839 755 lantiam
892 681 1176 771 spiritus
1215 681 1457 750 ardore
1489 693 1873 762 conterenS,
1930 678 2351 750 nobilitatem
2403 678 2644 762 animi,
2698 677 2930 746 carnis
2976 699 3102 745 no—

553 772 803 841 bilitati
856 768 1292 850 anteferebat,
1335 770 1429 838 ita
1478 783 1553 839 ut
1602 771 1669 838 in
1718 769 1892 863 ipsis
1939 769 2233 849 scholis,
2285 767 2432 856 jam
2488 767 2703 836 multa
2753 767 3099 858 probitate

556 860 1000 951 conspicuus,
1056 881 1226 949 puer
1273 859 1704 929 admirabilis
1751 860 1838 930 ab
1885 859 2209 928 omnibus
2261 857 2644 926 haberetur.
2701 862 2908 925 Porro
2939 856 3099 944 ejus

561 962 919 1040 parenteS,
982 961 1058 1017 ut
1119 948 1434 1018 viderunt
1497 971 1652 1017 eum
1695 948 1841 1038 jam
1894 947 2107 1017 literis
2157 970 2288 1016 non
2342 945 2775 1016 mediocriter
2823 945 3091 1015 instru-

559 1052 773 1119 ctum,
812 1062 848 1106 a
906 1049 1185 1125 tumque
1218 1037 1464 1108 aulicis
1499 1037 1921 1117 ministeriis,
1979 1059 2017 1105 a
2066 1035 2322 1107 scholis
2370 1047 2784 1115 revocatum,
2840 1034 2913 1102 in
2967 1058 3095 1103 au—

566 1128 698 1197 lam
749 1127 832 1196 ad
890 1136 1205 1202 uxerunt‚
1261 1131 1816 1214 Francorumque
1865 1127 2006 1195 recri
2069 1126 2283 1195 multo
2330 1147 2489 1195 cum
2531 1125 2790 1195 honore
2837 1124 3095 1193 milita-

563 1231 798 1286 turum
852 1216 1468 1286 commendarunt:
1529 1230 1604 1287 ut
1669 1217 1793 1285 hoc
1852 1215 1941 1283 mi
1976 1214 2134 1284 itiae
2186 1213 2585 1306 perfunctus
2637 1235 2956 1295 munere,
3010 1212 3090 1281 ad

568 1306 896 1395 Malorum
949 1327 1231 1375 suorum
1287 1304 1697 1395 pertingeret
1744 1305 2034 1375 honores
2081 1316 2146 1374 et
2192 1303 2621 1395 dignitatem.
2694 1308 2769 1371 At
2829 1302 2934 1371 vir
2986 1301 3098 1370 Dei

565 1394 1064 1475 Hermelandus
1113 1416 1384 1464 omnem
1439 1394 1608 1463 vitae
1657 1394 1867 1483 hujus
1918 1393 2377 1484 splendorem,
2431 1414 2769 1479 omneque
2817 1391 3086 1461 culmen

565 1486 849 1553 honoris
897 1483 1139 1553 caduci
1189 1506 1348 1574 prae
1398 1482 1643 1553 Christi
1693 1504 1924 1552 amore
1971 1482 2374 1564 fastidiens,
2434 1482 2635 1572 longe
2683 1481 2930 1551 maluit
2974 1501 3090 1571 per

568 1575 742 1643 vitae
820 1586 1331 1643 momentaneae
1397 1572 1663 1642 labores
1730 1595 1869 1642 sem
1927 1594 2000 1640 er
2057 1595 2383 1642 mansura
2441 1573 2789 1662 justorum
2841 1569 3129 1661 gaudia-

567 1662 966 1754 promereri‚
1018 1684 1228 1749 quam
1281 1684 1399 1753 per
1443 1662 1720 1731 inanem
1769 1674 1834 1731 et
1880 1595 2215 1731 fubricam
2269 1661 2513 1731 mundi
2561 1659 2880 1760 gloriam,
2915 1680 3095 1729 sem-

569 1753 839 1842 piterna
886 1751 1254 1842 impiorum
1301 1775 1383 1821 su
1437 1750 1645 1842 plicia
1678 1750 1748 1819 in
1810 1773 1971 1820 suas
2018 1750 2352 1820 accersire
2398 1772 2718 1820 cervlceS.
2766 1754 3007 1836 Itaque
3059 1770 3099 1815 a

571 1840 918 1910 voluntate
959 1852 1320 1930 parentum
1410 1862 1584 1940 onge
1641 1840 1793 1930 ejus
1861 1839 2079 1910 animi
2139 1856 2451 1910 sanctum
2512 1839 2945 1929 discrepabat
2989 1837 3102 1905 de-

572 1929 931 2002 siderium.
1008 1928 1198 2012 Quod
1256 1928 1440 1999 enim
1505 1927 1606 1997 illi
1669 1930 1754 1997 ad
1818 1929 2320 2000 conciliandam
2380 1928 2440 1998 ei
2490 1928 2868 2019 praesentis
2932 1927 3101 1995 vitae

572 2019 861 2110 gloriam
917 2018 1396 2101 moliebantur,
1452 2017 1521 2087 id
1571 2017 1834 2108 ipse'ad
1887 2018 2127 2089 salutis
2174 2041 2338 2088 suae
2387 2018 2757 2108 perniciem
2795 2029 3099 2108 spectare

572 2109 1057 2189 arbitrabatur,
1113 2130 1245 2176 non
1297 2108 1623 2197 ignorans
1672 2107 1934 2177 dictum
1983 2110 2071 2178 ab
2119 2107 2471 2199 Apostolo:
2528 2113 2735 2178 Nemo
2792 2105 3095 2175 militans

573 2204 728 2281 De0,
783 2196 1094 2288 implicat
1141 2220 1211 2267 se
1253 2197 1541 2288 negotiis
1590 2196 2040 2266 secularibus.
2082 2202 2158 2266 Et
2202 2219 2358 2267 ecce
2397 2196 2531 2265 nisi
2564 2196 2818 2265 veritus
2850 2195 2965 2264 ille
2995 2216 3099 2263 es-

572 2300 696 2364 set,
753 2309 836 2355 ne
897 2286 964 2354 in
1029 2285 1232 2355 illam*
1269 2285 1576 2355 e'usdem
1634 2285 1931 2376 Apostoli
1985 2286 2387 2357 sententiam
2451 2286 2899 2376 impingeret,
2965 2306 3099 2371 qua

574 2377 631 2448 is
679 2377 869 2445 dicit:
925 2375 1099 2458 Filii,
1154 2376 1277 2446 obe
1334 2376 1419 2446 ite
1467 2375 1892 2466 parentibus:
1937 2375 2125 2445 nulla
2164 2376 2225 2445 ei
2274 2375 2534 2445 ra‘tione
2581 2397 2890 2460 unquam
2939 2395 3090 2463 per-

571 2466 950 2537 suasissent
1009 2478 1345 2536 terrenam
1395 2463 1759 2557 complecti
1828 2463 2140 2536 militiam
2176 2522 2191 2549 ,
2245 2464 2364 2554 qui
2431 2464 2611 2535 adeo¹
2647 2465 2733 2534 ad
2783 2461 3104 2535 coelestia

569 2555 942 2625 anhelaret.

665 2649 700 2734 ξ
752 2651 838 2717 2.
896 2649 1146 2716 Cavens
1194 2644 1426 2736 igitur,
1493 2666 1577 2713 ne
1625 2643 1770 2714 ulla
1815 2666 1892 2713 ex
1943 2656 2131 2735 parte
2186 2643 2605 2714 salutaribus
2655 2642 2938 2713 monitis
2986 2641 3103 2710 de·-

573 2735 786 2804 fuisse
836 2734 1208 2814 videretur,
1247 2732 1456 2802 simul
1505 2733 1711 2802 etiam
1760 2734 2204 2805 considerans
2264 2732 2559 2802 necdum
2596 2732 2732 2802 sibi
2765 2733 2974 2801 licere
3004 2730 3101 2799 vi-

573 2846 723 2894 vere
771 2823 1133 2903 arbitratu,
1181 2821 1546 2891 militarem
1600 2822 1938 2905 habitum,
1978 2844 2182 2910 quern
2233 2822 2465 2892 animo
2518 2823 2926 2913 respuebat,
2991 2842 3103 2889 ex-

572 2915 915 2984 trinsecus
961 2911 1284 2998 quidem,
1339 2911 1457 2980 sed
1509 2933 1672 2982 sane
1719 2911 1975 2982 invitus
2022 2912 2304 3002 accepit.
2359 2911 2645 2981 Domino
2695 2932 2851 2980 vero
2898 2909 3099 2979 illum

573 3001 866 3071 mirifice
914 3000 1278 3091 adjuvante
1327 3000 1397 3069 in
1447 3000 1606 3070 aula
1659 3001 1884 3091 regia,
1948 3023 2029 3070 ex
2077 3013 2312 3090 tyrone
2360 3001 2453 3069 ita
2502 3013 2777 3101 repente
2824 3000 2895 3068 in
2946 3019 3100 3089 per-

573 3091 826 3161 fectum
879 3101 1182 3162 mutatus
1227 3099 1329 3159 est
1377 3089 1707 3171 militem,
1762 3103 1839 3160 ut
1893 3113 2055 3160 cum
2113 3090 2278 3191 Regi
2326 3103 2391 3160 et
2438 3089 2897 3212 optimatibus
2945 3088 3096 3178 ejus

574 3192 750 3253 esset
799 3178 1279 3269 gratissimus,
1334 3180 1538 3269 Regis
1600 3179 1879 3249 effectus
1940 3179 2026 3249 sit
2090 3179 2446 3270 poclllator
2531 3234 2545 3258 ‚
2612 3178 2823 3248 immo
2871 3188 2936 3246 et
2984 3199 3104 3267 po·

573 3269 958 3340 cillatorum
993 3268 1348 3360 princeps:
1387 3268 1502 3337 sed
1540 3269 1668 3338 boc
1697 3291 1968 3357 quoque
1999 3290 2257 3339 munus
2301 3269 2371 3337 in
2412 3290 2481 3336 se
2530 3267 2769 3337 nolens
2818 3266 3095 3357 recepit.

575 3364 779 3428 Porro
814 3359 883 3426 in
916 3380 990 3427 ea
1020 3356 1368 3428 functione
1397 3380 1557 3427 cum
1591 3355 1864 3429 sumnia
1894 3358 2204 3428 omnium
2228 3358 2446 3448 gratia
2471 3369 2535 3427 et
2568 3356 2785 3426 multa
2807 3355 3104 3446 pruden-

576 3449 667 3517 tia
717 3460 1093 3517 versantem
1138 3457 1452 3538 parentes
1499 3458 1562 3516 et
1608 3447 1817 3516 amici
1866 3447 2243 3527 hortantur,
2297 3460 2374 3517 ut
2419 3446 2782 3536 cujusdam
2815 3444 3101 3514 nobilis-

577 3537 738 3607 simi
786 3537 911 3605 viri
961 3536 1174 3606 filiam
1223 3536 1516 3627 accipiat
1564 3556 1870 3605 uxorem.
1942 3537 2043 3607 Ibi
2094 3558 2249 3606 vero
2295 3535 2411 3605 ille
2459 3534 2755 3605 multum
2818 3534 3097 3622 quidem

575 3628 662 3697 ab
694 3649 774 3697 ea
807 3626 1204 3707 abhorrens,
1246 3639 1314 3696 at
1364 3637 1587 3696 tamen
1636 3648 1784 3695 eam
1838 3625 1968 3696 sibi
2018 3648 2262 3716 passus
2308 3636 2411 3697 est
2456 3623 2576 3694 des
2628 3624 2892 3704 onderi‚
2928 3623 3103 3693 dies-

574 3739 709 3805 que
776 3716 1038 3807 nuptiis
1096 3726 1324 3786 certus
1392 3727 1493 3785 est
1559 3714 2025 3806 praestitutus.
2094 3720 2341 3784 Verum
2392 3713 2522 3783 sub
2619 3736 2699 3783 oc
2750 3724 3099 3803 praetextu

576 3828 710 3875 non
762 3805 965 3875 modo
1012 3829 1052 3874 a
1099 3804 1443 3896 0011Jugi0,
1498 3804 1618 3873 sed
1665 3804 1870 3874 etiam
1919 3805 2006 3874 ab
2053 3804 2243 3873 omni
2289 3804 2555 3874 actione
2602 3802 2902 3873 seculari
2953 3821 3099 3871 sese

574 3894 930 3986 expedire,
995 3893 1388 3981 collumque
1466 3893 1713 3963 mentis
1761 3916 1894 3963 non
1950 3893 2195 3963 mundi
2258 3892 2697 3973 vanitatibus,
2740 3892 2860 3962 sed
2911 3890 3103 3961 suavi

575 3984 822 4054 Christi
871 3983 1039 4074 jugo
1100 3983 1393 4054 subdere
1458 3983 1888 4053 moliebatur.
1952 3988 2094 4054 Non
2159 3980 2617 4068 enim3surda
2665 4003 2831 4051 aure
2880 3978 3103 4050 Domi·

578 4095 746 4144 num
796 4073 1108 4142 audierat
1155 4072 1535 4155 dicentem,
1600 4084 1666 4142 et
1712 4073 2018 4142 humano
2066 4071 2300 4163 generi
2349 4070 2802 4141 saluberrime
2850 4092 3104 4140 consu-

576 4162 852 4232 lentem:
891 4164 969 4232 Ξῖ
1008 4164 1156 4253 quis
1184 4163 1362 4232 venit
1408 4163 1496 4231 ad
1537 4185 1663 4242 me,
1702 4173 1764 4231 et
1788 4185 1917 4231 non
1954 4163 2091 4231 odit
2115 4172 2383 4253 patrem
2429 4183 2651 4241 suum,
2687 4171 2748 4230 et
2795 4171 3101 4238 matrem,

576 4263 639 4323 et
684 4274 989 4331 uoeorem,
1045 4262 1105 4321 et
1148 4253 1346 4342 filim,
1399 4262 1460 4320 et
1514 4254 1763 4341 fratres
1797 4306 1812 4333 ,
1866 4261 1928 4319 et
1974 4273 2249 4331 sorofreS,
2302 4250 2524 4321 adhuc
2571 4260 2797 4319 autem
2841 4260 2901 4319 et
2964 4249 3106 4316 ani·

574 4365 757 4411 mam
789 4363 1019 4422 suam,
1077 4364 1206 4411 non
1251 4352 1462 4431 potest
1507 4363 1693 4412 meus
1748 4362 1884 4411 esse
1933 4341 2331 4431 discipulus:
2392 4350 2453 4409 ec
2509 4341 2632 4430 qui
2672 4363 2803 4410 non
2846 4339 3106 4428 bajulat

629 4469 656 4497 ⁸·
682 4471 720 4512 A
749 4468 944 4519 cyathis,
