3327 4999
192 355 442 422 MART.
496 358 580 422 ⁴2
1161 374 1242 421 nn
1290 374 1347 422 s.
1401 371 1786 421 'tn-sornam
2545 361 2675 425 255

190 454 372 541 quod
420 454 751 524 omnibus
781 508 796 528 .
853 474 1334 541 quascumque
1383 451 1482 523 sol
1533 453 1824 543 aspicit,
1895 465 2112 523 terrae
2158 466 2388 555 partes
2438 456 2761 527 habitan-

193 541 377 611 tibus
412 553 578 611 sunt
623 542 922 629 cognita.
977 541 1386 611 Parentibus
1433 553 1628 610 ortus
1673 554 1777 610 est
1825 541 1945 610 tali
1997 545 2217 631 patria
2267 543 2335 611 di
2394 545 2500 614 nis
2542 547 2665 632 qui
2701 559 2767 615 et

189 628 590 700 divitiarum
638 630 858 719 copiis
904 641 971 699 et
1018 628 1239 720 gloria
1290 629 1575 699 militari
1619 641 1688 698 et
1727 630 2096 701 virtutibus
2145 633 2338 699 omni
2393 654 2475 701 us
2518 635 2760 703 afflue-

187 717 377 787 bant.
433 724 573 789 Hos
606 717 987 809 diligebant
1023 737 1158 786 non
1210 717 1441 787 solum
1489 739 1734 786 omnes
1802 718 1907 786 illi
2004 719 2077 788 ui
2131 725 2262 788 Deo
2310 733 2475 790 sunt
2521 722 2759 801 chari,

190 806 446 893 quique
496 807 767 876 virtutis
815 805 1046 877 studio
1095 817 1300 892 atque
1346 806 1728 874 honestatis
1775 807 1971 875 conci
2009 808 2275 888 iantur,
2308 821 2429 877 aut
2473 811 2596 896 qui
2646 833 2769 901 pa-

192 894 383 963 ribus
429 906 628 964 erant
692 894 1152 985 dignitatibus
1197 893 1550 984 insignes,
1632 893 1792 963 licet
1866 895 2165 984 pessimo
2236 908 2467 966 essent
2532 899 2769 968 animo

194 983 507 1073 praediti,
534 994 739 1069 atque
786 982 1165 1051 amicitiam
1199 982 1501 1072 propriis
1531 981 1954 1052 utilitatibus
2003 984 2436 1054 metirentur:
2472 986 2591 1055 sed
2629 986 2765 1076 ipsi

192 1072 541 1162 principes
604 1084 809 1157 atque
856 1077 1315 1160 Imperatores
1381 1071 1655 1140 virtutis
1720 1092 1959 1140 eorum
2013 1073 2507 1161 praestantiam
2559 1097 2761 1143 vene-

190 1173 441 1239 ranteS,
489 1181 605 1229 eos
639 1160 964 1249 inprimis
1003 1159 1409 1249 diligebant.
1462 1159 1775 1251 Isaacius
1812 1173 1878 1228 et
1925 1160 2294 1240 Theodota,
2333 1162 2393 1230 si
2419 1162 2589 1248 quid
2642 1184 2762 1231 vo-

190 1247 293 1318 bis
325 1248 535 1318 etiam
588 1270 839 1316 nomen
889 1259 993 1317 est
1039 1269 1270 1327 curae,
1324 1247 1776 1317 vocabantur.
1824 1248 1947 1316 His
1997 1248 2473 1339 amplissimae
2524 1251 2762 1320 haere-

190 1336 422 1407 ditatis
473 1347 677 1406 natus
724 1348 828 1405 est
891 1336 1134 1405 haeres
1182 1336 1300 1405 ille
1346 1335 1469 1421 qui
1520 1336 1722 1405 nobis
1770 1336 1843 1405 in
1921 1338 2312 1425 praesentia
2360 1338 2764 1409 laudandus

187 1437 308 1497 est.
362 1425 698 1494 Autumni
746 1438 1055 1514 tempore
1100 1445 1181 1492 ex
1240 1435 1436 1492 utero
1486 1424 1730 1495 matris
1778 1425 1848 1493 in
1898 1423 2125 1494 lucem
2199 1426 2450 1507 editus,
2507 1427 2766 1496 eximia

186 1514 495 1605 corporis
566 1513 1129 1603 pulchritudine,
1183 1511 1486 1582 similem
1535 1512 1756 1582 animi
1817 1513 2309 1601 praestantiam
2377 1514 2756 1586 indicabat.

184 1607 412 1690 Neque
458 1606 647 1671 enim
699 1601 1010 1671 mortalis
1060 1601 1386 1680 hominis,
1444 1601 1562 1670 sed
1616 1602 1731 1669 Dei
1782 1601 1970 1670 filius
2018 1622 2169 1671 esse
2226 1602 2624 1685 videbatur,
2679 1626 2760 1674 ex

184 1703 419 1760 ventre
469 1689 709 1758 matris
755 1689 1005 1778 (Quod
1054 1689 1139 1757 de
1189 1710 1442 1779 magno
1495 1689 1611 1758 illo
1663 1691 1997 1779 propheta
2063 1691 2366 1759 Jeremia
2414 1692 2756 1782 scriptum

187 1779 517 1870 legimus)
547 1777 1040 1858 sanctificatuS‚
1064 1789 1128 1846 et
1144 1777 1291 1866 jam
1344 1776 1505 1846 inde
1537 1778 1641 1847 'ab
1689 1779 1843 1868 ipso
1891 1790 2045 1847 ortu
2087 1779 2175 1847 ad
2223 1791 2604 1849 extremum
2640 1803 2762 1849 us-

182 1889 313 1954 que
360 1868 541 1936 vitae
606 1867 816 1935 finem
866 1866 1239 1935 virtutibus
1305 1867 1637 1934 omnibus
1702 1865 2067 1935 excellens
2136 1870 2214 1935 At
2261 1881 2455 1957 pater
2504 1869 2756 1957 ipsiuS,

181 1977 337 2025 cum
393 1955 644 2044 exiguo
714 1954 1045 2044 temporis
1111 1975 1143 2021 s
1197 1953 1334 2022 atio
1403 1954 1471 2021 in
1524 1955 1654 2023 hoc
1724 1954 1990 2023 mundo
2039 1955 2368 2036 vixisset,
2455 1978 2758 2045 puerum

181 2045 443 2134 ipsum,
481 2064 643 2113 cum
680 2043 1008 2112 trimulus
1056 2042 1140 2110 ad
1201 2063 1288 2109 uc
1335 2054 1537 2122 esset,
1591 2042 2002 2131 Imperatori
2051 2044 2446 2112 curandum
2496 2067 2585 2114 ac
2638 2067 2764 2134 gu-

182 2131 626 2202 bernandum
676 2131 1105 2217 relinquenS‚
1161 2128 1607 2220 praefinitum
1641 2130 1972 2198 omnibus
2020 2132 2603 2220 peregrinationis
2634 2146 2766 2201 ter-

182 2222 459 2290 minum
511 2219 825 2288 absolvit.
883 2226 1092 2287 Mater
1140 2229 1367 2286 autem
1397 2217 1522 2285 *et
1555 2218 1707 2307 ipsa
1749 2218 1984 2307 paullo
2082 2231 2189 2287 ost
2234 2220 2598 2291 universae
2634 2233 2762 2289 ter-

184 2331 300 2378 rae
347 2309 533 2378 viam
585 2308 896 2398 ingressa
944 2318 1087 2387 est;
1142 2306 1380 2392 sicque
1428 2305 1673 2375 beatus
1781 2328 1906 2375 uer
1953 2329 2029 2376 so
2061 2330 2146 2377 us
2202 2306 2380 2376 inter
2439 2309 2758 2398 copiosas

183 2396 520 2468 remansit
581 2396 880 2476 divitias;
935 2396 1241 2485 superna
1310 2394 1541 2464 forsan
1592 2393 1662 2463 id
1766 2394 2122 2483 isponente
2185 2396 2614 2484 providentia
2674 2418 2759 2467 ne

183 2501 554 2577 parentum
587 2508 782 2555 amor
828 2486 999 2556 obex
1046 2483 1108 2553 ei
1143 2483 1334 2552 fieret
1382 2484 1565 2552 recta
1605 2481 1694 2553 ad
1746 2488 1960 2553 Deum
2011 2497 2434 2575 perrecturo.

266 2578 305 2663 ἓ
378 2581 470 2648 4.
526 2573 855 2644 Defuncto
902 2586 1134 2642 autem
1168 2573 1612 2641 Constantino
1662 2577 1750 2641 Co
1806 2594 2096 2662 ronymo
2133 2573 2241 2662 (a)
2287 2575 2492 2664 cujus
2541 2574 2760 2642 Theo-

185 2664 457 2754 phanes
498 2662 750 2732 tutelae
796 2663 1219 2732 commissus
1267 2660 1524 2741 iuerat,
1597 2683 1734 2750 apu
1849 2666 2137 2730 Leonem
2203 2663 2577 2731 Chazarum
2629 2662 2752 2752 (b),

177 2753 302 2839 qui
353 2764 804 2832 successerat,
859 2750 1071 2819 aulici
1120 2748 1439 2818 officialis
1489 2771 1778 2818 munere
1828 2750 2265 2830 honestatus,
2338 2750 2754 2819 catholicam

180 2851 407 2910 tamen
445 2838 768 2929 pietatem
820 2840 998 2907 inter
1029 2837 1562 2906 Iconoclasticae
1593 2838 1900 2908 haeresis
1926 2850 2294 2910 sectatores
2317 2838 2758 2925 fautoresque

178 2928 478 2999 servavit
523 2932 661 3014 qua
709 2928 861 3017 ejus
911 2926 1255 2994 imbuerat
1289 2926 1602 3015 impense
1648 2926 1964 2995 animum
2016 2927 2103 2995 ab
2138 2927 2543 3016 unguiculis
2589 2928 2749 3014 qui-

175 3017 337 3087 dam
387 3016 816 3086 domesticus
862 3014 1194 3091 famulus,
1251 3014 1456 3103 cujus
1488 3014 1696 3083 etiam
1742 3014 2078 3104 piissimis
2125 3015 2438 3086 consiliis
2487 3016 2755 3105 ingenti

177 3105 605 3175 monasticae
642 3105 818 3174 vitae
866 3102 1206 3174 desiderio
1254 3101 1475 3171 fuerat
1522 3102 2026 3172 inflammatus,
2061 3104 2469 3193 Imperatori
2518 3117 2753 3173 autem

177 3192 775 3264 familiarissimus
823 3212 982 3261 cum
1024 3190 1309 3276 quidam
1357 3189 1690 3279 patricius
1729 3203 1930 3270 esset,
1989 3191 2101 3260 hic
2141 3196 2494 3282 comperta
2543 3193 2759 3260 Theo-

227 3282 439 3352 hanis
485 3280 863 3372 opulentia,
920 3279 1133 3348 filiam
1200 3278 1263 3346 ei
1310 3300 1536 3358 suam,
1591 3284 2013 3368 Imperatore
2061 3280 2212 3369 ipso
2251 3281 2580 3371 jubente,
2629 3302 2758 3349 nu-

175 3304 483 3440 bendam
543 3369 850 3448 curavit;
918 3366 1331 3466 Theophane
1378 3388 1535 3435 vero
1594 3388 1797 3456 aegre
1845 3368 1910 3436 id
1973 3368 2269 3449 ferente,
2343 3381 2409 3438 et
2471 3368 2761 3459 virgini-

180 3460 339 3531 tatis
391 3457 772 3528 servandae
818 3455 1195 3535 desiderio,
1251 3466 1317 3523 et
1372 3455 1795 3525 monasticae
1861 3455 2311 3546 professionis
2374 3459 2750 3547 proposito,

177 3548 448 3618 viribus
493 3546 651 3618 totis
698 3546 1102 3624 reluctante;
1155 3544 1274 3613 sed
1324 3543 1713 3613 consentire
1775 3556 2088 3627 coactuS,
2143 3545 2542 3614 adolescens
2587 3544 2758 3634 (qui

231 3760 297 3812 (α)
328 3760 674 3803 Constantinus
692 3759 956 3808 Imperator
976 3759 1275 3808 copronymus
1296 3756 1453 3796 dictus
1474 3755 1549 3796 est
1568 3765 1596 3795 a
1624 3745 1815 3817 κόπρος
1843 3762 2027 3806 stereus,
2048 3757 2098 3796 et
2117 3741 2283 3818 ὄνομα
2304 3767 2470 3801 nom,
2493 3759 2620 3805 quod
2641 3760 2758 3800 dum

176 3820 493 3872 baptizandus
512 3822 738 3867 adstaret.
757 3830 945 3861 sacrum
965 3821 1145 3860 fontem
1175 3818 1269 3858 ⁸le
1299 3818 1614 3858 excrementis
1643 3818 1865 3858 foedavit.
1893 3819 2169 3868 Praestigsss
2197 3819 2564 3865 admonuimus,
2593 3821 2759 3863 hum·-

178 3884 344 3918 narum
360 3878 727 3924 divinarumque
748 3876 908 3922 legum
927 3875 1224 3920 contemptor
1244 3872 1293 3910 et
1313 3873 1393 3910 vix
1413 3880 1508 3911 non
1528 3869 1711 3915 titheus,
1730 3874 1926 3912 naturae
1949 3872 2161 3911 debitum
2183 3872 2327 3912 solvit
2349 3882 2470 3912 anno
2493 3883 2719 3915 ncctxxV.

232 3931 285 3978 (b)
314 3933 409 3970 Leo
429 3930 510 3974 IV,
528 3930 810 3977 copronymi
831 3929 975 3975 filius,
997 3927 1219 3975 paternae
1239 3934 1347 3964 cum
1369 3924 1570 3972 imperto
1592 3925 1854 3972 impietatis
1873 3924 2057 3971 haeres,
2077 3926 2276 3964 Casan-us
2299 3926 2566 3974 appellatus
2589 3938 2646 3967 ex
2670 3929 2758 3970 He-

179 3980 308 4023 lenae
330 3982 449 4035 (non
470 3983 639 4028 Irenis)
658 3982 826 4021 matris
854 3983 1190 4030 cognomento,
1219 3980 1418 4018 cazat-ao
1449 3978 1688 4026 Principis
1720 3977 1861 4023 filiae.
1892 3979 2057 4018 furens
2087 3980 2135 4017 et
2162 3979 2264 4026 ipse
2299 3986 2353 4018 ae
2389 3989 2558 4020 saevus
2591 3981 2756 4023 loono·

182 4034 340 4076 elzeta.
370 4038 491 4076 Eum
512 4036 791 4078 extinctum.
810 4044 933 4073 anno
953 4033 1085 4082 regui
1105 4031 1238 4072 sexto
1258 4031 1471 4072 nondum
1492 4031 1695 4079 expleto.
1725 4031 1861 4078 ajunt
1882 4030 2042 4071 diviua
2063 4032 2314 4072 manircste
2341 4034 2389 4072 et
2409 4034 2630 4075 celeriter
2654 4036 2756 4075 vin·

182 4087 301 4128 dieti.
318 4098 595 4138 percussus,
614 4097 722 4128 cum
743 4089 887 4135 capiti
908 4087 1000 4127 sibi
1019 4086 1340 4136 imposuisset,
1367 4093 1511 4133 quam
1540 4081 1708 4132 rapine
1737 4086 2063 4132 usurpaverat,
2086 4095 2274 4126 auream
2306 4088 2502 4136 gemmis
2535 4088 2758 4128 refertam

185 4148 409 4186 coronam.
429 4143 546 4181 oum
568 4141 626 4180 ab
647 4139 865 4181 Heraclio
883 4142 999 4188 Imp.
1022 4138 1466 4186 Constantinopolin
1484 4137 1725 4176 Ecclesiae
1743 4136 1979 4177 donatam.
1997 4140 2295 4179 Carbuncule
2310 4141 2436 4179 enim
2453 4143 2568 4180 tunc
2587 4142 2635 4179 in
2653 4143 2758 4190 ejus

189 4197 356 4235 cervice
376 4196 546 4235 statim
571 4194 768 4234 suborta
785 4197 900 4233 sunt
920 4194 1158 4243 pestifera,
1178 4191 1354 4242 quibus
1374 4191 1510 4231 brevi
1530 4192 1580 4230 et
1607 4190 1713 4230 dire
1740 4193 2052 4242 consumptus
2083 4194 2178 4234 est.
2213 4194 2351 4234 Extat
2377 4195 2633 4244 propterea
2661 4194 2757 4242 ept-

188 4252 390 4292 arnume
412 4250 518 4292 sive
540 4247 835 4298 epitaphium
853 4260 864 4286 :

829 4300 1057 4340 Aemulus
1086 4299 1163 4340 hic
1191 4302 1356 4349 patris,
1385 4302 1521 4350 rapto
1551 4299 1817 4340 diademate
1847 4307 1982 4340 nero

880 4354 1143 4394 Exornasue
1173 4363 1331 4395 comas
1360 4354 1535 4394 (Ποίων
1564 4354 1668 4402 ipse
1698 4361 1824 4393 suas.

824 4408 947 4456 Ergo
977 4408 1026 4446 et
1055 4406 1332 4457 sacrilegam
1361 4417 1468 4447 mox
1497 4408 1709 4456 percutit
1737 4407 1859 4447 ultio
1895 4405 2120 4448 stontem:

875 4460 1025 4501 Uetus
1054 4460 1168 4506 obit,
1194 4461 1320 4500 iacto
1348 4461 1533 4501 tuberis
1562 4460 1689 4512 igne,
1718 4461 1873 4509 caput.
