3327 4999
290 346 536 414 MART.
592 346 676 411 ⁴6
1000 366 1079 412 nn
1127 365 1184 411 s.
1238 364 1588 412 annianum
1636 362 1857 413 conon.
1911 364 2109 415 nmsc.
2177 326 2182 335 ¹
2614 348 2742 413 3⁴7

287 445 457 514 haec
505 444 787 524 dixerat,
840 445 1232 535 raptimque
1277 467 1357 513 ex
1405 466 1520 514 ore
1567 445 1741 535 ejuS,
1797 444 2231 515 Heribertum
2266 445 2589 517 universa
2625 445 2830 514 turba

290 533 799 603 conclamabat,
835 539 979 602 Una
1026 534 1341 603 omnium
1392 555 1540 614 vox,
1583 556 1726 603 una
1782 534 2121 609 voluntas,
2173 556 2347 621 quos
2394 539 2676 604 eatenus
2723 534 2836 603 di·-

288 623 730 703 scordantes,
788 645 972 692 nunc
1020 623 1197 691 miro
1259 621 1462 691 modo
1511 624 1583 691 in
1631 645 1773 691 uno
1821 624 2103 692 absente
2151 622 2429 692 homine
2476 622 2836 693 vinculum

288 712 486 803 pacis
533 710 883 800 alligabat.
940 716 1039 780 Ita
1088 712 1375 780 Domino
1422 711 1828 802 imperante,
1873 711 2164 782 cessavit
2230 722 2472 781 ventus
2531 724 2597 780 et
2656 722 2840 779 tran-

287 800 605 887 quillitas
658 802 836 869 facta
899 810 1023 870 est.
1105 805 1270 869 Nam
1337 800 1521 886 quod
1590 799 1949 870 naviculae
1998 799 2421 870 Coloniensis
2469 799 2834 881 Ecclesiae,

286 889 460 958 dum
509 889 652 958 illis
698 888 1082 958 discordiae
1146 888 1477 958 fluctibus
1513 889 1916 980 jactaretur,
1969 902 2107 957 tam
2157 888 2316 968 cito,
2375 910 2460 957 ne
2506 887 2591 957 ad
2643 910 2840 957 arma

284 976 812 1069 perveniretur,
870 977 1283 1047 subventum
1349 990 1498 1056 est,
1566 977 2077 1048 misericordiae
2142 976 2521 1046 divinitatis
2583 976 2839 1046 ascribi

285 1066 515 1136 debet.
594 1072 798 1136 Porro
859 1067 1259 1135 meritorum
1309 1065 1490 1135 beati
1538 1066 1668 1135 viri
1715 1067 1784 1136 in
1837 1066 1964 1135 hoc
2011 1087 2289 1154 quoque
2333 1065 2615 1135 evidens
2670 1064 2837 1134 asti-

285 1155 555 1246 pulatio
597 1167 721 1235 est,
782 1155 964 1241 quod
1016 1156 1243 1225 oblato
1296 1155 1382 1223 ad
1441 1154 1840 1224 electionem
1899 1155 2182 1224 nomine
2231 1154 2475 1244 ipsius,
2522 1152 2836 1224 animosa

286 1244 455 1314 cleri
502 1255 568 1313 et
619 1244 856 1334 populi
903 1244 1248 1314 discordia
1296 1243 1575 1330 quievit,
1629 1257 1694 1313 et
1743 1266 1874 1335 pax
1921 1243 2188 1313 reddita
2234 1255 2357 1313 est.

377 1335 415 1420 ξ
472 1339 565 1403 6.
621 1338 699 1402 Ει
755 1333 1034 1418 quidem
1089 1332 1450 1402 Beneventi
1497 1332 1620 1401 ubi
1678 1346 1844 1402 tunc
1897 1337 2276 1423 Imperator
2328 1331 2829 1412 commanebat,

290 1421 712 1511 pontificalis
759 1422 821 1491 ei
874 1422 1093 1490 honor
1147 1422 1351 1491 datus
1403 1432 1505 1492 est
1547 1445 1636 1489 vu
1680 1422 1841 1491 idus
1871 1421 2090 1489 Junii:
2144 1435 2210 1491 et
2250 1420 2495 1489 exinde
2543 1426 2831 1489 Romam

288 1509 640 1601 profectus
670 1509 958 1600 pallium
987 1510 1073 1579 ab
1104 1510 1523 1600 Apostolicae
1552 1510 1745 1579 Sedis
1773 1509 2092 1578 Praesule
2120 1510 2405 1600 accepit.
2447 1513 2611 1577 Cum
2645 1508 2834 1576 Colo-

293 1599 485 1668 niam
527 1599 900 1677 accederet,
930 1601 1217 1689 jamque
1265 1600 1336 1668 in
1385 1598 1609 1668 vicino
1658 1599 1947 1679 adesset,
1983 1597 2274 1689 dignum
2325 1598 2654 1666 memoria
2703 1608 2828 1678 est,

292 1688 591 1775 qualiter
633 1687 1052 1778 Apostolicae
1081 1687 1431 1757 doctrinae
1466 1689 1862 1758 recordatus
1893 1699 2016 1768 est,
2054 1708 2191 1773 qua
2229 1686 2523 1756 dicitur:
2559 1687 2831 1755 Obsecro

292 1787 523 1846 autem
568 1798 683 1844 vos
734 1800 854 1867 eqo
905 1779 1165 1845 vinctus
1208 1779 1275 1845 in
1335 1780 1629 1857 Domino,
1689 1789 1766 1846 ut
1798 1778 1999 1867 dique
2058 1777 2413 1845 ambuletis
2462 1777 2827 1854 vocatione,

290 1889 432 1956 qua
460 1867 685 1933 vocati
718 1867 894 1944 estz'S,
935 1889 1083 1933 cum
1114 1868 1296 1934 omni
1333 1867 1719 1934 humilitate
1755 1876 1815 1934 et
1845 1866 2366 1934 mansuetudine
2401 1864 2675 1954 (Ephes.
2710 1862 2827 1952 lv).

288 1956 459 2023 Nam
531 1975 686 2021 vere
749 1954 1034 2023 humilis
1098 1968 1163 2022 et
1220 1966 1673 2035 mansuetus»,
1731 1953 1937 2041 pallio
2006 1953 2360 2024 missionis
2407 1951 2833 2042 Apostolicae

292 2041 701 2134 praemisse,
755 2043 901 2132 ipse
952 2042 1234 2110 indutus
1285 2042 1487 2122 linea,
1526 2042 2140 2127 discalceatusque,
2197 2042 2379 2111 lento
2429 2040 2599 2130 pede
2639 2040 2834 2110 secu-

294 2145 408 2200 tus
456 2143 580 2212 est,
634 2153 794 2199 cum
844 2130 1064 2220 frigus
1111 2130 1425 2219 hyemale
1476 2153 1596 2220 pro
1646 2143 1950 2220 tempore
1983 2131 2302 2199 calceatis
2348 2150 2623 2216 quoque
2674 2151 2827 2220 per-

298 2219 664 2289 molestum
719 2232 915 2288 esset.
997 2218 1392 2287 Attendebat
1438 2220 1642 2288 etiam
1694 2219 2112 2288 vocationem
2165 2240 2404 2299 suam,
2458 2217 2640 2304 quod
2693 2239 2831 2287 non

301 2306 387 2375 ad
425 2329 628 2397 regna
663 2309 997 2399 gentium,
1034 2308 1152 2377 sed
1192 2306 1276 2376 ad
1327 2307 1787 2379 ministerium
1826 2320 2178 2377 vocaretur
2209 2320 2599 2377 sanctorum
2643 2307 2834 2375 Chri-

301 2395 391 2464 sti
438 2396 960 2486 discipulorum.
1016 2402 1091 2465 Et
1136 2396 1452 2483 quamvis
1500 2397 1584 2465 ad
1635 2396 1978 2486 insignem
2011 2396 2156 2486 jam
2207 2396 2466 2464 veniret
2506 2417 2704 2464 suam
2735 2396 2834 2464 ci-

301 2484 571 2555 vitatem
610 2486 983 2567 Coloniam,
1020 2485 1140 2556 tali
1172 2485 1517 2556 schemate
1567 2485 2021 2557 confitebatur
2066 2507 2225 2554 cum
2278 2485 2494 2554 beatis
2545 2484 2836 2574 patriar-

296 2573 492 2655 chis,
544 2596 842 2662 quorum
910 2575 1270 2666 Apostolus
1335 2576 1698 2656 meminit,
1754 2574 1937 2662 quod
2006 2575 2409 2665 peregrinus
2469 2584 2534 2642 et
2584 2574 2837 2664 hospes

294 2675 470 2732 esset
517 2686 599 2732 su
652 2687 726 2733 er
772 2676 1045 2745 terram,
1084 2665 1374 2754 patriam
1409 2686 1478 2735 se
1524 2685 1853 2751 quaerere
1899 2663 2301 2754 significans
2352 2662 2726 2741 meliorem,
2761 2661 2831 2730 id

292 2765 418 2833 est,
473 2775 592 2822 coe
622 2765 858 2834 estem,
902 2766 966 2822 et
1003 2776 1179 2833 eam,
1235 2774 1445 2840 quam
1488 2754 1752 2855 paravit
1800 2753 1940 2822 illis
1989 2758 2189 2833 DeuS,
2229 2752 2598 2821 civitatem.
2637 2750 2832 2821 Venit

288 2841 523 2928 itaque
570 2841 743 2911 duce
793 2843 1052 2934 Spiritu
1102 2847 1369 2921 Sancto,
1406 2842 1656 2932 spiritu
1707 2841 2141 2922 humilitatiS,
2177 2862 2339 2910 cum
2386 2840 2618 2909 animo
2668 2861 2834 2908 con-

287 2932 475 3001 trit0.
517 2953 653 2999 non
690 2944 915 3000 tamen
946 2932 1205 3018 absque
1238 2942 1473 3000 sancto
1505 2944 1570 3000 et
1615 2930 1960 3021 spirituali
2004 2930 2281 3020 gaudio,
2326 2940 2391 2999 et
2439 2929 2590 3018 ipsa
2641 2941 2838 2998 nocte

286 3018 545 3089 natalis
594 3020 863 3089 Domini
927 3032 1367 3089 consecratus
1426 3030 1529 3089 est
1583 3019 1764 3089 inter
1808 3020 2172 3090 Missarum
2222 3018 2560 3090 solemnia
2593 3072 2608 3098 ,
2660 3038 2840 3118 quae

288 3130 373 3178 ex
428 3130 613 3178 more
660 3108 1187 3178 celebrabantur
1232 3107 1438 3198 paulo
1469 3119 1625 3176 ante
1656 3108 1758 3176 vel
1793 3109 1977 3176 circa
2018 3120 2245 3176 ortum
2296 3107 2457 3176 diei.
2500 3112 2838 3176 venerant

289 3197 557 3286 quippe
580 3197 664 3265 ad
696 3198 824 3267 hoc
854 3198 1085 3287 ipsum
1121 3218 1278 3266 cum
1310 3217 1388 3265 eo
1424 3196 1658 3287 plures
1686 3196 2016 3287 episcopi.
2048 3202 2203 3265 Jam
2234 3218 2390 3265 vero
2421 3196 2492 3264 in
2525 3194 2646 3264 illa
2676 3216 2837 3264 cou-

290 3286 674 3355 secratione
702 3287 851 3376 ejus
881 3287 1040 3372 quis
1086 3286 1391 3354 divinam
1423 3285 1924 3355 ordinationem
1960 3306 2099 3353 non
2142 3285 2462 3354 miretur?
2494 3284 2663 3366 Quis
2695 3305 2835 3353 non

288 3385 606 3443 vereatur
643 3375 755 3443 bic
788 3375 1220 3444 altitudinem
1264 3373 1536 3443 consilii
1579 3374 1821 3453 divini,
1858 3395 1994 3460 quo
2043 3373 2134 3441 ita
2182 3373 2331 3442 fieri
2378 3373 2833 3463 complacuit?

288 3462 601 3549 Denique
665 3475 880 3533 totum
950 3464 1123 3533 illud
1194 3462 1498 3532 officium
1548 3463 1969 3533 matutinum
2018 3462 2273 3532 sanctis
2322 3461 2714 3552 pastoribus
2761 3484 2846 3531 o·-

288 3550 486 3620 vium
535 3551 779 3622 Christi
830 3553 1125 3642 Spiritus
1171 3556 1460 3622 Sanctus
1507 3552 1918 3642 composuit,
1957 3571 2254 3636 quorum
2303 3550 2641 3619 nimirum
2683 3571 2835 3639 my-

291 3640 545 3709 sticum
593 3641 943 3731 exemplar
990 3653 1295 3732 pastores
1344 3640 1444 3709 illi
1492 3639 1817 3722 fuerunt,
1870 3640 1991 3726 qui
2043 3650 2239 3709 nocte
2286 3639 2408 3708 illa
2471 3639 2839 3729 vigilantes

291 3740 362 3798 et
407 3729 868 3798 custodientes
924 3729 1194 3821 vigilias
1264 3730 1483 3798 noctis
1532 3751 1745 3819 supra
1792 3750 2068 3820 gregem
2121 3750 2326 3797 suum
2360 3782 2375 3809 ,
2429 3726 2838 3797 circumful-

291 3830 495 3909 gente
542 3840 615 3887 se
660 3818 965 3888 claritate
1014 3819 1151 3899 Dei,
1208 3819 1545 3888 nuncium
1594 3818 1880 3899 bonum,
1934 3816 2269 3907 gaudium
2321 3838 2656 3908 magnum
2690 3817 2835 3887 nati

303 3905 693 3989 salvatoris,
731 3908 912 3993 quod
961 3908 1047 3977 ad
1096 3908 1352 3976 sanctis
1400 3906 1667 3997 angelis
1717 3905 1922 3997 primi
1984 3905 2369 3987 audierant,
2423 3905 2652 3974 videre
2703 3928 2843 3976 me·

291 4008 607 4075 ruerunt,
662 3996 839 4067 sicut
888 4007 1201 4068 sanctum
1249 3996 1560 4086 ejusdem
1611 3994 1855 4064 Missae
1904 4006 2139 4063 narrat
2188 3995 2649 4085 evangelium.

385 4086 423 4171 ἓ
468 4089 545 4156 ¹2.
615 4085 740 4155 Sed
806 4085 963 4172 quis
1019 4108 1329 4173 unquam
1406 4096 1800 4154 sanctorum
1851 4082 2255 4152 aedificatus
2303 4083 2375 4152 in
2425 4097 2655 4153 monte
2702 4083 2839 4153 vir-

297 4184 566 4254 tutum,
632 4176 972 4261 verboque
1035 4186 1101 4245 et
1162 4173 1474 4264 exemplo
1534 4173 1774 4242 lucens
1829 4170 1914 4241 ad
1980 4171 2526 4242 aedificationem
2598 4173 2838 4242 viden-

296 4261 473 4330 tium
544 4273 608 4332 et
692 4263 1125 4332 audientium
1183 4319 1197 4344 ,
1271 4262 1535 4332 nullam
1597 4262 1685 4331 ab
1775 4260 2064 4352 ingratis
2128 4274 2195 4332 et
2257 4261 2512 4331 invidis
2590 4283 2839 4351 passus

294 4360 401 4420 est
448 4349 955 4422 tribulationem
1006 4356 1037 4420 ‘l
1113 4352 1281 4434 Quis
1341 4352 1518 4420 inter
1582 4371 2045 4441 supernarum
2128 4350 2381 4442 gaudia
2457 4351 2836 4441 gratiarum

297 4439 654 4530 propriam
719 4462 855 4510 non
918 4440 1161 4512 habuit
1224 4462 1624 4511 mensuram
1685 4437 2030 4531 ejusmodi
2086 4438 2594 4532 lacrymarum,
2661 4459 2836 4527 quas
