3327 4999
704 343 832 408 416
2785 342 3019 408 MART.
3070 342 3136 405 to

1179 470 1412 571 VlTA
1477 469 1560 572 S.
1632 470 2099 572 ATTALAE
2168 470 2613 571 ABBATIS
2702 573 2705 578 f

996 709 1243 758 enin
1309 710 1402 757 Aa
1462 708 1672 758 sona
1731 687 2024 758 scoro*
2084 709 2281 758 iiius
2341 707 2790 757 nisciruio

1390 865 1668 922 Elei-uit
1706 865 1988 923 ineunte
2029 866 2164 921 vn
2205 867 2391 922 saec.

698 1050 734 1136 ς
781 1055 860 1121 ί.
913 1051 1084 1118 Cum
1112 1046 1523 1118 venerabilis
1563 1059 1755 1138 pater
1789 1047 2260 1119 Columbanus
2299 1046 2384 1116 de
2413 1046 2544 1117 hac
2578 1047 2733 1116 luce
2781 1046 3138 1138 migrasset,

607 1135 802 1208 omni
851 1136 1181 1237 religione
1221 1134 1595 1207 laudabilis
1628 1135 1848 1206 Attala
1874 1137 1945 1205 in
1996 1135 2226 1205 locum
2260 1136 2414 1225 ejus
2445 1135 2774 1206 suffectus
2802 1150 2927 1216 est,
2968 1133 3145 1222 cujus

608 1237 764 1317 post
811 1237 1222 1316 magistrum
1271 1225 1555 1294 virtutes
1603 1224 1789 1295 clare
1852 1223 2218 1295 fulserunt.
2274 1224 2404 1308 Qui
2444 1223 3007 1314 Burgundiorum
3051 1243 3146 1291 or-

610 1324 724 1383 tus
754 1335 1027 1405 genere,
1068 1313 1320 1383 nobilis
1361 1314 1663 1394 natione,
1719 1311 1837 1382 sed
1889 1312 2188 1383 nobilior
2227 1312 2610 1391 sanctitate,
2671 1310 2963 1400 perfecte
3019 1331 3145 1378 ma-

660 1402 810 1473 istri
839 1401 1127 1492 vestigia
1157 1411 1437 1472 secutus
1460 1412 1585 1471 est.
1623 1400 1848 1487 Hujus
1880 1413 2110 1471 autem
2161 1401 2342 1470 beati
2376 1400 2508 1468 viri
2547 1398 2966 1480 rudimenta,
2999 1419 3148 1485 qua-

610 1425 769 1559 fiter
818 1489 996 1560 inter
1037 1490 1189 1579 ipsa
1239 1489 1620 1579 primordia
1669 1490 1954 1559 uberem
2002 1512 2044 1557 a
2110 1489 2398 1558 Domino
2459 1487 2839 1579 profectum
2890 1488 3145 1557 invene·

613 1578 776 1658 rint,
816 1577 1503 1668 praetermittendum
1556 1600 1693 1647 non
1743 1590 1868 1647 est.
1915 1577 2135 1677 Igitur
2188 1576 2357 1645 dum
2414 1587 2463 1646 a'
2504 1587 2694 1666 patre
2742 1576 2964 1646 nobili
3002 1574 3150 1642 libe-

612 1665 877 1736 ralibus
926 1665 1142 1736 literis
1192 1665 1510 1735 imbutus
1542 1664 1808 1746 fuisset,
1864 1665 2091 1754 Arigio
2129 1663 2483 1752 quondam
2536 1663 2848 1754 pontifici
2898 1664 3152 1752 abipso

656 1753 915 1823 enitore
962 1754 1492 1823 commendatus
1538 1767 1663 1823 est.
1722 1753 1850 1823 Sed
1885 1754 2105 1824 bonae
2138 1752 2395 1823 indolis
2441 1773 2637 1842 puer,
2687 1752 2863 1821 nihil
2907 1752 3004 1823 ibi
3036 1750 3154 1821 uti-

607 1776 826 1911 fitatis
855 1841 967 1931 agi
1001 1862 1313 1923 cernenS,
1351 1841 1577 1932 coepit
1608 1853 1836 1911 mente
1882 1863 1962 1911 ac
2021 1841 2272 1930 spiritu
2329 1839 2419 1909 ad
2469 1840 2735 1930 potiora
2783 1841 3063 1910 tendere
3103 1847 3157 1905 et

610 1928 697 1998 ad
762 1928 1007 1999 altiora
1053 1928 1401 1999 anhelare.
1457 1928 1651 1998 Dedit
1711 1951 1873 2020 ergo
1943 1950 2222 2017 operam
2258 1983 2273 2010 ,
2323 1939 2404 1997 ut
2472 1928 2871 2019 postpositis
2928 1925 3157 1997 mundi

610 2016 1190 2109 phaleramentiS,
1260 2018 1757 2087 monachorum
1803 2019 2216 2108 Jungeretur
2269 2016 2559 2085 cohorti.
2615 2016 2804 2085 Clam
2853 2017 3083 2103 itaque
3124 2035 3157 2082 a

614 2104 973 2176 sodalibus
1003 2127 1435 2196 progressus,
1470 2105 1749 2175 duobus
1789 2107 2025 2195 pueris
2056 2117 2443 2185 contentus,
2497 2104 2583 2173 ad
2632 2104 2993 2174 Lirinense
3028 2124 3158 2173 coe-

612 2193 903 2263 nobium
945 2193 1151 2262 venit.
1207 2198 1354 2275 Quo
1387 2192 1458 2261 in
1510 2193 1660 2262 loco
1716 2193 1841 2262 diu
1891 2193 1975 2263 de
2025 2214 2171 2274 enS,
2228 2215 2389 2262 cum
2439 2203 2750 2261 cerneret
2797 2192 3159 2263 monachos

607 2281 921 2370 ejusdem
962 2281 1274 2353 coenobii
1324 2301 1765 2368 nequaquam
1815 2302 1984 2371 regu
2016 2282 2154 2350 aris
2202 2280 2614 2371 disciplinae
2665 2280 2961 2352 habenis
3000 2277 3160 2349 colla

609 2367 1038 2450 submittere,
1090 2391 1209 2439 coe
1262 2369 1314 2439 it
1351 2369 1555 2436 anxio
1587 2368 1825 2437 animo
1884 2369 2220 2439 trutinare
2252 2391 2392 2457 qua
2440 2369 2724 2460 potioris
2774 2369 3050 2439 consilii
3095 2389 3155 2435 a-

606 2456 794 2528 ditus
844 2456 1023 2528 viam
1051 2479 1193 2560 pan
1250 2469 1412 2526 eret.
1445 2461 1858 2547 Progressus
1904 2478 2067 2548 ergo
2117 2457 2302 2538 inde,
2346 2457 2434 2527 ad
2479 2458 2759 2527 beatum
2801 2456 3157 2528 Columba-

606 2568 780 2616 num
816 2551 1193 2617 Luxovium
1229 2545 1434 2615 venit.
1490 2549 1709 2626 Quem
1758 2546 1862 2614 vir
1891 2557 2174 2615 sanctus
2220 2568 2382 2615 cum
2429 2544 2692 2636 ingenii
2744 2547 3022 2637 sagacis
3068 2565 3162 2613 so·

606 2635 842 2704 lertem
879 2657 1027 2705 esse
1064 2643 1394 2714 cerneret,
1441 2654 1568 2702 suo
1617 2634 2034 2704 monasterio
2072 2633 2330 2724 junxit,
2368 2644 2572 2721 atque
2618 2635 2956 2705 omnibus
3002 2631 3161 2703 divi-

609 2724 719 2793 nis
768 2724 1050 2793 monitis
1087 2720 1365 2791 erudire
1415 2720 1717 2790 tentavit.

693 2812 729 2898 ς
793 2816 880 2882 2.
934 2816 1242 2896 Cumque
1274 2810 1516 2879 beatus
1546 2808 1763 2878 Attala
1803 2809 2075 2900 egregie
2113 2830 2194 2878 ac
2226 2820 2505 2878 strenue
2556 2821 2709 2899 post
2759 2812 3161 2903 magistrum

604 2912 1010 2989 patremque
1069 2917 1277 2965 suum
1343 2896 1849 2967 Colunibanum
1899 2896 2379 2987 supradictum
2430 2898 2841 2968 coenobium
2915 2904 3166 2990 regeret

605 2997 671 3056 et
720 2985 792 3054 in
847 2984 1041 3054 omni
1089 2984 1460 3074 disciplina
1524 2984 1862 3074 regularis
1930 2985 2185 3055 tenoris
2233 2983 2478 3055 fratres
2543 2985 2894 3066 erudiret,
2951 2984 3165 3075 coepit

602 3084 843 3145 contra
889 3094 1052 3142 eum
1099 3072 1368 3159 antiqui
1407 3072 1625 3143 hostis
1655 3072 1956 3141 versutia
2004 3071 2348 3142 letiferum
2392 3073 2780 3144 discordiae
2827 3074 3027 3145 virus
3056 3093 3168 3141 no·

605 3162 741 3233 xiis
780 3161 1034 3230 ictibus
1073 3160 1325 3243 laxare,
1380 3161 1688 3230 excitans
1720 3171 1786 3229 et
1813 3159 2156 3252 instigans
2188 3159 2522 3231 adversus
2562 3184 2723 3231 eum
2774 3162 3171 3257 aliquorum

606 3248 819 3320 corda
866 3248 1306 3320 subditorum
1378 3247 1671 3318 fratrum
1739 3247 1862 3335 qui
1939 3248 2373 3320 mussitando
2430 3272 2509 3319 ac
2560 3270 2796 3320 sacrae
2852 3251 3169 3342 religioni

607 3337 1029 3426 derogando,
1075 3337 1396 3406 dicebant
1425 3358 1499 3405 se
1533 3335 1736 3404 nimii
1766 3335 2051 3407 fervoris
2090 3337 2567 3408 auctoritatem
2598 3337 2775 3407 serre
2808 3360 2951 3408 non
2988 3355 3175 3429 posse

606 3439 672 3496 et
718 3426 978 3496 arduae
1025 3424 1440 3516 disciplinae
1489 3423 1797 3515 pondera
1828 3437 2100 3514 portare
2148 3446 2288 3495 non
2336 3426 2583 3495 valere.
2629 3431 2707 3495 At
2754 3426 2896 3499 ille.
2954 3422 3176 3517 sagaci

605 3527 685 3586 ut
722 3524 866 3584 erat
913 3512 1186 3594 anim0,
1253 3513 1368 3604 pia
1436 3512 1739 3581 fomenta
1789 3512 2116 3602 praebere
2190 3524 2258 3583 et
2305 3513 2630 3585 salutaris
2704 3515 3004 3585 antidoti
3051 3532 3180 3600 quo

607 3602 838 3675 sanies
897 3600 1280 3693 putrefacta
1327 3611 1848 3690 amputaretur,
1920 3613 2160 3692 potum
2221 3601 2389 3671 dare
2454 3603 2788 3684 studens,
2845 3601 3180 3673 tumentia

610 3691 823 3762 corda
863 3690 1131 3760 mollire
1177 3688 1551 3759 nitebatur.
1600 3687 1726 3758 Sed
1779 3710 1943 3758 cum
1992 3689 2115 3758 diu
2161 3689 2532 3780 castigatos
2582 3711 2817 3761 secum
2889 3691 3183 3762 retinere

610 3801 751 3849 non
802 3790 1053 3869 posset,
1092 3798 1398 3847 moerore
1429 3776 1646 3846 animi
1677 3776 2023 3859 turbatus,
2066 3777 2307 3849 multis
2344 3778 2667 3868 precibus
2705 3801 2869 3848 cum
2909 3777 3183 3870 pietatis

609 3866 838 3938 officio
887 3865 1433 3957 prosequebatur
1478 3885 1618 3945 eos,
1671 3887 1880 3934 orans
1913 3878 1992 3936 ut
2021 3888 2094 3935 se
2127 3887 2263 3934 non
2293 3866 2784 3953 relinquerent,
2828 3868 2954 3938 sed
2986 3862 3185 3937 ardui

608 3955 878 4026 itineris
925 3954 1173 4023 callem
1208 3952 1471 4023 fortiter
1509 3964 1840 4033 tenerent,
1897 3953 2423 4026 reminiscentes
2469 3956 2635 4042 quia
2682 3957 2904 4025 sancti
2959 3968 3185 4046 patres

610 4066 739 4135 per
788 4042 1388 4113 mortificationem
1428 4042 1657 4112 carnis
1684 4052 1750 4112 et
1791 4051 2271 4132 contemptum
2314 4044 2698 4134 praesentis
2728 4044 2929 4125 vitae,
2974 4063 3179 4135 regna

608 4132 959 4203 coelorum
1010 4131 1460 4231 possiderent.
1506 4130 1813 4201 Tandem
1862 4151 2026 4200 cum
2076 4130 2253 4199 nihil
2311 4153 2384 4202 se
2444 4132 2775 4222 proficere
2836 4142 3176 4209 cerneret,

609 4242 737 4291 nec
775 4218 911 4289 alio
960 4230 1253 4289 nitentes
1293 4219 1563 4290 animos
1595 4239 1762 4290 suae
1802 4218 2145 4288 societatis
2195 4219 2487 4290 habenis
2524 4221 2874 4290 continere
2920 4232 3175 4311 posset,

665 4380 691 4405 ¹·
719 4379 822 4419 Non
843 4378 993 4418 Scotue
1010 4378 1201 4418 natione
1226 4376 1384 4417 extitit
1400 4377 1546 4416 ὅσοι.
1565 4376 1712 4424 hujus
1740 4376 1966 4415 historice
2001 4375 2218 4425 scriptor.
2252 4378 2337 4418 sed
2367 4377 2422 4420 ut·
2457 4387 2517 4420 ex
2548 4378 2868 4420 Bollandtants
2908 4378 3179 4430 colligitur.

610 4434 755 4474 Italus
776 4443 799 4474 e
821 4432 1020 4483 Segusio
1042 4431 1158 4479 (ital.
1178 4428 1310 4482 Susa)
1328 4430 1388 4470 ad
1408 4429 1585 4471 uenisti
1603 4429 1781 4471 montis
1802 4429 1854 4469 in
1872 4428 2067 4478 Alpibus
2090 4430 2289 4471 radices.
