3327 4999
628 328 713 394 24
1252 345 1333 392 na
1381 345 1473 392 ss.
1527 345 1772 396 namo
1832 346 1911 394 ΕΤ
1957 346 2221 395 Asmmo
2277 346 2393 394 nm.
2759 327 3010 393 MART.
3073 327 3119 393 3

535 429 724 522 apud
784 435 1133 500 Romanos
1181 428 1513 520 adipisci:
1582 430 1698 501 sed
1760 430 1937 500 illud
1985 430 2322 519 quicquid
2382 442 2486 501 est
2533 429 2868 509 muneris,
2925 429 3123 499 mihi

524 518 687 609 jure
732 516 1076 608 impertiri
1122 516 1395 587 debet.»
1424 517 1616 587 Unde
1653 518 1871 608 judex
1896 532 2285 590 commotus
2314 517 2643 620 <Achivus
2670 517 2783 587 hic
2813 527 2957 587 erat
2984 539 3122 608 ge-

536 605 731 697 nere)
778 606 1002 696 primo
1036 605 1427 676 sciscitatus
1466 619 1588 688 est,
1633 607 2006 698 cujusnam
2054 619 2433 678 sententiae
2488 618 2553 676 et
2604 606 2959 697 religionis
2993 628 3124 676 es-

534 706 637 765 set
685 695 1013 764 Marinus
1053 699 1269 776 Quem
1310 705 1390 764 ut
1418 695 1905 766 animadvertit
1932 707 2327 766 constanter
2350 718 2423 765 se
2451 695 2921 764 Christianum
2951 715 3121 764 esse

534 783 999 861 confitentem,
1064 783 1275 852 trium
1337 783 1666 853 horarum
1735 786 2036 875 spatium
2104 784 2168 853 ei
2235 784 2324 853 ad
2371 782 2901 853 deliberandum
2952 782 3117 851 dat.

534 875 737 941 Hunc
782 893 818 939 e
838 870 1108 962 judicio
1153 892 1511 960 egressum
1562 872 1988 942 Theotecnus
2018 872 2141 959 qui
2181 871 2325 941 illic
2373 884 2518 942 erat
2565 871 2958 962 episcopm,
3019 870 3120 939 ad

537 981 611 1028 se
657 958 1099 1046 colloquendi
1168 962 1382 1029 causa
1456 960 1734 1029 invitat:
1787 973 1852 1029 et
1901 960 2242 1053 prehensa
2290 982 2530 1042 manu,
2583 971 2768 1029 recta
2824 957 3124 1028 deducit

537 1047 611 1117 in
650 1047 1039 1117 ecclesiam.
1095 1051 1310 1130 Quem
1352 1069 1512 1118 cum
1563 1048 1857 1119 interius
1903 1048 1988 1118 ad
2022 1049 2255 1138 ipsum
2293 1048 2768 1120 sanctuarium
2808 1046 3122 1116 colloca-

537 1136 769 1216 visset,
810 1136 1001 1204 laeva
1046 1135 1413 1225 paululum
1464 1136 1536 1205 in
1579 1136 1863 1206 alteram
1915 1150 2181 1227 partem
2234 1135 2519 1217 dimota,
2574 1136 2913 1226 gladium,
2964 1156 3121 1221 quo

536 1223 971 1313 cingebatur,
1027 1224 1364 1294 ostendit:
1419 1224 1768 1312 simulque
1814 1224 2210 1295 divinorum
2261 1225 2790 1314 Evangeliorum
2845 1223 3122 1292 librum

536 1311 881 1393 adferenS‚
921 1332 1004 1380 ex
1050 1310 1336 1382 adverso
1394 1315 1739 1403 proponit,
1792 1313 2289 1404 praecipitque,
2353 1325 2430 1382 ut
2481 1335 2560 1382 ex
2611 1312 2750 1381 illis
2798 1310 3114 1392 duobus,

534 1400 721 1487 quod
756 1399 988 1489 magis
1035 1411 1214 1470 esset
1258 1423 1338 1469 ex
1385 1402 1602 1469 animi
1651 1403 2013 1483 sententia,
2057 1401 2196 1471 deli
2246 1411 2409 1470 eret.
2457 1401 2584 1470 Ubi
2636 1422 2792 1468 vero
2840 1399 3124 1485 absque

534 1488 973 1558 cunctatione
999 1509 1128 1578 por
1149 1502 1333 1559 recta
1363 1510 1578 1558 manu
1625 1490 1860 1559 dextra
1892 1512 2164 1560 sacrum
2226 1491 2455 1559 ibrum
2505 1490 2791 1577 accepit,
2829 1487 3123 1557 Theote-

540 1599 719 1646 cnus
768 1577 869 1646 sic
909 1575 1116 1645 illum
1152 1578 1431 1647 affatur:
1485 1582 1705 1646 «Tene
1754 1588 1818 1648 et
1870 1578 2283 1648 adhaeresce
2315 1582 2471 1658 Deo,
2525 1577 2624 1646 sic
2671 1576 2856 1645 enim
2890 1574 3123 1645 abeo

538 1666 930 1745 roboratus,
985 1666 1174 1753 quod
1223 1667 1292 1734 in
1344 1688 1383 1734 o
1439 1666 1596 1737 tatis
1643 1679 1768 1749 est,
1805 1688 1929 1758 pro
1976 1677 2160 1736 certo
2186 1686 2572 1752 assequere.
2605 1664 2728 1734 Abi
2760 1665 2832 1733 in
2861 1685 3121 1753 pace.»

537 1752 751 1823 Illum
802 1753 1037 1824 statim
1084 1753 1248 1824 inde
1305 1775 1376 1822 re
1428 1764 1703 1822 euntem
1754 1776 2003 1845 praeco
2052 1775 2176 1844 pro
2224 1753 2558 1823 tribunali
2606 1753 2916 1831 advocat,
2952 1752 3120 1842 jam

537 1842 722 1910 enim
779 1852 1059 1931 tempus
1109 1841 1212 1910 illi
1248 1841 1732 1932 praestitutum
1761 1842 1845 1912 ad
1889 1840 2443 1924 deliberandum,
2474 1852 2620 1911 erat
2649 1840 3115 1930 completum.

541 1929 732 1999 Sistit
778 1951 850 1998 se
901 1950 1025 2020 pro
1077 1930 1445 1999 tribunali:
1499 1929 1618 2015 qui
1648 1952 1809 2000 cum
1863 1932 2196 2020 majorem
2235 1929 2408 2020 jam,
2440 1951 2648 2017 quam
2684 1941 2907 2008 antea,
2941 1927 3121 1997 fidei

539 2017 858 2088 ardorem
901 2039 982 2087 ac
1023 2018 1336 2087 studium
1370 2017 1808 2101 declarasset,
1845 2018 1930 2088 ad
1966 2030 2254 2088 mortem
2303 2028 2486 2088 recta
2518 2016 2883 2098 abductus,
2919 2038 3122 2085 mar-

540 2107 719 2196 tyrio
767 2105 1055 2175 excessit
1089 2129 1126 2175 e
1172 2106 1332 2176 vita.

629 2197 666 2282 §
729 2200 818 2265 ᾖ.
872 2195 1174 2264 Asterius
1229 2195 1475 2277 etiam,
1548 2193 1653 2263 vir
1710 2217 1748 2263 e
1813 2205 2208 2264 senatorum
2259 2198 2727 2264 Romanorum
2781 2213 3111 2275 numer0,

540 2303 703 2352 cum
769 2282 1309 2372 Imperatoribus
1368 2283 1439 2351 in
1497 2282 1747 2372 primis
1810 2283 2065 2352 charus
2099 2337 2114 2364 ‚
2175 2292 2321 2351 tum
2390 2282 2716 2352 omnibus
2772 2293 2838 2350 et
2904 2280 3114 2350 nobi-

540 2370 752 2439 litatis
809 2381 874 2438 et
921 2370 1324 2441 facultatum
1375 2372 1598 2460 gratia
1639 2370 2090 2461 conspicuus,
2152 2370 2224 2439 in
2272 2369 2511 2439 eadem
2573 2369 2870 2448 civitate,
2937 2390 3113 2458 pro-

537 2470 691 2550 pter
754 2458 972 2528 animi
1032 2458 1563 2551 propensionem
1597 2513 1617 2540 ,
1693 2479 1902 2546 quam
1967 2458 2180 2528 libere
2252 2479 2417 2560 erga
2483 2479 2713 2528 veram
2773 2456 3109 2549 pietatem

539 2547 1007 2617 declaraverat
1066 2547 1565 2618 celebrabatur.
1628 2548 1762 2630 Qui
1835 2568 1995 2616 cum
2069 2559 2354 2637 martyri
2438 2559 2710 2637 praesto
2775 2545 3108 2628 adesset,

542 2636 965 2722 simulatque
1012 2658 1049 2705 e
1097 2636 1228 2704 vita
1280 2635 1654 2724 migrarat,
1732 2634 2044 2706 cadaver-
2087 2635 2310 2716 tollit,
2388 2634 2757 2726 splendida
2822 2645 2887 2703 et
2953 2656 3116 2723 pre-

542 2724 717 2795 tiosa
785 2723 1044 2814 obtegit
1110 2735 1290 2792 veste
1325 2776 1340 2802 ,
1401 2736 1606 2810 atque
1671 2723 1984 2793 humeris
2030 2724 2435 2813 impositum
2473 2778 2489 2802 ,
2554 2723 2717 2793 inde
2763 2722 3110 2812 deportat,

538 2812 726 2900 quod
774 2833 937 2881 cum
972 2810 1346 2913 magnifico
1392 2824 1458 2879 et
1503 2824 1914 2903 sumptuoso
1965 2812 2173 2882 linteo
2223 2811 2655 2892 involvisset,
2694 2810 2957 2880 decenti
2998 2833 3118 2880 se-

540 2900 786 2991 pulcro
834 2898 1168 2968 condidit.
1218 2900 1442 2989 Hujus
1501 2900 1631 2968 viri
1679 2899 2057 2970 familiares
2105 2900 2228 2987 qui
2277 2899 2640 2986 hucusque
2687 2900 2895 2969 vitam
2949 2920 3118 2988 pro·

539 2987 910 3068 duxerunt,
964 3009 1123 3056 cum
1175 2988 1311 3056 alia
1358 2987 1632 3056 infinita
1682 2989 2037 3078 praeclara
2073 2989 2227 3079 ejus
2273 2987 2452 3058 facta
2507 2997 2915 3068 memorant,
2956 2999 3113 3057 tum

540 3074 725 3146 istud
762 3075 831 3143 in
883 3075 1153 3164 primis,
1205 3075 1387 3162 quod
1418 3077 1756 3162 sequitur,
1781 3077 2108 3165 quodque
2139 3076 2423 3167 plenum
2455 3088 2557 3147 est
2590 3075 3104 3147 admirationis.

542 3168 907 3234 Caesareae
956 3164 1282 3254 Philippi,
1336 3186 1548 3251 quam
1600 3165 1974 3235 Phoenices
2023 3163 2338 3235 Paneada
2395 3178 2661 3246 vocant,
2726 3162 2944 3234 fertur
3009 3163 3116 3233 vi-

540 3251 823 3323 ctimam
873 3252 1252 3339 quamdam
1322 3253 1393 3321 in
1429 3251 1650 3323 fontes
1709 3253 1830 3339 qui
1878 3253 2023 3323 illic
2062 3275 2143 3323 ex
2190 3253 2546 3323 radicibus
2593 3253 2847 3322 montis
2895 3250 3111 3321 Panei

542 3353 1036 3432 prorumpunt,
1091 3363 1171 3410 ex
1219 3340 1478 3427 quibus
1523 3340 1896 3410 Jordanem
1948 3341 2291 3431 profluere
2345 3340 2623 3421 dicitur,
2675 3341 2746 3409 in
2796 3338 3110 3427 quadam

542 3427 681 3498 diei
740 3428 897 3500 festi
955 3429 1321 3519 gentilium
1388 3427 1782 3499 celebritate
1829 3441 2241 3509 mactatam,
2315 3429 2608 3499 con'ici:
2680 3439 2886 3517 atque
2950 3449 3111 3497 eam

543 3516 906 3587 daemonis
954 3517 1019 3585 vi
1066 3539 1147 3587 ac
1195 3528 1525 3607 potestate
1555 3516 1956 3588 mirandum
1988 3517 2058 3587 in
2097 3516 2381 3586 modum
2415 3540 2450 3585 a
2530 3537 2769 3587 eorum
2818 3527 3116 3606 aspectu

543 3626 972 3686 evanescere,
1027 3604 1588 3692 miraculumque
1634 3605 1850 3677 videri
1893 3604 2373 3696 praesentibus
2398 3604 2596 3674 valde
2626 3604 3108 3675 memorabile.

544 3693 838 3776 Quibus,
873 3692 1040 3763 dum
1078 3693 1519 3783 gerebantur,
1572 3696 1910 3766 Asterium
1959 3692 2260 3794 quodam
2323 3703 2630 3784 tempore
2682 3692 2853 3764 sorte
2891 3692 3114 3763 inter-

541 3781 800 3851 fuisse:
855 3803 935 3851 ac
981 3801 1143 3851 cum
1189 3780 1448 3852 videret
1496 3793 1636 3851 tam
1672 3782 1927 3853 multos
1976 3781 2168 3853 illius
2213 3780 2315 3851 rei
2360 3780 2819 3852 admiratione
2865 3781 3109 3852 obstu-

542 3867 868 3971 pefactos,
903 3891 1141 3939 eorum
1184 3869 1437 3940 erroris
1484 3869 1865 3941 admodum
1917 3870 2281 3940 misertum
2313 3891 2486 3941 esse.
2524 3870 2780 3952 Deinde
2806 3868 3109 3939 sublatis

540 3980 611 4027 m
661 3958 933 4028 coelum
982 3957 1229 4039 oculis,
1265 3962 1481 4029 Deum
1529 3959 1848 4029 omnium
1897 3979 2131 4029 rerum
2174 3958 2673 4027 moderatorem
2735 3978 2858 4047 per
2908 3956 3111 4027 Chri-

540 4059 727 4117 stum
770 4046 1161 4139 supplicem
1213 4058 1596 4138 precatum,
1657 4060 1737 4118 ut
1793 4045 2238 4117 daemonium
2287 4045 2487 4128 illud,
2529 4044 2715 4133 quod
2765 4066 2853 4135 po
2905 4044 3111 4114 ulum

540 4145 1006 4205 tanto'errore
1051 4134 1488 4216 caecavisset,
1522 4134 2032 4226 comprimeret,
2072 4135 2306 4226 ipsum
2341 4156 2382 4204 a
2406 4132 2648 4205 fraude
2677 4156 2758 4204 ac
2783 4133 2849 4203 fa
2879 4131 3108 4214 laciis,

538 4244 716 4311 quas
762 4221 1170 4293 hominibus
1217 4222 1388 4293 solet
1420 4223 1801 4306 intendere,
1839 4225 2204 4294 coerceret.
2258 4227 2401 4294 Hoc
2448 4223 2653 4293 modo
2682 4243 2847 4293 cum
2887 4225 3111 4291 Deum

541 4311 894 4392 oravisset,
960 4310 1320 4401 repentino
1377 4310 1729 4381 victimam
1793 4311 2100 4382 fontibus
2162 4321 2697 4403 supernatasse:
2751 4321 2958 4397 atque
3004 4308 3109 4380 ita

542 4421 690 4470 rem
740 4398 930 4471 illam
962 4452 985 4481 ,
1050 4420 1262 4487 quam
1338 4409 1692 4490 tantopere
1747 4400 1988 4471 mirari
2033 4410 2582 4482 consueverant,
2663 4398 2736 4469 in
2795 4396 3104 4469 nihilum
