3327 4999
265 346 512 411 MART.
565 346 651 411 ΞΟ
963 364 1042 410 nn
1090 364 1145 411 S.
1205 364 1571 413 vutrnANNo
1619 365 1818 413 EPISC.
1878 364 2107 413 simon.
2599 347 2712 411 371

265 447 581 517 habitum
623 469 928 528 sumens,
966 459 1329 538 parentum
1362 448 1635 518 hortatu
1666 473 1744 519 ac
1779 449 2091 540 suffragii
2118 448 2544 518 adminiculo
2568 449 2811 530 fultus,

261 537 334 605 in
370 537 531 605 aula
578 558 817 626 regum
841 537 1143 626 junioris
1175 536 1468 606 Lotharii
1510 549 1574 607 et
1607 538 2029 617 Theudorici,
2066 538 2517 607 ecclesiastici
2546 538 2818 607 ordinis

260 647 472 694 curae
519 624 914 715 delegatuS,
977 625 1231 694 divinis
1290 626 1608 696 studebat
1655 627 2111 696 attentissime
2158 626 2490 695 inservire
2539 626 2806 707 edictiS,

260 725 532 783 terrena
579 710 893 782 videlicet
940 714 1359 795 transiliens,
1399 727 1602 802 atque
1651 716 1738 784 ad
1788 715 2110 786 coelestia
2161 736 2433 805 semper
2483 714 2807 796 amanda,

259 803 554 894 petenda
600 816 665 872 et
710 804 1101 888 quaerenda
1149 802 1532 893 pervolans,
1573 805 1714 873 Sub
1748 803 1994 873 horum
2029 816 2332 894 tempore
2363 824 2629 903 regum,
2671 803 2809 872 ele-

261 893 489 961 ctione
561 891 755 980 opuli
777 892 1150 961 senonicae
1176 892 1393 971 urbis,
1421 913 1899 979 consensuque
1922 915 2001 962 ac
2025 892 2251 961 favore
2276 913 2615 972 omnium,
2644 914 2814 981 pon-

260 980 424 1051 tifex
471 1002 506 1049 e
539 981 750 1071 igitur
773 993 838 1050 et
871 980 1320 1051 benedicitur.
1376 982 1718 1051 Successit
1765 994 1994 1051 autem
2047 982 2118 1049 in
2159 981 2402 1050 ordine
2449 980 2812 1070 episcopa-

263 1081 376 1138 tus
441 1068 810 1139 venerabili
875 1072 1232 1140 Lamberto
1294 1070 1630 1160 pontifici.
1695 1071 1826 1153 Qui
1901 1081 2300 1161 susceptum
2371 1070 2814 1160 episcopatus

262 1157 559 1249 gradum
609 1158 695 1227 ad
746 1158 1198 1228 imitationem
1249 1159 1560 1248 priorum
1628 1172 2068 1240 sanctorum,
2130 1159 2463 1227 virtutum
2528 1159 2819 1228 ornabat

260 1247 613 1337 operibus.
654 1248 1099 1318 Commissam
1139 1269 1441 1334 namque
1476 1248 1609 1317 sibi
1672 1247 1941 1337 plebem
1995 1259 2060 1317 et
2096 1247 2540 1316 'orationibus
2590 1259 2816 1338 prote-

263 1336 469 1426 gebat
514 1336 839 1415 assiduis,
909 1349 975 1406 et
1020 1335 1487 1406 admonitione
1538 1336 1651 1427 pia
1700 1337 1786 1405 ad
1848 1335 2167 1405 coelestia
2213 1335 2605 1405 anhelanda
2657 1359 2816 1427 pro-

263 1425 570 1493 vocabat.
624 1431 723 1505 Et,
749 1425 934 1511 quod
985 1425 1282 1494 maxime
1330 1425 1641 1495 doctores
1679 1426 1927 1515 juvare
1975 1425 2165 1505 solet,
2212 1447 2292 1494 ea
2338 1446 2514 1511 quae
2548 1424 2818 1526 agenda

265 1513 575 1594 dicebat,
634 1514 780 1604 ipse
830 1514 1024 1603 prius
1082 1514 1352 1604 agendo
1413 1514 2029 1604 praemonstrabat.
2084 1520 2240 1582 Erat
2306 1514 2491 1583 enim
2544 1514 2817 1584 divinae

263 1602 656 1671 dilectionis
702 1603 719 1670 i
780 1625 862 1671 ne
910 1624 1310 1683 succensus,
1346 1604 1712 1693 patientiae
1742 1605 1986 1672 virtute
2018 1603 2392 1684 modestuS‚
2425 1603 2814 1671 orationum

267 1691 613 1760 devotioni
662 1713 735 1761 so
766 1690 1106 1760 ertissime
1155 1691 1482 1773 intentuS‚
1520 1692 1818 1761 affabilis
1876 1691 2201 1761 omnibus
2248 1691 2367 1778 qui
2403 1690 2488 1759 ad
2540 1713 2611 1760 se
2657 1714 2819 1761 con-

269 1778 626 1849 solationis
674 1780 894 1869 gratia
927 1780 1310 1849 veniebant.
1357 1786 1512 1850 Erat
1560 1781 2016 1850 abstinentiae
2042 1780 2489 1871 castigatione
2522 1780 2816 1871 insignis

269 1880 335 1937 et
368 1869 591 1958 gratia
623 1869 1176 1958 compunctionis
1215 1890 1488 1959 semper
1535 1868 1618 1937 ad
1672 1868 1989 1938 coelestia
2038 1892 2443 1960 suspensus.

362 1965 401 2037 ἓ
471 1962 556 2027 2.
610 1956 878 2044 Aliquot
927 1971 1155 2027 autem
1199 1958 1401 2029 annis
1430 1959 1497 2026 in
1526 1958 1922 2048 praesulatu
1956 1957 2478 2037 administrati&
2516 1979 2816 2047 superno

272 2045 561 2115 oraculo
610 2046 676 2113 in
729 2046 881 2115 visu
929 2046 1351 2126 admonium,
1407 2059 1483 2115 ut
1531 2047 1718 2136 genti
1769 2047 2128 2115 Frisonum
2201 2047 2481 2115 verbum
2542 2046 2814 2114 Domini

273 2146 477 2202 antea
525 2132 663 2202 illis
711 2133 1102 2204 inauditum
1152 2135 1666 2224 evangelizaret,
1733 2136 1901 2203 inito
1949 2156 2151 2224 opere
2208 2134 2603 2224 apostolicO,
2660 2156 2816 2225 pro-

272 2223 507 2313 posuit
556 2222 715 2291 ilico
744 2224 977 2293 animo
1025 2223 1346 2314 pluribus
1395 2223 1742 2313 prodesse.
1782 2229 1936 2291 Erat
1983 2236 2210 2291 autem
2264 2246 2342 2292 eo
2391 2236 2693 2313 tempore
2741 2223 2811 2291 in

269 2311 446 2379 urbe
479 2311 1008 2412 Rothomagensi
1039 2334 1215 2398 quae
1262 2326 1328 2381 et
1374 2313 1526 2403 ipsa
1553 2325 1772 2380 mater
1807 2325 1906 2381 est
1936 2312 2310 2393 civitatum,
2400 2311 2624 2381 raesul
2659 2334 2815 2380 san-

273 2399 625 2469 ctissimae
654 2398 1008 2490 religionis
1054 2411 1120 2470 et
1167 2400 1388 2471 Abbas
1424 2401 1818 2470 monasterii
1849 2399 2304 2481 Fontanellae,
2370 2400 2648 2470 amulus
2684 2405 2811 2469 Do-

272 2488 450 2556 mini
496 2491 891 2570 Ansbertus,
944 2503 1007 2559 et
1055 2489 1202 2580 ipse
1251 2489 1537 2560 scientia
1572 2490 1920 2560 literarum
1958 2489 2292 2571 imbutus,
2333 2488 2448 2558 sed
2484 2503 2551 2558 et
2595 2489 2812 2559 eccle-

275 2576 572 2646 siasticis
619 2578 828 2648 simul
876 2591 942 2648 et
988 2573 1590 2650 monasterialibus
1639 2579 2030 2669 disciplinis
2080 2600 2352 2648 summe
2403 2578 2806 2654 instructus,

276 2667 757 2736 monachicum
811 2681 876 2736 et
925 2689 1171 2737 nomen
1223 2690 1507 2738 servans
1550 2681 1614 2737 et
1662 2668 2000 2746 habitum,
2056 2668 2126 2735 in
2181 2667 2528 2757 praedicto
2572 2689 2812 2737 mona-

272 2753 477 2823 sterio
526 2756 897 2826 multorum
998 2769 1142 2825 ater
1185 2769 1421 2827 extans
1469 2757 1995 2825 monachorum.
2041 2761 2239 2824 Hunc
2289 2756 2684 2845 pontificem
2735 2780 2810 2825 a-

267 2842 469 2913 diens
516 2850 760 2914 Beatus
812 2844 933 2913 Vul
972 2867 1254 2927 rannus,
1314 2865 1509 2914 suam
1560 2845 1622 2913 ei
1677 2843 1990 2935 patefecit
2038 2844 2482 2925 voluntatem,
2514 2856 2589 2914 ut
2618 2866 2812 2933 prae-

263 2931 450 3001 dicto
501 2932 780 3023 populo,
823 2933 892 3002 in
946 2935 1243 3003 tenebris
1289 2933 1721 3024 ignorantiae
1776 2932 2064 3024 sedenti,
2122 2935 2407 3003 verbum
2458 2932 2633 3001 vitae
2680 2933 2809 3001 im-

262 3022 577 3090 mortalis
623 3022 1102 3092 annunciaret.
1173 3028 1339 3092 Nam
1407 3034 1474 3092 et
1537 3036 1736 3091 antea
1797 3021 2300 3112 possessionem
2354 3044 2578 3102 suam,
2631 3043 2810 3109 quae

262 3123 547 3179 vocatur
593 3110 1035 3180 Mauriliacus
1081 3132 1255 3196 quae
1313 3111 1442 3180 sita
1498 3111 1716 3180 estin
1778 3109 2116 3179 territorio
2172 3110 2561 3179 vastinensi
2605 3110 2801 3266 (gall.

259 3200 459 3289 Milly
510 3198 610 3268 vel
658 3202 1008 3289 Maur-illes,
1065 3220 1145 3267 en
1184 3201 1554 3283 Gc'ttz‘naz's),
1612 3221 1732 3288 per
1759 3198 2144 3267 testamenti
2179 3199 2422 3267 seriem
2459 3221 2621 3288 prae
2677 3199 2809 3268 icto

263 3309 460 3357 sacro
509 3287 657 3357 loco
703 3299 768 3357 et
816 3288 947 3378 ipsi
996 3299 1231 3357 sancto
1281 3286 1455 3377 patri
1506 3287 2038 3356 contradiderat.
2070 3287 2370 3356 Necdum
2405 3287 2589 3355 enim
2623 3286 2807 3356 idem

259 3375 365 3443 vir
411 3376 522 3445 dei
570 3376 1011 3466 pontificatus
1058 3374 1547 3445 conscenderat
1588 3376 1909 3475 gradum.
1964 3379 2295 3444 Intererat
2336 3376 2407 3443 in
2461 3375 2591 3445 hoc
2640 3397 2805 3445 con-

261 3477 512 3546 ventu,
594 3477 660 3535 et
730 3466 1255 3534 confirmaverat
1300 3485 1458 3534 cum
1535 3462 1694 3533 aliis
1767 3463 2159 3533 illustribus
2226 3464 2393 3532 viris
2449 3463 2579 3532 hoc
2636 3465 2805 3533 scri-

262 3565 461 3643 ptum
495 3564 773 3624 sanctus
831 3553 1267 3633 Erenbertus‚
1311 3553 1678 3644 episcopus
1725 3552 1920 3623 urbis
1980 3550 2258 3622 Tolosae
2305 3564 2371 3621 et
2420 3552 2809 3625 monachus

259 3641 573 3711 e'usdem
622 3642 933 3712 coenobii
982 3641 1546 3723 FontanellensiS,
1607 3642 1813 3732 cujus
1862 3663 2049 3709 nunc
2110 3663 2264 3711 ossa
2321 3662 2516 3710 sacra
2574 3640 2643 3709 in
2697 3664 2809 3711 eo-

308 3753 419 3800 em
453 3730 861 3801 monasterio
909 3731 1236 3801 virtutum
1291 3731 1507 3821 gloria
1536 3730 1822 3831 pollent.
1878 3735 2097 3819 Nepos
2145 3750 2419 3816 quoque
2467 3730 2807 3820 praedicti

259 3818 486 3890 sancti
534 3818 892 3889 vulfranni
941 3820 1312 3911 pontificis,
1366 3841 1643 3888 nomine
1693 3825 1795 3888 Mo
1847 3817 2042 3900 isluS,
2111 3818 2318 3886 aliam
2371 3818 2807 3909 largitionem

255 3907 477 3978 edidit
543 3907 626 3976 de
690 3908 1102 3999 patrimonio
1159 3909 1466 3978 Maniaco
1528 3908 1669 3978 sive
1733 3842 2002 3987 villari,
2070 3907 2255 3992 quod
2318 3918 2419 3976 est
2469 3907 2677 3977 situm
2731 3908 2803 3976 in

258 4018 440 4087 pago
489 3996 940 4066 Meldunensi.
995 3997 1125 4080 Qui
1175 3998 1243 4066 in
1314 3997 1663 4088 praedicto
1727 3995 2142 4066 monasterio
2208 3995 2595 4064 monachus
2643 3996 2807 4064 effe-

259 4098 433 4162 ctus,
474 4097 539 4154 et
579 4085 1013 4243 regularibus
1047 4087 1368 4158 subditus
1407 4084 1824 4176 discipliniS,
1862 4084 2110 4174 spretis
2141 4085 2454 4165 terrenis,
2487 4083 2806 4154 coelestia

263 4195 539 4263 sperare
577 4174 645 4243 di
705 4174 842 4244 icit.

353 4270 390 4342 ἓ
454 4267 544 4333 3.
601 4262 728 4332 Sed
806 4263 915 4333 his
985 4263 1303 4345 omissiS‚
1365 4285 1552 4332 nunc
1616 4262 2132 4343 intimandum,
2209 4261 2505 4349 qualiter
2577 4261 2804 4329 dictus

263 4362 542 4421 sanctus
594 4352 866 4444 praesul
925 4374 1004 4421 ex
1065 4352 1365 4442 praefata
1425 4351 1787 4420 Frisonum
1846 4364 2044 4441 gente
2159 4350 2484 4420 lurimam
2535 4347 2804 4438 praedi-

260 4439 483 4509 cando
529 4441 935 4511 converterit
1000 4451 1261 4532 partem
1311 4439 1395 4510 ad
1454 4440 1824 4510 Christum.
1882 4441 2072 4528 Siqui
2124 4462 2232 4511 em
2282 4440 2366 4509 ad
2417 4436 2801 4530 praefatum
