3327 4999
315 331 563 399 MART.
620 334 704 397 25
993 352 1050 398 s.
1100 349 1329 398 sossrn
1377 350 1679 398 vmommr
1726 350 2147 398 PERMANSlSSE
2619 332 2737 397 46⁴

310 430 478 517 quid
512 452 765 517 quaeso
813 430 942 501 hoc
981 440 1080 501 est
1127 430 1342 511 aliud,
1395 452 1602 518 quam
1655 442 2087 501 sacrosancta
2136 428 2270 499 fide
2310 428 2649 520 despecta,
2687 429 2839 519 ejus

310 519 661 609 perpetuis
716 520 1030 591 hostibus
1076 519 1502 589 adhaerere?
1548 525 1759 590 Natus
1805 532 1908 590 est
1947 519 2204 599 Simon,
2257 519 2340 586 de
2385 540 2521 605 quo
2568 517 2841 608 egimus

316 613 359 675 6
408 607 681 676 Calend.
738 608 1150 687 DecembriS,
1209 629 1392 676 anno
1438 630 1479 676 a
1542 620 1743 698 partu
1789 607 2089 697 Virginis
2141 606 2489 677 salutifero
2536 612 2673 681 72⁰.
2726 628 2843 674 su-

312 717 446 786 pra
492 696 850 766 millenum
903 710 1145 783 quater
1192 709 1583 777 centenum,
1629 718 1709 765 ex
1761 696 2021 766 Andrea
2071 707 2137 765 et
2191 696 2400 764 Maria
2447 695 2845 785 parentibus

316 786 807 874 pauperrimis,
868 789 940 853 D.
993 791 1256 854 Joanne
1305 785 1743 854 Hinderbach
1790 784 2410 881 quarto„pontifice
2455 797 2521 852 et
2565 784 2845 853 domino

315 873 718 943 Tridentino
748 875 1129 964 imperante
1175 873 1479 943 feliciter.
1525 875 1622 943 Ob
1651 895 1861 961 quam
1901 895 2042 941 rem
2071 873 2318 942 Judaei
2364 893 2602 941 omnes
2632 894 2672 941 a
2698 895 2844 940 ma-

310 962 462 1050 jore
501 985 719 1050 usque
766 963 846 1031 ad
906 964 1260 1044 minorem,
1300 963 1369 1031 in
1419 963 1811 1032 carceribus
1858 964 2250 1048 catenisque
2296 960 2604 1030 conclusi
2652 970 2837 1040 sunt,

311 1072 449 1120 non
489 1050 651 1120 inde
701 1053 1040 1123 recessuri
1097 1050 1313 1141 priuS,
1367 1073 1576 1139 quam
1624 1050 1888 1120 debitas
1927 1072 2176 1141 poenas
2225 1050 2420 1119 luant
2453 1048 2577 1138 (a).

1434 1268 1728 1349 QUOD

817 1475 899 1575 S.
967 1472 1339 1577 JOSEPH
1410 1476 1505 1578 B.
1572 1475 1668 1574 v.
1747 1474 2136 1575 influa
2199 1474 2351 1574 sp,

1028 1694 1353 1775 VIRGO
1406 1626 2150 1775 PERMANSERIT

427 1929 715 1978 ALOISIUS
766 1928 1119 1977 LIPOMANUS
1167 1928 1362 1976 EPISC.
1417 1928 1836 1988 VERONENSIS,
1892 1926 2161 1976 CAanno
2210 1927 2439 1983 PlOQUE
2489 1928 2744 1977 LECTORI

416 2106 453 2190 ξ
513 2110 591 2176 1.
647 2102 1053 2189 Priusquam
1104 2101 1186 2171 ad
1231 2102 1417 2171 hunc
1463 2101 1580 2188 qui
1631 2096 1982 2188 sequitur,
2038 2101 2183 2170 Divi
2228 2102 2515 2173 Joannis
2563 2103 2853 2191 Chryso·-

334 2192 536 2262 stomi
584 2214 964 2261 sermonem
1001 2190 1365 2281 legendum
1403 2190 1712 2271 accedas,
1766 2190 2061 2280 benigne
2109 2195 2362 2273 Lector,
2415 2202 2515 2259 est
2560 2190 2741 2278 quod
2793 2202 2855 2260 te

331 2280 841 2368 aliquantulum
877 2280 1239 2359 detineam,
1277 2292 1697 2365 cautumque
1733 2278 2038 2347 reddam.
2075 2279 2348 2348 Videbis
2380 2302 2679 2367 namque
2708 2303 2855 2348 ma·
2908 2354 2911 2363 ,

333 2391 548 2460 gnum
585 2370 1136 2458 Chrysostomum
1189 2367 1495 2437 e'usdem
1532 2366 1641 2436 hic
1689 2388 1835 2437 esse
1884 2368 2278 2448 sententiae,
2314 2369 2516 2459 cujus
2562 2381 2626 2438 et
2675 2369 2745 2437 in
2777 2369 2856 2438 li-

320 2458 447 2529 bro
504 2457 588 2527 de
655 2457 918 2527 excidio
985 2390 1555 2545 Jerosolymitano
1610 2457 2036 2556 EgesippuS,
2099 2469 2164 2527 et
2234 2457 2568 2529 Eusebius
2617 2462 2857 2528 Caesa-

327 2549 587 2617 reensis
628 2547 803 2616 libro
842 2571 911 2626 11,
940 2569 1091 2637 cap.
1120 2570 1164 2628 1,
1200 2545 1711 2616 Ecclesiasticae
1762 2545 2119 2627 Historiae,
2174 2547 2510 2633 multique
2543 2570 2623 2616 ex
2654 2552 2859 2616 Grac-

329 2635 429 2705 cis
476 2637 787 2725 patribus
833 2635 1045 2704 fuisse
1084 2634 1441 2725 leguntur:
1496 2655 1741 2724 nempe
1775 2634 2252 2704 beatissimum
2286 2634 2541 2726 Joseph
2574 2637 2861 2706 sanctis-

325 2724 537 2794 simae
586 2725 912 2813 Deiparae
958 2746 1322 2814 sponsum,
1379 2723 1556 2792 filios
1606 2745 1686 2792 ex
1734 2723 1868 2791 alia
1901 2745 2106 2791 uxore
2154 2725 2560 2815 suscepisse,
2590 2737 2656 2794 et
2681 2723 2860 2794 inter

322 2827 624 2883 caeteros
669 2814 1000 2882 Jacobum
1056 2812 1446 2901 Apostolum
1489 2867 1504 2892 ,
1568 2824 2022 2912 cognomento
2088 2811 2364 2882 fratrem
2420 2814 2712 2882 Domini.
2768 2817 2862 2884 Ea

322 2924 482 2972 vero
529 2901 777 2971 deinde
820 2900 1197 2990 repudiata,
1251 2923 1397 2979 seu,
1453 2912 1526 2970 ut
1558 2900 1680 2969 alii
1728 2900 1987 2981 volunt,
2047 2906 2504 2990 praemortua,
2538 2903 2607 2970 in
2656 2903 2863 2972 casti-

323 3002 457 3060 tate
504 2991 771 3071 vixisse,
824 3003 889 3059 et
936 2990 1184 3058 liberos
1236 2988 1303 3057 in
1353 2989 1724 3079 disciplina
1770 3002 1837 3058 et
1885 2989 2127 3059 timore
2179 2991 2450 3060 Domini
2497 2991 2852 3061 educasse.

324 3080 548 3170 Hujus
592 3079 797 3148 etiam
844 3079 1188 3168 opinionis
1239 3077 1449 3149 fuisse
1496 3079 1812 3149 videmus
1863 3078 2105 3147 Divum
2158 3079 2503 3150 Hilarium
2555 3081 2857 3151 Pictavo-

325 3190 484 3237 rum
533 3168 970 3258 Episcopum,
1026 3189 1232 3256 super
1280 3166 1689 3236 Matthaeum
1739 3166 1962 3256 capite
2011 3167 2259 3257 prim0,
2318 3181 2383 3238 et
2413 3169 2656 3238 Divum
2705 3174 2861 3238 Am·-

326 3255 638 3326 brosium
692 3255 1259 3324 Mediolanensem
1323 3256 1728 3336 Antistitem,
1783 3277 1991 3344 super
2039 3257 2406 3346 Epistolam
2456 3258 2542 3327 ad
2593 3258 2863 3328 Galatas

331 3345 553 3435 capite
604 3345 848 3435 primo.
902 3344 1458 3430 Chrysostomum
1488 3365 1760 3430 quoque
1809 3356 2087 3413 secutus
2133 3357 2233 3415 est
2280 3347 2688 3437 compilator
2715 3347 2864 3437 ejus

331 3434 511 3502 Theo
564 3433 880 3522 hylactus
928 3432 1283 3523 Bulgariae
1336 3433 1932 3521 Archiepiscopus‚
1985 3432 2106 3518 qui
2168 3434 2484 3503 eumdem
2534 3436 2869 3506 Jacobum

332 3533 398 3591 et
443 3544 514 3591 re
547 3523 744 3608 iquos
791 3520 1071 3602 fratreS,
1135 3520 1314 3591 filios
1361 3521 1604 3591 asserit
1658 3520 1873 3590 fuisse
1929 3522 2220 3611 Joseph:
2273 3521 2393 3590 sed
2441 3523 2575 3593 alio
2633 3524 2858 3605 mod0,

331 3632 543 3698 quam
574 3611 1095 3680 Ghrvsostomus
1133 3612 1463 3678 autumet.
1519 3609 1728 3700 Cujus
1776 3608 2000 3688 verba,
2055 3621 2132 3677 ut
2185 3610 2433 3680 melius
2483 3634 2590 3682 res
2645 3612 2865 3702 perci-

335 3699 587 3789 piatur,
623 3681 1044 3768 subnectam.
1089 3698 1189 3767 Ait
1236 3698 1419 3766 enim
1471 3697 1529 3766 is
1578 3719 1787 3787 super
1835 3697 2250 3767 Matthaeum
2277 3699 2498 3789 capite
2522 3724 2664 3771 xm.
2704 3707 2864 3770 Fra-

336 3800 473 3858 tres
520 3788 761 3857 habuit
811 3786 1163 3867 DominuS,
1217 3798 1283 3856 et
1330 3807 1617 3868 sororeS,
1671 3786 1925 3876 Joseph
1991 3784 2214 3867 filios,
2286 3809 2458 3873 quos
2504 3790 2742 3880 genuit
2786 3812 2867 3860 ex

333 3896 544 3945 uxore
589 3876 817 3945 fratris
866 3876 971 3946 sui
1024 3875 1287 3967 Clopae.
1344 3881 1602 3945 Mortuo
1655 3874 1844 3944 enim
1893 3874 2156 3960 absque
2204 3874 2438 3947 liberis
2485 3878 2711 3969 Clopa,
2748 3885 2867 3948 Jo-

336 3965 529 4055 seph,
575 3965 769 4052 juxta
819 3965 1073 4055 legem,
1126 3986 1410 4034 uxorem
1473 3965 1623 4033 e'us
1680 3963 1984 4052 accepit,
2053 3975 2117 4030 et
2178 3986 2426 4052 pueros
2488 3968 2869 4056 procreavit

335 4074 477 4134 sex,
512 4066 808 4141 quatuor
857 4075 1109 4135 mares,
1164 4066 1229 4123 et
1274 4052 1448 4122 duas
1522 4051 1870 4123 oeminas:
1926 4051 2230 4134 Mariam,
2282 4075 2458 4140 quae
2513 4055 2869 4126 dicebatur

385 4175 449 4224 (a)
480 4177 674 4226 Egi-egio
693 4187 832 4225 opere
853 4177 1105 4217 excitatum
1124 4185 1437 4217 marmoreum
1459 4175 1778 4216 mausolaeum
1798 4177 2038 4216 condendo
2061 4176 2322 4216 beatissimi
2350 4177 2548 4218 Infantis
2571 4179 2870 4228 corpusculo,

333 4232 460 4281 quod
479 4232 755 4279 spectatoris
776 4233 933 4270 tamen
952 4231 1102 4270 oculis
1125 4233 1267 4278 patet,
1286 4230 1613 4278 incorruptum
1632 4230 1853 4269 «Iudaicae
1883 4230 2174 4270 crudelitatis
2205 4234 2572 4277 monumentum.
2599 4235 2733 4282 signs
2759 4232 2869 4271 reti-

334 4295 451 4324 nens
470 4284 731 4324 dirissimae
752 4285 881 4323 neeis
929 4285 1116 4323 Cultum
1136 4285 1180 4323 S.
1201 4283 1352 4328 Pueri,
1370 4284 1419 4322 in
1443 4284 1616 4322 Christi
1637 4283 1796 4323 odium
1818 4285 1954 4328 caesi,
1973 4285 2178 4333 primum
2206 4285 2481 4324 Tridentino
2507 4287 2719 4325 Ecclesia
2747 4285 2868 4331 tulit,

331 4338 504 4378 divinis
524 4341 732 4386 permoto.
749 4339 1005 4378 miraculis.
1039 4340 1153 4377 Eum
1182 4337 1330 4376 sacris
1358 4337 1618 4384 Martyrum
1650 4337 1784 4376 fastis
1820 4337 2023 4378 adscribi
2051 4338 2199 4386 jussu
2228 4338 2481 4387 Gregorius
2515 4339 2642 4380 XIII:
2673 4339 2868 4378 Festum

331 4392 539 4431 solemne
560 4394 791 4432 concessit
810 4394 969 4432 sixtus
993 4392 1041 4431 V.
1071 4391 1440 4440 Religiosissime
1462 4392 1508 4428 et
1533 4400 1557 4429 a
1578 4391 1760 4430 civibus
1790 4389 1975 4438 colitur,
2004 4392 2051 4431 et
2082 4392 2140 4432 ab
2172 4393 2378 4433 externis
2407 4392 2632 4433 invisitur
2667 4402 2751 4441 per
2782 4392 2869 4433 illa

331 4444 495 4486 Italiae
514 4446 879 4495 Germaniaeque
898 4445 1099 4485 confinis
1125 4445 1250 4485 ultro
1266 4444 1478 4493 citroque
1496 4445 1880 4485 commeantibus.
