3327 4999
744 345 870 410 722
1296 299 1305 320 f
1541 362 1618 408 nn
1667 361 1721 410 s.
1775 357 2002 409 Ammo·
2044 339 2292 408 droun-A
2705 343 2808 408 Ex
2857 343 3040 410 NOV.
3095 345 3182 411 26

653 469 730 517 ex
778 447 1181 538 praeceptiS‚
1234 445 1519 538 implere
1566 445 1649 516 ad
1704 446 2192 537 perficiendam
2244 446 2586 537 pietatem.
2643 446 2930 535 Reliqua
2989 448 3182 518 enim

650 537 940 608 servavit
1007 537 1093 606 ab
1140 536 1291 637 ipsa
1345 536 1726 626 juventute.
1795 535 2109 607 Protinus
2156 557 2315 627 ergo
2366 533 2539 604 nihil
2590 548 2990 617 cunctatus,
3067 560 3178 607 res

649 648 888 698 omnes
935 625 1178 695 mundi
1216 625 1427 714 jussit
1474 624 1719 695 valere:
1774 646 1908 693 non
1973 625 2210 703 tristis,
2287 622 2632 711 quomodo
2704 646 2926 716 nuper
2987 626 3183 696 dives

648 717 768 816 qui
816 739 856 785 a
904 715 1187 784 Domino
1235 713 1566 795 audierat,
1619 728 1695 784 ut
1743 736 1868 784 sua
1903 713 2218 814 vendere-t
2263 727 2327 788 et
2372 713 2563 783 daret
2603 715 3053 805 pauperibus,
3105 729 3182 786 ut

648 818 822 875 vitae
860 817 1170 874 aeternae
1217 817 1750 890 consequeretur
1785 816 2428 873 remunerationem.

738 895 775 980 ξ
820 897 906 966 5.
960 897 1126 962 Cum
1176 892 1393 962 solam
1424 902 1648 962 autem
1688 904 1969 962 matrem
2005 890 2272 962 fecisset
2319 893 2666 964 consciam
2711 893 2820 963 sui
2869 894 3175 974 consilii,

650 980 855 1069 idque
904 993 1176 1072 propter
1243 981 1393 1071 ejus
1444 1002 1723 1072 precum
1775 980 2219 1061 desiderium,
2272 980 2356 1049 ad
2408 983 2785 1063 Orientem,
2832 982 3086 1070 inquit,
3140 1007 3180 1054 o

650 1083 886 1151 mater,
941 1092 1049 1140 me
1096 1069 1438 1160 proficisci
1504 1069 1917 1160 cupientem,
1992 1070 2125 1139 tuis
2174 1090 2282 1139 me
2333 1071 2649 1160 precibus
2709 1073 3172 1162 prosequere:

647 1181 783 1247 quo
833 1159 902 1228 in
951 1159 1099 1230 loco
1147 1158 1349 1229 multi
1372 1158 1670 1246 quietem
1717 1158 2037 1249 amplexi,
2078 1157 2359 1228 feliciter
2391 1160 2723 1230 vixerunt.
2759 1158 2890 1230 Illa
2937 1173 3172 1232 autem

698 1249 961 1319 rotinus
1010 1248 1166 1318 tulit
1204 1270 1402 1339 opem
1454 1247 1798 1338 proposito
1848 1247 1952 1318 sui
2016 1247 2164 1327 filii,
2222 1259 2657 1336 nequaquam
2717 1249 2958 1319 affecta
3019 1273 3176 1320 mu-

650 1271 969 1418 iiebriter,
1021 1350 1097 1407 ut
1146 1337 1400 1407 multae
1462 1337 1722 1418 solent,
1774 1358 1951 1423 quae
1990 1337 2156 1406 lorte
2208 1337 2604 1408 viduitatem
2649 1349 3054 1429 praetexunt
3112 1353 3172 1409 et

650 1426 1114 1507 solitudinem,
1150 1437 1216 1496 et
1246 1425 1427 1513 quod
1479 1425 1652 1495 ferre
1701 1448 1836 1495 non
1899 1438 2226 1515 possunt,
2282 1426 2509 1496 videre
2559 1450 2598 1497 a
2645 1449 2717 1498 se
2763 1426 2886 1496 diu
2933 1430 3168 1499 abesse

644 1538 725 1584 ea
770 1538 946 1602 quae
993 1528 1155 1585 sunt
1201 1515 1333 1585 sibi
1380 1515 1812 1585 charissima.
1865 1514 2044 1584 Nihil
2095 1514 2339 1585 horum
2374 1514 2544 1586 dixit
2590 1538 2664 1586 sa
2720 1515 2867 1586 iens
2918 1517 3164 1586 mulier

645 1604 729 1673 ad
781 1604 998 1674 filium
1050 1604 1564 1674 retardandum:
1621 1603 1736 1673 sed
1793 1603 2113 1676 manibus
2161 1603 2231 1672 in
2279 1604 2546 1674 coelum
2590 1627 2672 1674 su
2726 1604 2904 1684 latis,
2960 1618 3168 1676 tota-m

645 1716 838 1763 suam
892 1706 1187 1763 mentem
1237 1692 1508 1783 collegit
1554 1691 1638 1762 ad
1690 1693 2090 1772 orationem,
2146 1714 2304 1762 cum
2342 1694 2446 1763 his
2495 1694 2720 1764 verbis
2768 1693 3172 1764 confirmas-

646 1795 744 1852 set
776 1787 881 1852 sui
932 1782 1321 1852 charissimi
1365 1781 1816 1873 propositum:
1869 1782 2014 1863 Abi,
2069 1780 2207 1863 fili,
2260 1781 2537 1864 dicens,
2589 1783 2917 1872 quoniam
2952 1794 3016 1853 te
3061 1783 3171 1852 di-

645 1871 813 1942 rexit
858 1872 1134 1942 divinus
1182 1871 1439 1963 gratiae
1486 1870 1795 1962 spiritus
1851 1875 2018 1941 Ecce
2067 1875 2267 1953 Deu5‚
2321 1895 2360 1940 o
2410 1871 2530 1952 fili,
2572 1892 2709 1959 quo
2759 1872 3057 1942 vivimus
3104 1885 3164 1942 et

643 1961 758 2032 cui
807 1972 868 2030 te
904 1960 1334 2043 commendo,
1372 1959 1520 2051 ipse
1569 1959 1786 2030 mittet
1819 1961 2076 2030 bonum
2126 1981 2332 2030 suum
2363 1960 2686 2051 angelum
2734 1972 2889 2030 ante
2921 1959 3159 2031 faciem

644 2063 858 2132 tuam:
908 2062 973 2119 et
1012 2060 1073 2120 te
1118 2048 1430 2130 deducet,
1486 2062 1562 2120 ut
1610 2048 1774 2130 vult,
1827 2060 1891 2118 et
1930 2070 2067 2137 quo
2116 2048 2282 2130 vult,
2350 2071 2675 2140 prospero
2720 2049 2966 2120 itinere
3013 2072 3163 2141 per-

689 2151 913 2208 entem
950 2139 1018 2207 in
1066 2138 1392 2208 omnibus
1422 2153 1489 2208 et
1534 2137 1915 2229 placentem
1963 2137 2219 2228 gloriae
2267 2138 2639 2228 majestatis
2696 2160 2884 2208 suae:
2936 2152 3004 2208 et
3050 2139 3163 2208 da·

697 2228 745 2298 it
791 2227 914 2297 tibi
961 2227 1249 2319 gratiam
1285 2227 1353 2296 in
1391 2228 1593 2297 verbo
1640 2240 1707 2297 et
1750 2250 1790 2297 o
1842 2249 1975 2307 ere,
2019 2238 2083 2296 et
2131 2239 2194 2296 te
2226 2228 2521 2298 servabit
2552 2228 2621 2296 in
2672 2227 2864 2297 omni
2910 2228 3021 2296 via
3063 2250 3162 2297 re-

641 2331 771 2398 cta,
823 2328 899 2386 ut
944 2317 1164 2386 mittat
1212 2316 1329 2385 tibi
1381 2315 1716 2386 auxilium
1814 2338 1851 2384 e
1899 2329 2133 2386 sancto
2165 2326 2229 2385 et
2277 2315 2359 2385 de
2394 2315 2550 2386 Sion
2589 2328 2862 2387 tueatur
2923 2328 3007 2385 te.
3055 2322 3166 2386 In-

600 2405 803 2476 »duet
857 2417 918 2476 te
966 2404 1173 2475 lorica
1210 2405 1519 2494 justitiae
1565 2417 1644 2486 etv
1676 2405 1980 2495 imponet
2026 2404 2148 2474 tibi
2197 2404 2460 2495 galeam
2513 2405 2779 2476 salutis.
2843 2405 3039 2475 Dabit
3087 2416 3156 2475 ut

641 2517 869 2565 semen
919 2506 1075 2565 tuae
1143 2493 1558 2586 operationis
1629 2493 1828 2565 cadat
1876 2494 1943 2563 in
2022 2494 2271 2564 bonam
2317 2507 2572 2564 terram
2619 2505 2685 2566 et
2723 2505 2799 2564 ut
2845 2494 3162 2565 comedas

640 2583 904 2654 labores
949 2576 1302 2655 sructuu‘in
1360 2597 1658 2654 tuorum.
1716 2585 1813 2653 Sit
1866 2584 2001 2654 vita
2058 2594 2175 2654 tua
2237 2594 2582 2676 tamquam
2637 2587 2923 2674 liynum,
3033 2585 3164 2656 uod

632 2678 1018 2766 plantatum
1065 2684 1158 2744 est
1204 2697 1388 2743 secus
1435 2675 1751 2743 decursus
1797 2688 2155 2765 aquarum,
2194 2674 2370 2763 quod
2395 2677 2695 2762 fructum
2722 2696 2921 2743 suum
3107 2677 3158 2742 it

638 2767 707 2834 z‘n
753 2776 1040 2855 tempore
1085 2786 1202 2832 suo
1247 2773 1307 2833 ec
1353 2765 1593 2851 foliam
1632 2764 1775 2851 ejus
1839 2786 1968 2833 non
2028 2762 2269 2852 defluet
2296 2762 2432 2851 (Pa.
2498 2762 2588 2851 l).
2643 2768 2972 2852 Acceptae
3021 2761 3156 2832 sint

638 2875 870 2943 preces
904 2866 1060 2924 tuae
1103 2873 1334 2922 coram
1366 2856 1497 2920 Deo
1530 2850 1613 2920 ad
1672 2850 1964 2921 salutem
2015 2850 2412 2921 multorum.
2468 2851 2923 2941 Resplendeat
2988 2863 3157 2921 tam-

634 2963 843 3029 quam
910 2939 1227 3011 meridies
1306 2939 1563 3010 'ustitia
1608 2961 1895 3028 operum
1973 2952 2270 3009 tuorum.
2353 2939 2627 3009 Videam
2680 2953 2743 3010 te
2802 2952 3153 3028 tamquam

636 3029 1024 3100 Luciferum
1071 2961 1429 3119 splenciide
1492 3027 1862 3107 orientem,
1919 3041 2272 3118 propterea
2335 3028 2517 3115 quod
2572 3029 2730 3119 plus
2776 3051 2987 3116 quam
3038 3051 3163 3119 pa·

635 3131 879 3198 rentes,
935 3129 1132 3186 tuum
1165 3116 1461 3187 dilexisti
1509 3116 1900 3186 Dominum.
1957 3124 2122 3186 Cum
2173 3117 2399 3204 itaque
2441 3130 2590 3207 post
2635 3117 3008 3187 orationem
3063 3117 3164 3187 ir—

637 3206 884 3277 ruisset
918 3206 1103 3275 filius
1150 3206 1216 3273 in
1251 3205 1503 3275 collum
1542 3205 1779 3274 matris
1827 3217 1891 3274 et
1919 3219 2133 3274 mater
2180 3207 2249 3273 in
2284 3205 2537 3275 collum
2571 3205 2721 3286 tilii,
2778 3207 3164 3277 flevissent·

633 3316 766 3383 que
811 3306 876 3365 et
921 3316 992 3363 se
1045 3293 1333 3364 invicem
1408 3305 1634 3364 essent
1704 3294 2001 3384 amplexi
2048 3306 2112 3364 et
2159 3293 2532 3365 deosculati
2564 3351 2579 3376 ,
2635 3294 2782 3364 vale
2829 3295 3159 3365 dixerunt

635 3383 1131 3455 miserabiliter.
1197 3389 1405 3471 Atque
1460 3384 1695 3474 justus
1732 3382 2010 3470 quidem
2059 3406 2216 3454 cum
2279 3405 2511 3473 preces
2588 3396 2932 3456 maternas
2980 3397 3162 3454 esset

633 3484 1022 3556 assecutuS,
1096 3485 1408 3564 prompto
1456 3484 1519 3542 et
1566 3473 1778 3542 alacri
1849 3472 2080 3542 animo
2130 3473 2304 3541 viam
2370 3472 2680 3543 confecit:
2735 3473 2855 3543 illa
2926 3486 3157 3544 autem

633 3586 876 3633 rursus
906 3584 1064 3633 cum
1110 3562 1337 3650 quiete
1384 3574 1447 3633 et
1496 3561 1766 3632 silentio
1815 3562 2097 3632 domum
2151 3561 2374 3631 rediit.

721 3655 757 3741 ξ
805 3658 897 3729 θ,
953 3657 1114 3721 Cum
1166 3662 1392 3721 autem
1445 3650 1684 3721 multis
1733 3663 1882 3741 post
1943 3650 2185 3721 diebus
2253 3650 2438 3741 vulgi
2487 3673 2801 3722 sermone
2861 3651 3169 3722 celebra-

637 3753 778 3810 tum
829 3755 1005 3812 esset
1036 3740 1217 3829 quod
1259 3740 1517 3810 factum
1551 3739 1793 3822 fuerat,
1847 3762 2086 3809 omnes
2132 3738 2411 3827 quidem
2478 3739 2542 3807 in
2593 3733 2971 3810 minis‘terio
3020 3741 3166 3811 col-

636 3829 824 3919 legae
870 3842 934 3898 et
981 3851 1220 3899 omnes
1268 3828 1449 3898 cives
1497 3828 1685 3899 fuere
1736 3828 1980 3911 tristeS,
2035 3851 2171 3899 non
2221 3827 2511 3899 ferentes
2577 3829 2880 3899 hominis
2934 3830 3166 3920 priva-

634 3919 912 3988 tionem.
969 3918 1455 3990 Sanctis‘simus
1505 3931 1734 3989 autem
1792 3918 2084 3988 Antistes
2137 3917 2427 3988 civitatis
2476 3940 2561 3986 ne
2609 3918 2710 3987 vel
2761 3918 2830 3987 id
2876 3918 3163 4005 quidem

635 4007 874 4077 audire
924 4007 1272 4077 sustinuit:
1328 4007 1440 4077 sed
1487 4020 1693 4088 recta,
1740 4029 1989 4098 magna
2020 4006 2381 4088 celeritate,
2422 4020 2740 4078 sanctum
2785 4018 2887 4078 est
2927 4029 3165 4098 perse·

632 4109 856 4177 cutuS‚
910 4095 1274 4188 diligenter
1323 4118 1660 4184 quaerens
1708 4108 1774 4166 et
1819 4096 2259 4187 investigans,
2315 4095 2600 4165 ubinam
2681 4095 3053 4165 mansisset
3099 4109 3165 4165 et

632 4206 933 4273 quanam
982 4197 1046 4255 et
1090 4185 1367 4272 quando
1416 4184 1842 4257 transiisset:
1895 4197 1959 4255 et
2009 4185 2252 4255 licebat
2304 4183 2530 4253 videre
2593 4184 2942 4253 hominem
2995 4206 3165 4275 prae

635 4274 851 4343 animi
899 4272 1329 4365 aegritudine
1383 4286 1733 4362 tamquam
1787 4295 2059 4344 vaccam
2111 4272 2565 4363 mugientem,
2617 4273 2895 4359 quando
2948 4296 3160 4343 suum

631 4363 898 4451 quaerit
961 4361 1234 4454 pullum
1297 4363 1419 4451 qui
1481 4363 1843 4434 aberravit.
1904 4368 2034 4432 Deo
2101 4383 2255 4433 vero
2315 4360 2750 4452 praevidente
2812 4360 3102 4432 meliora
3134 4416 3156 4443 ,

630 4473 787 4524 eum
829 4451 1218 4543 assequitur
1262 4450 1635 4535 EuchaitiS,
1675 4474 1832 4523 cum
1883 4450 2341 4523 celebraretur
2377 4450 2523 4521 dies
2560 4448 2775 4523 festus
2821 4449 3163 4522 Theodori
