3327 4999
212 327 464 393 MART.
522 327 603 389 18
873 344 952 389 nn
1000 344 1056 389 s.
1108 342 1400 390 EnUARno
1448 340 1611 391 REGE
1656 345 1735 393 ΕΤ
1780 345 2068 393 naariam
2547 328 2662 393 35⁴

212 451 553 523 pauperes
580 426 932 498 beneficiis
966 426 1207 508 fovere,
1249 427 1471 498 nudos
1503 442 1749 519 tegere,
1790 429 1859 498 in
1895 429 2214 499 maximis
2255 430 2470 501 lucris
2500 452 2753 519 ponere
2828 447 2832 451 ’

216 517 549 608 quicquid
619 517 690 585 in
747 516 1033 588 miseros
1081 516 1504 588 contulisset.
1572 524 1817 609 Magna
1865 530 2029 588 tunc
2077 519 2261 608 apud
2320 519 2570 609 Anglos
2622 519 2761 588 lae-

214 608 407 687 titia,
495 607 906 676 inconcussa
970 628 1098 696 pax
1152 617 1216 675 et
1282 606 1790 693 tranquillitaS,
1847 607 2063 677 multa
2113 630 2342 677 rerum
2410 607 2765 697 opulentia

214 697 572 768 existebat.
617 695 952 763 videbant
980 696 1166 763 enim
1216 716 1442 785 regem
1480 718 1686 765 suum
1733 696 1802 763 in
1856 709 2079 765 tenera
2131 696 2359 766 adhuc
2406 710 2622 766 aetate
2657 710 2758 765 ta·-

212 786 409 857 libus
457 784 706 854 studiis
754 783 1108 853 deditum:
1156 794 1301 852 tum
1360 806 1634 871 quoque
1681 785 1952 855 cunctis
2013 785 2355 854 affabilem
2389 840 2404 866 ,
2457 785 2766 854 castitate

214 873 705 973 venerabilem,
763 871 935 942 facie
973 871 1369 962 jucundum
1420 886 1485 943 et
1540 874 1893 954 decorum,
1946 873 2234 944 consilio
2281 886 2346 943 et
2393 874 2763 965 prudentia

210 963 823 1055 spectaussimum.

303 1054 341 1140 ἓ
404 1056 498 1123 3.
552 1050 1023 1137 Torquebatur
1084 1050 1357 1118 interim
1417 1051 1673 1120 invidia
1744 1050 2025 1120 coluber
2093 1062 2438 1122 tortuosus
2473 1107 2489 1132 ,
2559 1051 2767 1121 totius

209 1140 382 1211 boni
421 1140 763 1219 aemulus,
817 1139 1103 1229 ejusque
1151 1138 1381 1208 felices
1427 1154 1715 1209 conatus
1762 1153 1827 1208 et
1872 1141 2268 1209 communia
2305 1141 2499 1230 regni
2549 1141 2760 1210 totius

263 1229 475 1299 audia
524 1227 982 1299 interturbare
1022 1227 1244 1297 modis
1294 1230 1619 1299 omnibus
1668 1228 2130 1298 annitebatur.
2169 1235 2403 1315 Itaque
2448 1229 2606 1298 odio
2655 1229 2767 1297 in-

213 1254 532 1388 flammat
571 1317 882 1386 animum
935 1339 1262 1386 novercae
1288 1317 1437 1407 ejus
1469 1317 1763 1387 Elfridae
1787 1340 1963 1404 quae
1989 1340 2188 1408 aegre
2224 1318 2478 1388 ferebat
2507 1319 2768 1387 Eduar-

216 1409 391 1478 dum
441 1428 568 1477 suo
618 1404 761 1474 silio
811 1405 1167 1475 Ethelredo
1215 1405 1618 1475 antelatum.
1685 1407 2109 1476 Convertitur
2153 1408 2428 1477 interim
2475 1407 2564 1485 ,ad
2623 1407 2765 1476 cal-

214 1496 364 1566 lida
411 1493 703 1564 consilia
749 1495 1001 1564 mulier
1046 1495 1489 1577 detestabiliS,
1543 1506 1608 1564 et
1671 1495 1943 1564 tandein
2007 1495 2188 1582 quod
2241 1496 2473 1565 animo
2521 1517 2761 1565 secum

217 1586 346 1655 diu
394 1593 737 1661 tractarat,
798 1583 1215 1669 quibusdam
1278 1584 1422 1654 suis
1469 1584 1907 1664 consiliariis,
1961 1598 2025 1654 et
2091 1586 2285 1675 regni
2333 1585 2758 1675 primoribus

214 1674 521 1765 exponit,
577 1673 1223 1760 communicatoque
1288 1695 1447 1742 cum
1498 1672 1636 1743 illis
1683 1674 1994 1754 consili0‚
2049 1689 2197 1744 orat
2244 1686 2309 1743 et
2355 1674 2754 1753 obtestatur,

211 1775 293 1834 ut
344 1763 477 1853 ipsi
526 1761 818 1840 faveant,
854 1762 1287 1851 cogitentque
1337 1763 1538 1842 viam,
1576 1785 1711 1849 qua
1763 1762 2160 1832 Eduardum
2206 1763 2396 1853 regni
2439 1763 2765 1833 sedede-

215 1851 517 1927 turbare,
562 1872 909 1936 suumque
958 1849 1178 1919 filium
1229 1850 1666 1920 Ethelredum
1704 1851 1771 1919 in
1804 1851 1954 1942 ejus
1986 1850 2211 1920 locum
2251 1852 2564 1921 sufficere
2601 1874 2758 1941 pos-

216 1940 382 2010 sint.
434 1939 541 2007 Illi
593 1961 747 2007 vero
795 1940 865 2007 in
916 1938 1216 2008 Eduardi
1269 1961 1501 2009 necem
1551 1940 1806 2030 pariter
1852 1939 2275 2027 conspirant,
2329 1942 2617 2031 ejusque
2653 1962 2762 2008 ce-

222 2027 452 2096 leriter
498 2027 594 2095 illi
652 2028 1037 2096 afferendae
1106 2028 1464 2098 machinas
1528 2029 1937 2117 excogitant.
2003 2030 2164 2097 Jam
2234 2042 2367 2098 tres
2426 2050 2646 2097 annos
2694 2039 2760 2097 et

222 2137 498 2184 menses
556 2128 704 2185 octo
752 2116 1114 2186 Eduardus
1162 2138 1372 2206 regno
1422 2117 1679 2206 potitus
1725 2129 1890 2197 erat,
1954 2130 2018 2185 et
2064 2139 2221 2186 ecce
2285 2118 2395 2186 die
2458 2117 2760 2203 quodam

224 2226 385 2274 cum
438 2205 726 2274 canibus
771 2216 835 2273 et
882 2205 1231 2291 equitibus
1288 2205 1357 2273 in
1408 2204 1697 2294 sylvam,
1734 2206 1847 2275 cui
1898 2205 2057 2274 villa
2103 2206 2415 2275 Werham
2466 2206 2755 2295 adjacet,

219 2293 604 2362 venationis
659 2298 869 2363 causa
936 2294 1418 2384 proficiscitur.
1472 2300 1624 2363 Erat
1690 2294 1756 2361 id
1831 2294 2156 2384 temporis
2220 2318 2299 2364 ea
2348 2294 2536 2383 sylva
2589 2296 2763 2364 bene

215 2381 529 2473 grandis,
573 2383 841 2453 tametsi
890 2383 1095 2452 hodie
1135 2405 1288 2451 rara
1336 2395 1601 2452 tantum
1652 2384 1920 2469 spineta
1951 2396 2014 2452 et
2040 2405 2300 2452 nucum
2329 2384 2608 2452 arbores
2643 2404 2762 2451 ne-

213 2471 436 2563 glecto
477 2472 638 2551 situ,
677 2473 944 2562 campis
980 2472 1109 2542 late
1158 2472 1569 2562 patentibus,
1616 2470 1760 2542 illic
1813 2473 2149 2542 visuntur.
2190 2477 2352 2542 Cum
2405 2486 2633 2542 autem
2687 2472 2758 2541 in

212 2582 296 2630 ea
344 2562 698 2630 venatione
746 2561 1155 2648 aliquandiu
1203 2561 1555 2641 haesisset,
1611 2561 1892 2631 incessit
1938 2561 2251 2630 animum
2288 2560 2475 2631 illius
2502 2561 2757 2650 cupido

214 2650 559 2720 invisendi
608 2650 885 2719 fratrem
935 2673 1140 2719 suum
1179 2650 1640 2720 Ethelredum.
1679 2649 1961 2720 Amabat
2007 2651 2193 2718 enim
2244 2649 2441 2719 illum
2493 2650 2759 2720 sincere

215 2751 281 2807 et
329 2760 406 2808 ex
444 2738 701 2807 animo.
740 2744 944 2808 Porro
994 2739 1222 2827 sylvae
1268 2739 1370 2808 illi
1418 2739 1747 2830 adjuncta
1780 2752 1922 2808 erat
1970 2739 2220 2808 domus
2259 2761 2585 2808 novercae
2609 2739 2760 2829 ejus

211 2827 338 2896 ubi
387 2826 791 2898 Ethelredus
854 2827 1280 2897 educabatur
1325 2850 1404 2897 eo
1453 2828 1521 2896 in
1574 2826 1745 2908 locO,
1801 2850 2007 2914 quem
2057 2828 2322 2897 incolae
2372 2828 2587 2918 Coi-ph
2646 2850 2760 2896 vo-„

211 2930 374 3000 cant
431 2916 553 3002 qui
614 2917 700 2985 ab
747 2938 850 2997 ea,
904 2938 1114 3003 quam
1164 2916 1466 2985 diximus
1498 2971 1512 2997 ,
1574 2916 1736 2985 villa
1786 2918 2009 2987 tribus
2075 2917 2267 2987 abest
2315 2917 2757 2997 milliaribuS,

209 3005 341 3074 ubi
392 3027 580 3074 nunc
613 3017 916 3074 castrum
967 3005 1065 3076 sic
1117 3005 1282 3075 satis
1328 3006 1684 3095 egregium
1733 3018 2202 3075 constructum
2255 3019 2378 3075 est.
2417 3012 2507 3074 Eo
2550 3006 2761 3096 igitur

213 3094 350 3163 iter
399 3093 760 3164 intendens
809 3093 1197 3175 Eduardus,
1253 3116 1510 3194 paucos
1559 3094 1690 3165 sibi
1718 3095 2002 3165 comites
2033 3095 2351 3165 adhibuit
2382 3095 2503 3181 qui
2531 3108 2760 3164 tamen

219 3180 512 3251 ludendi
560 3186 769 3251 causa
817 3183 944 3251 hac
994 3183 1152 3252 illac
1200 3182 1518 3272 dispersi,
1560 3206 1786 3274 regem
1837 3182 2059 3255 solum
2113 3184 2471 3271 reliquere.
2523 3189 2600 3253 At
2647 3183 2764 3252 ille

216 3291 378 3340 cum
422 3272 572 3361 jam
617 3272 895 3342 eminus
943 3272 1226 3340 domum
1262 3293 1592 3341 novercae
1640 3285 1967 3353 cerneret,
2005 3272 2173 3342 illuc
2224 3284 2299 3342 ut
2365 3295 2587 3363 agnus
2631 3271 2761 3340 rni-

215 3358 533 3430 tissimus
579 3359 769 3430 solus
818 3361 916 3429 ire
966 3361 1280 3517 perrexit,
1334 3360 1509 3430 nihil
1558 3362 1933 3448 quicquam
1969 3361 2101 3429 sibi
2129 3373 2462 3443 metuens,
2495 3361 2756 3451 quippe

209 3448 335 3534 qui
384 3448 729 3518 neminem
765 3472 837 3519 se
886 3472 961 3518 ve
1037 3449 1327 3518 minima
1374 3471 1446 3518 re
1494 3450 1775 3520 laesisse
1825 3449 1925 3518 vel
1976 3450 2344 3518 offendisse
2397 3450 2758 3518 meminis-

213 3548 337 3606 set.
394 3536 771 3607 Nunciatur
818 3538 1089 3607 interim
1146 3537 1423 3628 reginae
1469 3536 1668 3607 illum
1719 3538 2107 3608 adventare.
2162 3538 2289 3607 Illa
2339 3560 2493 3607 vero
2553 3538 2755 3628 plena

210 3625 370 3695 dolo
418 3639 485 3695 et
538 3626 780 3713 iniqua
826 3627 897 3694 in
946 3626 1340 3717 piissimum
1389 3626 1889 3698 adolescentem
1940 3627 2373 3717 cogitatione,
2427 3626 2513 3695 ad
2564 3648 2755 3696 com-

206 3714 471 3805 plenda
517 3714 733 3784 animi
781 3716 891 3784 sui
939 3716 1281 3785 desideria
1327 3737 1367 3785 o
1426 3728 1797 3806 portunum
1828 3730 2100 3806 tempus
2130 3715 2448 3805 adeptam
2482 3737 2553 3783 se
2584 3737 2750 3804 gau-

209 3803 408 3886 dem,
445 3803 641 3874 obvia
692 3826 847 3874 mox
893 3826 1054 3873 cum
1104 3804 1376 3874 satelliti
1437 3827 1515 3875 us
1568 3818 1633 3875 et
1681 3827 1846 3875 suae
1895 3804 2241 3892 nequitiae
2287 3803 2742 3882 administris,

209 3904 543 3980 tanquam
591 3893 741 3981 ejus
788 3893 1084 3962 adventu
1132 3893 1264 3964 sibi
1312 3893 1692 3984 gratulans,
1749 3893 1850 3962 illi
1900 3894 2227 3983 procedit,
2263 3893 2516 3962 blande
2555 3904 2620 3962 et
2645 3913 2756 3961 co-

210 3983 415 4052 miter
473 3980 745 4063 salutat,
792 3983 1030 4052 invitat
1076 3982 1162 4050 ad
1213 3982 1613 4074 hospitium.
1679 3981 1804 4054 Illo
1855 3995 2213 4052 recusante
2263 3982 2556 4072 ingredi,
2597 3993 2752 4050 tan-

212 4081 501 4159 tumque
548 4069 825 4144 fratrem
876 4094 946 4141 se
994 4071 1222 4141 videre
1267 4082 1332 4141 et
1378 4072 1637 4159 alloqui
1693 4071 1864 4141 velle
1918 4071 2326 4152 affirmante,
2382 4073 2618 4162 regina
2667 4070 2755 4139 ad

216 4158 350 4229 alia
397 4182 469 4231 se
522 4159 837 4230 transfert
894 4160 1471 4240 machinamenta,
1516 4162 1718 4251 jubet
1763 4161 2024 4247 absque
2075 4182 2264 4229 mora
2315 4174 2550 4251 potum
2607 4159 2753 4249 regi

215 4248 468 4317 osserri.
502 4249 815 4318 Adfertur
863 4263 1089 4340 potus,
1133 4271 1245 4319 rex
1292 4249 1466 4318 nihil
1520 4250 1683 4319 mali
1733 4250 2121 4340 suspicans,
2153 4249 2466 4319 admovet
2497 4249 2598 4317 ori
2633 4268 2755 4338 po-

213 4336 480 4419 culum,
515 4352 580 4407 et
626 4361 779 4409 ecce
828 4361 1013 4408 unus
1059 4361 1140 4408 ex
1187 4360 1258 4408 re
1311 4338 1463 4408 inae
1511 4339 1965 4421 administriS,
2011 4340 2297 4409 caeteris
2345 4338 2429 4408 ad
2492 4336 2754 4434 auden-

211 4425 380 4497 dum
440 4428 847 4520 promptior,
910 4439 977 4499 et
1021 4427 1108 4498 ad
1158 4450 1268 4498 sce
1302 4451 1383 4497 us
1432 4429 1847 4519 patrandum
1898 4429 2291 4512 immanior,
2345 4448 2506 4498 cum
2556 4444 2751 4515 pr1us
