3327 4999
133 355 387 421 MART.
438 357 527 421 20
752 375 831 421 nc
876 371 933 420 S.
986 374 1350 423 cumanam
1398 374 1597 422 spise.
1652 376 2055 425 unmsmau.
2482 363 2612 428 403

142 454 561 545 perductum
612 453 946 523 acerrime
994 469 1311 524 vexatum
1364 455 1814 544 conspiceret,
1843 457 2056 544 ‚jussit
2104 478 2345 529 omnes
2385 461 2702 531 secedere

134 541 456 632 longius:
509 553 573 610 et
600 542 682 610 ad
722 542 920 611 solita
947 543 1277 612 orationis
1306 564 1499 611 arma
1527 542 1938 634 confugiens
1997 545 2159 614 data
2189 546 2691 630 benedictione,

135 628 408 722 pepulit
461 642 741 717 pestem,
786 652 996 715 quam
1060 631 1326 701 solicita
1377 630 1806 700 medicorum
1874 654 2128 702 manus
2178 634 2698 725 pigmentorum

135 718 639 808 compositione
689 719 1108 803 nequiverat.
1166 720 1469 805 Denique
1501 720 1738 788 eadem
1770 719 1938 788 hora
1975 743 2291 812 surgenS‚
2325 737 2390 792 et
2419 737 2697 814 accepto

135 808 294 878 cibo
344 805 790 887 confortatuS,
832 806 1097 875 reddita
1132 811 1259 876 Deo
1308 807 1690 896 gratiarum
1726 808 2017 889 actione,
2060 831 2415 900 regressus
2462 825 2563 882 est
2611 812 2698 883 ad

134 918 255 964 eas
288 916 465 981 quae
498 916 570 962 se
645 906 1054 975 ortaverant,
1094 893 1456 964 foeminas,
1496 895 1742 981 Sicque
1773 895 2028 965 sactum
2065 911 2188 978 est,
2233 912 2306 967 ut
2332 922 2509 986 quae
2538 897 2700 969 eum

138 983 260 1052 illo
310 984 536 1051 tristes
619 982 1004 1071 anguidum
1057 983 1491 1063 advexerant,
1548 1005 1707 1052 cum
1760 985 1859 1053 eis
1908 984 2070 1054 inde
2119 987 2589 1076 gaudentibus
2636 1000 2702 1058 et

137 1072 290 1160 ipse
342 1092 577 1159 sospes
626 1092 705 1138 ac
754 1070 1215 1139 laetabundus
1264 1071 1549 1141 domum
1603 1071 1880 1141 rediret.

229 1160 267 1244 ξ
324 1163 490 1229 36.
546 1158 795 1226 Eodem
848 1171 1151 1247 tempore
1246 1159 1587 1229 estilentia
1635 1161 1864 1231 subito
1912 1173 2142 1230 exorta
2189 1161 2331 1232 illis
2366 1162 2436 1231 in
2489 1165 2702 1255 parti-

136 1248 297 1323 bus,
369 1246 773 1335 gravissima
827 1267 991 1314 nece
1039 1247 1204 1316 ineu
1259 1247 1395 1329 uit,
1465 1248 1560 1316 ita
1619 1262 1698 1317 ut
1744 1249 1815 1316 in
1867 1250 2139 1338 magnis
2186 1252 2538 1336 quondam
2589 1275 2700 1323 re-

134 1335 468 1418 fertisque
517 1334 1090 1413 habitationibus,
1145 1335 1329 1404 villis
1378 1357 1457 1403 ac
1505 1336 2087 1426 possessionibuS,
2143 1338 2253 1406 vix
2304 1361 2551 1428 parvae
2584 1363 2697 1410 ra-

134 1444 392 1507 raeque
421 1422 773 1507 reliquiae,
801 1434 866 1491 et
898 1422 1240 1491 interdum
1277 1424 1510 1492 nullae
1547 1424 1947 1493 residerent.
1991 1425 2180 1493 Unde
2210 1428 2697 1499 sanctissimus

134 1523 332 1599 pater
381 1511 793 1579 Cuthbertus
843 1510 1374 1612 diligentissime
1406 1534 1601 1581 suam
1638 1512 1944 1582 lustrans
1973 1514 2398 1601 parochiam,
2434 1516 2697 1587 eisdem

133 1598 476 1677 minimiS,
530 1619 706 1682 quae
755 1602 1180 1697 superincre,
1236 1599 1551 1685 reliquiis
1601 1601 2065 1669 ministerium
2109 1603 2298 1670 verbi
2345 1615 2411 1671 et
2460 1627 2698 1674 neces-

135 1686 361 1755 sariae
409 1685 899 1754 consolationis
948 1708 1148 1774 opem
1211 1686 1386 1755 ferre
1436 1709 1571 1755 non
1624 1688 1850 1757 desiit.
1918 1689 2301 1759 Adveniens
2349 1704 2576 1760 autem
2622 1694 2695 1761 in

134 1773 442 1843 viculum
494 1774 893 1859 quemdam,
948 1773 1345 1860 ibidemque
1391 1775 1743 1851 omnibus,
1797 1799 1971 1862 quos
2021 1777 2395 1859 invenerat,
2436 1780 2695 1850 auxilio

132 1861 628 1931 exhortationis
676 1861 1008 1941 adbibitO,
1066 1862 1237 1931 dixit
1284 1863 1370 1931 ad
1440 1866 1919 1952 presbyterum
1989 1887 2231 1934 suum:
2307 1888 2342 1932 «
2396 1872 2696 1937 Putasne

132 1961 451 2040 superest
489 1949 836 2039 quispiam
878 1950 987 2017 his
1037 1949 1102 2017 in
1158 1950 1349 2031 locis,
1418 1952 1529 2019 cui
1581 1964 1813 2020 nostra
1879 1953 2264 2023 visitatione
2312 1965 2377 2023 et
2426 1955 2690 2024 allocu-

134 2038 323 2108 tione
357 2059 532 2126 opus
581 2038 689 2125 sit,
730 2059 814 2105 an
854 2038 1126 2108 cunctis
1173 2038 1295 2125 qui
1343 2039 1522 2107 male
1570 2040 1939 2121 habebant,
1987 2041 2173 2121 visis,
2207 2042 2354 2129 jam
2406 2043 2491 2110 ad
2522 2043 2696 2114 alios

136 2126 434 2195 transire
485 2125 737 2193 licetP»
788 2125 920 2207 Qui
967 2126 1542 2216 circumspiciens
1589 2128 1849 2205 omnia,
1905 2128 2074 2196 vidit
2123 2130 2484 2200 mulierem
2520 2131 2695 2199 emi-

135 2236 275 2282 nus
324 2226 652 2294 stantem,
719 2235 896 2299 quae
944 2214 1240 2282 extincto
1291 2214 1497 2304 paulo
1546 2228 1703 2283 ante
1750 2216 1919 2296 filio,
1991 2216 2271 2285 fratrem
2319 2219 2494 2306 eju&
2543 2219 2692 2306 jam

138 2301 348 2370 morti
400 2302 786 2391 proximum
826 2303 1098 2370 tenebat
1148 2303 1214 2371 in
1269 2303 1619 2382 manibu5‚
1660 2303 2127 2392 lacrymisque
2177 2305 2421 2374 faciem
2457 2307 2693 2396 rigan-

139 2390 368 2469 tibus,
431 2389 863 2479 praeteritam
925 2390 1179 2479 pariter
1225 2402 1290 2459 et
1337 2402 1768 2480 praesentem
1825 2393 2198 2460 testabatur
2246 2415 2682 2462 aerumnam.

134 2481 354 2559 Quam
410 2499 565 2546 cum
607 2478 749 2546 viro
802 2477 913 2545 Dei
963 2478 1370 2560 ostenderet,
1427 2479 1521 2548 nil
1561 2491 1892 2560 moratus,
1939 2480 2228 2550 accessit
2274 2481 2358 2550 ad
2400 2504 2592 2551 eam:
2624 2493 2692 2550 et

129 2566 549 2634 benedicens
598 2566 784 2634 dedit
832 2566 1150 2635 osculum
1251 2589 1439 2648 uero,
1494 2568 1803 2654 dixitque
1851 2568 1935 2636 ad
1987 2584 2317 2638 matrem:
2372 2575 2515 2639 «Ne
2546 2591 2691 2638 me-

130 2667 313 2733 tuas.
372 2676 496 2722 nec
528 2666 790 2723 moesta
836 2655 972 2724 sis:
1020 2654 1205 2724 salva
1260 2657 1399 2725 itur
1445 2656 1630 2724 enim
1682 2670 1747 2726 et
1799 2656 1970 2726 vivet
2016 2656 2269 2738 insanS,
2310 2671 2532 2743 neque
2580 2657 2691 2725 ul-

128 2742 242 2810 lus
291 2741 489 2838 ultra¹
519 2741 604 2810 de
652 2742 856 2810 domo
926 2756 1043 2811 tua
1092 2743 1220 2812 hac
1283 2744 1720 2814 mortalitatis
1781 2758 1970 2834 peste
2029 2744 2323 2814 deficiet.
2373 2767 2408 2811 »
2477 2745 2688 2833 Cujus

131 2830 531 2919 prophetiae
581 2830 868 2911 veritati,
924 2831 1074 2919 ipsa
1123 2853 1283 2899 cum
1336 2831 1478 2900 filio
1528 2844 1769 2913 mater,
1825 2832 2044 2903 multo
2092 2833 2337 2904 exinde
2383 2846 2690 2922 tempore

125 2919 385 2996 vivens,
427 2917 895 2986 testimonium
939 2918 1171 2987 dabat.
1582 2933 1599 2938 ‘
2536 2932 2554 2951 ³

216 3008 253 3092 ξ
312 3009 459 3076 37.
515 3011 782 3075 Interea
831 3006 999 3074 dum
1055 3006 1406 3094 praescius
1472 3007 1682 3076 vicini
1752 3008 1861 3076 sui
1928 3008 2157 3078 obitus
2225 3010 2329 3078 vir
2394 3009 2671 3078 Domini

125 3095 561 3173 Cuthbertus,
607 3095 755 3182 jam
814 3093 1226 3165 decrevisset
1274 3097 1532 3176 animo,
1587 3096 1898 3184 deposita
1947 3099 2117 3165 cura
2168 3097 2530 3186 pastoralis
2579 3096 2684 3166 of·-

124 3181 292 3260 ficii,
348 3181 725 3251 solitariam
779 3182 1000 3250 redire
1048 3182 1133 3250 ad
1184 3183 1435 3264 vitam,
1488 3194 1833 3270 quatenus
1898 3188 2190 3253 excussa
2238 3185 2683 3254 solicitudine

123 3274 428 3348 externa,
469 3270 644 3339 inter
669 3269 884 3338 libera
925 3271 1316 3341 orationum
1348 3283 1413 3339 et
1446 3270 1873 3360 psalmodiae
1901 3273 2154 3353 studia,
2191 3273 2375 3342 diem
2412 3274 2679 3354 mortis,

123 3358 226 3426 vel
280 3358 508 3447 potius
555 3358 730 3427 vitae
778 3357 1090 3427 coelestis
1153 3359 1684 3448 praestolaretur
1748 3361 2166 3448 ingressum,
2225 3360 2439 3430 voluit
2491 3362 2686 3451 prius

135 3468 273 3514 non
328 3444 550 3515 solum
605 3468 729 3515 sua
761 3446 1051 3515 circuita
1102 3447 1450 3536 parochia,
1493 3447 1607 3517 sed
1645 3458 1711 3517 et
1736 3447 1893 3516 aliis
1932 3449 2115 3516 circa
2142 3448 2451 3517 fidelium
2486 3469 2690 3516 man-

125 3533 444 3603 sionibus
492 3533 808 3613 visitatis,
863 3548 1151 3605 cunctos
1203 3535 1590 3604 necessario
1637 3535 2131 3604 exhortationis
2181 3536 2386 3605 verbo
2430 3535 2688 3604 confir-

125 3645 342 3702 mare,
399 3642 478 3690 ac
528 3621 587 3688 si
629 3622 1053 3692 desidera·ae
1119 3622 1519 3693 solitudinis
1584 3623 1842 3713 gaudio
1904 3623 2215 3692 refoveri.
2270 3623 2460 3706 Quod
2512 3623 2686 3692 dum

123 3721 380 3800 ageret,
440 3723 720 3799 rogatus
765 3732 806 3778 a
856 3710 1292 3780 nobilissima
1338 3723 1403 3780 et
1452 3710 1895 3780 sanctissima
1959 3711 2225 3801 virgine
2281 3711 2531 3779 Christi
2579 3710 2684 3778 El·

122 3799 301 3867 ssede
348 3797 728 3876 Abbatissa‚
768 3798 972 3883 cujus
1020 3799 1344 3888 superius
1391 3798 1797 3867 memoriam
1850 3798 2004 3878 feci,
2059 3799 2243 3867 venit
2290 3798 2376 3867 ad
2415 3819 2686 3887 posses-

121 3887 389 3956 sionem
441 3885 839 3954 monasterii
870 3886 1116 3976 ipsiu5,
1155 3899 1498 3972 quatenus
1548 3886 1802 3954 ibidem
1840 3897 1905 3954 et
1939 3886 2161 3985 ipsam
2212 3886 2444 3954 videre
2478 3898 2684 3972 atque

120 3974 409 4061 alloqui;
461 3987 526 4043 et
571 3973 932 4044 ecclesiam
985 3974 1304 4044 dedicare
1351 3974 1651 4043 deberet.
1689 3979 1855 4042 Nam
1883 3987 2126 4073 etipsa
2173 3974 2515 4063 posse-sio
2546 3995 2681 4042 non

124 4085 351 4154 pauco
399 4062 819 4131 famulorum
870 4062 1118 4131 Christi
1167 4063 1482 4131 examine
1532 4060 1856 4152 pollebat.
1895 4061 2023 4130 Ubi
2071 4062 2239 4131 dum
2290 4063 2461 4132 hora
2508 4061 2684 4130 refe-

117 4152 372 4220 ctionis
433 4151 518 4219 ad
570 4173 879 4220 mensam
930 4150 1428 4230 consedissent,
1482 4151 1714 4220 subito
1765 4150 2176 4219 venerabilis
2227 4163 2416 4240 pater
2477 4150 2684 4219 Cuth-

121 4239 363 4312 bertus
410 4260 798 4308 aversam.a
858 4239 1261 4309 carnalibus
1308 4237 1537 4327 epulis
1582 4250 1886 4306 mentem
1947 4238 2031 4306 ad
2082 4238 2473 4328 spiritualia
2520 4258 2682 4305 con·

118 4327 519 4417 templanda
566 4326 880 4397 contulit.
926 4328 1117 4397 Unde
1167 4325 1438 4396 lassatis
1486 4325 1573 4394 ab
1616 4325 1843 4394 officio
1888 4348 2015 4396 suo
2061 4328 2396 4397 membris
2433 4346 2679 4480 corpo-

120 4417 242 4498 πίε,
282 4428 543 4485 mutato
591 4415 815 4486 colore
861 4415 1085 4496 faciei,
1121 4427 1191 4485 et
1225 4414 1421 4502 quasi
1461 4414 1768 4484 attonitis
1813 4427 2052 4485 contra
2108 4437 2369 4485 morem
2417 4435 2550 4482 ocu
2585 4434 2665 4492 is,
