3327 4999
613 282 740 394 372
1230 346 1307 391 mi·
1354 346 1411 392 s.
1466 343 1840 392 mirumne
1885 342 2083 390 muse.
2139 340 2364 389 simon.
2674 320 2921 388 MART.
2974 323 3066 388 20

522 428 1038 501 Fontanellense
1078 429 1573 498 monasterium
1606 428 2031 518 pervenienS,
2071 426 2156 495 de
2193 424 2432 495 eodem
2479 423 2631 494 loco
2665 437 3062 515 cooperato·

524 542 633 589 res
652 518 843 588 verbi
864 531 1177 589 strenuos
1202 529 1268 586 et
1295 516 1378 587 ad
1409 517 1947 608 praedicandum
1975 515 2281 595 idoneOS,
2310 526 2542 604 utpote
2560 514 2828 583 actione
2849 513 3062 584 simul

523 621 589 677 et
636 606 1020 677 eruditione
1054 607 1437 695 praeclaros
1467 627 1855 686 assumenS,
1901 604 2326 695 praeparatis
2374 602 2700 673 omnibus
2734 624 2911 688 quae
2945 625 3069 671 na-

523 695 921 787 vigantibus
978 696 1365 765 necessaria
1417 717 1566 766 esse
1608 694 2045 775 ridebantur,
2099 694 2170 761 in
2219 703 2421 783 portu
2466 691 2777 779 ejusdem
2829 713 3070 761 mona-

526 786 715 854 sterii
764 784 992 852 navim
1041 783 1371 865 ascendit,
1415 796 1481 852 et
1529 806 1649 874 per
1707 782 2000 852 fluvium
2050 802 2384 872 magnum
2454 782 2810 866 sequanae
2870 801 3068 849 mare

524 874 859 942 introiens
908 871 1268 952 Gallicum,
1324 873 1667 973 navigavit
1716 873 1786 940 in
1839 871 2149 948 Frisiam,
2187 883 2254 939 et
2299 868 2486 960 genti
2535 868 2724 940 illius
2772 890 2851 937 ac
2899 869 3067 939 duci

529 962 680 1051 ejus
709 960 1036 1030 Radbodo
1085 962 1364 1030 verbum
1410 966 1521 1031 Dei
1553 960 2046 1040 annunciabat,
2085 959 2323 1029 dicens
2367 958 2533 1027 deos
2582 978 2718 1027 non
2767 980 2917 1027 esse
2941 957 3068 1044 qui

527 1050 855 1120 manibus
905 1050 1264 1118 hominum
1315 1049 1472 1120 sacti
1512 1063 1777 1120 essent:
1836 1049 1947 1118 Dei
1998 1048 2380 1127 materiam,
2435 1046 2704 1138 lignum
2743 1046 2840 1116 vel
2892 1047 3071 1138 lapi-

528 1139 685 1208 dem
717 1160 865 1207 esse
912 1159 1050 1206 non
1102 1160 1332 1228 posse:
1386 1160 1682 1225 quorum
1738 1139 2084 1209 recisurae
2135 1134 2233 1205 vel
2282 1136 2443 1226 igne
2500 1136 3060 1216 absumerentur,

528 1227 628 1296 vel
681 1228 750 1295 in
801 1250 962 1296 vasa
1007 1226 1386 1312 quaelibet,
1448 1229 1754 1298 humano
1798 1227 1959 1297 usui
2033 1226 2416 1295 necessaria
2464 1224 2946 1305 formarentur,
2999 1236 3080 1293 etr

529 1316 824 1407 pedibus
861 1316 1283 1397 conculcata,
1322 1316 1393 1384 in
1445 1329 1694 1386 terram
1742 1328 2201 1385 verterentur:
2258 1320 2467 1383 heum
2531 1314 2758 1403 potius
2806 1312 3068 1383 intelli-

582 1404 832 1473 endum
886 1403 1241 1491 majestate
1289 1405 2081 1496 incomprehensibilem,
2118 1403 2447 1473 humanis
2496 1402 2715 1471 oculis
2747 1402 3068 1472 invisibi-

558 1515 692 1573 em,
764 1494 1339 1583 omnipotentem,
1402 1508 1755 1563 aeternum
1804 1494 1925 1581 qui
1971 1493 2239 1562 coelum
2289 1503 2354 1561 et
2401 1503 2676 1571 terram,
2734 1492 2956 1560 maria
3001 1503 3068 1560 et

531 1583 918 1651 humanum
970 1604 1190 1671 genus
1236 1596 1553 1664 creasset,
1608 1596 1870 1674 regeret
1915 1596 1979 1652 et
2016 1582 2459 1671 judicaturus
2504 1593 2680 1648 esset
2727 1580 2961 1649 orbern
2996 1580 3066 1648 in
3126 1605 3132 1609 ·

532 1670 907 1757 aequitate:
984 1672 1186 1761 cujus
1235 1670 1428 1741 sedes
1475 1682 1771 1752 aeterna,
1844 1693 1978 1740 non
2028 1671 2099 1738 in
2157 1669 2277 1739 vili
2332 1682 2398 1738 et
2451 1668 2710 1738 caduco
2760 1668 3065 1749 metallO,

533 1760 650 1828 sed
700 1759 769 1827 in
805 1757 1013 1828 coelis
1058 1771 1235 1828 esset
1281 1759 1643 1829 credenda.
1683 1765 1859 1829 Haec
1907 1772 1972 1829 et
2018 1758 2127 1827 his
2174 1758 2430 1827 similia
2471 1769 2924 1847 prosequente
2962 1757 3071 1826 iu-

533 1847 715 1936 clyto
764 1847 1009 1917 Christi
1057 1848 1405 1917 sacerdote
1451 1871 1592 1918 una
1638 1871 1797 1918 cum
1843 1848 2237 1927 comitibus,
2295 1847 2584 1915 libenter
2623 1845 3064 1926 audiebatur,

534 1936 874 2022 multique
919 1936 1225 2023 quotidie
1271 1937 1609 2007 nobilium
1667 1950 1731 2006 et
1796 1937 2240 2016 infimorum,
2310 1934 2805 2006 abrenunciata
2867 1935 3072 2006 sorde

534 2024 979 2106 idololatriae,
1033 2024 1194 2093 fidei
1224 2024 1406 2094 fonte
1435 2026 1916 2096 abluebantur.
1953 2031 2082 2095 Nec
2111 2024 2465 2112 prohibuit
2512 2024 2902 2114 praedictus
2929 2024 3071 2093 dux

534 2115 848 2194 verbum,
884 2114 1065 2182 ntvsi
1111 2115 1230 2201 qui
1281 2114 1527 2184 vellent
1575 2115 1837 2196 audire,
1893 2113 2424 2205 praedicaretur,
2465 2112 2642 2181 inter
2686 2133 2858 2198 quos
2891 2123 2959 2182 et
2990 2114 3071 2182 fi-

535 2202 673 2271 lius
724 2203 1053 2293 praedicti
1100 2203 1410 2272 Radbodi
1456 2203 1655 2273 ducis
1702 2205 2038 2283 credens,
2109 2203 2193 2271 ba
2250 2203 2491 2271 tizatus
2538 2212 2682 2281 est,
2738 2202 3064 2290 imposito

538 2291 670 2360 sibi
721 2292 997 2361 nomine
1030 2291 1140 2361 sui
1188 2293 1515 2382 genitoris
1562 2316 1602 2361 a
1650 2292 1950 2383 praefato
2000 2292 2188 2383 ponti
2221 2313 2342 2371 ice,
2380 2304 2446 2359 et
2492 2291 2578 2359 ab
2615 2312 2694 2359 eo
2740 2290 2824 2358 de
2873 2311 3069 2358 sacro

539 2380 721 2449 fonte
769 2390 1154 2469 susceptus,
1199 2381 1563 2467 adhucque
1613 2381 1682 2449 in
1733 2381 1908 2450 albis
1956 2381 2243 2471 posituS,
2280 2401 2486 2449 carne
2533 2378 2822 2459 solutuS,
2862 2401 3071 2447 mun—

538 2468 695 2551 dus,
733 2480 808 2538 ut
855 2468 1179 2551 creditur,
1227 2470 1539 2540 transivit
1582 2491 1619 2539 e
1668 2470 1954 2540 mundo.

624 2560 661 2646 ξ
727 2563 810 2630 4.
864 2564 991 2627 Nec
1041 2559 1311 2628 silentio
1358 2571 1458 2628 est
1507 2559 2107 2648 praetereundum,
2162 2558 2346 2645 quod
2403 2556 2636 2626 divina
2684 2558 2901 2658 pietas
2950 2577 3073 2647 per

541 2646 859 2716 eumdem
913 2660 1224 2717 sanctum
1280 2647 1671 2738 pontificem
1723 2648 1989 2739 operari
2042 2648 2325 2738 dignata
2371 2659 2494 2716 est.
2531 2646 2835 2715 Plurima
2881 2646 3068 2715 enim

537 2736 868 2804 virtutum
921 2734 1257 2805 miracula
1318 2736 1386 2804 in
1447 2736 1728 2818 itinere,
1795 2737 1960 2806 dum
2012 2737 2098 2805 ad
2146 2758 2296 2804 eam
2357 2736 2521 2816 iret,
2591 2736 2772 2803 etin
2830 2733 3068 2803 eadem

538 2837 761 2915 gente,
811 2846 930 2913 per
975 2824 1269 2894 eundem
1322 2824 1598 2894 fiebant.
1635 2830 1727 2893 Ex
1774 2827 2027 2913 quibus
2059 2847 2277 2893 unum
2316 2824 2686 2892 memoriae
2715 2823 2979 2892 tradere
3009 2834 3074 2890 et

589 2911 831 2981 esteris
878 2912 1220 2994 intimare,
1256 2913 1694 2982 commodum
1731 2915 2079 2983 duximus
2128 2914 2426 2999 Denique
2475 2913 2714 2982 fratres
2760 2912 2881 2998 qui
2910 2931 3072 2980 eum

567 3000 970 3069 amiliariter
1016 3003 1375 3082 noverunt,
1442 3014 1507 3071 et
1553 3024 1783 3071 coram
1832 3003 2089 3090 quibus
2137 3015 2479 3092 patratum
2529 3014 2652 3082 est,
2688 3001 2915 3070 dicere
2962 3021 3073 3068 so-

540 3088 705 3169 lent,
756 3101 823 3157 et
869 3089 1163 3158 maxime
1214 3090 1315 3158 vir
1361 3091 1954 3162 reverentissimus
2014 3090 2295 3170 Wand0,
2338 3103 2500 3159 tunc
2549 3090 2876 3180 temporis
2923 3088 3076 3156 dia-

541 3198 760 3247 conus
805 3188 872 3246 et
917 3190 1314 3268 cooperator
1364 3179 1431 3247 in
1481 3180 1687 3248 verbo
1747 3180 1860 3250 Dei
1906 3179 2213 3268 ejusdem
2265 3178 2626 3270 praesulis,
2668 3191 2901 3269 postea
2946 3199 3073 3246 au-

540 3278 676 3336 tem
728 3266 1103 3355 presbyter,
1157 3278 1222 3336 et
1270 3268 1661 3337 succedenti
1695 3281 1998 3358 tempore
2043 3268 2351 3358 ejusdem
2386 3268 2780 3336 monasterii
2831 3272 3076 3335 Fonta-

541 3352 870 3423 nellensis
919 3355 1159 3425 Abbas.
1197 3357 1267 3425 in
1318 3379 1455 3444 quo
1501 3358 1836 3427 educatus
1865 3358 2106 3426 fuerat.
2142 3362 2312 3425 Dum
2345 3357 2527 3426 enim
2563 3357 2714 3425 navi
2768 3377 3071 3434 aremuS,

540 3443 789 3529 inquit,
846 3443 915 3511 in
968 3444 1277 3525 Frisiam,
1336 3446 1573 3535 positis
1625 3448 1822 3516 nobis
1871 3447 1940 3514 in
2012 3446 2236 3514 medio
2288 3446 2501 3526 mari,
2563 3467 2700 3532 quo
2810 3444 3079 3529 adjacet

539 3531 806 3688 regioni
857 3533 1296 3612 Morinorum,
1339 3535 1534 3603 affuit
1580 3535 1772 3611 hora,
1819 3536 1887 3604 in
1938 3558 2074 3621 qua
2115 3534 2532 3604 sacrificium
2589 3540 2715 3602 Deo
2759 3534 3078 3602 victimae

542 3643 615 3692 sa
650 3620 867 3690 utaris
914 3621 1415 3691 immolandum
1467 3636 1633 3692 erat.
1694 3631 1882 3694 Tunc
1934 3624 2172 3714 positis
2221 3623 2516 3694 ancoris,
2581 3623 2775 3691 navis
2824 3623 3078 3692 immo-

482 3765 483 3768 *
539 3708 702 3778 bilis
751 3711 1215 3799 permanebat.
1248 3717 1322 3780 Et
1351 3712 1736 3781 celebrante
1782 3713 2020 3782 eodem
2055 3724 2288 3782 sancto
2340 3712 2659 3802 pontifice
2709 3712 3077 3782 Missarum

540 3797 900 3897 solemnia,
953 3813 1229 3869 ventum
1279 3814 1381 3870 est
1426 3801 1511 3870 ad
1564 3802 1819 3882 locum,
1858 3802 1982 3871 ubi
2044 3802 2355 3869 minister
2406 3813 2719 3890 patenam
2772 3801 3080 3891 praesuli

541 3907 892 3986 porrigere
948 3888 1218 3958 debuit:
1271 3892 1683 3976 extensaque
1728 3912 1962 3971 manu,
2016 3892 2413 3978 expectabat
2463 3891 2724 3970 horam,
2777 3911 2917 3978 qua
2959 3912 3081 3958 su-

544 3986 835 4064 sciperet
881 3998 1055 4045 eam.
1098 3976 1223 4046 Sed
1271 3978 1441 4046 dum
1487 3979 1801 4048 minister
1848 4001 1996 4048 eam
2048 3978 2326 4047 abluere
2371 3977 2592 4058 vellet,
2638 3978 2708 4045 in
2761 4000 2950 4048 mare
2975 4000 3084 4047 ce-

543 4063 733 4143 cidit,
790 4078 1306 4154 prostratusque
1356 4067 1649 4156 pedibus
1699 4069 1917 4137 sancti
1971 4067 2354 4157 pontiliciS,
2408 4068 2762 4137 humiliter
2808 4068 3083 4136 veniam

543 4153 977 4310 precabatur,
1031 4154 1271 4224 dicens
1318 4155 1484 4241 quia
1529 4144 1697 4226 dum
1749 4179 1898 4225 eam
1950 4157 2229 4226 abluere
2279 4156 2603 4227 voluisset
2651 4156 2798 4225 suis
2856 4156 3086 4225 mani-

594 4263 701 4320 ηε,
759 4242 826 4309 in
879 4243 1089 4312 maris
1134 4242 1369 4333 elapsa
1417 4244 1785 4335 profunda,
1859 4245 1997 4314 ima
2047 4246 2343 4335 petisset.
2399 4251 2682 4331 Moxque
2729 4244 2911 4314 idem
2983 4245 3088 4313 vir

549 4331 665 4399 Dei
700 4331 980 4399 flectens
1029 4353 1253 4420 genua
1302 4354 1428 4401 sua
1455 4333 1537 4402 ad
1573 4346 1836 4424 patrem
1868 4334 2138 4403 Domini
2173 4333 2387 4403 nostri
2422 4336 2470 4402 J
2473 4356 2596 4404 esu
2623 4332 2891 4414 Christi,
2929 4356 3086 4424 pre-

548 4419 835 4489 cabatur
866 4419 1017 4511 ejus
1064 4418 1523 4503 clementiam,
1572 4423 1793 4511 utqui
1822 4424 2170 4511 quondam
2200 4444 2431 4492 coram
2464 4423 2775 4514 patribus
2799 4422 2871 4492 in
2904 4423 3085 4492 mari
