3327 4999
225 336 476 403 MART.
531 338 614 403 ⁴2
1114 356 1194 402 nn
1243 355 1300 403 s.
1353 355 1663 404 <zanconio
1713 356 1874 403 rArA
2145 298 2148 313 ι
2554 336 2673 407 231

223 437 492 523 Ubique
518 435 747 505 luctus
773 433 1177 526 aspicimus,
1212 428 1523 523 undique
1554 435 1852 527 gemitus
1901 437 2233 509 audimus
2264 440 2322 508 ⁴⁸.
2379 443 2771 510 Destructae

217 526 435 596 urbes
463 581 479 608 ,
530 546 766 594 eversa
811 534 973 594 sunt
1018 536 1288 607 castra,
1342 525 1741 616 depopulati
1789 538 1952 596 sunt
1997 527 2171 618 agri,
2211 527 2282 595 in
2323 528 2769 598 solitudinem

220 627 405 685 terra
453 614 729 684 redacta
774 625 898 682 est.
950 612 1196 684 Nullus
1244 615 1313 683 in
1365 614 1551 715 agris
1598 612 1847 696 incola,
1885 638 2057 706 pene
2099 616 2337 687 nullus
2378 618 2445 686 in
2481 618 2775 689 urbibus

220 703 570 773 habitator
617 702 967 772 remansit.
1021 707 1099 771 Et
1145 716 1371 772 tamen
1424 724 1614 794 ipsae
1660 725 1910 804 parvae
1956 705 2231 807 generis
2277 705 2570 775 humani
2612 706 2774 776 reli·-

217 793 452 880 quiae,
506 791 734 861 adhuc
781 791 1088 878 quotidie
1133 804 1198 862 et
1247 792 1395 862 sine
1443 805 1822 862 cessatione
1869 793 2235 874 feriuntur,
2288 808 2353 864 et
2388 794 2597 865 finem
2633 817 2772 865 non

220 882 484 952 habent
530 880 798 971 flagella
850 880 1162 950 coelestis
1201 881 1545 971 justitiae,
1598 881 1765 969 quia
1811 904 1935 951 nec
1986 883 2164 952 inter
2208 884 2298 951 ssa
2350 883 2484 953 ella
2541 906 2769 954 corre-

220 982 373 1041 ctae
423 983 586 1039 sunt
616 968 904 1039 actionis
935 969 1046 1039 cul
1056 991 1206 1070 pae.
1243 969 1423 1040 Alios
1453 971 1520 1038 in
1554 970 2012 1060 captivitatem
2055 971 2240 1054 duci,
2280 996 2319 1042 a
2354 973 2454 1043 ios
2486 973 2775 1043 detrun-

220 1061 393 1141 cari,
447 1060 619 1129 alios
669 1058 960 1128 interfici
1009 1059 1346 1128 videmus.
1400 1059 1574 1142 Quid
1627 1071 1729 1129 est
1776 1082 1960 1151 ergo,
2013 1061 2195 1147 quod
2245 1061 2315 1130 in
2354 1063 2480 1133 hac
2516 1062 2653 1131 vita
2688 1061 2774 1131 li-

217 1150 402 1227 beat,
459 1149 701 1217 fratres
751 1148 934 1216 mei?
982 1148 1051 1217 Si
1100 1146 1301 1217 talem
1353 1148 1695 1218 mundum
1748 1150 1978 1219 adhuc
2026 1150 2146 1218 dili
2204 1149 2411 1232 imuS,
2460 1173 2597 1221 non
2619 1152 2801 1241 jam‘

269 1237 507 1318 audia,
560 1237 678 1307 sed
714 1237 999 1307 vulnera
1037 1257 1378 1306 amamus.
1414 1242 1573 1327 Ipsa
1605 1249 1859 1318 autern,
1898 1261 2076 1326 quae
2113 1262 2148 1308 a
2188 1240 2486 1326 iquando
2527 1239 2774 1310 mundi

270 1326 511 1398 omina
555 1347 704 1395 esse
751 1324 1130 1405 videbatur,
1168 1325 1397 1412 qualis
1435 1327 1844 1396 remanserit
1879 1333 2116 1409 Roma,
2154 1329 2578 1419 conspicitis
2634 1334 2775 1397 Im-

218 1415 488 1486 mensis
521 1414 876 1484 doloribus
908 1414 1383 1504 multipliciter
1412 1418 1662 1494 attrita,
1711 1416 2132 1486 desolatione
2165 1417 2444 1497 civium,
2483 1418 2775 1508 impres-

218 1506 418 1575 sione
468 1503 792 1584 hostium,
848 1502 1228 1589 frequentia
1275 1504 1665 1585 ruinarum,
1712 1505 1808 1574 ita
1838 1518 1914 1574 ut
1954 1505 2023 1574 in
2058 1527 2137 1574 ea
2176 1506 2594 1597 completum
2625 1527 2776 1576 esse

217 1595 626 1673 videamus,
707 1592 890 1679 quod
958 1605 1195 1662 contra
1253 1594 1633 1663 Samariam
1694 1616 1815 1684 per
1874 1594 2292 1664 Ezechielem
2366 1595 2774 1686 prophetam

214 1682 650 1775 praedictum
725 1692 866 1750 est:
941 1686 1116 1751 Pone
1180 1685 1437 1762 ollam,
1502 1705 1712 1773 pone,
1780 1683 2114 1770 inquam,
2179 1695 2243 1753 et
2294 1687 2481 1754 mitte
2553 1687 2623 1753 in
2695 1707 2777 1753 ea

217 1794 499 1864 aquam,
536 1781 597 1840 et
631 1794 748 1839 con
800 1792 983 1839 erere
1011 1774 1237 1860 frusta
1268 1774 1413 1861 ejus
1443 1774 1513 1840 in
1539 1795 1642 1840 ea.
1683 1777 1760 1841 Et
1795 1773 2001 1863 paulo
2053 1785 2242 1863 post:
2293 1775 2615 1864 Effer-buit
2671 1796 2775 1843 co-

214 1864 346 1930 ctio
395 1863 564 1949 ejas,
624 1870 686 1928 et
779 1869 1000 1928 ecocta
1046 1871 1202 1928 sunt
1250 1883 1397 1929 ossa
1448 1862 1640 1930 illius
1673 1863 1744 1930 in
1780 1863 1997 1957 medio
2030 1864 2196 1952 ejuS.
2234 1867 2446 1949 Atque
2486 1862 2769 1931 iterum:

223 1955 523 2039 Congere
574 1971 743 2027 ossa,
801 1970 977 2039 quae
1022 1950 1178 2039 iqne
1221 1951 1642 2018 succendam.
1697 1955 2180 2020 Consamentur
2229 1974 2484 2031 carnes,
2551 1962 2615 2020 et
2674 1973 2777 2020 co-

216 2050 469 2129 quetur
494 2039 813 2105 universa
850 2039 1254 2127 compositio,
1289 2049 1352 2106 et
1386 2060 1533 2107 ossa
1578 2040 1928 2108 tabescent.
1977 2046 2153 2110 Pone
2199 2063 2459 2131 quoque
2491 2063 2636 2108 eam
2672 2062 2777 2108 su-

214 2151 348 2219 per
376 2149 644 2218 prunas
686 2149 997 2206 vacuam,
1026 2137 1103 2195 ut
1137 2128 1499 2196 incalescat
1530 2138 1593 2196 et
1625 2130 1931 2218 liquefiat
1960 2152 2074 2197 aes
2103 2130 2246 2218 ejus
2270 2129 2540 2218 (Ezeclt.
2573 2128 2772 2217 xxlv).

221 2221 415 2286 Tunc
466 2215 650 2282 enim
701 2215 903 2283 nobis
949 2214 1086 2284 olla
1134 2216 1355 2305 posita
1401 2228 1503 2286 est
1546 2216 1638 2297 ⁴⁸¹⁵,
1694 2239 1853 2286 curn
1907 2216 2074 2286 haec
2121 2230 2222 2286 est
2253 2218 2493 2286 civitas
2526 2217 2780 2286 consti-

220 2317 391 2374 tuta.
448 2309 641 2373 Tunc
688 2303 759 2372 in
809 2325 890 2373 ea
937 2325 1116 2391 aqua
1164 2303 1378 2372 missa
1424 2315 1565 2386 est,
1619 2316 1684 2373 et
1732 2304 1948 2374 frusta
1996 2305 2149 2394 ejus
2198 2317 2519 2396 congesta
2569 2317 2769 2385 sunt,

219 2393 507 2481 quando
555 2392 642 2462 ad
691 2415 842 2461 eam
889 2393 1201 2480 undique
1250 2393 1489 2483 populi
1538 2395 2004 2475 confluebant,
2056 2395 2179 2480 qui
2226 2394 2409 2464 velut
2449 2417 2631 2481 aqua
2661 2416 2778 2464 ca-

222 2481 376 2554 lens
425 2482 819 2552 actionibus
869 2482 1115 2551 mundi
1164 2482 1657 2564 fervescerent,
1712 2495 1778 2553 et
1824 2484 2023 2571 quasi
2071 2483 2287 2554 frusta
2336 2484 2652 2554 carnium
2702 2483 2773 2553 in

218 2573 372 2663 ipso
423 2594 556 2641 suo
603 2571 863 2641 fervore
911 2571 1361 2659 liquarentur.
1418 2578 1508 2641 De
1553 2594 1692 2659 qua
1741 2574 1913 2642 bene
1957 2573 2250 2642 dicitur:
2305 2574 2631 2643 Efferbuit
2660 2595 2777 2643 co-

220 2662 356 2731 ctio
400 2660 580 2749 ejuS,
633 2673 698 2730 et
742 2659 1019 2730 decocta
1067 2673 1229 2730 sunt
1274 2684 1430 2730 ossa
1478 2661 1670 2731 illius
1719 2661 1786 2729 in
1842 2662 2066 2731 medio
2114 2663 2288 2751 ejus.
2355 2663 2526 2744 Quia
2578 2663 2776 2753 prius

224 2750 509 2837 quidem
579 2749 647 2817 in
712 2771 791 2818 ea
848 2750 1280 2820 vehementer
1342 2750 1631 2819 incaluit
1678 2750 1852 2820 actio
1901 2751 2159 2841 gloriae
2207 2751 2582 2833 seculariS,
2655 2750 2773 2822 sed

219 2837 669 2930 postmodum
718 2838 869 2929 ipsa
918 2839 1135 2928 gloria
1182 2860 1340 2907 cum
1394 2840 1540 2910 suis
1588 2840 2002 2925 sequacibus
2050 2839 2315 2910 defecit.
2356 2846 2480 2910 Per
2512 2862 2670 2910 ossa
2705 2862 2774 2909 e-

220 2929 464 3008 tenim,
521 2939 828 3016 potentes
875 2927 1125 2997 seculi:
1160 2949 1282 3017 per
1313 2949 1555 2997 carnes
1587 2950 1767 3008 νει-ο,
1807 2928 2045 3019 populi
2077 2929 2553 3020 designantur.
2597 2930 2772 3011 Quia

220 3016 400 3087 sicut
448 3038 694 3086 carnes
743 3028 1103 3107 portantur
1149 3017 1446 3097 ossibus,
1502 3019 1594 3086 ita
1643 3040 1765 3107 per
1805 3030 2109 3107 potentes
2149 3018 2364 3088 seculi
2404 3018 2774 3088 infirmitas

222 3107 489 3197 regitur
536 3106 978 3194 populorum.
1035 3104 1162 3174 Sed
1212 3127 1366 3175 ecce
1407 3106 1553 3194 jam
1604 3105 1689 3175 de
1737 3105 1855 3175 illa
1885 3129 2125 3176 omnes
2166 3107 2377 3176 hu'us
2407 3107 2624 3177 seculi
2658 3129 2776 3198 po-

220 3206 439 3266 tentes
469 3192 682 3263 ablati
715 3207 901 3265 sunt.
937 3198 1103 3264 Ossa
1143 3217 1304 3285 ergo
1333 3207 1603 3264 excocta
1641 3208 1826 3264 sunt.
1868 3200 2035 3265 Ecce
2077 3131 2316 3285 popuii
2349 3195 2771 3266 defecerunt:

222 3305 469 3353 carnes
517 3282 668 3372 ejus
716 3282 1121 3369 liquefactae
1169 3295 1354 3353 sunt.
1413 3284 1688 3353 Dicatur
1737 3284 2002 3370 itaque:
2050 3290 2349 3375 Congere
2382 3308 2561 3366 ossa,
2597 3307 2777 3372 quae

224 3372 383 3462 igne
432 3371 881 3441 succendam.
918 3376 1420 3442 consumentur
1457 3394 1721 3454 carneS,
1757 3385 1823 3442 et
1852 3387 2185 3460 coquetur
2223 3374 2547 3443 universa
2586 3396 2777 3442 com-

223 3461 500 3549 positio,
557 3471 623 3528 et
668 3482 825 3532 ossa
873 3462 1242 3531 tabescent.
1299 3460 1426 3531 Ubi
1472 3462 1657 3530 enim
1712 3467 2046 3533 senatus?
2093 3463 2213 3531 ubi
2244 3463 2390 3554 jam
2431 3463 2780 3554 populus?

227 3550 742 3618 Contabuerunt
790 3572 967 3631 ossa,
1020 3563 1423 3620 consumtae
1461 3563 1623 3620 sunt
1671 3555 2221 3622 omnesomnes
2269 3552 2337 3621 in
2390 3574 2470 3620 ea
2517 3551 2781 3621 secula-

229 3637 411 3706 rium
475 3637 893 3738 dignitatum
957 3639 1125 3709 ordo
1180 3640 1521 3709 extinctus
1575 3652 1714 3720 est,
1777 3653 2051 3710 excocta
2096 3663 2256 3730 ergo
2304 3652 2406 3709 est
2452 3641 2774 3710 universa

228 3727 640 3816 compositio
685 3727 861 3799 e‘us.
923 3732 1002 3797 Et
1048 3740 1275 3798 tamen
1325 3729 1514 3819 ipsos
1563 3750 1689 3800 nos
1736 3751 2040 3819 paucos,
2093 3729 2213 3816 qui
2263 3731 2728 3798 remansimus
2758 3783 2774 3812 ‚

230 3814 459 3885 adhuc
492 3815 684 3902 quoti
740 3818 800 3886 ie
828 3815 1068 3906 gladii,
1113 3818 1341 3888 adhuc
1371 3817 1678 3905 quotidie
1709 3817 2252 3889 innumerabiles
2296 3819 2779 3888 tribulationes

230 3917 578 3990 premunt.
635 3906 911 3975 Dicatur
956 3928 1159 3998 ergo:
1213 3912 1393 3976 Pone
1431 3928 1707 3995 quoque
1736 3929 1885 3976 eam
1923 3928 2134 3998 super
2165 3928 2427 3998 prunas
2456 3930 2773 3977 vacuam.

240 3994 554 4072 Quotidie
600 4016 760 4063 cum
812 4007 1092 4066 senatus
1136 3995 1349 4076 deest,
1389 3995 1693 4087 populus
1725 3995 2005 4076 interiit,
2043 4007 2110 4065 et
2140 4007 2367 4065 tamen
2401 3997 2472 4064 in
2512 3997 2778 4087 pauciS‚

235 4079 354 4163 qui
400 4094 600 4156 sunt.
655 4082 926 4153 dolores
971 4095 1036 4154 et
1083 4083 1383 4174 gemitus
1429 4084 1737 4172 quotidie
1784 4084 2377 4185 multiplicantur,
2422 4086 2571 4176 jam
2620 4106 2783 4176 ergo

238 4187 450 4240 vacua
496 4172 688 4241 ardet
738 4177 976 4242 Roma.
1030 4172 1208 4257 Quid
1258 4184 1486 4244 autem
1535 4173 1669 4244 ista
1708 4173 1792 4243 de
1827 4174 2229 4244 hominibus
2261 4174 2585 4258 dicimus,
2620 4197 2781 4245 cum

294 4353 320 4378 '⁸
345 4355 600 4408 flagellare
618 4372 714 4404 non
735 4363 924 4402 desistit
944 4363 1175 4403 Dominus
1193 4364 1421 4403 mundum
1440 4373 1636 4412 peccare
1656 4372 1754 4403 non
1773 4363 2097 4411 desistentem.

296 4405 348 4432 *¹*
376 4413 495 4458 Quae
512 4426 595 4464 per
615 4416 791 4465 figuras
808 4417 1027 4456 Ezechiel
1045 4416 1331 4456 vaticinatur
1348 4417 1533 4457 divinae
1573 4417 1773 4457 ultionis
1804 4418 2005 4466 flagella.
2022 4428 2108 4467 per
2135 4428 2332 4459 suorum
2362 4418 2628 4466 temporum
2658 4417 2783 4456 tacta

245 4453 509 4507 tristissima
524 4470 704 4512 diserte
724 4470 929 4520 explieat
947 4470 1221 4522 Gregorius,
1240 4471 1293 4510 tn
1309 4470 1443 4511 clade
1462 4471 1746 4521 praesertim
1764 4470 1915 4513 almae
1933 4471 2087 4513 Urbts.
