3327 4999
735 372 864 438 740
1439 386 1517 432 DE
1564 385 1656 433 ss.
1711 384 1876 432 iai-:M
1929 384 2004 430 Er
2050 383 2250 432 sociis
2296 383 2410 430 uu.
2729 362 2835 428 EX
2884 362 3066 429 DEC.
3126 361 3206 426 to

651 485 715 542 et
762 473 994 543 vultus
1061 470 1447 551 tristitiam,
1523 492 1672 542 esse
1747 468 2182 539 solummodo
2249 469 2591 538 intensam
2662 466 3202 559 cogitationem,

649 573 715 630 et
761 562 912 661 ejus
972 559 1155 647 quod
1212 558 1642 649 expediebat,
1708 557 2256 637 meditationem,
2316 556 2644 644 quoniam
2707 555 2873 625 huic
2941 567 3206 644 tempe-

652 661 806 719 stati
855 649 978 719 diu
1038 670 1173 717 non
1235 647 1456 737 potuit
1520 648 1873 726 resistere,
1927 646 2004 715 fit
2062 646 2378 736 protinus
2445 644 2890 724 manifestus,
2964 654 3031 712 et
3099 665 3207 712 ar·

650 740 888 839 guitur
933 736 1019 806 ab
1068 736 1284 805 animi
1381 735 1868 816 erturbatione,
1912 747 1975 804 et
2023 744 2255 825 aperte
2312 733 2614 824 erumpit
2652 732 2722 801 in
2767 733 2971 801 iram.
3034 736 3203 801 Cum

651 839 881 914 itaque
927 825 1168 896 multis
1217 846 1326 893 ma
1360 823 1601 910 edictis
1633 823 1976 893 Christum
2028 835 2208 893 esset
2237 822 2632 902 insectatuS‚
2669 833 2733 890 et
2758 821 3038 890 beatum
3071 826 3205 889 Me·

654 937 814 984 nam
864 913 1391 984 condemnasset
1437 913 1730 982 erroris:
1785 924 1851 981 et
1882 911 2265 1002 adjecisset,
2307 910 2454 980 fieri
2481 910 2758 997 quidem
2799 931 2936 978 non
2972 930 3195 1000 posse,

652 1015 731 1072 ut
777 1002 1094 1071 homines
1162 1001 1512 1070 hominem
1562 1000 1990 1069 discernant:
2045 1020 2325 1090 peccare
2375 1011 2601 1068 autem
2655 1008 3015 1088 peccatum
3073 996 3202 1065 mi-

656 1091 841 1159 nime
878 1089 1377 1179 ignoscendum
1415 1112 1529 1159 eos
1578 1090 1697 1176 qui
1746 1111 1904 1158 cum
1941 1087 2113 1157 nihil
2165 1088 2487 1168 habeant,
2541 1087 2746 1177 cujus
2795 1085 3202 1157 insimulent

656 1177 1144 1259 benefactoreS,
1197 1177 1505 1247 efficiunt
1562 1190 1638 1248 ut
1701 1177 1979 1247 illorum
2053 1177 2121 1245 in
2181 1177 2279 1245 eis
2329 1199 2486 1266 spes
2533 1187 2858 1245 cernatur
2926 1174 3194 1244 inanis:

657 1267 974 1346 surrexit,
1028 1266 1303 1337 interim
1346 1289 1572 1335 rerum
1623 1265 2021 1356 urgentium
2076 1265 2559 1355 praetermissa
2607 1264 2973 1335 solutione.
3009 1268 3196 1332 Mane

656 1368 883 1425 autem
933 1355 1044 1423 die
1091 1355 1400 1441 sequenti
1449 1355 1838 1424 convocatis
1889 1353 2450 1443 magistratibuS,
2510 1376 2670 1422 cum
2735 1351 3199 1422 communiter

656 1467 815 1513 cum
867 1444 967 1512 eis
1014 1443 1536 1522 considerasset,
1590 1455 1654 1512 et
1692 1441 1976 1511 vidisset
2004 1464 2244 1512 omnes
2290 1440 2797 1512 consentientes
2850 1441 2918 1508 in
2962 1461 3198 1527 quem·

657 1532 816 1600 dam
868 1536 1389 1622 Hermogenem,
1446 1532 1670 1600 virum
1705 1531 1985 1619 quidem
2040 1531 2400 1599 honestum
2452 1540 2517 1599 et
2564 1529 2859 1610 clarum,
2917 1542 2984 1598 et
3031 1528 3197 1598 alio·

655 1620 773 1707 qui
819 1642 951 1689 non
998 1619 1257 1690 malum
1296 1621 1472 1711 (erat
1517 1619 1704 1689 enim
1756 1632 2146 1709 temperans
2194 1630 2258 1688 et
2296 1619 2523 1687 bonus
2573 1618 2640 1686 in
2689 1638 3050 1708 paupereS,
3107 1629 3189 1696 et,

655 1720 732 1779 ut
780 1709 947 1780 dicit
994 1709 1373 1799 Apostolus,
1414 1710 1633 1799 legem
1685 1730 1819 1778 non
1860 1708 2143 1788 habens,
2185 1709 2431 1777 natura
2480 1707 2769 1777 faciebat
2814 1727 2993 1794 quae
3041 1717 3199 1774 sunt

659 1797 865 1899 legis:
905 1798 1267 1889 ignorabat
1306 1820 1462 1869 vero
1513 1809 1677 1867 tunc
1726 1796 1971 1868 Christi
2005 1797 2349 1877 virtutem,
2404 1807 2468 1865 et
2518 1817 2644 1865 nec
2685 1796 2837 1885 ejus
2883 1806 3029 1863 erat
3085 1796 3197 1864 ba-

660 1899 911 1977 ptismo
940 1897 1505 1957 consummatus:
1559 1884 1828 1957 etiamsi
1864 1884 2272 1977 imprudens
2306 1883 2823 1975 ingrediebatur
2873 1884 2980 1952 via
3026 1904 3201 1970 quae

657 1986 757 2045 est
821 1998 896 2045 ex
963 1974 1261 2045 Christo:
1315 1986 1380 2045 et
1427 1985 1571 2044 erat
1633 1974 1915 2062 quidem
1971 1974 2122 2064 ejus
2186 1972 2356 2054 oviS,
2410 1972 2529 2042 sed
2582 1995 2715 2044 non
2770 1971 3086 2062 signata:
3138 1984 3201 2041 et

659 2063 1170 2154 conjunctionis
1235 2086 1315 2133 ac
1384 2061 1872 2133 familiaritatis
1927 2062 2232 2131 nondum
2287 2073 2644 2152 acceperat
2692 2060 3195 2152 signaculum).

661 2157 828 2221 Cum
878 2173 1039 2242 ergo
1069 2151 1236 2220 haec
1275 2151 1337 2220 ei
1368 2150 1710 2232 adessent,
1768 2163 1832 2220 et
1878 2163 2054 2220 esset
2101 2150 2381 2237 quidem
2438 2150 2587 2240 ipse
2634 2170 2908 2238 quoque
2958 2171 3203 2240 genere

661 2240 1114 2320 AtheniensiS,
1167 2251 1232 2308 et
1280 2240 1348 2308 in
1386 2246 1637 2309 Graeca
1687 2239 2073 2309 eruditione
2121 2260 2395 2309 summe
2431 2239 2861 2319 exercitatuS,
2902 2250 3042 2307 tam
3092 2259 3205 2308 ex-

663 2328 1019 2417 perientia,
1076 2349 1283 2414 quam
1335 2332 1583 2397 natura
1646 2328 1897 2397 valeret
1962 2327 2371 2417 prudentia:
2423 2342 2488 2396 et
2535 2327 2620 2396 ad
2671 2326 3048 2397 dicendum
3114 2327 3204 2396 ita

662 2416 1038 2496 accederet,
1084 2429 1160 2485 ut
1210 2415 1551 2486 videretur
1588 2417 1674 2486 ad
1728 2417 1853 2487 boc
1915 2416 2144 2485 venire
2201 2414 2604 2486 meditatus:
2660 2428 2725 2486 et
2772 2416 2926 2485 ideo
2974 2435 3208 2486 cense-

661 2516 849 2575 retur
907 2526 1055 2575 esse
1104 2517 1307 2596 aptus
1374 2505 1747 2596 implicatis
1794 2517 1858 2575 et
1909 2505 2247 2596 perplexis
2294 2527 2472 2592 quae
2540 2518 2705 2576 tunc
2767 2518 2914 2576 orta
2981 2518 3202 2586 erant,

661 2594 975 2683 negotiiS,
1028 2605 1088 2664 et
1122 2594 1206 2662 ad
1256 2616 1413 2664 eum
1466 2595 1714 2687 adjecit
1761 2595 2072 2665 animum
2124 2598 2539 2684 Imperator:
2591 2605 2655 2665 et
2702 2617 2860 2664 cum
2923 2593 3208 2665 vidisset

661 2682 1060 2753 universum
1111 2682 1196 2752 ad
1238 2682 1366 2753 hoc
1413 2683 1845 2755 consensisse
1892 2694 2234 2763 senatum,
2270 2683 2499 2753 statim
2541 2682 2823 2771 quidem
2878 2694 3206 2770 tanquam

659 2771 891 2861 probri
938 2784 1003 2841 et
1052 2771 1473 2863 ignominiae
1518 2776 1729 2842 causa
1781 2772 1878 2842 vel
1929 2772 2280 2842 absentem
2333 2772 2610 2843 beatum
2662 2777 2929 2841 Menam
2980 2793 3206 2843 remo·

657 2860 751 2929 vit
798 2882 837 2928 a
866 2860 1203 2929 rectione:
1256 2859 1444 2929 misit
1475 2873 1701 2930 autem
1756 2864 2256 2950 Hermogenem
2290 2860 2411 2947 qui
2454 2872 2614 2930 tunc
2644 2858 3209 2930 eratPraeiectus

655 2948 875 3028 urbiS,
919 2948 1176 3036 jubens
1224 2970 1382 3017 eum
1433 2960 1497 3017 et
1549 2970 1883 3048 magnum
1951 2953 2213 3018 Menam
2265 2948 2682 3029 examinare,
2738 2961 2804 3018 et
2849 2948 3203 3018 civitatem

655 3036 741 3105 ab
789 3056 1038 3116 errore,
1093 3047 1170 3104 ut
1215 3035 1277 3104 ei
1311 3035 1593 3122 quidem
1644 3036 2022 3118 videbatur,
2060 3036 2384 3107 liberare:
2441 3058 2577 3105 non
2617 3035 2888 3106 modica
2913 3036 3205 3123 quidem

656 3124 716 3192 ei
766 3121 925 3191 data
974 3145 1186 3192 manu
1218 3144 1297 3191 ex
1328 3123 1648 3222 Byzantio
1705 3146 1882 3212 quae
1935 3147 2094 3193 cum
2143 3147 2222 3194 eo
2271 3135 2677 3207 versaretur,
2715 3137 2781 3194 et
2830 3125 3096 3212 maJore
3124 3147 3206 3195 ex

660 3209 1065 3280 Alexandria
1112 3233 1289 3297 quae
1337 3234 1398 3280 ei
1450 3211 1832 3282 inserviret.

743 3300 779 3386 ἓ
842 3304 935 3370 θ.
995 3303 1455 3391 Hermogenes
1504 3322 1666 3391 ergo
1706 3302 1846 3390 jam
1902 3301 2234 3392 navigans
2286 3301 2352 3369 in
2404 3305 2812 3457 Aeggvptum,
2871 3322 3033 3372 cum
3081 3323 3208 3371 un-

655 3387 863 3474 dique
910 3387 1424 3459 circumflueret
1471 3389 1808 3460 ministris
1856 3402 1919 3459 et
1967 3389 2400 3471 satellitibUS,
2457 3414 2520 3459 vi
2574 3401 2638 3460 et
2686 3401 2822 3461 tres
2874 3390 3058 3460 viros
3103 3390 3206 3460 lu-

656 3476 984 3557 minosos,
1037 3477 1099 3546 ei
1147 3477 1490 3549 dicentes:
1547 3478 1795 3559 «Vide,
1853 3483 2335 3577 Hermogene&
2388 3479 2573 3566 quod
2625 3501 2750 3548 nec
2801 3480 3004 3549 breve
3053 3480 3208 3567 qui·

655 3564 810 3635 dem
862 3564 1171 3636 studium
1223 3572 1398 3637 Deus
1447 3565 1826 3656 despicit.»
1878 3572 2041 3636 Cum
2105 3567 2221 3636 ille
2269 3578 2501 3638 autem
2536 3567 3010 3657 interogasset,
3070 3572 3207 3637 «Et

652 3654 836 3740 quod
871 3666 971 3723 est
1021 3656 1148 3724 hoc
1196 3656 1396 3724 breve
1457 3655 1810 3735 studium?
1860 3654 2344 3745 Imperfectum
2401 3668 2621 3737 tuum,
2675 3655 3025 3737 dixerunt,
3083 3679 3202 3725 su-

657 3743 959 3832 scipiens
1010 3745 1478 3834 propositum,
1537 3744 1711 3812 viam
1787 3755 1973 3813 tuam
2040 3765 2216 3831 quae
2289 3743 2374 3812 ad
2427 3743 2803 3814 multorum
2855 3745 3205 3834 spectabat

660 3830 1125 3919 naufragium,
1177 3832 1398 3901 effecit
1447 3831 1572 3902 tibi
1632 3831 1891 3921 gloriae
1939 3832 2500 3913 conciliatricem,
2564 3844 2627 3901 et
2674 3832 3022 3902 honorum
3076 3833 3205 3901 im-

658 3919 1081 3989 mortalium.
1135 3921 1298 3989 Vide
1345 3941 1530 4010 ergo,
1583 3932 1659 3989 ut
1698 3920 1866 3990 haec
1916 3922 2095 3991 bona
2147 3922 2403 3990 nuncia
2450 3920 2636 4010 apud
2700 3931 2763 3991 te
2811 3942 3199 3999 conserves

654 4018 720 4076 et
769 4030 853 4076 ne
903 4030 980 4076 ea
1033 4009 1321 4078 mandes
1368 4008 1721 4090 oblivioni,
1775 4010 2028 4079 etenim
2082 4031 2200 4099 per
2249 4010 2377 4078 hoc
2427 4021 2622 4079 tuum
2677 4009 2825 4090 iter,
2881 4031 3041 4078 mox
3083 4010 3204 4080 ha-

655 4094 849 4164 bebis
901 4118 1135 4166 verum
1187 4102 1436 4187 Regem
1488 4109 1551 4166 et
1599 4109 1980 4167 aeternum.
2048 4101 2254 4167 Porro
2311 4111 2558 4167 autem·
2589 4121 2628 4167 a
2679 4097 2878 4167 nobis
2928 4119 3070 4185 quo
3122 4121 3203 4168 ue

651 4183 822 4273 ipsis
869 4207 1027 4255 eum
1077 4184 1302 4255 virum
1351 4186 1817 4273 consequeris,
1862 4207 1983 4277 per
2027 4208 2232 4273 quem
2282 4198 2347 4256 et
2395 4186 2558 4255 huic
2609 4186 2803 4256 beato
2858 4186 3026 4277 Regi
3132 4209 3205 4256 as

652 4272 946 4355 amicus,
987 4285 1050 4342 et
1095 4295 1255 4343 eum
1305 4274 1605 4364 accipias
1640 4273 2044 4365 profectum,
2093 4296 2296 4362 quem
2346 4274 2467 4362 qui
2507 4272 2710 4344 hodie
2761 4286 3024 4365 regnat,
3084 4275 3204 4345 tibi

653 4360 817 4430 dare
867 4383 1000 4431 non
1053 4372 1292 4452 potest.
1343 4384 1378 4428 »
1420 4366 1587 4432 Cum
1630 4384 1786 4432 vero
1817 4362 1903 4431 ad
1937 4375 2313 4433 extremum
2356 4361 2831 4453 gallicantum
2885 4384 3018 4431 nox
3055 4365 3204 4463 jam

654 4448 1095 4538 pervenisset,
1149 4471 1435 4520 excusso
1470 4448 1679 4521 simul
1731 4473 1998 4533 somn0,
2051 4462 2138 4534 et,
2179 4467 2384 4539 quam
2427 4472 2508 4521 ex
2557 4461 2895 4523 nocturna
2942 4451 3206 4522 vistone
