<?xml version="1.0" encoding="UTF-8"?>
<!DOCTYPE html PUBLIC "-//W3C//DTD XHTML 1.0 Transitional//EN"
    "http://www.w3.org/TR/xhtml1/DTD/xhtml1-transitional.dtd">
<html xmlns="http://www.w3.org/1999/xhtml" xml:lang="en" lang="en">
 <head>
  <title>
</title>
<meta http-equiv="Content-Type" content="text/html;charset=utf-8" />
  <meta name='ocr-system' content='tesseract 3.04.00' />
  <meta name='ocr-capabilities' content='ocr_page ocr_carea ocr_par ocr_line ocrx_word'/>
</head>
<body>
  <div class='ocr_page' id='page_1' title='image "./historiaeseuvit04lippgoog_0678.png"; bbox 0 0 3327 4999; ppageno 0'>
   <div class='ocr_carea' id='block_1_1' title="bbox 653 314 3132 396">
    <p class='ocr_par' dir='ltr' id='par_1_1' title="bbox 653 314 3132 396">
     <span class='ocr_line' id='line_1_1' title="bbox 653 314 3132 396; baseline 0.001 -4"><span class='ocrx_word' id='word_1_1' title='bbox 653 326 782 393; x_wconf 74' lang='lat'>648</span> <span class='ocrx_word' id='word_1_2' title='bbox 1276 344 1353 393; x_wconf 74' lang='lat' dir='ltr'>nn</span> <span class='ocrx_word' id='word_1_3' title='bbox 1402 346 1454 393; x_wconf 89' lang='lat' dir='ltr'>s.</span> <span class='ocrx_word' id='word_1_4' title='bbox 1493 314 1856 395; x_wconf 66' lang='lat' dir='ltr'>malumno</span> <span class='ocrx_word' id='word_1_5' title='bbox 1907 345 2072 394; x_wconf 76' lang='lat' dir='ltr'>nrAc.</span> <span class='ocrx_word' id='word_1_6' title='bbox 2109 345 2184 393; x_wconf 75' lang='lat' dir='ltr'>m</span> <span class='ocrx_word' id='word_1_7' title='bbox 2230 344 2415 394; x_wconf 69' lang='lat' dir='ltr'>conr.</span> <span class='ocrx_word' id='word_1_8' title='bbox 2695 329 2801 395; x_wconf 80' lang='lat' dir='ltr'>EX</span> <span class='ocrx_word' id='word_1_9' title='bbox 2846 328 3023 396; x_wconf 82' lang='lat' dir='ltr'>OCT.</span> <span class='ocrx_word' id='word_1_10' title='bbox 3087 331 3132 395; x_wconf 79' lang='grc' dir='ltr'><em>ὃ</em></span> 
     </span>
    </p>
   </div>
   <div class='ocr_carea' id='block_1_2' title="bbox 470 424 3172 4477">
    <p class='ocr_par' dir='ltr' id='par_1_2' title="bbox 565 424 3129 604">
     <span class='ocr_line' id='line_1_2' title="bbox 568 424 3129 517; baseline 0.001 -23"><span class='ocrx_word' id='word_1_11' title='bbox 568 424 1038 495; x_wconf 89' lang='lat' dir='ltr'>Paderbonam</span> <span class='ocrx_word' id='word_1_12' title='bbox 1090 426 1293 506; x_wconf 86' lang='lat' dir='ltr'>venit,</span> <span class='ocrx_word' id='word_1_13' title='bbox 1355 437 1419 495; x_wconf 93' lang='lat' dir='ltr'>et</span> <span class='ocrx_word' id='word_1_14' title='bbox 1466 426 1553 495; x_wconf 89' lang='lat' dir='ltr'>ab</span> <span class='ocrx_word' id='word_1_15' title='bbox 1592 447 1670 495; x_wconf 90' lang='lat' dir='ltr'>eo</span> <span class='ocrx_word' id='word_1_16' title='bbox 1705 425 2081 497; x_wconf 89' lang='lat' dir='ltr'>honorifice</span> <span class='ocrx_word' id='word_1_17' title='bbox 2121 425 2446 516; x_wconf 87' lang='lat' dir='ltr'>inprimis</span> <span class='ocrx_word' id='word_1_18' title='bbox 2484 439 2830 517; x_wconf 83' lang='lat' dir='ltr'>acceptuS‚</span> <span class='ocrx_word' id='word_1_19' title='bbox 2884 427 3129 498; x_wconf 91' lang='lat' dir='ltr'>sedem</span> 
     </span>
     <span class='ocr_line' id='line_1_3' title="bbox 565 513 2144 604; baseline 0.003 -22"><span class='ocrx_word' id='word_1_20' title='bbox 565 513 756 583; x_wconf 88' lang='lat' dir='ltr'>illam</span> <span class='ocrx_word' id='word_1_21' title='bbox 808 514 1209 583; x_wconf 88' lang='lat' dir='ltr'>auctoritate</span> <span class='ocrx_word' id='word_1_22' title='bbox 1256 514 1639 604; x_wconf 87' lang='lat' dir='ltr'>Apostolica</span> <span class='ocrx_word' id='word_1_23' title='bbox 1688 515 2144 585; x_wconf 87' lang='lat' dir='ltr'>confirmavit.</span> 
     </span>
    </p>

    <p class='ocr_par' dir='ltr' id='par_1_3' title="bbox 470 602 3172 1756">
     <span class='ocr_line' id='line_1_4' title="bbox 653 602 3133 694; baseline 0 -22"><span class='ocrx_word' id='word_1_24' title='bbox 653 604 691 689; x_wconf 67' lang='grc' dir='ltr'>ἓ</span> <span class='ocrx_word' id='word_1_25' title='bbox 742 607 830 672; x_wconf 69' lang='lat'>8.</span> <span class='ocrx_word' id='word_1_26' title='bbox 888 607 1012 670; x_wconf 91' lang='lat' dir='ltr'>Per</span> <span class='ocrx_word' id='word_1_27' title='bbox 1043 602 1112 671; x_wconf 93' lang='lat' dir='ltr'>id</span> <span class='ocrx_word' id='word_1_28' title='bbox 1164 612 1436 693; x_wconf 90' lang='lat' dir='ltr'>tempus</span> <span class='ocrx_word' id='word_1_29' title='bbox 1469 603 1572 672; x_wconf 83' lang='lat' dir='ltr'>vir</span> <span class='ocrx_word' id='word_1_30' title='bbox 1602 603 1885 690; x_wconf 87' lang='lat' dir='ltr'>quidam</span> <span class='ocrx_word' id='word_1_31' title='bbox 1919 604 2293 694; x_wconf 89' lang='lat' dir='ltr'>opulentus</span> <span class='ocrx_word' id='word_1_32' title='bbox 2322 616 2387 674; x_wconf 90' lang='lat' dir='ltr'>et</span> <span class='ocrx_word' id='word_1_33' title='bbox 2427 604 2701 686; x_wconf 90' lang='lat' dir='ltr'>nobilis,</span> <span class='ocrx_word' id='word_1_34' title='bbox 2744 625 2880 673; x_wconf 90' lang='lat' dir='ltr'>non</span> <span class='ocrx_word' id='word_1_35' title='bbox 2916 603 3133 693; x_wconf 87' lang='lat' dir='ltr'>longe</span> 
     </span>
     <span class='ocr_line' id='line_1_5' title="bbox 564 689 3133 786; baseline 0 -26"><span class='ocrx_word' id='word_1_36' title='bbox 564 690 651 760; x_wconf 87' lang='lat' dir='ltr'>ab</span> <span class='ocrx_word' id='word_1_37' title='bbox 680 712 758 760; x_wconf 92' lang='lat' dir='ltr'>eo</span> <span class='ocrx_word' id='word_1_38' title='bbox 808 690 954 760; x_wconf 95' lang='lat' dir='ltr'>loco</span> <span class='ocrx_word' id='word_1_39' title='bbox 991 689 1335 771; x_wconf 86' lang='lat' dir='ltr'>habitans,</span> <span class='ocrx_word' id='word_1_40' title='bbox 1391 691 1776 761; x_wconf 88' lang='lat' dir='ltr'>Christiana</span> <span class='ocrx_word' id='word_1_41' title='bbox 1809 692 2139 783; x_wconf 84' lang='lat' dir='ltr'>religione</span> <span class='ocrx_word' id='word_1_42' title='bbox 2177 695 2328 786; x_wconf 87' lang='lat' dir='ltr'>jam</span> <span class='ocrx_word' id='word_1_43' title='bbox 2357 693 2693 775; x_wconf 76' lang='lat' dir='ltr'>initiatuS‚</span> <span class='ocrx_word' id='word_1_44' title='bbox 2726 692 2905 762; x_wconf 89' lang='lat' dir='ltr'>viam</span> <span class='ocrx_word' id='word_1_45' title='bbox 2958 693 3133 761; x_wconf 88' lang='lat' dir='ltr'>uni-</span> 
     </span>
     <span class='ocr_line' id='line_1_6' title="bbox 564 778 3130 871; baseline 0.002 -25"><span class='ocrx_word' id='word_1_46' title='bbox 564 798 801 848; x_wconf 87' lang='lat' dir='ltr'>versae</span> <span class='ocrx_word' id='word_1_47' title='bbox 846 778 1078 849; x_wconf 89' lang='lat' dir='ltr'>carnis</span> <span class='ocrx_word' id='word_1_48' title='bbox 1124 779 1483 869; x_wconf 87' lang='lat' dir='ltr'>ingressus</span> <span class='ocrx_word' id='word_1_49' title='bbox 1521 789 1645 861; x_wconf 88' lang='lat' dir='ltr'>est,</span> <span class='ocrx_word' id='word_1_50' title='bbox 1714 779 1950 850; x_wconf 85' lang='lat' dir='ltr'>relicta</span> <span class='ocrx_word' id='word_1_51' title='bbox 1990 803 2199 853; x_wconf 85' lang='lat' dir='ltr'>uxore</span> <span class='ocrx_word' id='word_1_52' title='bbox 2244 782 2584 854; x_wconf 89' lang='lat' dir='ltr'>catholica</span> <span class='ocrx_word' id='word_1_53' title='bbox 2635 780 3009 871; x_wconf 88' lang='lat' dir='ltr'>Wigtrude,</span> <span class='ocrx_word' id='word_1_54' title='bbox 3057 793 3130 851; x_wconf 89' lang='lat' dir='ltr'>et</span> 
     </span>
     <span class='ocr_line' id='line_1_7' title="bbox 569 866 3129 962; baseline 0.002 -28"><span class='ocrx_word' id='word_1_55' title='bbox 569 887 781 958; x_wconf 89' lang='lat' dir='ltr'>parvo</span> <span class='ocrx_word' id='word_1_56' title='bbox 831 866 997 947; x_wconf 85' lang='lat' dir='ltr'>filio,</span> <span class='ocrx_word' id='word_1_57' title='bbox 1052 867 1175 954; x_wconf 90' lang='lat' dir='ltr'>qui</span> <span class='ocrx_word' id='word_1_58' title='bbox 1229 867 1355 937; x_wconf 88' lang='lat' dir='ltr'>etsi</span> <span class='ocrx_word' id='word_1_59' title='bbox 1405 889 1527 957; x_wconf 91' lang='lat' dir='ltr'>per</span> <span class='ocrx_word' id='word_1_60' title='bbox 1573 881 1859 938; x_wconf 87' lang='lat' dir='ltr'>aetatem</span> <span class='ocrx_word' id='word_1_61' title='bbox 1910 870 2271 942; x_wconf 88' lang='lat' dir='ltr'>ambulare</span> <span class='ocrx_word' id='word_1_62' title='bbox 2308 872 2452 962; x_wconf 88' lang='lat' dir='ltr'>jam</span> <span class='ocrx_word' id='word_1_63' title='bbox 2507 881 2765 961; x_wconf 88' lang='lat' dir='ltr'>posset,</span> <span class='ocrx_word' id='word_1_64' title='bbox 2819 868 3129 940; x_wconf 83' lang='lat' dir='ltr'><strong>necdum</strong></span> 
     </span>
     <span class='ocr_line' id='line_1_8' title="bbox 567 954 3129 1050; baseline 0 -24"><span class='ocrx_word' id='word_1_65' title='bbox 567 969 797 1026; x_wconf 88' lang='lat' dir='ltr'>tamen</span> <span class='ocrx_word' id='word_1_66' title='bbox 845 954 1283 1044; x_wconf 87' lang='lat' dir='ltr'>baptismatis</span> <span class='ocrx_word' id='word_1_67' title='bbox 1312 956 1495 1027; x_wconf 85' lang='lat' dir='ltr'>fonte</span> <span class='ocrx_word' id='word_1_68' title='bbox 1526 970 1809 1027; x_wconf 88' lang='lat' dir='ltr'>renatus</span> <span class='ocrx_word' id='word_1_69' title='bbox 1857 969 2022 1027; x_wconf 89' lang='lat' dir='ltr'>erat.</span> <span class='ocrx_word' id='word_1_70' title='bbox 2059 964 2151 1028; x_wconf 88' lang='lat' dir='ltr'>Ea</span> <span class='ocrx_word' id='word_1_71' title='bbox 2197 981 2360 1050; x_wconf 92' lang='lat' dir='ltr'>ergo</span> <span class='ocrx_word' id='word_1_72' title='bbox 2399 959 2792 1039; x_wconf 79' lang='lat' dir='ltr'>WictrudiS,</span> <span class='ocrx_word' id='word_1_73' title='bbox 2846 969 3129 1049; x_wconf 86' lang='lat' dir='ltr'>captata</span> 
     </span>
     <span class='ocr_line' id='line_1_9' title="bbox 568 1043 3130 1137; baseline 0.001 -23"><span class='ocrx_word' id='word_1_74' title='bbox 568 1043 1132 1135; x_wconf 80' lang='lat' dir='ltr'>opportunitate,</span> <span class='ocrx_word' id='word_1_75' title='bbox 1186 1043 1273 1113; x_wconf 89' lang='lat' dir='ltr'>ad</span> <span class='ocrx_word' id='word_1_76' title='bbox 1300 1044 1639 1114; x_wconf 88' lang='lat' dir='ltr'>-Carolum</span> <span class='ocrx_word' id='word_1_77' title='bbox 1692 1051 1941 1137; x_wconf 87' lang='lat' dir='ltr'>Regem</span> <span class='ocrx_word' id='word_1_78' title='bbox 1994 1070 2155 1116; x_wconf 89' lang='lat' dir='ltr'>cum</span> <span class='ocrx_word' id='word_1_79' title='bbox 2207 1048 2420 1119; x_wconf 79' lang='lat' dir='ltr'>filiolo</span> <span class='ocrx_word' id='word_1_80' title='bbox 2481 1069 2606 1119; x_wconf 92' lang='lat' dir='ltr'>suo</span> <span class='ocrx_word' id='word_1_81' title='bbox 2665 1046 2959 1116; x_wconf 86' lang='lat' dir='ltr'>fidenter</span> <span class='ocrx_word' id='word_1_82' title='bbox 3005 1070 3130 1117; x_wconf 86' lang='lat' dir='ltr'>ac-</span> 
     </span>
     <span class='ocr_line' id='line_1_10' title="bbox 569 1131 3121 1227; baseline 0.001 -25"><span class='ocrx_word' id='word_1_83' title='bbox 569 1131 798 1211; x_wconf 85' lang='lat' dir='ltr'>cessit,</span> <span class='ocrx_word' id='word_1_84' title='bbox 858 1145 1062 1219; x_wconf 87' lang='lat' dir='ltr'>atque</span> <span class='ocrx_word' id='word_1_85' title='bbox 1109 1132 1259 1222; x_wconf 88' lang='lat' dir='ltr'>ejus</span> <span class='ocrx_word' id='word_1_86' title='bbox 1307 1134 1597 1222; x_wconf 80' lang='lat' dir='ltr'>gratiam</span> <span class='ocrx_word' id='word_1_87' title='bbox 1646 1147 1713 1203; x_wconf 88' lang='lat' dir='ltr'>et</span> <span class='ocrx_word' id='word_1_88' title='bbox 1781 1135 2324 1206; x_wconf 88' lang='lat' dir='ltr'>benevolentiam</span> <span class='ocrx_word' id='word_1_89' title='bbox 2388 1136 2654 1206; x_wconf 87' lang='lat' dir='ltr'>studuit</span> <span class='ocrx_word' id='word_1_90' title='bbox 2712 1136 3121 1227; x_wconf 89' lang='lat' dir='ltr'>promereri.</span> 
     </span>
     <span class='ocr_line' id='line_1_11' title="bbox 568 1219 3125 1314; baseline 0.001 -23"><span class='ocrx_word' id='word_1_91' title='bbox 568 1225 645 1291; x_wconf 80' lang='lat' dir='ltr'>At</span> <span class='ocrx_word' id='word_1_92' title='bbox 694 1225 832 1290; x_wconf 85' lang='lat' dir='ltr'>Rex</span> <span class='ocrx_word' id='word_1_93' title='bbox 865 1219 1237 1290; x_wconf 84' lang='lat' dir='ltr'>foeminam</span> <span class='ocrx_word' id='word_1_94' title='bbox 1290 1221 1686 1291; x_wconf 85' lang='lat' dir='ltr'>humaniter</span> <span class='ocrx_word' id='word_1_95' title='bbox 1729 1234 1794 1291; x_wconf 89' lang='lat' dir='ltr'>et</span> <span class='ocrx_word' id='word_1_96' title='bbox 1846 1223 1954 1313; x_wconf 90' lang='lat' dir='ltr'>pie</span> <span class='ocrx_word' id='word_1_97' title='bbox 2002 1225 2369 1314; x_wconf 82' lang='lat' dir='ltr'>accipiens,</span> <span class='ocrx_word' id='word_1_98' title='bbox 2411 1224 2634 1294; x_wconf 86' lang='lat' dir='ltr'>filium</span> <span class='ocrx_word' id='word_1_99' title='bbox 2685 1225 2837 1314; x_wconf 87' lang='lat' dir='ltr'>ejus</span> <span class='ocrx_word' id='word_1_100' title='bbox 2885 1246 3125 1293; x_wconf 88' lang='lat' dir='ltr'>coram</span> 
     </span>
     <span class='ocr_line' id='line_1_12' title="bbox 568 1308 3125 1404; baseline 0.001 -25"><span class='ocrx_word' id='word_1_101' title='bbox 568 1330 641 1380; x_wconf 91' lang='lat' dir='ltr'>se</span> <span class='ocrx_word' id='word_1_102' title='bbox 687 1309 952 1378; x_wconf 89' lang='lat' dir='ltr'>curavit</span> <span class='ocrx_word' id='word_1_103' title='bbox 998 1308 1330 1398; x_wconf 89' lang='lat' dir='ltr'>baptizari</span> <span class='ocrx_word' id='word_1_104' title='bbox 1363 1322 1429 1380; x_wconf 92' lang='lat' dir='ltr'>et</span> <span class='ocrx_word' id='word_1_105' title='bbox 1475 1332 1634 1380; x_wconf 91' lang='lat' dir='ltr'>eum</span> <span class='ocrx_word' id='word_1_106' title='bbox 1686 1310 1772 1380; x_wconf 88' lang='lat' dir='ltr'>de</span> <span class='ocrx_word' id='word_1_107' title='bbox 1819 1333 2014 1381; x_wconf 88' lang='lat' dir='ltr'>sacro</span> <span class='ocrx_word' id='word_1_108' title='bbox 2045 1312 2229 1382; x_wconf 80' lang='lat' dir='ltr'>fonte</span> <span class='ocrx_word' id='word_1_109' title='bbox 2277 1314 2689 1404; x_wconf 88' lang='lat' dir='ltr'>suscipiens,</span> <span class='ocrx_word' id='word_1_110' title='bbox 2733 1312 2988 1381; x_wconf 88' lang='lat' dir='ltr'>Meinul</span> <span class='ocrx_word' id='word_1_111' title='bbox 3053 1313 3125 1381; x_wconf 88' lang='lat' dir='ltr'>hi</span> 
     </span>
     <span class='ocr_line' id='line_1_13' title="bbox 573 1397 3128 1491; baseline 0.002 -26"><span class='ocrx_word' id='word_1_112' title='bbox 573 1418 824 1467; x_wconf 89' lang='lat' dir='ltr'>nomen</span> <span class='ocrx_word' id='word_1_113' title='bbox 873 1397 1339 1487; x_wconf 88' lang='lat' dir='ltr'>ei.imposuit.</span> <span class='ocrx_word' id='word_1_114' title='bbox 1394 1403 1761 1485; x_wconf 90' lang='lat' dir='ltr'>Postquam</span> <span class='ocrx_word' id='word_1_115' title='bbox 1813 1411 2041 1470; x_wconf 90' lang='lat' dir='ltr'>autern</span> <span class='ocrx_word' id='word_1_116' title='bbox 2075 1401 2522 1471; x_wconf 85' lang='lat' dir='ltr'>Hatumarius</span> <span class='ocrx_word' id='word_1_117' title='bbox 2557 1401 2824 1491; x_wconf 89' lang='lat' dir='ltr'>primus</span> <span class='ocrx_word' id='word_1_118' title='bbox 2872 1406 2964 1469; x_wconf 91' lang='lat' dir='ltr'>Pa</span> <span class='ocrx_word' id='word_1_119' title='bbox 3015 1422 3128 1470; x_wconf 89' lang='lat' dir='ltr'>er-</span> 
     </span>
     <span class='ocr_line' id='line_1_14' title="bbox 569 1485 3127 1586; baseline 0.002 -31"><span class='ocrx_word' id='word_1_120' title='bbox 569 1485 901 1556; x_wconf 88' lang='lat' dir='ltr'>bonensis</span> <span class='ocrx_word' id='word_1_121' title='bbox 947 1486 1327 1586; x_wconf 87' lang='lat' dir='ltr'>Episcopus</span> <span class='ocrx_word' id='word_1_122' title='bbox 1374 1508 1523 1555; x_wconf 89' lang='lat' dir='ltr'>eam</span> <span class='ocrx_word' id='word_1_123' title='bbox 1577 1487 1937 1558; x_wconf 88' lang='lat' dir='ltr'>ecclesiam</span> <span class='ocrx_word' id='word_1_124' title='bbox 1990 1490 2194 1559; x_wconf 91' lang='lat' dir='ltr'>annis</span> <span class='ocrx_word' id='word_1_125' title='bbox 2260 1501 2409 1559; x_wconf 91' lang='lat' dir='ltr'>octo</span> <span class='ocrx_word' id='word_1_126' title='bbox 2464 1489 3024 1569; x_wconf 88' lang='lat' dir='ltr'>administravit,</span> <span class='ocrx_word' id='word_1_127' title='bbox 3089 1512 3127 1559; x_wconf 90' lang='lat' dir='ltr'>e</span> 
     </span>
     <span class='ocr_line' id='line_1_15' title="bbox 567 1574 3172 1666; baseline 0.002 -24"><span class='ocrx_word' id='word_1_128' title='bbox 567 1574 705 1643; x_wconf 87' lang='lat' dir='ltr'>vita</span> <span class='ocrx_word' id='word_1_129' title='bbox 765 1574 1079 1643; x_wconf 75' lang='lat' dir='ltr'>decessit.</span> <span class='ocrx_word' id='word_1_130' title='bbox 1134 1580 1209 1643; x_wconf 92' lang='lat' dir='ltr'>E1</span> <span class='ocrx_word' id='word_1_131' title='bbox 1260 1596 1414 1644; x_wconf 88' lang='lat' dir='ltr'>vero</span> <span class='ocrx_word' id='word_1_132' title='bbox 1485 1575 1903 1666; x_wconf 79' lang='lat' dir='ltr'>subrogatus</span> <span class='ocrx_word' id='word_1_133' title='bbox 1976 1588 2078 1647; x_wconf 90' lang='lat' dir='ltr'>est</span> <span class='ocrx_word' id='word_1_134' title='bbox 2125 1577 2303 1648; x_wconf 88' lang='lat' dir='ltr'>alius</span> <span class='ocrx_word' id='word_1_135' title='bbox 2371 1578 2656 1665; x_wconf 89' lang='lat' dir='ltr'>quidam</span> <span class='ocrx_word' id='word_1_136' title='bbox 2734 1578 3172 1648; x_wconf 76' lang='lat' dir='ltr'>canonicus-</span> 
     </span>
     <span class='ocr_line' id='line_1_16' title="bbox 470 1662 3124 1756; baseline 0.002 -26"><span class='ocrx_word' id='word_1_137' title='bbox 470 1750 475 1753; x_wconf 27' lang='grc'><strong>,</strong></span> <span class='ocrx_word' id='word_1_138' title='bbox 562 1662 773 1744; x_wconf 85' lang='lat' dir='ltr'>Herbi</span> <span class='ocrx_word' id='word_1_139' title='bbox 873 1662 1107 1743; x_wconf 90' lang='lat' dir='ltr'>lensis‚</span> <span class='ocrx_word' id='word_1_140' title='bbox 1152 1662 1558 1732; x_wconf 88' lang='lat' dir='ltr'>Baduradus</span> <span class='ocrx_word' id='word_1_141' title='bbox 1609 1665 1910 1747; x_wconf 90' lang='lat' dir='ltr'>nomine,</span> <span class='ocrx_word' id='word_1_142' title='bbox 1951 1666 2226 1736; x_wconf 90' lang='lat' dir='ltr'>natione</span> <span class='ocrx_word' id='word_1_143' title='bbox 2275 1665 2732 1756; x_wconf 79' lang='lat' dir='ltr'>Westphalu5‚</span> <span class='ocrx_word' id='word_1_144' title='bbox 2791 1665 3124 1756; x_wconf 84' lang='lat' dir='ltr'>praefuit-</span> 
     </span>
    </p>

    <p class='ocr_par' dir='ltr' id='par_1_4' title="bbox 564 1750 3128 3146">
     <span class='ocr_line' id='line_1_17' title="bbox 566 1750 3126 1845; baseline 0.002 -26"><span class='ocrx_word' id='word_1_145' title='bbox 566 1772 702 1837; x_wconf 88' lang='lat' dir='ltr'>que</span> <span class='ocrx_word' id='word_1_146' title='bbox 765 1751 866 1819; x_wconf 90' lang='lat' dir='ltr'>ili</span> <span class='ocrx_word' id='word_1_147' title='bbox 915 1750 1254 1820; x_wconf 87' lang='lat' dir='ltr'>Ecclesiae</span> <span class='ocrx_word' id='word_1_148' title='bbox 1316 1750 1398 1833; x_wconf 86' lang='lat' dir='ltr'>ad</span> <span class='ocrx_word' id='word_1_149' title='bbox 1452 1773 1671 1822; x_wconf 90' lang='lat' dir='ltr'>annos</span> <span class='ocrx_word' id='word_1_150' title='bbox 1718 1753 2179 1845; x_wconf 86' lang='lat' dir='ltr'>quadraginta</span> <span class='ocrx_word' id='word_1_151' title='bbox 2225 1766 2290 1824; x_wconf 88' lang='lat' dir='ltr'>et</span> <span class='ocrx_word' id='word_1_152' title='bbox 2336 1769 2518 1824; x_wconf 90' lang='lat' dir='ltr'>octo:</span> <span class='ocrx_word' id='word_1_153' title='bbox 2574 1753 3126 1845; x_wconf 86' lang='lat' dir='ltr'>primariamque</span> 
     </span>
     <span class='ocr_line' id='line_1_18' title="bbox 568 1838 3115 1943; baseline 0.002 -34"><span class='ocrx_word' id='word_1_154' title='bbox 568 1839 709 1909; x_wconf 89' lang='lat' dir='ltr'>sive</span> <span class='ocrx_word' id='word_1_155' title='bbox 757 1838 1217 1910; x_wconf 84' lang='lat' dir='ltr'>cathedralem</span> <span class='ocrx_word' id='word_1_156' title='bbox 1268 1839 1628 1910; x_wconf 86' lang='lat' dir='ltr'>ecclesiam</span> <span class='ocrx_word' id='word_1_157' title='bbox 1688 1863 1898 1929; x_wconf 89' lang='lat' dir='ltr'>quam</span> <span class='ocrx_word' id='word_1_158' title='bbox 1967 1843 2247 1913; x_wconf 82' lang='lat' dir='ltr'>Carolus</span> <span class='ocrx_word' id='word_1_159' title='bbox 2295 1848 2585 1943; x_wconf 84' lang='lat' dir='ltr'>Magnus</span> <span class='ocrx_word' id='word_1_160' title='bbox 2649 1842 3115 1923; x_wconf 86' lang='lat' dir='ltr'>inchoaverat,</span> 
     </span>
     <span class='ocr_line' id='line_1_19' title="bbox 565 1926 3121 2030; baseline 0.002 -35"><span class='ocrx_word' id='word_1_161' title='bbox 565 1928 715 2017; x_wconf 86' lang='lat' dir='ltr'>ipse</span> <span class='ocrx_word' id='word_1_162' title='bbox 748 1927 1038 1997; x_wconf 90' lang='lat' dir='ltr'>absolvit</span> <span class='ocrx_word' id='word_1_163' title='bbox 1076 1926 1261 2018; x_wconf 89' lang='lat' dir='ltr'>apud</span> <span class='ocrx_word' id='word_1_164' title='bbox 1301 1950 1510 2016; x_wconf 90' lang='lat' dir='ltr'>quam</span> <span class='ocrx_word' id='word_1_165' title='bbox 1549 1929 1989 2020; x_wconf 86' lang='lat' dir='ltr'>Meinulphus</span> <span class='ocrx_word' id='word_1_166' title='bbox 2035 1952 2210 2030; x_wconf 87' lang='lat' dir='ltr'>puer</span> <span class='ocrx_word' id='word_1_167' title='bbox 2258 1931 2471 2000; x_wconf 78' lang='lat' dir='ltr'>literis</span> <span class='ocrx_word' id='word_1_168' title='bbox 2520 1929 2964 2001; x_wconf 88' lang='lat' dir='ltr'>addiscendis</span> <span class='ocrx_word' id='word_1_169' title='bbox 3013 1944 3121 2002; x_wconf 88' lang='lat' dir='ltr'>est</span> 
     </span>
     <span class='ocr_line' id='line_1_20' title="bbox 565 2016 3116 2108; baseline 0.001 -23"><span class='ocrx_word' id='word_1_170' title='bbox 565 2016 909 2087; x_wconf 67' lang='lat' dir='ltr'>admotus».</span> <span class='ocrx_word' id='word_1_171' title='bbox 966 2022 1270 2103; x_wconf 81' lang='lat' dir='ltr'>Cumque</span> <span class='ocrx_word' id='word_1_172' title='bbox 1317 2029 1382 2086; x_wconf 88' lang='lat' dir='ltr'>et</span> <span class='ocrx_word' id='word_1_173' title='bbox 1428 2029 1643 2086; x_wconf 89' lang='lat' dir='ltr'>aetate</span> <span class='ocrx_word' id='word_1_174' title='bbox 1701 2029 1766 2088; x_wconf 90' lang='lat' dir='ltr'>et</span> <span class='ocrx_word' id='word_1_175' title='bbox 1812 2018 2097 2087; x_wconf 75' lang='lat' dir='ltr'>scientia</span> <span class='ocrx_word' id='word_1_176' title='bbox 2147 2019 2525 2108; x_wconf 87' lang='lat' dir='ltr'>proficeret,</span> <span class='ocrx_word' id='word_1_177' title='bbox 2580 2019 2988 2091; x_wconf 87' lang='lat' dir='ltr'>Baduradus</span> <span class='ocrx_word' id='word_1_178' title='bbox 3039 2025 3116 2088; x_wconf 90' lang='lat' dir='ltr'>E·</span> 
     </span>
     <span class='ocr_line' id='line_1_21' title="bbox 566 2105 3127 2196; baseline 0.002 -23"><span class='ocrx_word' id='word_1_179' title='bbox 566 2105 896 2196; x_wconf 89' lang='lat' dir='ltr'>piscopus</span> <span class='ocrx_word' id='word_1_180' title='bbox 953 2125 1114 2173; x_wconf 89' lang='lat' dir='ltr'>eum</span> <span class='ocrx_word' id='word_1_181' title='bbox 1166 2106 1560 2175; x_wconf 89' lang='lat' dir='ltr'>monasterii</span> <span class='ocrx_word' id='word_1_182' title='bbox 1608 2106 1938 2177; x_wconf 89' lang='lat' dir='ltr'>ecclesiae</span> <span class='ocrx_word' id='word_1_183' title='bbox 1996 2106 2540 2177; x_wconf 89' lang='lat' dir='ltr'>Paderbonensis</span> <span class='ocrx_word' id='word_1_184' title='bbox 2589 2108 2951 2179; x_wconf 86' lang='lat' dir='ltr'>Canonicis</span> <span class='ocrx_word' id='word_1_185' title='bbox 3010 2131 3127 2178; x_wconf 85' lang='lat' dir='ltr'>ac-</span> 
     </span>
     <span class='ocr_line' id='line_1_22' title="bbox 566 2191 3119 2285; baseline 0.001 -22"><span class='ocrx_word' id='word_1_186' title='bbox 566 2204 802 2263; x_wconf 90' lang='lat' dir='ltr'>curate</span> <span class='ocrx_word' id='word_1_187' title='bbox 849 2191 1380 2276; x_wconf 86' lang='lat' dir='ltr'>commendavit,</span> <span class='ocrx_word' id='word_1_188' title='bbox 1432 2206 1510 2264; x_wconf 89' lang='lat' dir='ltr'>ut</span> <span class='ocrx_word' id='word_1_189' title='bbox 1556 2194 1687 2266; x_wconf 90' lang='lat' dir='ltr'>sub</span> <span class='ocrx_word' id='word_1_190' title='bbox 1736 2195 2046 2265; x_wconf 88' lang='lat' dir='ltr'>instituto</span> <span class='ocrx_word' id='word_1_191' title='bbox 2095 2217 2166 2265; x_wconf 92' lang='lat' dir='ltr'>re</span> <span class='ocrx_word' id='word_1_192' title='bbox 2219 2196 2419 2276; x_wconf 90' lang='lat' dir='ltr'>ulari‚</span> <span class='ocrx_word' id='word_1_193' title='bbox 2474 2196 2743 2285; x_wconf 91' lang='lat' dir='ltr'>pietatis</span> <span class='ocrx_word' id='word_1_194' title='bbox 2783 2208 2849 2265; x_wconf 91' lang='lat' dir='ltr'>et</span> <span class='ocrx_word' id='word_1_195' title='bbox 2896 2196 3119 2266; x_wconf 91' lang='lat' dir='ltr'>bono-</span> 
     </span>
     <span class='ocr_line' id='line_1_23' title="bbox 568 2282 3121 2372; baseline 0.002 -21"><span class='ocrx_word' id='word_1_196' title='bbox 568 2302 725 2351; x_wconf 90' lang='lat' dir='ltr'>rum</span> <span class='ocrx_word' id='word_1_197' title='bbox 777 2303 1051 2351; x_wconf 90' lang='lat' dir='ltr'>morum</span> <span class='ocrx_word' id='word_1_198' title='bbox 1101 2282 1438 2372; x_wconf 87' lang='lat' dir='ltr'>acciperet</span> <span class='ocrx_word' id='word_1_199' title='bbox 1470 2283 1917 2353; x_wconf 85' lang='lat' dir='ltr'>incrementa.</span> <span class='ocrx_word' id='word_1_200' title='bbox 1972 2284 2099 2353; x_wconf 92' lang='lat' dir='ltr'>Ubi</span> <span class='ocrx_word' id='word_1_201' title='bbox 2133 2284 2178 2352; x_wconf 91' lang='lat' dir='ltr'>il</span> <span class='ocrx_word' id='word_1_202' title='bbox 2212 2307 2248 2354; x_wconf 89' lang='lat' dir='ltr'>e</span> <span class='ocrx_word' id='word_1_203' title='bbox 2296 2306 2460 2355; x_wconf 89' lang='lat' dir='ltr'>sane</span> <span class='ocrx_word' id='word_1_204' title='bbox 2505 2306 2662 2353; x_wconf 89' lang='lat' dir='ltr'>cum</span> <span class='ocrx_word' id='word_1_205' title='bbox 2715 2284 2955 2356; x_wconf 88' lang='lat' dir='ltr'>aetatis</span> <span class='ocrx_word' id='word_1_206' title='bbox 3003 2308 3121 2355; x_wconf 90' lang='lat' dir='ltr'>ac-</span> 
     </span>
     <span class='ocr_line' id='line_1_24' title="bbox 566 2369 3116 2474; baseline 0.002 -34"><span class='ocrx_word' id='word_1_207' title='bbox 566 2369 876 2440; x_wconf 90' lang='lat' dir='ltr'>cessione</span> <span class='ocrx_word' id='word_1_208' title='bbox 908 2381 1131 2440; x_wconf 91' lang='lat' dir='ltr'>tantos</span> <span class='ocrx_word' id='word_1_209' title='bbox 1180 2370 1422 2441; x_wconf 90' lang='lat' dir='ltr'>habuit</span> <span class='ocrx_word' id='word_1_210' title='bbox 1469 2371 1539 2440; x_wconf 91' lang='lat' dir='ltr'>in</span> <span class='ocrx_word' id='word_1_211' title='bbox 1589 2392 1747 2441; x_wconf 87' lang='lat' dir='ltr'>vera</span> <span class='ocrx_word' id='word_1_212' title='bbox 1794 2372 2043 2463; x_wconf 90' lang='lat' dir='ltr'>pietate</span> <span class='ocrx_word' id='word_1_213' title='bbox 2096 2394 2525 2463; x_wconf 79' lang='lat' dir='ltr'>progressuS,</span> <span class='ocrx_word' id='word_1_214' title='bbox 2589 2384 2664 2443; x_wconf 91' lang='lat' dir='ltr'>ut</span> <span class='ocrx_word' id='word_1_215' title='bbox 2705 2373 3116 2474; x_wconf 80' lang='lat' dir='ltr'>EpiscopuS,</span> 
     </span>
     <span class='ocr_line' id='line_1_25' title="bbox 570 2458 3127 2550; baseline 0.002 -22"><span class='ocrx_word' id='word_1_216' title='bbox 570 2480 844 2529; x_wconf 91' lang='lat' dir='ltr'>morum</span> <span class='ocrx_word' id='word_1_217' title='bbox 894 2458 1044 2550; x_wconf 89' lang='lat' dir='ltr'>ejus</span> <span class='ocrx_word' id='word_1_218' title='bbox 1078 2459 1405 2550; x_wconf 87' lang='lat' dir='ltr'>gravitate</span> <span class='ocrx_word' id='word_1_219' title='bbox 1456 2471 1519 2530; x_wconf 92' lang='lat' dir='ltr'>et</span> <span class='ocrx_word' id='word_1_220' title='bbox 1568 2460 1753 2531; x_wconf 90' lang='lat' dir='ltr'>haud</span> <span class='ocrx_word' id='word_1_221' title='bbox 1803 2460 2118 2533; x_wconf 88' lang='lat' dir='ltr'>obscuris</span> <span class='ocrx_word' id='word_1_222' title='bbox 2171 2462 2501 2532; x_wconf 89' lang='lat' dir='ltr'>virtutum</span> <span class='ocrx_word' id='word_1_223' title='bbox 2550 2461 2832 2533; x_wconf 80' lang='lat' dir='ltr'>indiciis</span> <span class='ocrx_word' id='word_1_224' title='bbox 2880 2462 3127 2533; x_wconf 90' lang='lat' dir='ltr'>multi-</span> 
     </span>
     <span class='ocr_line' id='line_1_26' title="bbox 567 2548 3114 2640; baseline 0.002 -24"><span class='ocrx_word' id='word_1_225' title='bbox 567 2548 778 2618; x_wconf 87' lang='lat' dir='ltr'>variis</span> <span class='ocrx_word' id='word_1_226' title='bbox 840 2561 1216 2638; x_wconf 85' lang='lat' dir='ltr'>permotus,</span> <span class='ocrx_word' id='word_1_227' title='bbox 1260 2571 1417 2618; x_wconf 89' lang='lat' dir='ltr'>eum</span> <span class='ocrx_word' id='word_1_228' title='bbox 1490 2549 1623 2619; x_wconf 90' lang='lat' dir='ltr'>sibi</span> <span class='ocrx_word' id='word_1_229' title='bbox 1693 2550 2129 2640; x_wconf 86' lang='lat' dir='ltr'>peculiariter</span> <span class='ocrx_word' id='word_1_230' title='bbox 2167 2573 2206 2620; x_wconf 90' lang='lat' dir='ltr'>a</span> <span class='ocrx_word' id='word_1_231' title='bbox 2255 2550 2535 2620; x_wconf 88' lang='lat' dir='ltr'>secretis</span> <span class='ocrx_word' id='word_1_232' title='bbox 2581 2572 2731 2622; x_wconf 89' lang='lat' dir='ltr'>esse</span> <span class='ocrx_word' id='word_1_233' title='bbox 2794 2550 3114 2622; x_wconf 88' lang='lat' dir='ltr'>voluerit.</span> 
     </span>
     <span class='ocr_line' id='line_1_27' title="bbox 568 2637 3125 2730; baseline 0.002 -24"><span class='ocrx_word' id='word_1_234' title='bbox 568 2642 729 2707; x_wconf 87' lang='lat' dir='ltr'>Erat</span> <span class='ocrx_word' id='word_1_235' title='bbox 777 2657 1075 2725; x_wconf 90' lang='lat' dir='ltr'>namque</span> <span class='ocrx_word' id='word_1_236' title='bbox 1123 2637 1403 2727; x_wconf 87' lang='lat' dir='ltr'>ingenio</span> <span class='ocrx_word' id='word_1_237' title='bbox 1451 2638 1832 2729; x_wconf 85' lang='lat' dir='ltr'>perspicax,</span> <span class='ocrx_word' id='word_1_238' title='bbox 1902 2661 2187 2728; x_wconf 90' lang='lat' dir='ltr'>corpore</span> <span class='ocrx_word' id='word_1_239' title='bbox 2234 2649 2497 2720; x_wconf 89' lang='lat' dir='ltr'>castus,</span> <span class='ocrx_word' id='word_1_240' title='bbox 2553 2653 2779 2709; x_wconf 89' lang='lat' dir='ltr'>mente</span> <span class='ocrx_word' id='word_1_241' title='bbox 2830 2639 2990 2730; x_wconf 90' lang='lat' dir='ltr'>pius</span> <span class='ocrx_word' id='word_1_242' title='bbox 3040 2663 3125 2710; x_wconf 91' lang='lat' dir='ltr'>ac</span> 
     </span>
     <span class='ocr_line' id='line_1_28' title="bbox 567 2724 3128 2817; baseline 0.002 -23"><span class='ocrx_word' id='word_1_243' title='bbox 567 2730 700 2794; x_wconf 88' lang='lat' dir='ltr'>Deo</span> <span class='ocrx_word' id='word_1_244' title='bbox 748 2724 1055 2806; x_wconf 79' lang='lat' dir='ltr'>devotuS,</span> <span class='ocrx_word' id='word_1_245' title='bbox 1114 2725 1387 2816; x_wconf 76' lang='lat' dir='ltr'>justitia</span> <span class='ocrx_word' id='word_1_246' title='bbox 1465 2725 1752 2815; x_wconf 90' lang='lat' dir='ltr'>pollens,</span> <span class='ocrx_word' id='word_1_247' title='bbox 1839 2726 2218 2797; x_wconf 88' lang='lat' dir='ltr'>instructus</span> <span class='ocrx_word' id='word_1_248' title='bbox 2298 2728 2771 2817; x_wconf 76' lang='lat' dir='ltr'>temperantia,</span> <span class='ocrx_word' id='word_1_249' title='bbox 2828 2728 3128 2798; x_wconf 90' lang='lat' dir='ltr'>consilio</span> 
     </span>
     <span class='ocr_line' id='line_1_29' title="bbox 565 2812 3123 2915; baseline 0.002 -33"><span class='ocrx_word' id='word_1_250' title='bbox 565 2812 920 2902; x_wconf 81' lang='lat' dir='ltr'>providuS‚</span> <span class='ocrx_word' id='word_1_251' title='bbox 956 2813 1149 2883; x_wconf 84' lang='lat' dir='ltr'>sortis</span> <span class='ocrx_word' id='word_1_252' title='bbox 1179 2812 1249 2882; x_wconf 92' lang='lat' dir='ltr'>in</span> <span class='ocrx_word' id='word_1_253' title='bbox 1298 2812 1626 2893; x_wconf 88' lang='lat' dir='ltr'>adversis,</span> <span class='ocrx_word' id='word_1_254' title='bbox 1689 2812 1923 2905; x_wconf 87' lang='lat' dir='ltr'>largus</span> <span class='ocrx_word' id='word_1_255' title='bbox 1972 2814 2449 2915; x_wconf 68' lang='lat' dir='ltr'>eleemosynis,</span> <span class='ocrx_word' id='word_1_256' title='bbox 2504 2837 2821 2886; x_wconf 87' lang='lat' dir='ltr'>sermone</span> <span class='ocrx_word' id='word_1_257' title='bbox 2869 2815 3123 2886; x_wconf 85' lang='lat' dir='ltr'>sacun-</span> 
     </span>
     <span class='ocr_line' id='line_1_30' title="bbox 565 2899 3124 2990; baseline 0.002 -20"><span class='ocrx_word' id='word_1_258' title='bbox 565 2901 721 2982; x_wconf 89' lang='lat' dir='ltr'>dus,</span> <span class='ocrx_word' id='word_1_259' title='bbox 764 2901 1074 2990; x_wconf 90' lang='lat' dir='ltr'>corporis</span> <span class='ocrx_word' id='word_1_260' title='bbox 1134 2899 1355 2970; x_wconf 72' lang='lat' dir='ltr'>forma</span> <span class='ocrx_word' id='word_1_261' title='bbox 1401 2900 1716 2970; x_wconf 79' lang='lat' dir='ltr'>decorus,</span> <span class='ocrx_word' id='word_1_262' title='bbox 1794 2902 2046 2971; x_wconf 87' lang='lat' dir='ltr'>Deinde</span> <span class='ocrx_word' id='word_1_263' title='bbox 2114 2925 2330 2973; x_wconf 80' lang='lat' dir='ltr'>sacris</span> <span class='ocrx_word' id='word_1_264' title='bbox 2379 2903 2715 2986; x_wconf 89' lang='lat' dir='ltr'>initiatus,</span> <span class='ocrx_word' id='word_1_265' title='bbox 2774 2904 3124 2976; x_wconf 88' lang='lat' dir='ltr'>Diaconus</span> 
     </span>
     <span class='ocr_line' id='line_1_31' title="bbox 564 2987 3126 3089; baseline 0.002 -31"><span class='ocrx_word' id='word_1_266' title='bbox 564 2988 927 3089; x_wconf 80' lang='lat' dir='ltr'>ordinatus</span> <span class='ocrx_word' id='word_1_267' title='bbox 974 3000 1096 3070; x_wconf 91' lang='lat' dir='ltr'>est,</span> <span class='ocrx_word' id='word_1_268' title='bbox 1142 2989 1210 3058; x_wconf 91' lang='lat' dir='ltr'>in</span> <span class='ocrx_word' id='word_1_269' title='bbox 1242 3011 1381 3075; x_wconf 91' lang='lat' dir='ltr'>quo</span> <span class='ocrx_word' id='word_1_270' title='bbox 1426 2987 1668 3058; x_wconf 91' lang='lat' dir='ltr'>ordine</span> <span class='ocrx_word' id='word_1_271' title='bbox 1693 2990 1775 3058; x_wconf 89' lang='lat' dir='ltr'>ad</span> <span class='ocrx_word' id='word_1_272' title='bbox 1830 3012 2237 3081; x_wconf 90' lang='lat' dir='ltr'>supremum</span> <span class='ocrx_word' id='word_1_273' title='bbox 2273 3014 2493 3079; x_wconf 86' lang='lat' dir='ltr'>usque</span> <span class='ocrx_word' id='word_1_274' title='bbox 2528 2993 2702 3062; x_wconf 89' lang='lat' dir='ltr'>vitae</span> <span class='ocrx_word' id='word_1_275' title='bbox 2748 2993 2934 3062; x_wconf 91' lang='lat' dir='ltr'>diem</span> <span class='ocrx_word' id='word_1_276' title='bbox 2967 3015 3126 3084; x_wconf 89' lang='lat' dir='ltr'>per-</span> 
     </span>
     <span class='ocr_line' id='line_1_32' title="bbox 567 3090 846 3146; baseline -0.007 0"><span class='ocrx_word' id='word_1_277' title='bbox 567 3090 846 3146; x_wconf 82' lang='lat' dir='ltr'>mansit.</span> 
     </span>
    </p>

    <p class='ocr_par' dir='ltr' id='par_1_5' title="bbox 561 3163 3157 4468">
     <span class='ocr_line' id='line_1_33' title="bbox 652 3163 3125 3267; baseline 0.002 -31"><span class='ocrx_word' id='word_1_278' title='bbox 652 3167 688 3252; x_wconf 76' lang='lat'>§</span> <span class='ocrx_word' id='word_1_279' title='bbox 744 3168 837 3236; x_wconf 73' lang='lat'>8.</span> <span class='ocrx_word' id='word_1_280' title='bbox 891 3163 1083 3246; x_wconf 87' lang='lat' dir='ltr'>Quod</span> <span class='ocrx_word' id='word_1_281' title='bbox 1137 3186 1290 3234; x_wconf 90' lang='lat' dir='ltr'>vero</span> <span class='ocrx_word' id='word_1_282' title='bbox 1331 3165 1710 3267; x_wconf 87' lang='lat' dir='ltr'>Episcopus</span> <span class='ocrx_word' id='word_1_283' title='bbox 1768 3167 2197 3247; x_wconf 88' lang='lat' dir='ltr'>Baduradus,</span> <span class='ocrx_word' id='word_1_284' title='bbox 2254 3168 2372 3237; x_wconf 91' lang='lat' dir='ltr'>cui</span> <span class='ocrx_word' id='word_1_285' title='bbox 2421 3167 2861 3259; x_wconf 86' lang='lat' dir='ltr'>Meinulphus</span> <span class='ocrx_word' id='word_1_286' title='bbox 2928 3174 3125 3241; x_wconf 68' lang='lat' dir='ltr'>tanta</span> 
     </span>
     <span class='ocr_line' id='line_1_34' title="bbox 562 3252 3113 3342; baseline 0.002 -20"><span class='ocrx_word' id='word_1_287' title='bbox 562 3252 694 3323; x_wconf 87' lang='lat' dir='ltr'>fuit</span> <span class='ocrx_word' id='word_1_288' title='bbox 740 3252 1204 3322; x_wconf 83' lang='lat' dir='ltr'>familiaritate</span> <span class='ocrx_word' id='word_1_289' title='bbox 1250 3266 1660 3342; x_wconf 64' lang='lat' dir='ltr'>conjunctus</span> <span class='ocrx_word' id='word_1_290' title='bbox 1700 3309 1715 3336; x_wconf 94' lang='lat'>,</span> <span class='ocrx_word' id='word_1_291' title='bbox 1763 3256 1868 3323; x_wconf 92' lang='lat' dir='ltr'>vir</span> <span class='ocrx_word' id='word_1_292' title='bbox 1916 3256 2134 3327; x_wconf 90' lang='lat' dir='ltr'>multa</span> <span class='ocrx_word' id='word_1_293' title='bbox 2189 3255 2436 3325; x_wconf 88' lang='lat' dir='ltr'>virtute</span> <span class='ocrx_word' id='word_1_294' title='bbox 2483 3256 2713 3326; x_wconf 90' lang='lat' dir='ltr'>clarus</span> <span class='ocrx_word' id='word_1_295' title='bbox 2749 3257 3113 3341; x_wconf 82' lang='lat' dir='ltr'>extiterit,</span> 
     </span>
     <span class='ocr_line' id='line_1_35' title="bbox 565 3342 3124 3434; baseline 0.003 -23"><span class='ocrx_word' id='word_1_296' title='bbox 565 3342 714 3411; x_wconf 90' lang='lat' dir='ltr'>suis</span> <span class='ocrx_word' id='word_1_297' title='bbox 764 3352 1096 3412; x_wconf 88' lang='lat' dir='ltr'>testantur</span> <span class='ocrx_word' id='word_1_298' title='bbox 1129 3342 1405 3432; x_wconf 91' lang='lat' dir='ltr'>scriptis</span> <span class='ocrx_word' id='word_1_299' title='bbox 1453 3343 1573 3429; x_wconf 89' lang='lat' dir='ltr'>qui</span> <span class='ocrx_word' id='word_1_300' title='bbox 1627 3342 1780 3431; x_wconf 87' lang='lat' dir='ltr'>ejus</span> <span class='ocrx_word' id='word_1_301' title='bbox 1817 3356 2033 3414; x_wconf 89' lang='lat' dir='ltr'>aetate</span> <span class='ocrx_word' id='word_1_302' title='bbox 2093 3344 2339 3424; x_wconf 80' lang='lat' dir='ltr'>vixere,</span> <span class='ocrx_word' id='word_1_303' title='bbox 2377 3344 2710 3415; x_wconf 90' lang='lat' dir='ltr'>virtutum</span> <span class='ocrx_word' id='word_1_304' title='bbox 2771 3346 2926 3434; x_wconf 88' lang='lat' dir='ltr'>ejus</span> <span class='ocrx_word' id='word_1_305' title='bbox 2989 3347 3124 3418; x_wconf 86' lang='lat' dir='ltr'>hoc</span> 
     </span>
     <span class='ocr_line' id='line_1_36' title="bbox 566 3429 3123 3523; baseline 0.001 -23"><span class='ocrx_word' id='word_1_306' title='bbox 566 3429 922 3521; x_wconf 89' lang='lat' dir='ltr'>singulare</span> <span class='ocrx_word' id='word_1_307' title='bbox 968 3429 1317 3517; x_wconf 88' lang='lat' dir='ltr'>quoddam</span> <span class='ocrx_word' id='word_1_308' title='bbox 1353 3430 1848 3500; x_wconf 88' lang='lat' dir='ltr'>documentum</span> <span class='ocrx_word' id='word_1_309' title='bbox 1896 3432 1981 3501; x_wconf 93' lang='lat' dir='ltr'>ad</span> <span class='ocrx_word' id='word_1_310' title='bbox 2043 3445 2468 3523; x_wconf 85' lang='lat' dir='ltr'>posterorum</span> <span class='ocrx_word' id='word_1_311' title='bbox 2526 3434 2837 3503; x_wconf 85' lang='lat' dir='ltr'>notitiam</span> <span class='ocrx_word' id='word_1_312' title='bbox 2901 3457 3123 3505; x_wconf 85' lang='lat' dir='ltr'>anuo-</span> 
     </span>
     <span class='ocr_line' id='line_1_37' title="bbox 567 3519 3122 3614; baseline 0.003 -27"><span class='ocrx_word' id='word_1_313' title='bbox 567 3531 810 3589; x_wconf 83' lang='lat' dir='ltr'>tames.</span> <span class='ocrx_word' id='word_1_314' title='bbox 851 3524 1020 3589; x_wconf 87' lang='lat' dir='ltr'>Cum</span> <span class='ocrx_word' id='word_1_315' title='bbox 1050 3519 1262 3600; x_wconf 89' lang='lat' dir='ltr'>enim,</span> <span class='ocrx_word' id='word_1_316' title='bbox 1297 3529 1375 3588; x_wconf 90' lang='lat' dir='ltr'>ut</span> <span class='ocrx_word' id='word_1_317' title='bbox 1421 3520 1640 3610; x_wconf 88' lang='lat' dir='ltr'>ajunt,</span> <span class='ocrx_word' id='word_1_318' title='bbox 1680 3522 1768 3590; x_wconf 87' lang='lat' dir='ltr'>ab</span> <span class='ocrx_word' id='word_1_319' title='bbox 1816 3521 2010 3591; x_wconf 88' lang='lat' dir='ltr'>obitu</span> <span class='ocrx_word' id='word_1_320' title='bbox 2052 3521 2203 3612; x_wconf 88' lang='lat' dir='ltr'>ejus</span> <span class='ocrx_word' id='word_1_321' title='bbox 2251 3542 2436 3590; x_wconf 89' lang='lat' dir='ltr'>anno</span> <span class='ocrx_word' id='word_1_322' title='bbox 2492 3521 3122 3614; x_wconf 89' lang='lat' dir='ltr'>vicesimoseptimo</span> 
     </span>
     <span class='ocr_line' id='line_1_38' title="bbox 567 3606 3157 3700; baseline 0.002 -23"><span class='ocrx_word' id='word_1_323' title='bbox 567 3607 966 3699; x_wconf 87' lang='lat' dir='ltr'>sepulcrum</span> <span class='ocrx_word' id='word_1_324' title='bbox 1018 3606 1208 3678; x_wconf 89' lang='lat' dir='ltr'>illius</span> <span class='ocrx_word' id='word_1_325' title='bbox 1255 3607 1556 3695; x_wconf 88' lang='lat' dir='ltr'>quadam</span> <span class='ocrx_word' id='word_1_326' title='bbox 1606 3630 1686 3676; x_wconf 84' lang='lat' dir='ltr'>ex</span> <span class='ocrx_word' id='word_1_327' title='bbox 1736 3631 1947 3680; x_wconf 88' lang='lat' dir='ltr'>causa</span> <span class='ocrx_word' id='word_1_328' title='bbox 2002 3610 2407 3700; x_wconf 88' lang='lat' dir='ltr'>aperiretur,</span> <span class='ocrx_word' id='word_1_329' title='bbox 2467 3610 2900 3695; x_wconf 90' lang='lat' dir='ltr'>indumenta,</span> <span class='ocrx_word' id='word_1_330' title='bbox 2956 3618 3157 3682; x_wconf 84' lang='lat' dir='ltr'>cum&#39;</span> 
     </span>
     <span class='ocr_line' id='line_1_39' title="bbox 565 3695 3122 3799; baseline 0.002 -34"><span class='ocrx_word' id='word_1_331' title='bbox 565 3695 823 3784; x_wconf 90' lang='lat' dir='ltr'>quibus</span> <span class='ocrx_word' id='word_1_332' title='bbox 869 3717 1123 3786; x_wconf 89' lang='lat' dir='ltr'>corpus</span> <span class='ocrx_word' id='word_1_333' title='bbox 1170 3696 1320 3781; x_wconf 84' lang='lat' dir='ltr'>ejus</span> <span class='ocrx_word' id='word_1_334' title='bbox 1382 3697 1744 3766; x_wconf 84' lang='lat' dir='ltr'>humatum</span> <span class='ocrx_word' id='word_1_335' title='bbox 1797 3696 2039 3778; x_wconf 90' lang='lat' dir='ltr'>suerat,</span> <span class='ocrx_word' id='word_1_336' title='bbox 2101 3710 2240 3767; x_wconf 89' lang='lat' dir='ltr'>tam</span> <span class='ocrx_word' id='word_1_337' title='bbox 2300 3719 2470 3768; x_wconf 90' lang='lat' dir='ltr'>sana</span> <span class='ocrx_word' id='word_1_338' title='bbox 2524 3708 2589 3767; x_wconf 87' lang='lat' dir='ltr'>et</span> <span class='ocrx_word' id='word_1_339' title='bbox 2635 3699 2903 3799; x_wconf 83' lang='lat' dir='ltr'>integra</span> <span class='ocrx_word' id='word_1_340' title='bbox 2956 3712 3122 3770; x_wconf 91' lang='lat' dir='ltr'>sunt</span> 
     </span>
     <span class='ocr_line' id='line_1_40' title="bbox 564 3783 3113 3876; baseline 0.002 -24"><span class='ocrx_word' id='word_1_341' title='bbox 564 3784 862 3863; x_wconf 89' lang='lat' dir='ltr'>inventa,</span> <span class='ocrx_word' id='word_1_342' title='bbox 918 3798 996 3854; x_wconf 89' lang='lat' dir='ltr'>ut</span> <span class='ocrx_word' id='word_1_343' title='bbox 1046 3806 1128 3853; x_wconf 90' lang='lat' dir='ltr'>ne</span> <span class='ocrx_word' id='word_1_344' title='bbox 1157 3783 1434 3854; x_wconf 84' lang='lat' dir='ltr'>fimbria</span> <span class='ocrx_word' id='word_1_345' title='bbox 1490 3783 1776 3872; x_wconf 90' lang='lat' dir='ltr'>quidem</span> <span class='ocrx_word' id='word_1_346' title='bbox 1834 3785 2169 3856; x_wconf 86' lang='lat' dir='ltr'>dissoluta</span> <span class='ocrx_word' id='word_1_347' title='bbox 2216 3786 2318 3854; x_wconf 91' lang='lat' dir='ltr'>vel</span> <span class='ocrx_word' id='word_1_348' title='bbox 2369 3799 2694 3876; x_wconf 89' lang='lat' dir='ltr'>corrupta</span> <span class='ocrx_word' id='word_1_349' title='bbox 2743 3787 3113 3858; x_wconf 79' lang='lat' dir='ltr'>videretur.</span> 
     </span>
     <span class='ocr_line' id='line_1_41' title="bbox 563 3873 3120 3973; baseline 0.002 -32"><span class='ocrx_word' id='word_1_350' title='bbox 563 3877 655 3941; x_wconf 83' lang='lat' dir='ltr'>Ex</span> <span class='ocrx_word' id='word_1_351' title='bbox 701 3894 838 3959; x_wconf 88' lang='lat' dir='ltr'>qua</span> <span class='ocrx_word' id='word_1_352' title='bbox 871 3893 943 3940; x_wconf 91' lang='lat' dir='ltr'>re</span> <span class='ocrx_word' id='word_1_353' title='bbox 991 3873 1103 3973; x_wconf 89' lang='lat' dir='ltr'>pia</span> <span class='ocrx_word' id='word_1_354' title='bbox 1155 3873 1457 3943; x_wconf 89' lang='lat' dir='ltr'>manavit</span> <span class='ocrx_word' id='word_1_355' title='bbox 1511 3873 1770 3962; x_wconf 79' lang='lat' dir='ltr'>opime,</span> <span class='ocrx_word' id='word_1_356' title='bbox 1817 3895 1895 3943; x_wconf 88' lang='lat' dir='ltr'>ea</span> <span class='ocrx_word' id='word_1_357' title='bbox 1933 3874 2222 3944; x_wconf 87' lang='lat' dir='ltr'>vestium</span> <span class='ocrx_word' id='word_1_358' title='bbox 2270 3895 2447 3961; x_wconf 86' lang='lat' dir='ltr'>quae</span> <span class='ocrx_word' id='word_1_359' title='bbox 2507 3888 2602 3945; x_wconf 93' lang='lat' dir='ltr'>tot</span> <span class='ocrx_word' id='word_1_360' title='bbox 2649 3877 2853 3944; x_wconf 85' lang='lat' dir='ltr'>annis</span> <span class='ocrx_word' id='word_1_361' title='bbox 2903 3876 3120 3947; x_wconf 86' lang='lat' dir='ltr'>humo</span> 
     </span>
     <span class='ocr_line' id='line_1_42' title="bbox 561 3960 3112 4053; baseline 0.002 -25"><span class='ocrx_word' id='word_1_362' title='bbox 561 3960 849 4030; x_wconf 85' lang='lat' dir='ltr'>obrutae</span> <span class='ocrx_word' id='word_1_363' title='bbox 909 3960 1248 4041; x_wconf 81' lang='lat' dir='ltr'>fuissent,</span> <span class='ocrx_word' id='word_1_364' title='bbox 1327 3961 1846 4051; x_wconf 87' lang='lat' dir='ltr'>incorruptione</span> <span class='ocrx_word' id='word_1_365' title='bbox 1897 3975 2162 4032; x_wconf 88' lang='lat' dir='ltr'>certum</span> <span class='ocrx_word' id='word_1_366' title='bbox 2213 3962 2524 4053; x_wconf 89' lang='lat' dir='ltr'>praeberi</span> <span class='ocrx_word' id='word_1_367' title='bbox 2573 3963 3112 4048; x_wconf 86' lang='lat' dir='ltr'>documentum,</span> 
     </span>
     <span class='ocr_line' id='line_1_43' title="bbox 561 4048 3116 4139; baseline 0.002 -23"><span class='ocrx_word' id='word_1_368' title='bbox 561 4048 760 4118; x_wconf 89' lang='lat' dir='ltr'>illum</span> <span class='ocrx_word' id='word_1_369' title='bbox 831 4049 1081 4118; x_wconf 89' lang='lat' dir='ltr'>mentis</span> <span class='ocrx_word' id='word_1_370' title='bbox 1146 4049 1535 4139; x_wconf 88' lang='lat' dir='ltr'>integritate</span> <span class='ocrx_word' id='word_1_371' title='bbox 1593 4061 1658 4118; x_wconf 88' lang='lat' dir='ltr'>et</span> <span class='ocrx_word' id='word_1_372' title='bbox 1706 4050 1880 4119; x_wconf 86' lang='lat' dir='ltr'>vitae</span> <span class='ocrx_word' id='word_1_373' title='bbox 1933 4050 2225 4139; x_wconf 88' lang='lat' dir='ltr'>puritate</span> <span class='ocrx_word' id='word_1_374' title='bbox 2300 4052 2508 4120; x_wconf 87' lang='lat' dir='ltr'>vitam</span> <span class='ocrx_word' id='word_1_375' title='bbox 2559 4051 2694 4122; x_wconf 90' lang='lat' dir='ltr'>sibi</span> <span class='ocrx_word' id='word_1_376' title='bbox 2765 4063 3116 4122; x_wconf 86' lang='lat' dir='ltr'>aeternam</span> 
     </span>
     <span class='ocr_line' id='line_1_44' title="bbox 561 4135 3118 4227; baseline 0.002 -23"><span class='ocrx_word' id='word_1_377' title='bbox 561 4135 967 4207; x_wconf 87' lang='lat' dir='ltr'>conciliasse</span> <span class='ocrx_word' id='word_1_378' title='bbox 1022 4159 1101 4206; x_wconf 91' lang='lat' dir='ltr'>ac</span> <span class='ocrx_word' id='word_1_379' title='bbox 1159 4138 1643 4227; x_wconf 88' lang='lat' dir='ltr'>promeruisse.</span> <span class='ocrx_word' id='word_1_380' title='bbox 1701 4137 1959 4207; x_wconf 80' lang='lat' dir='ltr'>Accidit</span> <span class='ocrx_word' id='word_1_381' title='bbox 2016 4151 2271 4220; x_wconf 87' lang='lat' dir='ltr'>autem,</span> <span class='ocrx_word' id='word_1_382' title='bbox 2325 4152 2400 4208; x_wconf 94' lang='lat' dir='ltr'>ut</span> <span class='ocrx_word' id='word_1_383' title='bbox 2448 4140 2865 4227; x_wconf 88' lang='lat' dir='ltr'>quandoque</span> <span class='ocrx_word' id='word_1_384' title='bbox 2933 4140 3118 4211; x_wconf 88' lang='lat' dir='ltr'>idem</span> 
     </span>
     <span class='ocr_line' id='line_1_45' title="bbox 563 4223 3121 4319; baseline 0.002 -26"><span class='ocrx_word' id='word_1_385' title='bbox 563 4223 968 4296; x_wconf 85' lang='lat' dir='ltr'>Baduradus</span> <span class='ocrx_word' id='word_1_386' title='bbox 996 4225 1065 4294; x_wconf 90' lang='lat' dir='ltr'>in</span> <span class='ocrx_word' id='word_1_387' title='bbox 1091 4224 1417 4294; x_wconf 85' lang='lat' dir='ltr'>familiari</span> <span class='ocrx_word' id='word_1_388' title='bbox 1441 4225 1786 4313; x_wconf 90' lang='lat' dir='ltr'>colloquio</span> <span class='ocrx_word' id='word_1_389' title='bbox 1819 4227 2430 4298; x_wconf 88' lang='lat' dir='ltr'>circumstantibus</span> <span class='ocrx_word' id='word_1_390' title='bbox 2458 4228 2933 4315; x_wconf 87' lang='lat' dir='ltr'>quaestionem</span> <span class='ocrx_word' id='word_1_391' title='bbox 2965 4252 3121 4319; x_wconf 91' lang='lat' dir='ltr'>pro-</span> 
     </span>
     <span class='ocr_line' id='line_1_46' title="bbox 564 4313 3115 4468; baseline 0.003 -87"><span class='ocrx_word' id='word_1_392' title='bbox 564 4323 868 4468; x_wconf 70' lang='lat' dir='ltr'>poneret,</span> <span class='ocrx_word' id='word_1_393' title='bbox 905 4313 1072 4400; x_wconf 92' lang='lat' dir='ltr'>quid</span> <span class='ocrx_word' id='word_1_394' title='bbox 1110 4313 1243 4384; x_wconf 91' lang='lat' dir='ltr'>sibi</span> <span class='ocrx_word' id='word_1_395' title='bbox 1294 4314 1540 4384; x_wconf 89' lang='lat' dir='ltr'>vellent</span> <span class='ocrx_word' id='word_1_396' title='bbox 1578 4336 1658 4383; x_wconf 88' lang='lat' dir='ltr'>ea</span> <span class='ocrx_word' id='word_1_397' title='bbox 1702 4314 2069 4385; x_wconf 89' lang='lat' dir='ltr'>Salvatoris</span> <span class='ocrx_word' id='word_1_398' title='bbox 2115 4316 2341 4398; x_wconf 88' lang='lat' dir='ltr'>verba,</span> <span class='ocrx_word' id='word_1_399' title='bbox 2403 4316 2652 4407; x_wconf 89' lang='lat' dir='ltr'>Vulpes</span> <span class='ocrx_word' id='word_1_400' title='bbox 2709 4316 2939 4386; x_wconf 84' lang='lat' dir='ltr'>foveas</span> <span class='ocrx_word' id='word_1_401' title='bbox 2989 4318 3115 4388; x_wconf 90' lang='lat' dir='ltr'>ha-</span> 
     </span>
    </p>

    <p class='ocr_par' dir='ltr' id='par_1_6' title="bbox 613 4401 3115 4477">
     <span class='ocr_line' id='line_1_47' title="bbox 613 4401 3115 4477; baseline 0.003 -8"><span class='ocrx_word' id='word_1_402' title='bbox 613 4413 727 4471; x_wconf 87' lang='lat' dir='ltr'>ent</span> <span class='ocrx_word' id='word_1_403' title='bbox 758 4415 823 4472; x_wconf 89' lang='lat' dir='ltr'>et</span> <span class='ocrx_word' id='word_1_404' title='bbox 868 4401 1181 4472; x_wconf 81' lang='lat' dir='ltr'>volucres</span> <span class='ocrx_word' id='word_1_405' title='bbox 1227 4402 1398 4472; x_wconf 92' lang='lat' dir='ltr'>coeli</span> <span class='ocrx_word' id='word_1_406' title='bbox 1434 4402 1659 4475; x_wconf 83' lang='lat' dir='ltr'>nidos:</span> <span class='ocrx_word' id='word_1_407' title='bbox 1700 4402 1888 4476; x_wconf 83' lang='lat' dir='ltr'>filius</span> <span class='ocrx_word' id='word_1_408' title='bbox 1934 4415 2163 4474; x_wconf 84' lang='lat' dir='ltr'>autem</span> <span class='ocrx_word' id='word_1_409' title='bbox 2196 4403 2501 4476; x_wconf 87' lang='lat' dir='ltr'>hominis</span> <span class='ocrx_word' id='word_1_410' title='bbox 2546 4426 2681 4476; x_wconf 93' lang='lat' dir='ltr'>non</span> <span class='ocrx_word' id='word_1_411' title='bbox 2732 4407 2937 4477; x_wconf 89' lang='lat' dir='ltr'>babet</span> <span class='ocrx_word' id='word_1_412' title='bbox 2995 4407 3115 4477; x_wconf 91' lang='lat' dir='ltr'>ubi</span> 
     </span>
    </p>
   </div>
  </div>
 </body>
</html>
