3327 4999
202 306 307 371 EX
357 306 531 372 DEC.
586 309 669 372 to
986 327 1064 371 nr„
1111 326 1203 372 ss.
1256 325 1425 374 ΜΕΝΑ
1473 327 1548 373 ΕΤ
1594 324 1794 375 soeus
1835 326 1947 373 um.
2536 309 2652 373 75⁴

202 410 738 501 conjungamur,
778 421 843 480 et
873 408 1249 481 familiares
1279 410 1655 481 reddamur
1707 432 1826 502 per
1872 410 2324 500 baptismum.
2357 437 2381 474 x»
2417 412 2583 480 Cum
2617 410 2745 480 ita-

202 519 339 585 que
385 499 819 569 consensisse
867 499 1289 569 Praefectum
1339 498 1620 572 vidisset
1673 498 1995 589 populus:
2041 504 2356 579 «Revera,
2397 497 2740 580 dixerunt,

203 610 339 655 non
391 600 493 658 est
542 593 719 659 Deus
767 600 1083 678 acceptor
1132 610 1606 678 personarum,
1643 600 1720 657 ut
1751 589 1871 675 qui
1903 600 2181 678 propter
2209 586 2746 657 moderationem

200 688 266 745 et
314 697 554 746 curam
606 698 815 763 quam
852 677 1063 766 gessit
1111 699 1524 768 pauperum,
1566 677 1943 747 reddiderit
1976 676 2317 746 Praefecto
2352 676 2459 747 sui
2510 677 2748 766 cogni-

204 765 485 844 tionem,
522 778 586 835 et
613 787 770 834 vero
794 766 908 834 Dei
956 765 1150 836 cultu
1198 787 1355 835 eum
1395 768 1480 838 sit
1514 777 2063 836 remuneratus.»
2103 771 2468 851 Postquam
2520 779 2747 834 autem

198 874 279 921 ex
327 853 412 923 iis
460 876 636 939 quae
683 855 1136 923 circumcirca
1184 866 1399 935 erant,
1436 855 1829 924 civitatibus
1858 855 2201 923 affuerunt
2231 853 2551 943 Episcopi
2591 855 2752 940 qui-

200 941 361 1010 dam
413 943 508 1031 pii
558 954 624 1011 et
672 941 974 1031 religiosi
1022 944 1369 1029 quierant
1415 965 1656 1012 omnes
1708 942 2077 1013 tredecim:
2132 941 2254 1028 qui
2295 941 2415 1010 alii
2464 941 2747 1028 quidem

201 1031 429 1100 solum
479 1041 557 1099 ut
604 1030 911 1100 viderent
949 1032 1328 1101 certamina
1364 1031 1728 1121 martyris:
1783 1031 1902 1100 alii
1935 1042 2164 1101 autem
2200 1029 2350 1100 ideo
2397 1053 2435 1099 e
2482 1030 2749 1100 deserto

203 1118 725 1200 descenderant,
765 1131 841 1188 ut
889 1119 1243 1190 visitarent
1272 1119 1510 1190 fideles
1540 1120 1659 1206 qui
1722 1131 1918 1189 erant
1965 1119 2034 1188 in
2086 1118 2380 1201 civitate,
2433 1131 2497 1190 et
2544 1118 2751 1189 allata

200 1229 476 1294 quoque
523 1221 700 1278 esset
748 1230 951 1294 aqua,
989 1231 1150 1279 cum
1202 1209 1294 1278 ita
1340 1208 1663 1299 jussisset
1713 1222 2019 1289 sanctuS‚
2069 1208 2216 1297 ipse
2266 1220 2545 1278 sanctus
2584 1230 2747 1279 cum

200 1318 237 1364 e
290 1294 438 1364 loco
485 1297 749 1366 excelso
799 1297 1289 1374 descendisset,
1341 1308 1406 1366 et
1454 1296 1874 1367 Praefectum
1919 1297 2201 1383 quidem
2253 1295 2589 1367 inclinare
2638 1319 2751 1368 ca-

199 1394 327 1473 put
376 1385 491 1452 Dei
539 1386 1041 1456 amantissimis
1088 1386 1356 1456 fecisset
1416 1386 1818 1475 EpiscopiS,
1886 1385 2041 1455 illos
2107 1407 2263 1454 vero
2323 1385 2474 1473 ejus
2534 1386 2748 1474 capiti

196 1494 449 1559 aquam
487 1473 872 1554 infundere,
899 1486 962 1543 et
983 1474 1233 1544 dicere:
1267 1474 1613 1575 «Suscipit
1640 1474 1988 1543 lavacrum
2020 1474 2553 1562 regenerationis
2583 1479 2748 1544 Her-

198 1583 315 1631 mo
407 1584 528 1631 nes
578 1563 646 1631 in
698 1564 979 1632 nomine
1028 1563 1244 1633 Patris
1290 1573 1355 1632 et
1404 1563 1554 1632 Filii
1602 1575 1669 1632 ct
1702 1563 1996 1652 Spiritus
2033 1561 2285 1641 Sancti,
2325 1562 2423 1631 sic
2456 1584 2613 1632 eum
2649 1561 2747 1632 fe-

194 1651 291 1720 cit
386 1652 669 1742 aptizari
698 1673 927 1720 coram
957 1662 1094 1722 toto
1124 1651 1454 1742 populo.»
1505 1657 1596 1721 Eo
1643 1664 1874 1723 autem
1909 1650 2189 1720 nomine
2216 1649 2520 1740 populus
2553 1651 2745 1720 Chri-

198 1751 383 1809 stum
437 1739 674 1810 multis
721 1738 1049 1810 laudibus
1096 1752 1197 1810 est
1245 1752 1677 1830 prosecutus.
2175 1740 2210 1752 ‘

290 1829 328 1914 ξ
398 1831 556 1900 88.
612 1828 950 1912 Quoniam
1001 1849 1159 1898 vero
1187 1841 1252 1898 et
1298 1828 1625 1899 Praefecti
1675 1827 2097 1918 regeneratio
2152 1827 2438 1929 cogebat
2491 1828 2744 1899 festum

196 1914 592 1998 celebrare,
664 1938 789 1986 nec
855 1915 1056 1986 facile
1114 1928 1375 2006 poterat
1422 1917 1741 1989 satisfieri
1791 1927 2016 1988 tantae
2064 1916 2522 1999 multitudini,
2579 1928 2745 1989 tunc

197 2003 482 2090 quidem
516 2017 817 2076 sanctus
866 2004 1149 2075 dimittit
1207 2005 1573 2075 theatrum.
1647 2004 1903 2075 Deinde
1959 2005 2164 2075 etiam
2223 2027 2598 2079 conversus
2653 2006 2740 2076 ad

198 2092 614 2182 Episcopos:
671 2098 855 2164 «Non
887 2094 1161 2183 justum
1192 2105 1317 2174 est,
1358 2093 1603 2181 inquit,
1637 2105 1712 2165 ut
1761 2092 2064 2165 Ecclesia
2112 2104 2297 2163 tanto
2349 2094 2491 2164 viro
2522 2095 2744 2185 prive-

198 2193 313 2250 tur
359 2181 479 2266 qui
527 2194 629 2252 est
660 2193 797 2250 tam
847 2181 1225 2262 studiosus,
1277 2193 1343 2251 et
1390 2182 1767 2263 modestUS,
1797 2192 2026 2253 ettam
2055 2181 2341 2252 sublimi
2390 2183 2741 2273 ingenio.»

198 2273 287 2338 Ea
341 2268 425 2337 dc
473 2291 685 2340 causa
718 2281 996 2360 propter
1030 2269 1318 2340 multam
1364 2271 1431 2339 in
1475 2283 1793 2341 sanctum
1829 2270 2302 2352 reverentiam,
2356 2294 2515 2343 cum
2552 2293 2743 2343 acce·

201 2357 467 2447 pissent
513 2362 1011 2450 Hermogenem
1064 2358 1238 2428 nihil
1306 2359 1913 2440 contradicentem,
1975 2358 2078 2427 illi
2123 2381 2282 2429 eum
2337 2360 2741 2430 referuntin

197 2444 366 2515 cleri
414 2467 810 2517 numerum.
867 2446 1122 2518 Deinde
1168 2469 1327 2518 cum
1395 2468 1516 2549 per
1561 2448 1873 2518 ordinem
1936 2447 2436 2520 ecclesiasticos
2500 2470 2741 2519 omnes

198 2534 459 2633 gradus
510 2536 955 2616 transivisset,
1009 2558 1170 2606 eum
1201 2547 1630 2608 constituunt
1679 2537 2093 2627 Episcopum
2130 2536 2446 2609 civitatis.
2486 2538 2615 2619 Qui
2644 2550 2742 2608 et-

198 2645 338 2692 iam
390 2644 548 2692 cum
603 2635 756 2713 post
802 2624 1202 2694 electionem
1240 2624 1352 2694 die
1383 2626 1674 2716 septimo
1721 2625 2412 2715 coegissetquicquid
2448 2625 2747 2696 habebat

197 2711 354 2782 auri
394 2722 469 2785 ‚et
506 2711 801 2781 aliarum
850 2712 1282 2794 facultatum,
1314 2725 1379 2784 et
1406 2714 1626 2785 valere
1642 2714 1967 2814 jussisset
1996 2713 2278 2784 delicias
2307 2726 2373 2784 et
2405 2714 2732 2795 lautitiaS,

195 2814 257 2871 et
307 2800 444 2870 alia
476 2800 733 2887 quibus
781 2801 1207 2872 delectantur
1252 2823 1495 2872 eorum
1544 2802 1962 2888 animaequi
1995 2801 2257 2873 mundo
2286 2802 2734 2885 delectantur,

196 2890 431 2959 omnia
481 2889 669 2960 dedit
720 2889 786 2958 in
822 2912 1071 2960 manus
1105 2912 1520 2982 pauperum.
1562 2890 1818 2961 Deinde
1850 2913 2010 2960 cum
2061 2891 2263 2961 etiam
2321 2891 2458 2961 alia
2506 2893 2743 2961 omnia

197 2978 686 3070 parvifecisset,
740 3000 897 3048 cum
963 2979 1287 3049 universa
1350 2978 1796 3049 multitudine
1853 3001 1926 3049 se
1982 2979 2277 3049 armavit
2330 2980 2416 3049 ad
2476 2979 2738 3050 bellum

194 3067 573 3158 gerendum
627 3080 863 3137 contra
895 3067 1289 3148 daemones,
1334 3079 1411 3137 ut
1449 3067 1779 3138 adversus
1817 3090 1991 3154 quos
2032 3079 2293 3157 gereret
2341 3068 2741 3140 inimicitias

196 3167 477 3247 propter
524 3156 822 3247 priorem
870 3156 1101 3237 vitam,
1149 3168 1214 3226 et
1265 3174 1503 3226 eorum
1564 3178 1861 3226 errorem
1908 3156 2343 3226 vehementer
2375 3179 2740 3246 perseque-

195 3256 424 3313 retur:
477 3255 542 3313 et
588 3267 746 3314 cum
781 3244 969 3313 brevi
1016 3266 1255 3316 eorum
1306 3244 1467 3313 fana
1510 3257 1573 3314 et
1620 3267 1777 3314 aras
1824 3244 2195 3325 evertisset,
2249 3255 2312 3314 et
2364 3244 2738 3317 simulacra

194 3333 578 3421 dejecisset,
642 3332 902 3419 ubique
950 3336 1230 3403 Crucem
1276 3332 1445 3412 fixit,
1498 3343 1563 3403 et
1614 3334 1679 3402 in
1731 3333 1978 3402 Christi
2027 3334 2308 3405 nomine
2361 3335 2741 3405 construxit

192 3421 460 3491 altaria.
515 3426 727 3508 Atque
778 3420 1014 3491 turbas
1066 3421 1347 3508 quidem
1400 3436 1633 3511 postea
1682 3422 1765 3490 ad
1815 3422 1966 3511 eius
2023 3422 2230 3511 pedes
2281 3423 2733 3512 procidentes,

192 3523 257 3581 et
291 3525 611 3601 rogantes
641 3509 996 3600 baptizari,
1051 3510 1461 3600 baptizabat,
1512 3523 1643 3578 tarn
1699 3511 1952 3580 multos
2000 3510 2327 3597 quotidie,
2382 3522 2458 3579 ut
2491 3534 2614 3580 nec
2641 3511 2738 3580 fa-

192 3599 324 3670 cile
380 3611 607 3690 posset
662 3621 901 3668 eorum
955 3619 1290 3668 numerus
1337 3598 1872 3688 comprehendi:
1938 3599 2423 3669 daemoniacos
2471 3612 2725 3681 autem,

193 3700 314 3757 aut
364 3688 481 3776 qui
534 3687 621 3757 ab
683 3687 838 3757 aliis
886 3687 1379 3786 premebantur
1424 3687 2002 3776 aegritudinibu5‚
2057 3687 2202 3757 sola
2251 3687 2496 3758 Christi
2546 3688 2737 3757 invo-

192 3777 486 3857 catione,
543 3790 821 3867 repente
855 3775 1190 3845 liberabat
1238 3798 1277 3843 a
1329 3774 1686 3855 daemone,
1740 3788 1805 3845 et
1852 3776 1939 3845 ab
1987 3776 2449 3865 aegritudine:
2503 3789 2568 3845 et
2615 3776 2738 3845 do-

194 3866 392 3936 cebat
440 3886 713 3954 semper
760 3864 1083 3954 amplecti
1131 3863 1538 3943 castitatem,
1576 3876 1642 3932 et
1690 3864 1882 3953 pium
1932 3865 2048 3933 Dei
2095 3863 2387 3945 cultum,
2453 3863 2738 3934 humili-

195 3968 541 4040 tatemque
599 3965 665 4023 et
724 3952 1124 4022 charitatem
1162 4007 1177 4033 ,
1230 3950 2024 4038 mansuetudinemque,
2077 3963 2142 4021 et
2190 3952 2286 4021 nil
2339 3953 2739 4043 possidendi

192 4043 541 4124 virtutem,
595 4054 659 4111 et
706 4052 1006 4110 caeteras
1038 4040 1358 4111 similiter
1389 4040 1710 4110 virtutes:
1744 4039 2050 4130 seipsum
2085 4063 2477 4131 proponens
2510 4064 2738 4113 exem·

191 4130 346 4221 plar
383 4132 468 4202 iis
498 4130 619 4219 qui
668 4129 1112 4200 docebantur.

280 4223 316 4305 ξ
385 4225 536 4293 84.
594 4225 761 4289 Cum
812 4230 1037 4288 autem
1094 4240 1226 4288 non
1266 4217 1467 4288 mul-ti
1516 4217 1665 4288 dies
1701 4217 2232 4308 praeteriissent,
2272 4232 2338 4288 ct
2388 4230 2521 4289 tota
2568 4218 2736 4289 civi-

193 4321 324 4379 tate
376 4309 444 4376 in
504 4331 718 4378 unam
770 4307 1216 4376 conveniente
1264 4306 1701 4387 sententiam,
1758 4306 1976 4377 effecti
2040 4319 2205 4377 sunt
2262 4330 2502 4380 omnes
2550 4330 2736 4377 unus

184 4416 349 4487 grex
397 4396 669 4478 Christi,
709 4394 809 4465 vir
845 4394 1130 4483 quidam
1166 4393 1443 4466 deditus
1471 4393 1684 4467 falsae
1710 4394 2025 4485 religioni
2066 4394 2510 4479 daemonum,
2545 4418 2733 4469 unus
