3327 4999
204 337 410 402 MART.
465 337 540 399 212
1045 354 1122 400 na
1171 354 1224 399 s.
1280 349 1592 400 enssoomo
1640 350 1800 397 PArA
2474 331 2599 395 455

199 436 296 514 ait,
331 440 441 504 Lac
466 436 641 504 vobis
661 445 896 525 potum
927 434 1102 513 dccli,
1136 457 1264 501 non
1293 455 1509 501 escam
1537 431 1600 519 (Ι
1633 429 1930 518 Cor.111):
1963 429 2092 498 ista
2120 429 2258 498 illis
2289 428 2514 504 modo,
2550 451 2684 499 non

238 525 486 603 osteris,
542 536 617 592 ut
715 522 1041 592 raefixum
1094 534 1217 601 est,
1272 519 1696 610 temporibus
1744 518 2036 587 tenenda
2086 518 2532 598 indulsimuS‚
2600 539 2686 587 ne

239 635 437 691 onum,
499 545 707 698 quodJ
741 610 1016 680 infirma
1065 610 1294 679 adhuc
1344 608 1572 677 radice
1626 607 2009 696 plantatum
2067 619 2249 687 erat,
2304 616 2679 686 erueretur,

202 700 299 769 sed
327 713 618 791 coeptum
655 700 1068 778 firmaretur,
1118 711 1183 774 et
1228 721 1449 784 usque
1495 696 1580 765 ad
1631 695 2114 786 perfectionem
2151 694 2683 765 custodiretur.»

203 793 348 858 Haec
385 812 501 880 ego
540 789 792 858 idcirco
826 788 1348 879 perstringenda
1380 785 1634 864 curavi,
1677 798 1753 853 ut
1784 783 1891 864 hi,
1927 783 2048 871 qui
2079 785 2440 853 occasione
2471 805 2683 852 novae

207 876 685 968 dispensationis
730 877 967 946 illicita
1016 875 1451 945 matrimonia
1489 873 1926 954 contrahunt,
1966 872 2519 943 eruditissimum
2556 877 2681 942 Pa-

208 987 328 1054 pam
388 966 782 1058 Gregorium
847 989 977 1035 non
1050 964 1453 1056 regulariter
1511 973 1794 1050 quartae
1856 961 2314 1052 generationis
2364 959 2684 1050 copulam

204 1056 593 1136 concessisse,
644 1055 853 1124 immo
884 1054 1232 1123 venialiter
1270 1052 1618 1139 simulque
1651 1049 2113 1142 temporaliter
2147 1049 2539 1139 permisisse
2571 1071 2683 1118 co-

199 1157 506 1231 gnoscant.
548 1143 753 1232 Cujus
803 1143 1131 1212 nimirum
1185 1141 1499 1231 precibus
1549 1145 1726 1209 Deus
1774 1139 2208 1229 omnipotens
2256 1150 2515 1207 tantam
2553 1142 2684 1207 Au-

200 1232 449 1320 gustin0‚
502 1233 791 1322 ejusque
839 1232 1042 1301 sociis
1090 1229 1559 1299 faciendorum
1612 1228 1968 1318 signorum
2020 1226 2311 1295 contulit
2358 1227 2677 1316 gratiam,

200 1331 256 1387 ut
294 1321 556 1390 verbum
607 1321 804 1401 vitae,
858 1320 1037 1408 quod
1088 1341 1202 1388 ore
1252 1316 1761 1409 praedicabant,
1799 1316 2152 1407 signorum
2181 1315 2487 1384 efficacia
2521 1337 2688 1384 con-

195 1407 528 1479 firmarent.
587 1409 776 1479 Unde
821 1408 1077 1479 factum
1126 1420 1248 1489 est,
1301 1418 1376 1476 ut
1425 1405 1665 1497 paucis
1711 1404 2142 1475 elabentibus
2188 1404 2415 1486 annis,
2483 1402 2689 1473 etiam

194 1500 400 1568 caeteri
449 1502 748 1568 saxones
795 1498 878 1567 ad
932 1497 1176 1567 Christi
1228 1496 1495 1565 Domini
1544 1493 1750 1563 fidem
1801 1516 1921 1584 per
1967 1493 2347 1584 discipulos
2394 1492 2545 1582 ejus
2578 1513 2693 1561 ac-

195 1586 497 1656 cederent.

257 1679 288 1761 §
318 1681 473 1748 20.
509 1675 547 1709 '⁶‘
577 1681 665 1744 De
689 1674 890 1744 cu‘us
919 1672 1141 1764 gentis
1174 1672 1614 1743 conversione
1642 1669 1989 1757 simulque
2020 1668 2508 1739 miraculorum
2535 1691 2693 1759 pro-

185 1759 384 1862 digiis,
434 1787 614 1852 quae
660 1764 757 1834 ibi
811 1786 917 1832 em
959 1762 1234 1843 fiebant,
1274 1763 1368 1831 ita
1407 1760 1773 1852 Gregorius
1812 1760 1882 1828 in
1920 1758 2116 1828 libris
2158 1759 2528 1827 Moralibus
2571 1779 2686 1848 pe-

187 1850 399 1934 rlubet,
453 1854 727 1923 dicens:
785 1877 818 1922 «
871 1858 1037 1920 Ecce
1086 1851 1325 1941 lingua
1371 1850 1782 1929 Britanniae,
1830 1870 2005 1935 quae
2048 1846 2216 1916 nihil
2261 1846 2451 1916 aliud
2489 1867 2688 1915 nove-

189 1953 290 2019 rat,
319 1963 520 2027 quam
559 1943 931 2012 barbarum
961 1937 1737 2029 frendere‚jamdudum
1766 1938 1837 2005 in
1872 1936 1984 2005 Dei
2022 1936 2347 2005 laudibus
2381 1935 2687 2004 Hebraea

186 2031 373 2119 coepit
419 2030 629 2100 verba
662 2051 927 2100 sonare.
965 2034 1132 2098 Ecce
1170 2028 1519 2115 quondam
1558 2026 1893 2105 tumidUS,
1922 2026 2070 2114 jam
2104 2025 2492 2094 substratus
2527 2046 2688 2092 san-

183 2128 415 2188 ctorum
465 2119 793 2210 pedibu&
847 2117 1049 2188 servit
1097 2121 1429 2198 OceanuS,
1480 2116 1765 2205 ejusque
1813 2115 2146 2205 barbaros
2197 2125 2459 2192 motuS,
2521 2133 2695 2199 quos

186 2209 400 2276 terreni
449 2208 682 2299 princi
734 2230 807 2276 es
854 2206 1172 2276 edomare
1220 2204 1397 2274 ferro
1445 2201 1911 2289 nequiverant,
1968 2203 2094 2272 hos
2128 2224 2250 2292 pro
2289 2201 2521 2269 divina
2561 2200 2693 2268 for-

188 2294 410 2366 midine
459 2319 659 2366 sacer
708 2307 895 2365 otum
946 2318 1063 2364 ora
1111 2293 1547 2384 simplicibus
1580 2290 1803 2361 verbis
1838 2291 2091 2392 ligant:
2135 2302 2201 2358 et
2227 2289 2347 2376 qui
2382 2301 2686 2358 catervas

189 2387 617 2469 puoenantium
669 2384 968 2453 infidelis
1017 2404 1450 2471 nequaquam
1503 2391 1856 2460 metuerat,
1889 2402 2035 2467 Jam
2075 2400 2257 2448 nunc
2296 2377 2521 2448 fidelis
2555 2377 2680 2445 hu·

187 2440 421 2544 milium
468 2474 746 2565 linguas
789 2474 999 2543 timet.
1054 2473 1224 2555 Quia
1256 2471 1438 2541 enim
1478 2469 1813 2561 perceptis
1842 2467 2252 2539 coelestibus
2287 2466 2510 2537 verbis
2548 2465 2689 2535 cla-

187 2565 583 2633 rescentibus
613 2586 883 2650 quoque
905 2561 1280 2642 miraculis,
1308 2562 1522 2629 virtus
1554 2559 1614 2628 ei
1643 2558 1915 2627 divinae
1943 2556 2356 2648 cognitionis
2384 2554 2694 2624 infundi-

190 2656 292 2729 tur,
340 2651 652 2753 ejusdem
702 2651 1079 2721 divinitatis
1112 2664 1360 2719 terrore
1393 2648 1795 2728 refrenatur,
1831 2658 1908 2716 ut
1940 2667 2143 2736 prave
2172 2667 2373 2736 agere
2406 2653 2689 2724 metuat,

194 2757 254 2805 ac
282 2754 426 2810 totis
452 2739 820 2810 desideriis
847 2739 931 2809 ad
965 2739 1381 2809 aeternitatis
1412 2737 1703 2828 gratiam
1730 2736 1960 2804 venire
1986 2733 2452 2824 concupiscat.
2496 2755 2531 2798 »
2563 2737 2698 2801 Eu-

186 2822 336 2917 logio
379 2851 658 2917 quoque
706 2828 1136 2897 Patriarchae
1186 2825 1636 2896 Alexandrino
1671 2824 1754 2893 de
1785 2824 2096 2892 doctrina
2125 2844 2290 2892 suae
2323 2819 2686 2901 Ecclesiae,

185 2919 599 2987 conversione
649 2918 1174 2997 haereticorum,
1226 2914 1730 3000 concordiaque
1780 2911 2091 2981 fidelium
2143 2908 2538 3002 plausibilia
2587 2931 2693 2978 re-

185 3000 418 3102 ferenti,
461 3007 834 3097 Gregorius
869 3006 959 3075 ita
991 3005 1373 3093 rescripsit:
1422 3026 1456 3069 «
1494 3002 1830 3085 Quoniam
1865 3001 1935 3069 in
1974 3000 2197 3079 boniS‚
2235 3022 2411 3086 quae
2459 2998 2686 3087 agitis,

185 3111 302 3163 scio
329 3097 512 3183 quod
546 3108 612 3164 et
641 3095 795 3167 aliis
826 3117 951 3163 con
1006 3092 1297 3171 audetis,
1344 3105 1598 3161 vestrae
1627 3111 1901 3178 quoque
1928 3089 2187 3180 gratiae
2213 3089 2427 3157 vicem
2461 3086 2694 3157 reddo:

185 3182 330 3260 Quia
376 3185 547 3254 dum
646 3207 768 3255 ens
815 3188 958 3274 Aug
990 3204 1213 3263 orum,
1269 3182 1336 3250 in
1390 3180 1635 3248 mundi
1683 3179 1939 3268 angulo
1989 3177 2231 3268 posita,
2288 3177 2355 3245 in
2390 3176 2582 3245 cultu
2615 3174 2700 3243 li-

183 3289 452 3358 gnorum
504 3207 938 3363 acffapidum
992 3270 1253 3361 perfida
1302 3291 1489 3338 nunc
1538 3290 1759 3356 usque
1809 3278 2233 3346 remaneret,
2308 3287 2387 3334 ex
2440 3276 2701 3333 vestrae

185 3359 335 3428 mihi
382 3362 715 3432 orationis
761 3360 1102 3450 adjutorio
1152 3358 1432 3449 placuit,
1485 3367 1560 3426 ut
1607 3356 1694 3426 ad
1743 3377 1892 3424 eam
1944 3353 2336 3423 monasterii
2392 3353 2525 3422 mei
2558 3373 2702 3420 mo-

185 3449 466 3544 nachum
519 3450 979 3520 transmittere
1011 3504 1025 3530 ‚
1080 3454 1212 3517 Deo
1259 3461 1534 3516 auctore
1566 3502 1580 3527 ‚
1634 3443 2052 3514 debuissem.
2125 3443 2254 3525 Qui
2300 3441 2456 3511 data
2506 3463 2545 3510 a
2594 3461 2703 3509 me

182 3530 459 3619 licentia,
518 3561 561 3607 a
609 3538 1128 3609 Germaniarum
1177 3536 1248 3572 *²*
1293 3557 1328 3605 e
1384 3535 1634 3626 iscopis
1683 3534 2048 3624 episcopus
2087 3530 2330 3611 factuS,
2392 3551 2551 3599 cum
2594 3550 2704 3598 eo-

183 3640 315 3694 rum
364 3649 642 3715 quoque
690 3627 949 3698 solatiis
997 3627 1083 3696 ad
1135 3647 1296 3716 prae
1350 3626 1553 3694 ictam
1652 3634 1877 3693 entem
1927 3621 1997 3688 in
2049 3620 2185 3690 fine
2246 3617 2490 3688 mundi
2549 3639 2705 3708 per-

184 3709 415 3784 ductus
461 3729 591 3788 est.
646 3721 721 3784 Et
760 3716 905 3805 jam
957 3738 1144 3785 nunc
1192 3714 1278 3783 de
1324 3714 1473 3805 ejus
1522 3735 1596 3781 sa
1630 3725 1744 3782 ute
1788 3722 1854 3779 et
1899 3731 2102 3799 opere
2148 3707 2236 3777 ad
2287 3729 2410 3776 nos
2451 3708 2709 3796 scripta

187 3816 648 3886 pervenerunt,
700 3806 863 3892 quia
913 3804 1119 3873 tantis
1169 3800 1525 3872 miraculis
1574 3800 1673 3869 vel
1727 3800 1896 3890 ipse,
1952 3796 2052 3866 vel
2103 3797 2197 3878 hi,
2250 3796 2371 3883 qui
2418 3818 2576 3864 cum
2627 3816 2706 3864 eo

193 3893 565 3964 transmissi
614 3907 797 3975 sunt,
851 3895 921 3962 in
971 3907 1171 3984 gente
1217 3890 1450 3961 eadem
1502 3898 1889 3968 coruscant,
1942 3900 2018 3956 ut
2063 3882 2708 3984 Apostolorumtvir-

193 3984 345 4049 tutes
390 3982 717 4073 insignis,
771 4004 946 4069 quae
991 3981 1335 4061 exhibent,
1389 3978 1647 4048 imitari
1697 3975 2078 4046 videantur.
2150 3979 2228 4043 In
2280 3973 2708 4043 solemnitate

195 4080 393 4138 autem
448 4071 844 4141 Dominicae
891 4070 1291 4150 NativitatiS,
1328 4089 1505 4155 quae
1537 4064 1761 4157 prima
1793 4063 2166 4133 indictione
2202 4074 2543 4132 transacta
2573 4071 2699 4140 est,

196 4152 532 4245 plusquam
588 4160 819 4228 decem
871 4159 1088 4228 millia
1138 4156 1333 4249 Angli
1383 4158 1470 4226 ab
1517 4155 1756 4225 eodem
1806 4151 2115 4221 nunciati
2164 4164 2327 4221 sunt
2377 4149 2582 4219 fratre
2636 4160 2703 4218 et

200 4246 575 4340 coepiscopo
623 4258 856 4318 nostro
902 4248 1247 4339 baptizati.
1293 4245 1486 4329 Quod
1526 4245 1783 4314 idcirco
1813 4240 2108 4323 narravi,
2145 4251 2221 4311 ut
2251 4237 2702 4330 cognoscatis,

238 4400 258 4424 ·
279 4403 519 4453 Eleganter
537 4407 796 4453 Gregorius
814 4406 1067 4453 Anzlorum
1087 4405 1443 4446 conversionem
1463 4401 1703 4443 describit.
1733 4399 2002 4441 Notandum
2018 4380 2146 4439 infra
2173 4397 2301 4448 quod
2328 4396 2524 4449 praebet
2553 4395 2707 4443 Augu·

202 4448 297 4496 *lino
313 4460 542 4501 monitum
560 4461 688 4500 circa
705 4460 945 4500 macuta.
1567 4456 1618 4482 *θ
1639 4456 1761 4504 Lege
1784 4453 2058 4496 Galliarum.
