3327 4999
144 358 389 424 MART.
444 358 527 423 ⁴6
924 370 1004 418 m:
1051 370 1107 418 s.
1162 364 1443 416 tiammo
1490 363 1888 414 CONFESSORE
2470 347 2586 411 3⁴4

148 468 242 526 tot
288 454 572 524 funibus
651 460 1064 521 eccatorum.
1118 448 1241 517 Hei
1281 447 1453 517 mihi
1482 446 1648 533 quid
1681 447 1932 536 agam?
1966 442 2319 526 Quomodo
2363 465 2471 513 me
2501 466 2690 514 nunc

144 556 325 615 terra
393 565 530 613 non
629 543 972 609 evorati»
1035 543 1314 628 Propter
1386 558 1560 624 quae
1629 535 1699 603 in
1767 557 1876 603 ma
1933 555 2091 601 nam
2169 532 2508 602 adductus
2562 533 2692 602 du-

143 633 546 703 bitationem
599 628 924 699 dominus
991 626 1385 708 diversorii,
1439 635 1516 693 ut
1575 623 1697 711 qui
1744 623 1893 692 nihi
1969 622 2174 691 sciret
2227 642 2460 691 eorum
2510 642 2689 708 quae

146 731 693 815 praecesserant·
738 717 1005 785 «Maria
1053 715 1340 784 Domina
1387 735 1563 794 mea,
1616 712 1932 793 dicebat,
1984 712 2115 781 hoc
2167 722 2380 780 totum
2429 710 2695 779 biennii

152 825 424 902 tempus
472 809 616 899 jam
670 820 894 876 tecum
956 805 1211 905 degens
1247 858 1261 884 ,
1316 824 1676 889 nunquam
1725 813 1787 870 te
1843 799 1983 869 vidi
2031 800 2116 869 ad
2168 809 2424 868 tantam
2475 799 2699 868 addu-

150 912 326 969 ctam
381 897 724 967 tristitiam
758 909 825 964 et
870 894 1086 963 animi
1120 891 1647 993 aegritudinem.
1700 895 1867 959 Prae
1914 888 2412 959 dubitationem
2471 888 2700 974 itaque

155 988 398 1058 delicio
446 998 511 1055 et
559 983 1034 1064 contremisc0‚
1073 994 1405 1071 cogitanS,
1462 980 1810 1050 undenam
1859 991 1924 1047 et
1953 1000 2253 1064 quonam
2290 976 2493 1046 modo
2533 976 2702 1045 haec

155 1078 377 1147 dicere
428 1074 552 1144 tibi
592 1072 849 1142 venerit
897 1072 964 1140 in
1019 1086 1389 1140 mentem.»
1432 1068 1553 1138 Illa
1604 1081 1860 1149 autem,
1901 1079 2250 1153 tamquam
2301 1065 2362 1134 ei
2411 1086 2697 1134 causam

156 1165 596 1256 significans:
651 1161 1008 1240 «Utinam,
1065 1159 1310 1246 inquit,
1350 1158 1624 1228 duobus
1663 1156 1866 1227 annis
1893 1168 2049 1224 ante
2078 1155 2549 1226 decessissem.
2590 1153 2700 1224 Sic

152 1256 331 1323 enim
387 1251 671 1322 fuissem
722 1250 1003 1319 omnino
1037 1248 1213 1318 inter
1259 1248 1515 1317 beatas,
1552 1269 1588 1312 »

230 1345 269 1431 ξ
337 1347 494 1414 25.
561 1346 840 1430 Propter
898 1338 1065 1407 haec
1114 1336 1370 1406 veritus
1435 1336 1713 1404 divinus
1760 1332 2158 1413 AbramiuS,
2212 1353 2296 1400 ne
2344 1332 2492 1422 ipse
2538 1353 2696 1400 eva-

150 1433 336 1501 deret
387 1428 835 1508 manifestus,
888 1426 1134 1496 deinde
1206 1424 1566 1515 aufugeret
1612 1423 1759 1492 filia
1805 1423 1953 1513 ejus
2017 1421 2287 1501 fratris,
2349 1432 2424 1490 ut
2481 1442 2693 1506 quam

149 1542 404 1611 magna
446 1519 564 1587 illa
595 1516 936 1586 morderet
965 1514 1453 1605 poenitentiam
1483 1525 1548 1583 et
1574 1534 1752 1600 quae
1799 1532 1934 1581 non
1971 1509 2273 1599 amplius
2304 1507 2504 1578 ferret
2537 1530 2698 1577 eum

148 1608 429 1688 intueri,
481 1607 687 1677 cu'us
737 1618 1096 1705 praecepta
1147 1616 1282 1673 tam
1332 1615 1562 1693 aperte
1621 1599 2182 1689 contempsisset:
2235 1610 2300 1667 et
2347 1599 2446 1667 sic
2494 1596 2694 1666 aufu-

195 1709 337 1767 eret
391 1718 552 1787 prae
605 1718 645 1764 a
691 1717 769 1763 ex
818 1693 1065 1762 mediis
1112 1693 1261 1782 ejus
1323 1691 1684 1772 manibuS,
1738 1689 2144 1780 priusquam
2209 1697 2415 1756 totam
2467 1707 2696 1756 escam

147 1722 506 1856 devoraret
564 1797 630 1853 et
678 1795 1032 1873 propterea
1080 1781 1314 1850 volens
1362 1801 1639 1849 omnem
1688 1778 1953 1848 auferre
2017 1775 2480 1866 suspicionem
2511 1829 2526 1855 ,
2583 1795 2701 1865 pe-

150 1875 557 1945 tulantiores
605 1893 830 1941 mores
877 1870 1202 1939 amatoris
1250 1869 1660 1958 suscipiens:
1718 1867 2102 1957 «Reprime,
2147 1865 2440 1944 dicebat,
2480 1885 2519 1933 o
2547 1886 2701 1932 mu-
2807 1908 2814 1916 -

154 1964 299 2045 lier,
356 1964 527 2032 haec
562 1961 875 2030 tristitiae
922 1960 1149 2029 verba.
1204 1964 1345 2027 Non
1381 1957 1563 2026 enim
1601 1955 1753 2025 ideo
1785 1956 1921 2024 buc
1962 1954 2436 2032 convenimuS,
2469 1964 2546 2020 ut
2594 1974 2700 2020 re-

148 2052 537 2123 cordareris
584 2070 822 2118 eorum
872 2069 1047 2135 quae
1095 2046 1385 2118 fecisti.»
1436 2051 1513 2114 Et
1544 2065 1914 2114 conversus
1944 2043 2028 2111 ad
2076 2042 2435 2112 dominum
2472 2040 2699 2110 diver-

152 2141 357 2213 sorii:
411 2139 707 2217 «Amice,
762 2137 1010 2223 inquit,
1063 2136 1229 2204 affer
1261 2134 1459 2205 nobis
1507 2134 1639 2202 cito
1671 2154 1846 2219 quae
1885 2132 2164 2222 parasti,
2194 2144 2271 2200 ut
2317 2129 2521 2199 ambo
2552 2128 2697 2197 col-

155 2230 561 2298 laetemur»)
612 2249 648 2295 e
699 2226 1075 2326 longinquo
1123 2223 1347 2305 enim;
1399 2234 1479 2292 ut
1524 2222 1755 2301 vides,
1810 2220 2069 2289 accessi
2117 2233 2393 2310 propter
2439 2219 2691 2309 ipsam.

162 2323 375 2386 Laute
421 2317 645 2403 itaque
692 2314 992 2385 exhibito
1039 2312 1371 2394 convivio,
1425 2311 1543 2398 qui
1594 2323 1766 2380 totos
1804 2308 2306 2398 quinquaginta
2354 2329 2573 2376 annos
2614 2327 2701 2373 ne

165 2405 581 2475 sustinuerat
649 2403 930 2491 quidem
1001 2401 1308 2492 aspicere
1366 2400 1725 2468 mulierem
1774 2410 1838 2467 et
1887 2419 2010 2466 nec
2073 2418 2323 2487 panem
2385 2395 2691 2482 quidem,

164 2517 291 2564 nec
337 2517 608 2581 aquam,
664 2515 842 2581 quae
888 2503 1052 2562 sunt
1100 2490 1395 2560 maxime
1452 2487 1873 2568 necessaria,
1927 2497 2315 2576 sumpserat
2361 2484 2444 2554 ad
2497 2483 2701 2555 satie-

166 2596 387 2652 tatem:
441 2585 677 2652 vinum
727 2582 902 2651 bibit
948 2593 1013 2650 et
1049 2580 1346 2649 vescitur
1379 2579 1731 2656 carnibuS,
1784 2587 1850 2645 et
1895 2575 2293 2645 convivatur
2339 2596 2500 2643 cum
2556 2593 2701 2640 me-

164 2672 418 2742 retrice.
473 2678 639 2742 Nam
690 2671 968 2740 beatum
1018 2690 1290 2756 quoque
1338 2664 1968 2745 sciebat'Paulum‚
2008 2664 2090 2732 ad
2141 2685 2344 2750 quem
2396 2664 2544 2752 ipse
2593 2660 2699 2728 in-

165 2762 501 2841 tuebatur,
539 2772 604 2830 et
647 2760 854 2846 cujus
901 2758 1241 2829 viscerum
1275 2767 1340 2826 et
1385 2757 1510 2825 zeli
1544 2754 1996 2824 contendebat
2050 2775 2198 2824 esse
2246 2751 2568 2829 imitator,
2624 2769 2698 2818 se

156 2849 534 2938 aliquando
583 2848 988 2939 purificasse
1034 2858 1100 2916 et
1156 2857 1366 2937 caput
1420 2845 1625 2914 etiam
1677 2844 1964 2924 rasisse,
2017 2841 2446 2910 Timotheum
2496 2838 2703 2908 etiam

60 2997 79 3003 -
147 2937 697 3018 circumcidisse,
750 2948 815 3005 et
862 2937 956 3005 ita
987 2957 1071 3004 ne
1101 2934 1461 3004 Judaismo
1490 2932 1771 3021 quidem
1823 2931 2230 3022 pepercisse,
2267 2940 2342 2998 ut
2387 2926 2705 2998 infideles

153 3030 432 3098 animas
462 3027 831 3096 attraheret
876 3025 958 3094 ad
1014 3024 1356 3113 pietatem.
2043 3077 2054 3088 .

237 3121 274 3206 ἓ
327 3122 499 3188 28.
555 3120 719 3184 Cum
758 3115 855 3186 sic
910 3136 1073 3204 ergo
1120 3123 1346 3182 essent
1391 3109 1753 3190 convivati,
1808 3130 1879 3180 se
1927 3108 2219 3176 invicem
2269 3127 2483 3174 manu
2531 3102 2706 3173 acci-

202 3206 445 3285 ienteS,
506 3204 575 3272 in
612 3203 930 3273 intimam
966 3202 1032 3269 in
1090 3201 1453 3270 rediuntur
1499 3197 2022 3268 domunculam.
2059 3201 2137 3264 In
2167 3216 2247 3263 ea
2293 3206 2520 3263 autem
2568 3205 2706 3260 sta—

198 3308 264 3365 at
304 3293 599 3382 quidam
650 3293 888 3372 lectuS,
926 3313 1037 3360 mo
1073 3290 1224 3359 liter
1256 3300 1511 3358 stratus
1549 3287 1634 3356 ad
1676 3286 1999 3373 quietem,
2037 3285 2107 3353 in
2151 3305 2287 3370 quo
2321 3305 2481 3352 cum
2530 3279 2706 3348 mol-

151 3383 306 3454 liter
356 3383 660 3470 ,sedisset
710 3380 1073 3450 Abramius
1119 3378 1239 3464 qui
1296 3400 1567 3468 semper
1628 3378 1806 3445 terra
1875 3395 2049 3443 usus
2095 3384 2240 3442 erat
2305 3393 2426 3461 pro
2497 3380 2707 3438 strato

150 3474 383 3554 «Sine,
415 3471 645 3557 inquit
715 3470 919 3550 uella,
948 3479 1024 3537 ut
1056 3467 1176 3537 tibi
1199 3466 1457 3536 solvam
1490 3465 1827 3536 calceos.»
1852 3462 1973 3532 Ille
2003 3473 2228 3531 autem
2253 3460 2452 3550 jubet
2481 3457 2701 3548 prius:

149 3575 411 3631 vectem
448 3559 611 3629 obdi
688 3558 948 3627 oribus.
998 3561 1304 3642 Cumque
1352 3555 1472 3624 illa
1518 3555 1804 3623 instaret
1855 3549 2348 3629 vehementius,
2399 3558 2474 3617 ut
2514 3547 2708 3636 prius

148 3650 450 3720 solveret
510 3647 813 3726 calceoS,
869 3645 1111 3715 beatus
1158 3644 1522 3714 Abramius
1584 3664 1720 3711 non
1781 3639 2134 3710 sustinuit.
2192 3636 2492 3705 Tandem
2542 3655 2709 3723 ergo

148 3759 519 3829 persuasa,
575 3757 735 3806 cum
775 3736 1029 3804 ostium
1080 3745 1223 3803 tuto
1253 3733 1636 3812 clausisset,
1669 3730 1751 3799 ad
1805 3740 2120 3800 sanctum
2167 3725 2474 3795 accessit.
2520 3728 2712 3792 Post-

144 3849 361 3914 quam
419 3846 577 3894 vero
625 3845 773 3892 eam
884 3845 957 3892 er
1004 3845 1291 3892 manum
1350 3820 1529 3912 cepit
1588 3819 1973 3897 Abramius,
2028 3827 2092 3884 et
2153 3814 2325 3883 vidit
2368 3834 2516 3882 eam
2570 3832 2710 3881 non

153 3937 358 4005 posse
411 3912 720 4004 amplius
764 3932 1065 4003 eugere
1129 3922 1195 3980 et
1233 3912 1378 4001 jam
1433 3907 1755 4001 praedam
1806 3928 1955 3977 esse
2017 3903 2275 3975 retibus
2323 3902 2652 3971 irretitam
2691 3954 2708 3981 ,

152 4016 315 4074 tunc
367 4001 702 4073 amatoris
738 4022 1095 4091 personam
1160 4000 1536 4091 deponens,
1590 4008 1655 4066 et
1715 3994 2046 4086 abjiciens
2106 4013 2381 4061 omnem
2431 4009 2711 4059 scenam

157 4105 219 4162 et
265 4090 815 4171 simulationem,
870 4090 989 4177 qui
1050 4088 1468 4159 intrinsecus
1515 4086 1807 4166 latebat,
1861 4083 2080 4173 aperit
2142 4079 2595 4150 Abramium:
2649 4089 2715 4147 et

156 4182 389 4252 ablato
444 4181 625 4272 pileo
670 4201 874 4266 quem
928 4178 1219 4248 habebat
1266 4177 1337 4246 in
1385 4175 1608 4277 capite
1654 4187 1720 4246 et
1765 4172 2061 4264 graviter
2111 4170 2494 4261 suspirans:
2545 4170 2716 4234 «Cor

157 4289 396 4340 meum
435 4323 450 4349 ‚
505 4269 754 4356 inquit,
810 4267 1040 4349 Maria,
1095 4266 1321 4335 nescis
1382 4285 1705 4353 qu1snam
1766 4284 1892 4353 ego
1954 4261 2134 4331 sim?
2180 4265 2322 4329 Non
2394 4255 2715 4359 agnoscis

151 4361 584 4460 cognatum?
629 4356 803 4440 Quid
852 4368 997 4437 est,
1054 4355 1287 4425 anima
1356 4377 1543 4434 mea,
1596 4351 1780 4440 quod
1818 4350 1941 4421 tibi
1990 4347 2293 4419 accidit?
2341 4352 2509 4429 Quis
2556 4354 2704 4422 est,

154 4467 277 4534 qul
330 4459 398 4518 te
449 4446 649 4515 traxit
695 4444 780 4515 ad
846 4444 1247 4516 interitum?
1296 4443 1421 4512 Ubi
1469 4464 1654 4512 nunc
1701 4453 1802 4514 est
1849 4439 1965 4509 ille
2029 4436 2386 4528 angelicus
2435 4433 2717 4504 habitus
