3327 4999
166 328 417 395 MART.
468 326 554 397 25
977 346 1046 395 nt
1092 344 1477 397 ANNUNCIAT.
1531 340 1592 396 Β.
1645 336 1887 396 mium
2492 329 2623 397 469

165 430 661 524 promulgaret.
725 431 1170 521 Mysterium‚
1224 432 1405 521 quod
1476 433 1612 503 fide
1665 431 2151 524 cognoscitur,
2202 443 2270 503 et
2314 430 2710 504 curiositate

163 542 305 590 non
355 520 726 590 invenitur.
798 521 1194 610 Mysterium
1263 521 1734 604 adorandum,
1793 543 1926 591 non
1984 521 2293 591 humana
2343 522 2710 611 prudentia

164 608 723 767 ppndeigiandum.
797 609 1195 699 Mysterium
1258 610 1549 693 divinis,
1604 632 1742 680 non
1791 610 2121 681 humanis
2169 609 2550 680 rationibus
2597 632 2714 680 ex-

248 719 400 769 ican
456 719 602 767 um.

165 722 211 789 p
254 790 291 873 ξ
336 791 419 858 8.
474 791 551 854 In
616 806 852 855 mense
900 797 1085 856 sexto
1134 787 1392 857 missus
1432 799 1533 858 est
1590 787 1860 858 Gabriel
1914 787 1998 857 ad
2051 787 2427 878 Virginem.
2493 793 2708 870 Quem

164 888 435 947 sextum
468 895 774 944 mensem
814 873 1013 944 dicit?
1065 880 1316 957 Quem?
1364 881 1453 946 Ex
1501 897 1638 964 quo
1689 876 2022 947 nimirum
2075 876 2419 946 Elisabeth
2451 875 2712 945 bonum

163 963 432 1054 accepit
471 963 836 1044 nuncium,
877 985 958 1032 ex
1005 983 1144 1052 quo
1188 970 1525 1034 Joannem
1560 966 1897 1056 concepit.
1940 964 2131 1035 Unde
2176 965 2242 1033 id
2284 965 2572 1055 planum
2610 963 2716 1032 flu

163 1057 466 1151 Ipsemet
511 1051 811 1142 Angelus
861 1052 1207 1142 Virginem
1256 1051 1641 1140 alloquens,
1699 1054 1797 1122 sic
1847 1053 2354 1139 interpretatur:
2411 1056 2580 1121 Ecce
2635 1056 2717 1120 E-

165 1140 483 1222 lisabeth,
518 1139 769 1227 inquit,
804 1152 1096 1231 cognata
1125 1151 1263 1221 tua,
1294 1153 1360 1210 et
1407 1142 1557 1229 ipsa
1605 1142 1921 1233 concepit
1968 1141 2191 1211 filium
2243 1141 2314 1209 in
2364 1151 2714 1210 senectute

165 1251 319 1299 sua:
373 1240 438 1298 et
484 1227 598 1298 hic
648 1229 908 1297 mensis
956 1240 1184 1298 sextus
1250 1242 1316 1298 et
1369 1228 1520 1310 illi,
1580 1251 1758 1317 quae
1818 1242 2097 1300 vocatur
2145 1229 2420 1300 sterilis.
2491 1235 2716 1297 Mense

164 1329 375 1386 sexto:
430 1315 712 1397 scilicet,
765 1316 1235 1406 conceptionis
1280 1318 1592 1388 Joannis.
1652 1318 2020 1408 Oportebat
2077 1320 2313 1404 enirn,
2372 1330 2455 1387 ut
2513 1317 2713 1385 miles

163 1405 501 1475 anteiret:
556 1418 1094 1475 consentaneum
1147 1418 1332 1485 erat,
1386 1418 1462 1475 ut
1510 1406 1827 1478 minister
1873 1407 2346 1477 antecederet:
2414 1427 2711 1492 aequum

160 1505 343 1575 erat.-
391 1504 467 1564 ut
515 1492 720 1563 index
756 1493 1027 1564 Domini
1070 1495 1523 1594 praesentiam
1568 1494 2015 1585 significaret.
2057 1501 2283 1565 Mense
2318 1508 2504 1565 sexto
2540 1494 2708 1563 mis-

163 1604 287 1652 sus
350 1592 452 1652 cst
516 1581 805 1671 angelus
865 1581 950 1650 ad
1011 1582 1359 1672 Virginem
1411 1583 1900 1674 desponsatam
1949 1584 2119 1653 viro.
2186 1588 2705 1674 Desponsatam,

164 1692 303 1741 non
348 1682 575 1740 autem
627 1669 1096 1759 conjunctam.
1139 1676 1627 1761 Desponsatam
1668 1672 1975 1759 quidem,
2018 1672 2135 1741 sed
2165 1685 2526 1742 servatam.
2583 1675 2717 1739 Cur

163 1759 690 1850 desponsatam?
727 1764 817 1828 Ne
866 1757 1157 1828 celerius
1210 1759 1380 1828 latro
1434 1760 1837 1849 mysterium
1889 1760 2323 1851 intelligeret.
2372 1765 2538 1829 Nam
2592 1781 2716 1847 per

164 1847 503 1936 virginem
538 1846 823 1935 quidem
858 1868 1088 1937 regem
1129 1867 1277 1916 esse
1310 1860 1675 1918 venturum
1727 1849 2087 1939 improbus
2135 1871 2272 1918 non
2323 1846 2709 1939 ignorabat,

162 1936 422 2025 quippe
513 1934 590 2004 ui
650 1934 870 2005 Isaiae
918 1936 1066 2025 ipse
1103 1954 1376 2022 quoque
1410 1937 1612 2006 verba
1661 1936 1781 2005 illa
1829 1936 2172 2007 audierat:
2210 1941 2378 2006 Ecce
2417 1936 2609 2025 virgo
2643 1935 2714 2002 in

166 2037 361 2093 utero
409 2025 499 2093 ha
548 2023 709 2106 ebit,
748 2036 812 2093 et
847 2023 1065 2113 pariet
1111 2024 1360 2093 filiurn.
1414 2030 1650 2112 Itaque
1692 2025 2003 2114 singulas
2051 2025 2353 2115 virgines
2399 2024 2717 2093 observa-

168 2113 310 2193 bat,
346 2123 423 2182 ut
468 2112 593 2181 ubi
641 2112 1046 2202 mysterium
1101 2112 1192 2180 im
1252 2112 1377 2181 leri
1432 2112 2037 2193 animadverteret,
2098 2112 2458 2182 infamiam
2510 2132 2715 2202 para-

169 2212 295 2270 ret.
336 2199 600 2270 Idcirco
633 2201 966 2272 Dominus
1016 2222 1137 2291 per
1227 2211 1663 2291 esponsatam
1698 2202 1904 2271 venit.
1959 2207 2146 2284 Quae
2183 2201 2368 2271 enim
2420 2200 2717 2289 despon-

170 2300 318 2358 sata
372 2288 595 2358 fuerat
627 2344 643 2368 ,
696 2288 1023 2378 deinceps
1087 2289 1158 2358 in
1230 2310 1515 2359 manum
1591 2291 1830 2380 sponsi
1879 2290 2214 2360 tradenda
2260 2302 2430 2358 erat.
2488 2293 2717 2357 Mense

165 2388 355 2447 sexto
397 2375 655 2449 missus
684 2389 787 2447 est
833 2376 1102 2447 Gabriel
1152 2376 1239 2446 ad
1278 2378 1394 2446 Vir
1442 2378 1627 2447 inem
1679 2378 2164 2469 desponsatam
2217 2378 2382 2457 vir0,
2424 2377 2538 2446 cui
2591 2397 2717 2444 no-

168 2487 324 2536 men
375 2477 520 2536 erat
563 2465 844 2557 Josepb.
917 2465 1090 2536 Audi
1156 2464 1322 2554 quid
1395 2401 1481 2539 ge
1548 2466 1680 2537 hoc
1735 2465 1881 2538 viro
1928 2479 1995 2537 et
2054 2466 2138 2537 de
2185 2466 2460 2557 Virgine
2532 2463 2718 2534 dicat

166 2555 525 2646 Propheta:
566 2554 851 2626 Dabitur
882 2555 998 2624 hic
1033 2555 1208 2625 liber
1238 2554 1648 2648 obsignatus
1698 2556 1842 2625 viro
1892 2555 2135 2628 scienti
2175 2555 2442 2626 literas:
2480 2552 2554 2621 Id
2588 2565 2715 2633 est,

168 2645 372 2735 Virgo
421 2644 625 2734 plane
673 2643 1141 2713 immaculata.
1195 2648 1245 2714 A
1291 2665 1428 2732 quo
1486 2643 1798 2714 dabitur?
1844 2647 1894 2713 A
1941 2643 2414 2714 sacerdotibus
2445 2641 2710 2728 utique.

166 2733 453 2802 cuinam
503 2732 680 2801 viro?
736 2733 951 2801 Fabro
995 2733 1253 2822 Joseph
1290 2733 1347 2802 ⁸.
1407 2733 1532 2802 Hic
1582 2733 1879 2823 Joseph,
1942 2731 2220 2813 fratres,
2287 2731 2478 2800 claro
2518 2729 2716 2819 prius

159 2822 453 2911 junctus
502 2819 942 2891 matrimonio
975 2832 1371 2910 susceperat
1418 2817 1707 2891 liberos:
1754 2831 1906 2910 post
1961 2832 2192 2890 autem
2254 2839 2465 2888 uxore
2514 2839 2718 2916 repu7

165 2909 375 2990 dieta,
412 2909 483 2977 in
532 2908 842 2978 castitate
876 2907 1061 2987 vixit,
1106 2920 1172 2978 et
1220 2908 1471 2978 liberos
1515 2909 1587 2978 in
1628 2908 1801 2979 disci
1862 2909 2001 2978 lina
2047 2920 2113 2977 et
2161 2908 2406 2976 timore
2436 2905 2711 2976 Domini

162 2997 502 3067 educavit.
558 3002 724 3066 Cum
779 2996 964 3066 enirn
1023 2996 1278 3066 Paulus
1336 2997 1699 3087 Apostolus
1754 3020 1790 3066 a
1904 2995 2257 3086 Evangelii
2311 2993 2711 3085 promulga-

170 3087 427 3156 tionem
484 3085 1055 3174 proficisceretur,
1091 3096 1157 3153 et
1197 3106 1420 3154 unum
1468 3107 1549 3154 ex
1603 3084 1769 3153 filiis
1812 3084 1961 3174 ejus
2014 3084 2401 3175 reperisset:
2459 3081 2718 3161 Alium,

167 3173 419 3261 inquit,
479 3172 954 3264 Apostolorum
1011 3172 1148 3242 vidi
1206 3172 1552 3242 neminem
1586 3227 1601 3253 ‚
1657 3173 1796 3242 nisi
1840 3172 2179 3244 Jacobum
2239 3171 2520 3241 fratrem
2586 3174 2711 3238 Do-

169 3261 367 3342 mini,
429 3282 565 3331 non
620 3283 697 3331 ex
747 3259 981 3340 Maria,
1034 3261 1154 3331 sed
1214 3283 1294 3330 ex
1350 3261 1606 3350 Joseph
1669 3261 2006 3351 genitum.

254 3351 293 3436 ξ
339 3353 431 3421 8.
487 3354 650 3419 Cum
694 3349 908 3439 igitur
954 3349 1339 3421 sacerdotes
1387 3361 1573 3419 casto
1620 3349 1876 3439 Joseph
1926 3349 2269 3438 Virginem
2306 3344 2718 3435 despondis-

171 3451 348 3523 sent,
401 3459 554 3508 eam
604 3437 706 3507 illi
763 3437 1382 3518 commendarunt,
1452 3436 1854 3527 nuptiarum
1934 3447 2206 3526 tempus
2253 3444 2710 3523 expectantes,

167 3532 416 3595 Verum
467 3548 616 3596 eam
692 3526 840 3616 ipse
914 3526 1343 3616 suscipiens,
1398 3525 1736 3625 integram
1801 3535 1944 3594 erat
2017 3533 2572 3592 conservaturus.
2641 3520 2714 3589 Id

164 3614 351 3701 quod
391 3614 609 3684 multo
656 3626 813 3684 ante
860 3615 1194 3704 Propheta
1243 3624 1769 3703 pronunciarat:
1810 3612 2115 3691 Dabitur,
2157 3610 2502 3696 inquiens,
2543 3609 2720 3677 liber

164 3703 574 3794 obsignatus
623 3703 766 3772 viro
816 3702 1059 3774 scienti
1107 3702 1337 3773 literas
1374 3715 1439 3771 et
1477 3701 1701 3771 dicet:
1756 3705 1897 3769 Non
1945 3720 2225 3799 possum
2286 3696 2535 3784 legere.
2578 3701 2722 3795 ‚Cur

167 3813 308 3860 non
419 3804 563 3861 otes
613 3789 837 3881 legere
880 3791 1191 3880 Joseph?
1238 3795 1376 3859 Non
1417 3810 1725 3878 possum,
1771 3788 2017 3874 inqult,
2073 3786 2294 3876 legere
2331 3784 2496 3870 quia
2530 3783 2722 3884 ‘liber

165 3892 272 3950 est
318 3902 358 3949 o
410 3878 752 3970 signatuS.
806 3879 924 3948 Cui
1002 3881 1360 3948 servatur?
1406 3881 1662 3947 Rerum
1739 3875 2050 3944 omnium
2131 3885 2555 3970 procreatori-
2599 3895 2721 3960 pro

166 3967 546 4037 domicilio.
603 3967 731 4036 Sed
781 3967 865 4035 ad
938 3967 1361 4056 propositum
1438 3975 1885 4034 revertamur.
1942 3968 2166 4031 Mense
2227 3972 2413 4030 sexto
2464 3982 2723 4029 missus

163 4068 269 4127 est
318 4054 591 4125 Gabriel
640 4055 724 4124 ad
763 4054 1131 4143 Virginem.
1186 4054 1322 4135 Qui
1381 4053 1685 4154 profecto
1731 4050 2074 4140 ejusmodi
2123 4072 2164 4150 a
2210 4053 2344 4118 Deo
2395 4046 2722 4149 mandata

165 4166 328 4214 acce
383 4145 467 4213 it:
522 4143 696 4212 Ades
744 4142 903 4222 huc,
957 4142 1248 4231 Angele,
1303 4141 1617 4210 minister
1663 4151 1809 4209 esto
1858 4151 2169 4224 mysterii
2228 4158 2460 4227 gravis
2507 4147 2571 4204 et
2619 4158 2723 4204 re-

166 4255 296 4303 con
356 4232 474 4302 iti:
545 4228 884 4301 miraculo
941 4230 1220 4301 inservi.
1277 4228 1747 4300 Misericordia
1795 4229 1947 4297 mea
2002 4236 2415 4305 commotuS,
2479 4223 2567 4292 ad
2621 4246 2723 4291 re-

166 4319 591 4410 quirendum
641 4318 851 4387 Adam
902 4318 1022 4406 qui
1087 4317 1477 4399 aberravit,
1531 4315 1950 4387 descendere
2019 4314 2288 4385 festino.
2356 4318 2720 4382 Peccatum

221 4448 249 4474 ‘
285 4449 354 4489 De
371 4446 461 4487 huc
479 4446 670 4488 omnino
690 4445 951 4488 refellenda
967 4445 1205 4488 sententis
1222 4445 1331 4486 vide
1351 4444 1550 4486 suetum
1568 4453 1723 4493 nuper
1741 4442 1993 4492 prologum
2011 4440 2174 4481 Alotstt
2194 4439 2455 4487 Ltpomont.
