3327 4999
701 320 829 385 488
1512 333 1592 379 ns
1640 332 1698 379 s.
1751 332 2063 383 enneomo
2113 335 2275 383 ura
2783 314 3050 381 MART.
3076 315 3147 381 ⁴2

611 417 1073 507 baptismum,
1119 412 1296 481 illud
1347 411 1735 501 praemium
1767 414 2088 504 exigitur,
2140 414 2327 501 quod
2358 411 2511 483 dari
2543 413 2738 499 prius
2775 435 2896 503 pro
2943 412 3146 482 idolo-

607 527 765 576 rum
819 501 1291 572 immolatione
1340 512 1813 570 consueverat.
1869 507 2083 584 Quem
2134 524 2294 572 cum
2347 501 2741 592 praedictus
2785 502 3140 591 episcopus

609 594 1041 681 increparet,
1094 601 1362 658 tantum
1414 609 1486 657 se
1535 589 1948 680 suffragium
2000 591 2403 680 promisisse
2451 589 2851 678 respondit,
2903 601 2981 659 ut
3028 590 3148 659 nisi

609 681 696 750 de
743 679 975 749 causis
1023 677 1230 746 etiam
1281 676 1537 745 talibus
1586 676 1861 768 impleri
1911 700 2049 747 non
2102 678 2343 769 possit.
2414 677 2890 751 Corsica.vero
2936 677 3151 747 insula

608 780 796 839 tanta
846 766 1198 835 nimietate
1243 764 1694 856 exigentium,
1750 778 1815 834 et
1861 769 2265 857 gravamine
2314 767 2655 856 premitur
2699 765 3145 846 exactionum,

604 868 683 926 ut
730 855 890 947 ipsi,
942 854 1063 941 qui
1112 853 1181 922 in
1228 852 1344 922 illa
1395 865 1594 929 sunt,
1667 852 1907 922 eadem
1971 877 2150 942 quae
2197 855 2609 945 exiguntur,
2663 853 3012 943 complere
3058 854 3153 923 vix

606 943 791 1015 filios
840 964 1004 1012 suos
1052 941 1410 1010 vendendo
1459 940 1832 1012 sufficiant.
1890 943 2081 1012 Unde
2130 944 2241 1023 fit,
2295 956 2371 1012 ut
2417 942 2748 1012 derelicta
2802 942 2914 1032 pia
2963 964 3152 1031 repu-

606 1032 817 1112 blica,
865 1051 1293 1120 possessores
1342 1029 1653 1118 ejusdem
1705 1029 1978 1100 insulae
2025 1031 2109 1099 ad
2164 1031 2740 1101 nefandissimam
2773 1034 3145 1119 Longobar·

608 1120 859 1189 dorum
910 1130 1183 1210 gentem
1233 1131 1570 1209 cogantur
1616 1117 1940 1218 effugere.
1995 1119 2172 1201 Quid
2222 1120 2407 1188 enim
2459 1119 2764 1209 graviuS‚
2802 1118 2974 1204 quid
3009 1141 3152 1188 cru-

608 1208 836 1277 delius
885 1207 1024 1297 pati
1077 1219 1367 1296 possunt
1414 1228 1452 1273 a
1503 1205 1861 1287 barbaris,
1914 1229 2122 1362 guam
2176 1220 2252 1276 ut
2304 1206 2658 1276 constricti
2713 1219 2925 1293 atque
2981 1228 3148 1276 com·

606 1295 828 1387 pressi
877 1316 1042 1363 suos
1091 1293 1380 1363 vendere
1430 1293 1612 1362 filios
1657 1295 1922 1383 compel
1959 1299 2198 1363 antur?
2247 1300 2322 1363 In
2368 1295 2601 1363 Sicilia
2649 1306 2886 1364 autem
2941 1293 3151 1367 insula

608 1390 717 1454 Ste
772 1385 997 1453 banus
1043 1382 1330 1469 quidam
1382 1381 1810 1451 marinarum
1857 1383 2157 1472 partium
2206 1383 2676 1452 chartularius
2728 1395 2918 1452 tanta
2971 1404 3146 1471 prae-

598 1473 683 1563 ju
742 1472 870 1539 icia
906 1524 920 1551 ,
978 1484 1336 1556 tantasque
1381 1469 1868 1560 oppressiones
1914 1471 2185 1560 operari
2233 1470 2512 1551 dicitur,
2568 1470 2965 1541 invadendo
3013 1471 3146 1539 loca

608 1558 1050 1649 singulorum
1088 1612 1103 1638 ,
1157 1571 1361 1644 atque
1402 1558 1550 1628 sine
1598 1558 1901 1628 dictione
1960 1580 2332 1628 causarum
2400 1581 2521 1648 per
2568 1560 3039 1649 possessiones
3080 1580 3148 1627 ac

606 1648 851 1718 domos
902 1646 1136 1716 titulos
1185 1646 1526 1737 ponendo,
1580 1659 1657 1715 ut
1706 1647 1764 1715 si
1815 1646 2015 1716 velim
2068 1658 2217 1716 acta
2284 1648 2437 1736 ejus
2484 1647 2786 1735 singula,
2840 1669 3021 1734 quae
3075 1645 3147 1715 ad

607 1758 721 1805 me
753 1756 1146 1826 pervenere,
1200 1734 1450 1813 dicere,
1493 1756 1747 1825 magno
1782 1735 2131 1804 volumine
2181 1736 2348 1804 haec
2395 1735 2667 1825 explere
2703 1756 2836 1804 non
2875 1735 3145 1825 possim.

608 1822 1065 1906 Quaeomnia
1098 1822 1541 1894 serenissima
1578 1823 1864 1892 Domina
1906 1822 2190 1893 solerter
2222 1823 2535 1913 aspiciat,
2579 1834 2645 1892 et
2676 1843 3154 1912 oppressorum

608 1912 911 2002 gemitus
959 1924 1373 2000 compescat.
1418 1936 1442 1973 n
1485 1916 1560 1980 Et
1611 1925 1764 2001 post
1813 1934 2057 2002 pauca:
2101 1939 2125 1972 ι
2157 1916 2343 1993 Quae
2380 1912 2565 1981 enim
2610 1926 2900 1980 mentes.
2939 1911 3154 1999 qualia

611 1999 877 2070 viscera
928 2012 1288 2090 parentum
1341 2020 1491 2068 esse
1543 2013 1834 2090 possunt
1882 2000 2305 2091 perpendite,
2342 1999 2623 2086 quando
2653 2000 2834 2069 filios
2869 2023 3037 2071 suos
3064 1997 3157 2067 di-

615 2088 978 2169 strabum,
1033 2109 1118 2156 ne
1167 2100 1638 2173 torqueantur.
1693 2088 1999 2170 Qualiter
2055 2101 2282 2157 autem
2351 2088 2819 2158 miserendum
2873 2089 2967 2159 sit
3014 2087 3155 2157 filiis

622 2176 947 2257 aliorum,
992 2176 1120 2246 hoc
1168 2175 1341 2246 bene
1389 2176 1637 2248 sciunt.
1692 2177 1812 2262 qui
1864 2177 2116 2246 habent
2166 2177 2504 2267 proprios,
2562 2175 2753 2245 Unde
2795 2177 2975 2246 mihi
3009 2177 3154 2245 haec

622 2264 920 2334 breviter
965 2266 1393 2355 suggessisse
1442 2264 1766 2346 sufficiat,
1819 2287 1904 2334 ne
1949 2266 2008 2334 si
2056 2287 2158 2343 ea,
2225 2287 2404 2351 quae
2454 2265 2522 2332 in
2574 2264 2684 2334 his
2735 2265 3052 2352 partibus
3092 2285 3155 2332 a-

616 2364 919 2511 guntur,
975 2354 1192 2442 pietas
1249 2367 1468 2423 vestra
1528 2374 1660 2421 non
1713 2365 2174 2443 cognosceret,
2230 2374 2341 2422 me
2388 2351 2573 2443 apud
2624 2352 3022 2423 districtum
3052 2352 3154 2442 ju·

670 2442 840 2511 icem
895 2441 1147 2522 silentii
1201 2442 1335 2511 mei
1394 2440 1603 2530 culpa
1658 2441 2045 2512 mulctaret.
2093 2467 2119 2506 ι

697 2533 734 2617 ξ
780 2535 943 2601 82.
997 2531 1173 2599 Hinc
1220 2541 1344 2610 est,
1396 2529 1578 2615 quod
1616 2529 1825 2619 hujus
1859 2530 2165 2631 Gregorii
2199 2542 2503 2618 tempore
2545 2540 2640 2598 tot
2672 2530 3065 2600 sacerdotes
3095 2540 3151 2598 et

608 2617 769 2688 laici
815 2640 939 2708 per
982 2618 1288 2688 diversas
1338 2616 1652 2707 regiones
1703 2618 2061 2688 miraculis
2109 2640 2511 2688 coruscasse
2541 2671 2561 2698 ,
2621 2617 2907 2708 Dialogo
2960 2629 3149 2696 teste,

605 2707 1012 2798 probantur.
1064 2718 1232 2793 quot
1267 2727 1649 2792 numquam
1687 2707 1818 2775 sub
1856 2706 2347 2797 posterioribus
2387 2705 2836 2807 pontificibus
2873 2706 3149 2776 invewri

604 2808 856 2951 Eostea'
891 2807 1284 2884 potuerunt.
1361 2793 1593 2862 Tantis
1641 2793 1855 2884 igitur
1902 2795 2242 2864 Ecclesiae
2291 2799 2405 2863 Del
2456 2793 2907 2866 felicitatibus
2956 2795 3152 2864 hostis

658 2881 900 2951 umani
948 2880 1220 2971 generis
1268 2881 1610 2962 invidens,
1667 2883 2041 2953 nonnullos
2090 2882 2523 2972 pontificum,
2578 2881 2937 2968 simulque
2976 2904 3150 2952 secu·

606 2968 862 3039 larium
901 2968 1250 3059 judicium
1301 2969 1388 3038 ad
1458 2968 1610 3056 ejus
1669 2969 2000 3039 invidiam
2060 2970 2529 3061 conflagravit.
2599 2976 2820 3060 Super
2868 2991 3150 3059 quorum

606 3057 974 3126 afflictione
1019 3057 1271 3126 Joanni
1326 3058 1698 3127 Ravennati
1747 3059 2072 3150 episcopo
2121 3059 2300 3128 inter
2358 3071 2627 3127 caetera
2672 3060 3016 3146 queritur,
3066 3057 3153 3126 di-

606 3167 818 3215 cens:
879 3171 904 3205 ι
962 3145 1263 3214 Peccatis
1310 3144 1438 3215 hoc
1489 3145 1662 3215 meis
1711 3149 1995 3237 reputo,
2048 3148 2211 3233 quia
2261 3147 2411 3227 iste,
2467 3147 2587 3234 qui
2638 3169 2826 3217 nunc
2894 3150 3154 3218 interest

603 3233 823 3324 (haud
872 3232 1192 3312 dubium,
1244 3233 1410 3319 quia
1445 3239 1801 3305 Romanus
1836 3236 2219 3324 Exarehus)
2250 3249 2315 3304 et
2347 3257 2738 3326 repugnare
2767 3251 3013 3307 contra
3042 3233 3154 3304 ini·

606 3321 826 3390 micos
860 3336 1127 3391 nostros
1158 3320 1575 3403 dissimulat,
1614 3334 1681 3391 et
1714 3345 1836 3393 nos
1867 3322 2088 3393 facere
2120 3344 2359 3414 pacem
2405 3337 2618 3393 vetat:
2664 3326 2999 3406 Quamvis
3021 3325 3151 3408 jam

605 3409 837 3490 modo,
874 3409 1080 3478 etiam
1122 3409 1181 3477 si
1213 3409 1394 3489 velit,
1443 3408 1666 3480 facere
1703 3412 1988 3481 omnino
2025 3433 2157 3481 non
2197 3432 2610 3502 possumus:
2654 3415 2823 3498 quia
2858 3411 3144 3482 Ariull'us

604 3498 978 3568 exercitum
1031 3498 1303 3567 Avarith
1352 3511 1418 3566 et
1448 3498 1720 3567 Nodulfi
1757 3498 2041 3580 habenS,
2079 3521 2318 3569 eorum
2355 3500 2491 3569 sibi
2521 3499 2672 3569 dari
2710 3502 3021 3591 precario
3050 3498 3152 3567 dc·

607 3585 888 3669 siderat,
923 3599 1001 3655 ut
1029 3585 1391 3656 nobiscum
1426 3585 1618 3673 loqui
1646 3587 1910 3673 aliquid
1955 3588 2039 3657 de
2073 3610 2238 3679 pace
2270 3588 2619 3678 dignetur.
2668 3615 2691 3652 ι
2748 3594 2919 3659 Item
2964 3588 3154 3658 Seba-

605 3674 829 3745 stiano
854 3675 1178 3764 episcopo
1207 3674 1565 3744 Sirmiensi
1609 3688 1760 3765 post
1791 3675 2061 3762 aliqua:
2097 3700 2132 3743 «
2157 3681 2344 3759 Quae
2377 3676 2814 3747 sanctissime
2847 3677 3055 3747 frater
3081 3674 3153 3742 de

604 3762 814 3831 amici
862 3762 1068 3832 vestri
1117 3761 1385 3831 domini
1432 3764 1724 3833 Romani
1778 3785 2072 3853 persona
2122 3765 2191 3832 in
2225 3765 2354 3834 hac
2391 3777 2568 3834 terra
2609 3766 2938 3855 patimur,
2976 3758 3149 3849 loqui

600 3849 892 3920 minime
939 3850 1318 3920 valeamus.
1370 3851 1670 3920 Breviter
1717 3865 1945 3921 tamen
1995 3852 2174 3930 dico,
2229 3852 2396 3939 quia
2441 3854 2593 3944 ejus
2634 3854 2703 3921 in
2742 3876 2868 3923 nos
2905 3849 3153 3922 malitia

599 3937 870 4028 gladios
918 3939 1530 4028 Longobardorum
1582 3940 1826 4009 vincit:
1881 3939 1975 4010 ita
2023 3952 2100 4010 ut
2149 3940 2590 4031 benigniores
2638 3941 3005 4011 videantur
3037 3940 3149 4009 ho-

597 4039 758 4107 steS,
812 4027 934 4113 qui
983 4048 1109 4096 nos
1161 4027 1591 4108 interimunt,
1647 4051 1857 4115 quam
1911 4028 2339 4120 reipublicae
2366 4029 2666 4120 judices,
2706 4030 2986 4116 quinos
3017 4047 3151 4096 ma·

597 4114 748 4184 litia
797 4137 927 4185 sua
975 4114 1242 4204 rapinis
1289 4128 1494 4202 atque
1542 4115 1838 4187 fallaciis
1887 4118 1956 4186 in
1993 4117 2406 4208 cogitatione
2437 4121 2883 4197 consumunt,
2927 4129 2994 4186 et
3022 4133 3148 4184 uno

599 4215 909 4293 tempore
967 4224 1212 4272 curam
1274 4205 1763 4295 episcoporum
1830 4216 2036 4292 atque
2100 4205 2517 4276 clericorum
2584 4205 3151 4300 monasteriorum

597 4313 876 4380 quoque
924 4303 989 4361 et
1038 4291 1281 4383 populi
1327 4314 1585 4383 gerere,
1629 4305 1871 4363 contra
1912 4294 2215 4363 hostium
2265 4294 2558 4364 insidias
2607 4294 2950 4364 solicitum
2993 4290 3151 4379 vigi-

601 4381 794 4462 lare,
868 4389 1108 4450 contra
1155 4380 1414 4451 ducum
1466 4379 1780 4453 fallacias
1826 4391 2033 4469 atque
2082 4381 2383 4453 malitias
2430 4396 2837 4472 suspectum
2884 4394 3143 4469 semper

3275 514 3282 547 l
