3327 4999
204 384 315 448 EX
366 384 550 448 OCT.
604 386 643 447 5
928 401 1005 448 nn
1054 402 1109 447 s,
1156 399 1518 447 unianimo
1566 399 1734 448 mAc.
1770 401 1846 447 ET
1892 399 2074 449 conr.
2552 383 2682 447 649

201 493 423 572 caput
475 503 680 551 suum
725 481 1046 551 reclinet:
1112 492 1177 549 et
1227 480 1509 567 quidam
1560 503 1639 550 ex
1693 480 1793 549 eis
1841 481 2304 571 responderet,
2373 479 2770 570 Meinulpho

204 570 582 641 audiente:
644 570 952 639 Christus
1002 569 1188 639 filius
1231 569 1558 651 hominis,
1612 569 1841 639 cordis
1890 569 2105 639 nostri
2151 568 2585 639 domicilium
2635 568 2773 639 sibi

202 659 492 749 expetit,
547 657 664 727 sed
725 670 1005 747 peccata
1053 670 1286 728 nostra
1340 680 1501 728 eum
1563 659 1727 727 inde
1773 658 2171 728 excludunt.
2241 658 2431 740 Quod
2484 678 2772 748 respon-

206 770 416 828 sum,
472 768 628 815 cum
697 748 1078 837 Episcopus
1138 746 1311 815 illud
1376 768 1529 817 mox
1592 747 2064 838 approbasset,
2120 747 2341 816 sancti
2389 746 2772 835 Meinulphi

203 838 533 906 animum
590 846 775 903 tanto
829 835 1171 905 Christum
1224 835 1291 903 in
1347 836 1640 924 pectoris
1689 836 1798 906 sui
1860 835 2156 926 hospitio
2225 834 2600 925 recipiendi
2660 857 2771 902 ac-

201 924 451 995 cendit
482 923 847 1005 desiderio,
903 936 978 992 ut
1035 945 1169 992 non
1229 925 1394 993 satis
1459 935 1731 1013 putaret
1778 946 1985 993 suum
2037 924 2138 993 illi
2190 945 2600 1016 praeparare
2651 945 2771 1012 pe-

201 1027 392 1095 ctus,
450 1012 568 1083 sed
598 1013 801 1081 etiam
841 1012 1173 1102 templum
1228 1012 1578 1082 materiale
1615 1013 1713 1082 illi
1748 1025 2146 1083 construere
2182 1012 2406 1082 modis
2445 1012 2773 1082 omnibus

200 1113 631 1194 peroptaret.
691 1105 996 1187 Cumque
1062 1100 1147 1169 de
1204 1100 1351 1170 loco
1399 1114 1789 1192 opportuno
1840 1101 2058 1171 multa
2111 1102 2298 1190 apud
2342 1123 2413 1171 se
2460 1100 2773 1171 solicitus

201 1201 686 1293 pertractaret,
742 1189 1081 1260 subulcus
1121 1189 1271 1279 ejus
1379 1212 1452 1258 ro
1502 1212 1690 1259 more
1744 1212 2111 1280 porcorum
2155 1211 2428 1280 gregem
2486 1210 2774 1278 pascens

201 1304 277 1349 1n
344 1279 525 1349 valle
576 1278 971 1368 patrimonii
1034 1277 1245 1358 illius,
1349 1279 1791 1368 eimproviso
1853 1279 2066 1347 mirae
2102 1279 2280 1348 lucis
2328 1276 2766 1368 splendorem

202 1371 398 1439 inter
448 1368 732 1437 arbusta
769 1367 1147 1456 conspexit.
1186 1371 1276 1435 Ea
1311 1368 1569 1436 visione
1615 1366 2156 1457 obstupefactuS‚
2196 1367 2263 1436 in
2299 1389 2457 1436 eum
2511 1366 2766 1448 locum,

201 1458 336 1528 ubi
390 1456 725 1547 splendor
780 1455 1126 1545 apparuit,
1180 1478 1337 1525 cum
1408 1457 1754 1527 curiosius
1803 1457 2216 1538 intenderet,
2282 1455 2539 1524 multas
2606 1455 2778 1525 vidit

203 1568 460 1617 cervas
507 1544 710 1614 modo
744 1545 1254 1615 circumeuntes
1303 1543 1531 1614 locum
1584 1545 1809 1627 illum,
1865 1545 2069 1615 modo
2126 1545 2195 1613 in
2239 1542 2356 1613 illo
2390 1543 2776 1614 subsisten-

204 1649 337 1707 tes.
380 1641 635 1704 Tantae
682 1634 897 1725 igitur
942 1633 1040 1701 rei
1091 1632 1384 1703 novitate
1448 1635 1849 1724 perculsus,
1913 1634 2150 1703 relicto
2202 1654 2431 1723 grege,
2485 1633 2629 1701 abit
2685 1631 2772 1701 ad

204 1722 714 1812 inquirendum
792 1722 1268 1822 Meinulphum
1328 1722 1690 1791 dominum
1742 1745 1973 1801 suum,
2038 1723 2450 1807 inventoque
2495 1720 2775 1811 exponit

203 1813 383 1900 quid
429 1812 696 1879 viderit.
737 1810 858 1880 His
906 1810 1185 1890 auditiS,
1225 1811 1330 1879 vir
1380 1816 1508 1880 Deo
1541 1811 1826 1881 devotus
1860 1812 1992 1880 sibi
2045 1813 2153 1902 pie
2194 1808 2583 1899 persuadet,
2641 1809 2769 1877 hac

206 1901 500 1971 subulci
549 1899 810 1968 visione
860 1897 1155 1968 voluisse
1207 1900 1571 1968 Dominum
1616 1900 1844 1968 locum
1898 1899 2029 1990 ipsi
2080 1898 2524 1968 fabricandae
2556 1897 2775 1967 eccle-

207 1991 359 2059 siae
411 2000 882 2079 opportunum
924 1986 1252 2056 indicare.
1309 1987 1436 2056 Sed
1485 2009 1647 2057 cum
1691 1987 1863 2057 nihil
1916 2011 1995 2057 ea
2043 1988 2111 2057 in
2167 2009 2261 2068 re,
2316 1999 2390 2056 ut
2489 2008 2567 2055 ar
2599 1997 2765 2065 erat,

208 2081 484 2165 absque
534 2075 850 2167 Episcopi
892 2076 1183 2145 consilio
1231 2086 1528 2146 statuere
1561 2077 1867 2158 auderet,
1923 2077 2338 2167 Episcopum
2375 2097 2434 2143 ai
2469 2075 2552 2144 it:
2604 2074 2776 2160 quid

211 2166 562 2237 subulcus
623 2164 892 2244 dixerit,
946 2164 1010 2233 ei
1056 2165 1354 2254 exponit.
1411 2165 1792 2255 Episcopus
1841 2185 2094 2256 magno
2141 2164 2427 2234 affectus
2486 2162 2765 2253 gaudio,

210 2255 339 2325 ait:
395 2260 583 2324 «Non
627 2252 827 2323 nobis
867 2253 1142 2323 subulci
1189 2275 1482 2343 persona
1523 2252 1824 2335 vilescat,
1877 2276 2038 2323 cum
2085 2264 2348 2323 constet
2381 2250 2776 2342 pastoribus

212 2355 378 2413 ante
427 2364 668 2413 omnes
716 2342 1115 2411 nunciatam
1150 2363 1298 2411 esse
1330 2341 1697 2412 Salvatoris
1725 2342 2171 2412 nativitatem.
2207 2341 2489 2410 Interim
2543 2351 2772 2409 tamen

212 2455 297 2504 co
353 2432 557 2513 itans,
611 2452 1140 2517 nonnumquam
1176 2430 1501 2523 angelum
1554 2443 1833 2503 satanae
1866 2432 2359 2522 transfigurare
2407 2452 2479 2499 se
2529 2429 2619 2506 in,
2649 2450 2776 2496 an-

214 2545 301 2680 ge
334 2544 457 2591 um
519 2520 716 2604 lucis,
778 2541 933 2589 mox
980 2519 1251 2611 adjecit.
1307 2519 1590 2611 Expedit
1637 2521 1865 2590 locum
1919 2521 2119 2590 illum
2171 2521 2398 2588 denuo
2454 2517 2656 2600 adiri,
2715 2517 2774 2585 si

243 2622 393 2680 orte
442 2609 663 2680 visum
716 2609 803 2680 sit
850 2613 1005 2689 De0‚
1045 2608 1415 2678 voluntatis
1461 2631 1629 2678 suae
1669 2609 1854 2678 aliud
1893 2610 2172 2699 signum
2223 2607 2567 2677 exhibere.
2602 2629 2638 2672 »

308 2700 340 2788 ἕ
406 2703 492 2771 4.
544 2704 781 2785 Itaque
831 2709 1112 2768 sanctus
1161 2697 1604 2788 Meinulphus
1651 2721 1807 2768 cum
1854 2697 2146 2768 subulco
2195 2697 2360 2787 petit
2411 2695 2638 2766 locum
2683 2694 2770 2762 il-

214 2789 371 2859 lum
411 2799 474 2857 et
508 2786 726 2856 noctis
756 2786 1051 2876 caligine
1087 2790 1265 2856 terra
1311 2786 1761 2867 circumfusa,
1796 2787 1965 2856 dum
2017 2787 2089 2855 in
2125 2784 2478 2876 supplices
2534 2804 2771 2874 preces

215 2877 519 2968 genibus
567 2875 762 2944 flexis
810 2876 1192 2954 incumbit,
1254 2887 1319 2945 et
1376 2875 1813 2966 splendorem
1870 2875 2044 2944 lucis
2092 2887 2156 2942 et
2204 2894 2563 2943 cervarum
2614 2894 2772 2961 gre-

216 2988 403 3057 gem,
458 2962 745 3055 perinde
776 2976 851 3032 ut
882 2963 1245 3043 subulcuS,
1290 2963 1493 3032 videt.
1535 2964 1854 3034 Laudans
1883 2986 2044 3053 ergo
2085 2962 2200 3030 Dei
2251 2960 2408 3031 beni
2463 2960 2771 3041 nitatem,

218 3054 446 3143 surgit
496 3053 584 3122 ab
632 3051 959 3130 oratione,
1001 3052 1181 3121 venit
1232 3051 1449 3123 laetus
1498 3053 1583 3122 ad
1635 3052 2079 3153 Episcopum:
2123 3051 2293 3137 quid
2351 3050 2415 3119 vi
2468 3048 2618 3130 erit,
2670 3070 2779 3118 or-

217 3142 385 3211 dine
415 3152 930 3210 commemorat.
995 3140 1376 3231 Episcopus
1424 3141 1508 3209 de
1558 3153 1745 3210 tanto
1795 3146 1908 3209 Dei
1960 3161 2246 3209 munere
2292 3139 2355 3207 ei
2402 3148 2778 3239 congratu-

217 3231 401 3308 lanS,
450 3228 543 3296 ita
593 3228 979 3317 respondet:
1015 3233 1134 3297 «Ut
1181 3229 1602 3319 ambiguitas
1640 3230 1870 3299 omnis
1919 3228 2349 3307 excludatur,
2390 3226 2563 3295 mihi
2619 3226 2777 3313 qui-

218 3318 378 3386 dem
431 3315 822 3384 consultum
876 3315 1166 3397 videtur,
1213 3317 1477 3385 tertiam
1532 3339 1744 3407 super
1792 3318 1920 3387 hac
1970 3339 2042 3386 re
2090 3316 2428 3385 divinitus
2466 3326 2778 3404 expetere

220 3405 633 3474 visionem.»
653 3410 847 3474 Paret
882 3406 982 3473 vir
1031 3403 1340 3485 humiliS,
1382 3405 1557 3473 redit
1595 3406 1680 3473 ad
1724 3405 1979 3486 locum,
2017 3405 2221 3475 offert·
2261 3405 2413 3496 pias
2461 3408 2594 3472 Deo
2629 3424 2781 3494 pre-

218 3516 389 3564 ces:
443 3492 697 3561 fruitur
729 3493 991 3571 eadem,
1028 3514 1164 3579 qua
1205 3494 1424 3583 priuS‚
1476 3493 1761 3562 visione.
1808 3499 1978 3561 Tum
2033 3514 2187 3562 vero
2238 3492 2505 3581 ingenti
2554 3491 2778 3581 reple-

220 3596 335 3653 tus
394 3579 674 3671 gaudie,
728 3582 814 3649 ad
873 3581 1285 3681 Episcopum
1338 3584 1681 3672 properat,
1715 3582 1825 3650 sui
1880 3602 2039 3649 eum
2091 3579 2327 3670 gaudii
2372 3579 2776 3669 participem

217 3670 407 3740 facit.
448 3674 670 3760 Agunt
719 3669 922 3737 ambo
988 3681 1239 3758 pariter
1346 3669 1550 3738 ratias
1616 3690 1932 3739 summae
1980 3668 2291 3737 Trinitati
2355 3667 2540 3753 quod
2592 3667 2774 3736 idem

221 3759 633 3849 mysterium
684 3756 866 3826 trina
912 3757 1174 3825 visione
1222 3780 1303 3826 su
1409 3757 1646 3827 eadem
1689 3757 1911 3825 forma
1980 3756 2279 3824 revelare
2336 3754 2622 3846 dignata
2661 3756 2772 3825 sit.

222 3848 361 3917 Etsi
425 3869 579 3917 vero
625 3844 711 3915 de
770 3844 889 3914 illo
937 3845 1253 3935 eligendo
1303 3844 1449 3913 loco
1506 3845 1590 3913 ad
1642 3856 2060 3915 structuram
2115 3843 2353 3934 templi
2393 3845 2537 3934 jam
2585 3843 2780 3913 nulla

220 3935 408 4026 apud
481 3957 598 4005 eos
648 3934 882 4004 relicta
937 3947 1114 4003 esset
1161 3933 1604 4022 ambiguitaS,
1658 3946 1728 4002 at
1780 3932 2051 4004 censuit
2096 3945 2325 4002 tamen
2389 3933 2776 4022 Episcopus

222 4025 353 4094 hac
404 4025 469 4092 in
509 4046 581 4093 re
612 4022 1057 4092 deferendum
1095 4021 1483 4091 auctoritati
1535 4022 1782 4112 regiae,
1828 4034 1904 4090 ut
1952 4022 2101 4090 sine
2152 4020 2270 4091 illa
2327 4020 2504 4088 nihil
2547 4021 2777 4110 operis

220 4113 478 4182 ibidem
513 4112 976 4181 inchoaretur.
1018 4115 1103 4179 Ea
1155 4121 1383 4180 autem
1445 4122 1841 4200 tempestate
1891 4108 2277 4179 Ludovicus
2329 4108 2520 4179 filius
2560 4108 2781 4177 Caroli

224 4200 474 4291 Magni,
532 4200 816 4291 Imperii
865 4200 1171 4269 habenas
1222 4197 1710 4268 moderabatur
1754 4210 1819 4267 et
1869 4198 1934 4265 in
1986 4198 2280 4267 concilio
2331 4196 2767 4287 provinciali,

223 4289 408 4388 apud
460 4287 966 4380 Aquisgrahum
999 4309 1183 4356 anno
1241 4288 1434 4356 tertio
1483 4286 1767 4377 Imperii
1805 4287 1956 4376 ejus
2011 4286 2278 4367 habito,
2334 4285 2514 4355 Ordo
2563 4289 2782 4354 Cano-

226 4399 568 4459 nicarum,
607 4400 781 4465 quas
812 4375 1156 4446 seculares
1204 4388 1469 4456 vocant,
1514 4389 1657 4446 tum
1695 4397 1936 4444 recens
1969 4374 2386 4445 constitutus
2418 4385 2584 4442 erat.
2644 4378 2780 4442 Ita-

224 4486 357 4550 que
404 4489 562 4535 cum
616 4489 750 4536 non
807 4465 941 4534 nisi
991 4486 1190 4535 sexus
1256 4464 1576 4535 foeminei
1652 4463 1832 4534 ferae
1880 4464 1951 4533 in
2019 4486 2099 4533 ea
2145 4484 2354 4551 quam
2420 4461 2726 4531 diximus
2758 4515 2775 4542 ,
