3327 4999
680 338 767 409 28
1338 362 1419 407 nn
1467 360 1524 408 s.
1578 360 2006 408 cnunsotmna
2053 361 2186 408 mr.
2241 360 2410 408 vute.
2809 340 3057 406 MART.
3110 340 3151 406 3

592 446 830 527 decus,
886 444 1175 536 ejusque
1223 445 1636 535 dignissima
1687 445 1963 535 conjux,
2027 444 2181 533 piae
2225 445 2599 515 memoriae
2654 441 3153 534 chunegundis

593 533 1026 625 Imperatrix.
1072 534 1324 602 Eadem
1375 556 1531 603 vero
1579 535 1779 604 beata
1823 545 1890 602 et
1919 539 2053 604 Deo
2082 532 2332 603 dilecta
2358 532 2853 624 Chunegundis
2885 546 3153 602 terreno

591 622 999 713 Imperatori
1045 621 1514 712 corporaliter,
1574 643 1711 691 non
1763 621 2169 703 carnaliter,
2231 622 2624 711 conjuncta,
2679 619 2957 691 coelesti
3005 620 3153 710 regi

588 710 1055 811 virginitatem
1111 731 1308 780 suam
1360 709 1809 792 consecravit,
1845 731 2056 797 quam
2106 732 2327 797 usque
2375 710 2443 779 in
2495 710 2732 790 finem,
2768 709 2940 779 casti
2987 730 3157 777 con-

579 799 776 899 jugis
804 818 1173 879 consensu,
1229 803 1361 867 Deo
1409 811 1598 880 teste,
1652 798 2102 867 conservavit.
2157 797 2350 881 Quod
2407 797 2848 888 postmodum
2901 796 3155 866 divini-

593 899 751 957 tatis
799 886 1270 956 testimonium
1301 941 1316 967 ‚
1371 909 1457 957 ne
1505 887 1740 956 lumen
1801 886 1873 955 in
1938 886 2238 956 tenebris
2285 885 2545 969 lateret,
2599 884 2922 965 ostendit,
2976 885 3149 954 dum

590 997 743 1045 eam
811 974 895 1043 ad
969 973 1541 1045 confundendum
1592 974 2009 1065 virginitatis
2074 974 2339 1045 hostem
2390 989 2455 1043 et
2519 972 3024 1044 obstruendum
3082 994 3156 1041 os

590 1062 992 1144 mendacia,
1070 1075 1310 1133 contra
1374 1063 1713 1154 virginem
1766 1063 2009 1132 Christi
2081 1060 2555 1151 loquentium,
2638 1084 2724 1131 su
2774 1084 2850 1130 er
2899 1062 3157 1152 ignitos

587 1154 898 1220 vomeres
946 1150 1262 1221 incedere
1293 1164 1359 1221 et
1405 1151 1718 1220 illaesam
1762 1151 2132 1251 procedere
2179 1151 2390 1220 dedit.
2439 1155 2513 1219 In
2558 1150 2727 1220 fasci
2780 1172 2866 1221 us
2916 1150 3153 1236 itaque

594 1239 879 1328 Imperii
926 1240 1297 1309 constituta
1328 1294 1343 1320 ‚
1405 1241 1865 1309 continentiae
1915 1261 2080 1308 suae
2129 1239 2420 1330 gloriam
2471 1239 2601 1309 sub
2663 1239 2915 1308 terreni
2963 1238 3158 1307 chla-

594 1326 800 1412 myde
831 1327 1107 1418 imperii
1141 1328 1491 1418 satagebat
1539 1327 1987 1407 abscondere,
2041 1339 2117 1396 ut
2150 1340 2334 1397 tanto
2397 1327 2836 1417 propensiuS,
2893 1337 3156 1413 quanto

592 1414 948 1485 efficacius
995 1427 1280 1505 poterat,
1384 1430 1762 1485 romoveret
1809 1436 1987 1503 quae
2051 1420 2181 1484 Deo
2241 1415 2653 1505 instigante,
2710 1414 2831 1483 illo
2878 1434 3157 1502 quoque

593 1503 1001 1590 adjuvante,
1056 1503 1144 1572 ad
1199 1501 1315 1572 lau
1368 1524 1476 1573 em
1538 1504 1764 1595 ipsius
1823 1503 2168 1593 cogitabat
2243 1503 2591 1593 perficere.
2648 1504 2957 1589 Denique
3008 1514 3159 1593 post

592 1590 934 1661 novellam
971 1590 1550 1661 foecundissimae
1583 1591 2032 1681 plantationis
2080 1613 2247 1661 suae
2286 1591 2674 1671 ecclesiam,
2729 1613 2940 1678 quam
2995 1611 3159 1660 cum

592 1679 714 1748 illo
761 1700 888 1748 suo
951 1679 1460 1751 studiosissimo
1507 1691 1942 1768 cooperatore
1992 1680 2285 1749 Henrico
2342 1680 2414 1747 in
2467 1680 2615 1749 loco
2663 1678 3157 1770 Bambergensi

592 1766 1103 1847 venustissime,
1160 1767 1338 1837 sicut
1392 1767 1728 1838 hactenus
1790 1768 2133 1849 cernitur,
2187 1766 2545 1838 fabricavit
2592 1767 2723 1839 sub
2773 1767 3159 1859 patrocinio

593 1855 935 1956 principis
982 1854 1457 1944 Apostolorum
1509 1856 1691 1926 beati
1739 1857 1916 1925 Petri
1945 1867 2010 1923 et
2040 1857 2261 1925 sancti
2293 1856 2563 1946 Georgii
2593 1856 2953 1944 martyris:
3015 1877 3160 1924 mo-

592 1953 973 2012 nastermm
1026 1943 1157 2012 sub
1190 1943 1429 2033 regula
1476 1943 1656 2013 beati
1706 1944 2057 2013 Benedicti
2102 1943 2187 2012 ad
2231 1944 2711 2030 Aquilonarem
2767 1943 3048 2034 plagam
3084 1944 3153 2011 in

592 2031 856 2100 honore
904 2031 1127 2101 sancti
1173 2031 1524 2102 Michaelis
1574 2032 1975 2123 archangeli
2022 2032 2340 2112 extruxit,
2399 2054 2536 2102 non
2585 2031 2840 2101 minori
2889 2031 3150 2112 studio,

594 2119 1038 2211 praediorum
1086 2141 1364 2207 quoque
1409 2142 1489 2190 ac
1528 2120 1959 2190 diversorum
2001 2119 2309 2191 donariis
2350 2134 2938 2190 ornamentorum.
2997 2125 3157 2189 Ter-

593 2207 760 2277 tiam
809 2206 1095 2277 demum
1129 2230 1365 2278 versus
1406 2210 1766 2278 meridiem
1804 2208 1935 2277 sub
1975 2208 2216 2278 ordine
2246 2209 2739 2278 canonicorum
2788 2208 2919 2278 sub
2951 2208 3154 2277 titulo

591 2295 772 2365 beati
806 2296 1330 2386 protomartyris
1379 2296 1749 2386 Stephani,
1804 2317 2013 2384 parvo
2067 2296 2350 2384 quidem
2401 2297 2772 2377 schemate,
2828 2296 2945 2367 sed
3002 2318 3153 2365 ma·-

580 2384 720 2474 jori
752 2384 961 2474 opera
1012 2384 1100 2453 de
1145 2406 1271 2455 suo
1322 2384 1737 2475 patrimonio
1785 2383 2142 2454 ecclesiam
2208 2384 2570 2465 dedicavit,
2626 2384 2711 2453 ad
2762 2406 2976 2472 quam
3029 2384 3151 2453 de·

593 2472 963 2543 dicandam
1015 2473 1462 2544 Benedictum
1512 2476 1794 2564 Papam,
1839 2493 2044 2560 quem
2095 2472 2443 2562 praefatus
2509 2478 2640 2543 Deo
2696 2472 2955 2563 dignus
3011 2477 3152 2542 Im·

594 2574 866 2652 perator
914 2561 1256 2633 Henricus
1288 2560 1373 2629 ad
1424 2561 1986 2631 confirmandum
2040 2564 2612 2652 Bambergensem
2664 2561 3153 2652 pontificatum

590 2649 1063 2731 advocaverat,
1119 2649 1350 2720 venire
1399 2650 1702 2739 rogavit:
1757 2653 1915 2739 Ipsa
1940 2671 2213 2737 quoque
2261 2650 2438 2719 illud
2490 2649 3018 2749 Psalmographi
3051 2670 3154 2720 se-

589 2760 751 2807 cum
799 2737 1219 2807 decantans:
1274 2740 1568 2818 Domine,
1608 2739 1837 2807 dileoei
1870 2738 2169 2806 decorem
2216 2740 2450 2807 domus
2498 2750 2678 2818 cuae,
2726 2736 3002 2806 diversa
3057 2737 3152 2806 ei-

589 2824 745 2894 dem
797 2823 1127 2895 ecclesiae
1167 2824 1366 2912 juxta
1415 2825 1844 2916 imperialem
1885 2826 2471 2916 magnificentiam
2508 2847 2800 2895 munera
2828 2826 3148 2905 contulit,

590 2912 664 2981 in
714 2912 1004 2982 diversis
1074 2913 1403 2982 ecclesiae
1471 2913 1937 2983 ornamentis:
2012 2935 2189 3000 quae
2250 2915 2484 2983 omnia
2552 2913 2730 2983 idem
2796 2919 3157 2984 Romanus

590 2998 920 3081 Pontifex,
982 3010 1060 3069 ut
1103 3022 1246 3073 sem
1300 3024 1376 3071 er
1421 3002 1755 3071 memoria
1811 3000 2223 3071 fundatricis
2283 3002 2509 3093 ipsius
2556 3002 2701 3071 illic
2749 3002 3014 3082 floreat,
3073 3023 3158 3070 ne

590 3087 872 3245 guando
920 3110 1043 3177 per
1070 3088 1220 3158 {rau
1274 3111 1382 3159 em
1411 3102 1531 3159 aut
1563 3090 1959 3160 violentiam
1991 3090 2092 3159 vel
2128 3088 2309 3159 furto
2358 3090 2931 3160 subtraherentur
2959 3090 3149 3170 inde,

639 3176 743 3245 ira
791 3177 1248 3247 anathematis
1297 3177 1408 3248 sui
1458 3178 1947 3260 innodatione,
2014 3180 2454 3269 septuaginta
2577 3200 2803 3265 uoque
2848 3179 3154 3247 duorum

589 3264 1101 3356 episcoporum,
1156 3266 1280 3352 qui
1320 3266 1463 3335 illic
1513 3267 1824 3348 aderant,
1862 3267 2286 3348 auctoritate,
2341 3267 2491 3356 ipso
2525 3202 2641 3335 die
2687 3266 3148 3336 confirmavit.

683 3358 772 3423 ᾖ.
829 3358 995 3423 Item
1048 3354 1539 3423 monasterium
1570 3354 1654 3424 ad
1707 3354 2035 3424 honorem
2074 3356 2293 3425 sancti
2342 3354 2708 3424 Salvatoris
2742 3354 2958 3426 nostri
2985 3360 3155 3425 Jesu

591 3440 844 3511 Christi
888 3451 955 3511 et
990 3440 1142 3530 ejus
1189 3441 1791 3512 victoriosissimae
1838 3441 2098 3522 CruciS,
2159 3444 2231 3512 in
2283 3442 2433 3512 loco
2478 3443 2602 3529 qui
2649 3442 2982 3534 confugia
3048 3441 3156 3511 di-

587 3528 793 3612 citur,
848 3551 960 3598 ma
1017 3529 1217 3600 nifice
1254 3530 1660 3608 construxit,
1696 3543 1762 3600 et
1794 3530 2207 3600 ancillarum
2260 3531 2401 3611 Dei,
2439 3530 2696 3599 ibidem
2733 3536 2865 3601 Deo
2902 3551 3153 3600 secun-

590 3617 762 3686 dum
814 3639 981 3708 regu
1014 3631 1137 3688 am·
1176 3619 1358 3688 beati
1430 3617 1780 3688 Benedicti
1839 3618 2314 3700 servientium,
2366 3620 2968 3709 congregationem
3031 3617 3156 3686 de-

589 3704 991 3775 centissime
1061 3705 1455 3776 declinavit.
1510 3711 1759 3788 Porro,
1812 3719 2226 3797 cooperante
2281 3705 2345 3775 ei
2405 3706 2731 3777 omnibus
2806 3703 3156 3796 imperiali

587 3793 967 3884 majestate,
1021 3793 1206 3863 idem
1242 3794 1741 3864 monasterium
1790 3796 1982 3864 omni
2031 3808 2281 3865 ornatu
2327 3793 2706 3865 decoravit:
2759 3809 2918 3864 ante
2962 3788 3155 3883 “prin-

588 3881 816 3982 cipale
872 3882 1086 3952 altare
1132 3881 1508 3972 imaginem
1559 3905 1640 3952 ex
1686 3904 1859 3953 auro
1905 3894 1971 3952 et
2039 3882 2394 3973 lapidibus
2445 3882 2964 3974 pretiosissimis
3011 3893 3153 3952 sta-

588 3979 743 4049 tuit,
800 3969 1053 4040 calices
1111 3992 1360 4040 aureos
1406 3981 1472 4039 et
1502 3984 1887 4063 argenteos,
1941 3971 2208 4042 catinos
2238 3993 2521 4052 aureoS,
2578 3993 2825 4041 aureos
2870 3991 3143 4051 urceoS,

587 4057 809 4159 pallas
854 4070 921 4129 et
966 4057 1267 4140 casulas,
1319 4058 1469 4129 vela
1523 4073 1588 4129 et
1634 4060 1961 4142 cortinas,
2014 4081 2275 4152 cappas
2322 4082 2493 4129 auro
2539 4069 2606 4128 et
2652 4059 2952 4160 gemmis
2999 4079 3152 4148 pre·

587 4146 784 4216 tiosis
831 4147 1122 4218 intextas
1168 4159 1234 4217 et
1291 4161 1558 4218 caetera
1603 4148 1931 4221 utensilia
1980 4148 2121 4218 sive
2168 4169 2330 4218 vasa
2380 4148 2467 4217 ad
2517 4146 2903 4217 ministeria
2964 4155 3151 4215 tanto

586 4235 817 4305 studio
862 4248 927 4306 et
973 4247 1111 4305 tam
1174 4237 1603 4327 sumptuosis
1648 4237 1971 4339 expensis
2026 4235 2253 4306 eidem
2301 4235 2631 4307 ecclesiae
2677 4234 3017 4314 contulit,
3069 4245 3150 4303 ut

583 4323 1009 4411 quicumque
1054 4346 1137 4395 ea
1175 4325 1556 4406 intuentur,
1609 4346 1870 4415 regiam
1902 4324 2451 4394 munificentiam
2481 4337 2548 4393 et
2581 4324 2830 4393 miram
2883 4323 3144 4392 utrius-

584 4433 745 4500 que,
802 4413 1248 4504 Imperatoris
1293 4413 1611 4485 videlicet
1655 4425 1723 4483 et
1769 4412 2260 4503 Imperatricis,
2296 4411 2725 4484 devotionem
2775 4411 2849 4480 in
2897 4416 3139 4491 Deum,
