3327 4999
121 362 331 430 MART.
382 364 423 430 3
819 384 899 431 nn
946 384 1002 432 s.
1056 382 1487 433 canals-‚cunm
1534 386 1670 433 nn».
1724 384 1901 434 vmc.
2480 370 2553 434 3⁴

114 465 435 557 evangelii,
462 466 537 535 in
560 488 697 555 qua
727 489 940 557 super
964 468 1283 539 arborem
1314 467 1547 540 crucis
1575 468 1921 540 ascenden
1934 491 1990 552 S,
2017 469 2557 562 conspicientem
2581 493 2655 541 se

113 560 313 623 Iesum
363 556 720 646 suscipere
752 569 818 625 et
842 555 930 626 ab
976 578 1055 626 eo
1088 556 1638 628 benedictionem
1671 557 1978 648 pusillus
2023 558 2274 628 meruit
2310 558 2645 650 accipere,

114 640 256 712 lecta
298 642 465 713 fuit:
524 644 824 744 regalem
874 667 1263 735 purpuram
1311 666 1596 727 exuenS,
1652 646 1957 716 tunicam
2012 645 2384 717 fusciorem
2434 669 2646 734 quam

114 730 130 797 i
176 753 240 800 sa
271 730 400 800 sibi
450 734 781 801 manibus
831 731 977 802 suis
1040 744 1322 822 operata
1368 733 1615 814 fuerat,
1676 733 2087 805 sacerdotali
2165 735 2648 805 benedictione

149 830 261 899 ata,
294 831 551 889 vestem
601 820 953 910 religionis
1002 820 1256 904 induit,
1288 834 1355 892 et
1404 822 1644 892 multis
1671 822 1956 910 quidem
2043 845 2116 893 ro
2166 844 2238 894 se
2286 823 2641 905 flentibuS,

112 928 215 995 pro
254 907 369 976 illa
399 920 635 978 autem
686 908 1154 999 gaudentibus
1198 932 1379 998 quae
1417 910 1568 998 jam
1604 910 1921 981 seculum
2016 922 2368 983 amnasset
2417 911 2488 980 in
2536 933 2653 981 ve-

110 993 321 1076 stibus,
372 995 653 1086 capillis
700 997 823 1084 qui
879 997 1245 1085 hucusque
1292 1000 1365 1068 in
1414 997 1654 1068 eodem
1708 999 2124 1070 monasterio
2174 1021 2299 1090 pro
2359 1020 2640 1071 venera-

112 1082 265 1152 tione
307 1098 694 1163 servantur,
771 1086 1127 1175 praecisiS,
1206 1086 1301 1156 im
1359 1086 1533 1157 osito
1583 1087 1719 1157 sibi
1765 1087 1854 1156 ab
1904 1087 2232 1177 episcopo
2281 1088 2452 1170 velo,
2514 1110 2641 1157 an-

116 1170 259 1240 nulo
288 1171 449 1242 fidei
499 1173 910 1245 subarrhata
943 1228 958 1254 ,
1024 1175 1297 1265 gratula
1349 1174 1542 1245 unda
1610 1175 2010 1245 concinuit:
2076 1175 2311 1247 Posuit
2371 1177 2654 1267 signum

112 1259 170 1327 in
215 1258 454 1330 faciem
516 1283 742 1331 meam
790 1274 855 1331 et
912 1263 1176 1332 annulo
1223 1285 1351 1333 suo
1399 1264 1841 1334 subarrhavit
1914 1285 2026 1333 me
2065 1264 2401 1334 Dominus
2451 1285 2656 1334 meus

106 1352 282 1419 Jesus
326 1348 664 1419 Christus.
721 1354 821 1420 Ita
867 1371 1122 1440 sponso
1171 1352 1437 1425 Christo
1483 1364 1904 1434 consecrata,
1941 1351 2113 1422 dum
2143 1352 2453 1422 filiarum
2486 1372 2654 1422 sua-

107 1455 241 1505 rum
286 1459 356 1506 se
405 1438 848 1508 sanctissimo
879 1439 1332 1509 contubernio
1367 1439 1844 1531 applicuisset,
1888 1461 2024 1510 non
2075 1450 2153 1509 ut
2202 1453 2421 1510 mater
2469 1440 2653 1511 filia-

106 1522 219 1593 bus
263 1546 333 1595 se
380 1525 836 1615 praeferebat,
889 1526 1007 1597 sed
1059 1527 1387 1599 omnibus
1436 1527 1845 1608 inservienS,
1898 1527 2213 1598 servilem
2286 1550 2656 1619 personam

109 1631 170 1678 se
200 1613 633 1684 ostendebat:
686 1615 782 1683 ita
845 1626 1098 1696 tamen,
1154 1627 1232 1685 ut
1278 1637 1438 1685 cum
1489 1615 1729 1685 omnia
1775 1614 2067 1696 faceret,
2124 1616 2655 1687 ostentationem

109 1696 343 1789 fugeret
398 1701 869 1793 singulorum,
928 1724 1017 1772 ne
1062 1703 1396 1794 reciperet
1441 1704 1514 1773 in
1565 1704 1909 1794 praesenti
1971 1704 2206 1775 seculo
2264 1704 2656 1774 mercedem

110 1807 304 1857 suam.
358 1790 793 1882 Operabatur
839 1791 1168 1861 manibus
1217 1791 1387 1873 suis,
1442 1792 1669 1862 sciens
1718 1792 2056 1883 scriptum
2104 1813 2293 1863 esse:
2348 1793 2479 1876 Qui
2515 1813 2652 1861 non

112 1887 427 1962 operatur,
489 1899 632 1946 non
674 1878 1068 1948 manducet.
1131 1882 1396 1969 Sponso
1452 1902 1581 1951 suo
1619 1891 1739 1950 aut
1786 1901 1995 1950 orans
2044 1881 2476 1967 loquebatur,
2530 1889 2654 1950 aut

114 1962 407 2060 psallens.
462 1966 563 2034 Ad
599 1965 928 2036 ecclesiae
962 1966 1207 2036 limina
1256 1989 1429 2058 pene
1460 1967 1686 2038 invisa
1732 1968 2171 2058 properabat.
2224 1968 2407 2038 Nihil
2459 1989 2651 2039 seve-

114 2061 281 2146 ritate
323 2052 515 2124 illius
557 2054 969 2145 jucundius,
1008 2054 1184 2124 nihil
1224 2055 1666 2145 jucunditate
1696 2056 2035 2126 severius:
2082 2057 2296 2126 tristis
2345 2057 2416 2125 in
2468 2055 2642 2136 riSU,

116 2158 172 2205 m
217 2141 479 2211 tristitia
529 2143 806 2212 suavis:
860 2142 1062 2212 breve
1121 2143 1299 2212 vitae
1368 2143 1674 2234 spatium
1723 2156 2001 2214 aeterna
2069 2144 2404 2214 memoria
2462 2166 2657 2215 com-

154 2228 434 2299 ensabat.
490 2229 690 2299 Idem
722 2230 826 2299 illi
873 2230 1203 2301 orationis
1249 2231 1445 2301 locus
1493 2231 1622 2300 fuit
1668 2243 1732 2300 et
1780 2231 2066 2319 quietis,
2136 2231 2318 2301 idem
2380 2253 2657 2323 semper

158 2315 402 2400 abituS‚
457 2317 807 2388 incultum
858 2341 1150 2411 corpus,
1205 2319 1372 2388 dum
1425 2319 1629 2389 sciret
1695 2319 2110 2409 rejiciendas
2165 2319 2452 2389 delicias
2501 2342 2654 2391 cor-

158 2403 276 2474 oris
325 2407 513 2492 quod
569 2405 777 2496 paulo
827 2419 979 2497 post
1039 2407 1393 2478 vermibus
1457 2407 1886 2478 exarandum
1961 2407 2113 2476 fuit.
2172 2412 2455 2497 Semper
2501 2431 2654 2479 eam

138 2511 310 2580 egere
354 2507 474 2565 aut
525 2493 868 2586 legentem
941 2495 1184 2567 audire
1232 2495 1547 2567 vidisses,
1602 2496 1816 2567 Multa
1892 2495 1996 2566 illi
2053 2496 2239 2567 circa
2287 2496 2658 2567 contuber-

123 2579 630 2738 nalesldeuvotio,
685 2583 1007 2671 frequens
1055 2584 1551 2656 decubantium
1586 2586 1911 2668 visitati0‚
1953 2584 2223 2656 solicita
2263 2607 2653 2676 pauperum

125 2687 304 2738 conso
333 2684 495 2741 atio.

189 2758 221 2842 ἓ
262 2763 350 2829 Β.
404 2764 766 2829 Praeterea
804 2782 957 2830 eam
992 2759 1236 2830 fecisse
1316 2759 1473 2830 lura
1506 2760 1848 2838 miracula
1879 2760 2255 2840 credimus,
2298 2760 2414 2830 sed
2467 2760 2655 2847 quod

155 2839 373 2916 loriam
407 2847 800 2918 humanam
846 2862 914 2917 et
941 2849 1172 2917 oleum
1221 2783 1644 2919 adulationis
1693 2872 1968 2938 semper
2025 2849 2314 2939 fugeret,
2370 2848 2488 2918 illa
2539 2872 2656 2919 vo-

141 2930 222 3001 uit
249 2955 390 3005 esse
423 2957 843 3027 suppressa:
878 2948 1000 3006 aut
1044 2947 1226 3006 certe
1273 2937 1584 3007 incuriae
1633 2937 2026 3016 hominum,
2071 2960 2195 3009 seu
2243 2936 2657 3008 revolutioni

119 3028 502 3110 temporum,
544 3046 680 3093 non
714 3024 1046 3095 virtutum
1097 3024 1416 3106 defectui,
1456 3025 1962 3115 deputandum.
2002 3024 2194 3095 Unde
2228 3026 2431 3095 etiam
2469 3037 2660 3096 tanta

118 3108 441 3194 majestate
502 3112 818 3202 indigna,
889 3112 1243 3183 scribendi
1292 3113 1519 3182 minor
1567 3114 1849 3184 materia
1911 3113 2084 3183 fuit:
2153 3135 2377 3214 pauca
2425 3125 2658 3182 tamen

117 3213 264 3279 quae
293 3199 361 3268 in
411 3199 698 3291 scriptis
730 3201 1141 3290 reperimus,
1196 3199 1297 3270 vel
1333 3200 1634 3271 veridica
1663 3200 2330 3284 sanctimoniahum‚
2366 3200 2490 3271 ubi
2528 3201 2655 3271 illa

119 3302 219 3368 pro
261 3288 526 3358 Christo
566 3288 925 3372 militabat,
963 3288 1293 3359 relatione
1339 3288 1818 3380 cognovimus,
1859 3290 1974 3358 hic
2004 3289 2306 3359 inserere
2354 3285 2425 3358 di
2483 3311 2652 3358 num

118 3367 434 3445 duximus,
490 3379 660 3445 Cum
719 3387 872 3467 post
920 3377 1252 3448 orationis
1298 3375 1800 3465 frequentiam,
1853 3377 2035 3447 inter
2082 3377 2400 3447 lectionis
2476 3377 2654 3446 assi-

121 3457 421 3547 tudinem,
478 3463 738 3534 ancilla
786 3465 1035 3535 Christi
1068 3466 1139 3534 in
1173 3465 1370 3547 lecto,
1425 3488 1561 3535 non
1599 3466 1861 3556 plumis
1890 3476 2220 3547 extructO,
2276 3464 2394 3536 sed
2426 3465 2655 3536 cilicio

120 3555 318 3631 strato,
371 3552 689 3623 membra
738 3574 979 3643 sopore
1026 3566 1308 3645 gravata
1353 3554 1754 3635 remisisset,
1813 3554 2046 3644 puella
2104 3576 2301 3624 sacra
2344 3574 2523 3641 quae
2571 3554 2658 3623 de

123 3653 282 3706 more
325 3639 427 3709 illi
462 3639 838 3723 assidebat,
891 3663 1126 3712 sacros
1174 3641 1446 3712 codices
1498 3642 1756 3734 legens,
1809 3664 1973 3711 cum
2019 3640 2158 3711 fere
2205 3641 2292 3710 ad
2342 3642 2659 3711 medium

120 3726 308 3795 noctis
366 3728 734 3799 lectionem
785 3730 1197 3810 extenderet,
1243 3729 1623 3830 caligantes
1671 3729 1911 3800 oculos
1959 3729 2234 3807 clausit,
2279 3729 2660 3818 lumenque

119 3828 148 3876 e
172 3815 482 3887 manibus
504 3816 849 3905 elapsum,
888 3817 1120 3906 paleas
1161 3818 1566 3908 corripiens,
1601 3840 1729 3889 suo
1776 3818 2049 3908 fragore
2078 3818 2658 3908 circumjacentes

124 3916 353 3974 sorores
397 3904 742 3975 excitavit.
816 3905 1124 3976 Clamore
1174 3928 1255 3975 ex
1301 3928 1652 3979 concussu
1715 3905 1936 3987 facto,
1996 3906 2187 3997 virgo
2254 3906 2503 3975 Christi
2574 3906 2659 3975 de

124 4003 330 4061 somno
374 4014 693 4073 excussa,
738 3993 907 4062 dum
943 3993 1391 4066 colluctantes
1448 3994 1628 4065 inter
1670 4018 1740 4067 se
1789 3995 2111 4064 flammas
2164 3995 2350 4064 circa
2410 4016 2484 4063 se
2530 3993 2656 4063 ad-

127 4078 332 4227 spexit,
382 4082 470 4151 ad
521 4082 856 4152 orationis
887 4104 1081 4152 arma
1108 4104 1181 4152 se
1218 4082 1550 4153 convertit
1581 4094 1648 4153 et
1704 4082 1905 4173 signo
1940 4082 2171 4152 crucis
2219 4082 2662 4152 adustionem

129 4161 282 4234 llam
332 4171 596 4256 absque
653 4169 844 4239 omni
893 4192 1184 4241 suarum
1250 4171 1550 4241 laesione
1604 4172 1896 4242 vestium
1964 4171 2230 4240 avertit.
2270 4175 2411 4240 Tua
2462 4171 2656 4251 haec,

133 4249 373 4338 christe,
426 4280 639 4349 opera
687 4257 811 4344 qui
859 4258 1276 4349 Babyloniae
1304 4280 1536 4351 regem
1577 4260 1648 4329 in
1702 4282 1827 4329 suo
1873 4258 2107 4330 furore
2162 4258 2539 4329 confudisti
2596 4270 2662 4328 et

135 4337 502 4430 Babylonios
533 4346 934 4437 temperasti
968 4347 1185 4438 ignes,
1240 4360 1319 4418 ut
1356 4349 1567 4448 pueri
1615 4348 2078 4418 liberarentur
2095 4346 2355 4448 illaesi.
2605 4431 2617 4444 ⁰

201 4429 341 4513 ἐῢ.
391 4435 595 4506 Aliud
646 4434 1094 4519 miraculum,
1136 4448 1270 4506 tam
1325 4436 1711 4508 tlmendum
1752 4458 1965 4524 quam
2014 4435 2439 4515 mirandum,
2497 4433 2662 4501 huic
