3327 4999
592 342 719 408 ⁴36
1407 360 1488 406 m:
1535 360 1591 407 s.
1645 356 1958 406 cnueomo
2006 357 2166 404 PAPA
2672 338 2923 405 MART.
2978 341 3061 405 12

486 441 601 511 cui
651 462 789 510 non
839 440 999 510 licet
1034 440 1217 520 flere,
1260 439 1444 526 quod
1479 439 1660 509 fecit.
1696 445 1772 507 Et
1802 437 2219 507 habitatores
2243 438 2530 525 quidem
2573 461 2711 508 non
2743 461 2825 508 ex
2855 449 3054 528 parte

491 530 1016 609 subtrahuntur,
1071 527 1188 597 sed
1240 529 1494 618 pariter
1524 540 1882 598 corruunt.
1925 532 2178 596 Domus
2225 550 2483 598 vacuae
2518 528 3048 614 relinquuntur,

490 618 794 688 filiorum
841 617 1086 686 funera
1136 629 1448 707 parentes
1496 618 1867 708 aspiciunt,
1910 628 1977 686 et
2023 616 2133 687 sui
2181 638 2297 686 eos
2345 618 2432 687 ad
2483 617 2841 687 interitum
2881 617 3051 685 hae-

492 707 688 776 redes
737 706 1179 797 praecedunt.
1216 706 1722 794 vUnusquisque
1770 727 1932 796 ergo
1970 718 2278 775 nostrum
2318 707 2405 776 ad
2458 706 2918 797 poenitentiae
2951 704 3051 775 la-

492 808 724 866 menta
769 794 1142 886 confugiat,
1178 794 1348 864 dum
1397 797 1559 864 flere
1605 807 1763 865 ante
1814 795 2327 885 percussionem
2362 809 2579 866 vacat.
2617 801 3045 866 Revocemus

491 898 648 954 ante
693 884 930 953 oculos
962 884 1235 964 mentis,
1272 884 1602 971 quicquid
1651 884 1945 954 errando
1995 884 2513 955 commisimus:
2565 896 2633 953 et
2679 884 2863 971 quod
2918 885 3045 951 ne-

490 973 716 1060 quiter
760 973 1054 1063 egimus,
1124 972 1349 1042 flendo
1416 973 1818 1063 puniamus.
1870 975 2394 1043 Praeveniamus
2439 976 2687 1062 faciem
2748 975 2898 1063 ejus
2967 973 3047 1041 in

494 1063 916 1151 confessione,
951 1073 1016 1131 et
1053 1061 1230 1133 sicut
1264 1063 1596 1152 propheta
1627 1061 1973 1142 admonet,
2016 1067 2330 1132 Levcmus
2378 1064 2580 1132 corda
2626 1072 2856 1132 nostra
2887 1071 3040 1129 'cum

491 1153 800 1220 manibus
838 1152 929 1220 ad
959 1153 1334 1221 Dominum.
1388 1151 1482 1220 Ad
1518 1151 2189 1241 Dominum'quippe
2234 1151 2443 1221 corda
2498 1173 2660 1222 cum
2711 1150 3039 1220 manibus

493 1238 741 1321 levare,
794 1250 917 1320 est,
956 1239 1289 1310 orationis
1338 1252 1607 1309 nostrae
1654 1240 1965 1310 studium
2021 1261 2183 1308 cum
2236 1241 2478 1310 merito
2524 1240 2747 1309 bonae
2801 1260 3047 1329 opera-

492 1329 698 1399 tionis
746 1328 1030 1420 erigere.
1085 1333 1206 1397 Dat
1252 1328 1573 1419 profecto,
1626 1328 1744 1397 dat
1789 1328 2068 1398 tremori
2117 1339 2347 1398 nostro
2394 1328 2723 1398 fiduciam
2756 1329 2881 1415 qui
2917 1349 3044 1418 per

493 1418 898 1509 prophetam
947 1417 1231 1487 clamat:
1283 1421 1448 1488 Nolo
1495 1428 1772 1487 mortem
1814 1420 2206 1508 peccatoria,
2235 1419 2352 1487 sed
2388 1428 2464 1486 ut
2520 1429 2947 1487 convertatur
2974 1426 3043 1485 ct

490 1508 677 1575 vivat
703 1507 974 1595 (Ezech.
1009 1506 1216 1594 xvm).
1269 1506 1516 1575 Nullus
1563 1519 1790 1577 autem
1839 1505 1923 1575 de
1971 1505 2416 1593 iniquitatum
2464 1528 2751 1575 suarum
2782 1506 3037 1574 imma-

490 1595 701 1665 nitate
749 1594 1082 1684 desperet.
1135 1600 1534 1665 veternosas
1572 1616 1872 1682 namque
1904 1594 2359 1664 Ninivitarum
2407 1594 2676 1685 culpas,
2712 1594 3041 1664 triduana

490 1684 910 1785 poenitentia
955 1684 1296 1765 abstersit,
1347 1697 1413 1753 et
1450 1706 1822 1755 conversus
1873 1683 2067 1762 latr0,
2122 1683 2298 1752 vitae
2345 1683 2654 1774 praemia
2699 1683 2904 1752 etiam
2963 1683 3039 1751 in

491 1795 644 1863 ipsa
708 1773 1043 1841 sententia
1101 1794 1266 1842 suae
1329 1774 1569 1843 mortis
1631 1773 1944 1843 emeruit.
1999 1778 2338 1843 Mutemus
2387 1773 2600 1864 igitur
2661 1771 2894 1851 corda,
2968 1783 3038 1841 et

490 1883 1022 1953 praesumamus
1070 1882 1193 1931 nos
1230 1862 1378 1952 jam
1429 1862 1816 1953 percepisse
1852 1860 2036 1949 quod
2086 1861 2423 1951 petimus:
2475 1862 2680 1931 citius
2738 1861 2827 1930 ad
2878 1882 3045 1951 pre-

489 1972 640 2020 cem
682 1949 897 2038 judex
943 1949 1261 2033 flectitur,
1315 1950 1374 2019 si
1421 1973 1460 2020 a
1495 1951 1824 2040 pravitate
1872 1972 1998 2022 sua
2102 1953 2298 2019 etitor
2338 1950 2744 2041 corrigatur.
2792 1949 3043 2018 Immi-

491 2053 694 2109 nente
741 2060 904 2139 ergo
965 2050 1189 2108 tantae
1254 2039 1873 2111 animadversionis
1929 2038 2043 2141 gla
2098 2040 2184 2120 io,
2239 2061 2365 2108 nos
2413 2038 2830 2128 importunis
2879 2060 3042 2128 pre-

489 2128 691 2198 cibus
726 2127 1152 2196 inststamuS.
1218 2133 1309 2197 Ea
1370 2151 1668 2217 namque
1712 2150 1891 2215 quae
1941 2141 2210 2219 ingrata
2256 2149 2407 2197 esse
2454 2127 2857 2197 hominibus
2905 2127 3044 2195 im-

490 2217 877 2306 portunitas
926 2217 1116 2298 solet‚
1161 2215 1431 2306 judicio
1478 2218 1778 2288 veritatis
1827 2217 2069 2308 placet.
2124 2217 2298 2300 Quia
2329 2217 2485 2308 pius
2524 2240 2604 2286 ac
2645 2215 3047 2285 misericors

491 2311 670 2375 Deus
735 2304 880 2374 vult
938 2327 979 2374 a
1043 2327 1115 2374 se
1179 2305 1518 2394 precibus
1556 2306 1822 2376 veniam
1873 2306 2052 2397 exigi
2098 2307 2218 2393 qui
2265 2318 2604 2392 quantum
2654 2326 3031 2383 meremur,

492 2416 627 2463 non
680 2393 824 2463 vult
871 2393 1098 2465 irasci.
1137 2395 1312 2463 Hinc
1343 2395 1594 2463 etenim
1644 2417 1766 2485 per
1812 2395 2240 2464 Psalmistam
2277 2395 2443 2463 dicit
2469 2416 2505 2462 :·
2557 2399 2802 2463 Invoco.
2829 2394 3042 2462 mein

491 2484 599 2553 die
630 2484 1084 2553 tribulationis
1116 2494 1294 2564 tuae,
1334 2485 1620 2573 eripiam
1650 2494 1734 2564 te,
1777 2494 1840 2553 ct
1870 2486 2280 2575 ylorzficabis
2308 2508 2411 2553 me
2434 2484 2646 2574 (Psal.
2685 2482 2823 2572 49).
2876 2486 3046 2572 Ipse

488 2594 650 2662 ergo
690 2572 822 2641 sibi
869 2573 1058 2642 testis
1098 2583 1220 2649 est,
1257 2572 1423 2660 quia
1471 2573 1950 2644 invocantibus
1999 2574 2307 2643 misereri
2355 2572 2698 2642 desiderat
2742 2572 2865 2659 qui
2911 2572 3045 2641 ad-

488 2675 720 2731 monet
752 2674 827 2731 ut
873 2662 1246 2730 invocetur.
1302 2660 1592 2730 Proinde
1641 2662 1883 2732 fratres
1923 2661 2497 2743 reverendissimi,
2530 2683 2690 2731 eum
2739 2661 3046 2731 contrito

487 2751 690 2820 corde
736 2761 801 2820 et
847 2750 1171 2820 correctis
1218 2750 1563 2839 operibuS‚
1602 2752 1902 2821 crastina
1948 2751 2060 2820 die
2094 2751 2317 2852 primo
2356 2750 2670 2820 diluculo
2701 2749 2787 2818 ad
2820 2750 3049 2838 septi-

487 2839 771 2909 formem
824 2839 1186 2917 Litaniam,
1229 2839 1427 2928 juxta
1476 2840 2030 2909 distributionem
2089 2840 2379 2909 inferius
2425 2840 2882 2930 designatam,
2921 2838 3055 2908 de·—

484 2931 638 2998 vota
686 2949 847 2997 cum
897 2926 1225 3017 lacrymis
1273 2941 1498 2997 mente
1551 2930 1935 2998 veniamus,
1992 2929 2235 2999 Nullus
2284 2940 2581 2998 vestrum
2630 2927 2717 2996 ad
2765 2940 3048 2997 terrena

486 3037 693 3107 opera
740 3015 811 3084 in
861 3038 1063 3106 agros
1108 3028 1320 3096 exeat,
1377 3018 1616 3088 nullus
1661 3016 2018 3104 quodlibet
2084 3018 2436 3118 negotium
2498 3037 2698 3109 agere
2747 3019 3050 3106 praesu-

485 3117 669 3175 mat:
721 3106 1065 3191 quatenus
1097 3105 1183 3173 ad
1232 3117 1507 3176 sanctae
1531 3107 1893 3176 Genitricis
1927 3107 2198 3175 Domim
2227 3106 2587 3176 ecclesiam
2617 3104 3049 3174 convenien-

487 3204 587 3265 tes
633 3193 753 3281 qui
811 3192 1019 3277 simul
1068 3215 1307 3264 omnes
1356 3196 1814 3285 peccavimUS,
1870 3194 2078 3264 simul
2126 3215 2366 3264 omnes
2415 3194 2595 3264 mala
2642 3215 2821 3281 quae
2866 3193 3053 3264 feei-

488 3286 669 3361 rhus,
725 3282 1204 3372 deploremus:
1255 3295 1334 3352 ut
1378 3284 1732 3355 districtus
1782 3283 1996 3373 judex
2043 3284 2212 3352 dum
2260 3283 2506 3373 culpas
2564 3294 2838 3352 nostras
2906 3305 3048 3357 nos

487 3371 772 3462 punisse
804 3369 1213 3451 considerat,
1268 3371 1418 3462 ipse
1463 3395 1505 3442 a
1555 3373 1892 3443 sententia
1991 3373 2327 3463 ropositae
2373 3371 2842 3441 damnationis
2872 3394 3057 3461 par-

485 3472 617 3531 cat.
645 3482 680 3525 »
729 3459 949 3550 Igitur
983 3459 1152 3528 dum
1202 3483 1453 3551 magna
1502 3461 1874 3531 multitudo
1970 3462 2228 3532 iversae
2274 3461 2534 3542 aetatiS,
2574 3482 2779 3532 sexus
2827 3470 3055 3548 atque

487 3547 953 3640 professionis,
998 3549 1196 3638 juxta
1234 3549 1778 3640 praeceptionem
1830 3550 2090 3620 Levitae
2120 3550 2450 3642 Gregorii,
2507 3550 2617 3618 die
2659 3549 3057 3622 constituta

487 3637 856 3707 Dominum
906 3650 1229 3739 rogatura
1278 3640 1591 3720 venisset,
1646 3639 1993 3708 intantum
2060 3639 2208 3709 lues
2275 3640 2426 3729 ipsa
2476 3637 2746 3728 judicio
2795 3638 3053 3710 divino

486 3726 834 3808 desaeviit,
871 3739 950 3796 ut
981 3739 1162 3795 intra
1208 3728 1422 3799 unius
1468 3727 1677 3797 horae
1725 3728 2051 3818 spatium,
2096 3727 2267 3797 dum
2317 3749 2516 3798 voces
2596 3726 2742 3797 lehs
2780 3726 2869 3796 ad
2906 3733 3058 3799 Do·-

485 3815 756 3885 minum
805 3815 1331 3905 supplicationis
1360 3817 1717 3895 emitteret,
1756 3816 2098 3907 octoginta
2133 3817 2448 3887 homines
2478 3839 2517 3885 a
2602 3830 2854 3886 terram
2883 3839 3056 3887 cor-

483 3916 782 3986 ruenteS,
822 3904 1144 3994 spiritum
1194 3905 1611 3975 exhalarent.
1654 3905 1781 3974 Sed
1828 3926 2265 3993 nequaquam
2315 3905 2573 3976 destitit
2616 3903 3057 3976 facundissi-

483 4014 643 4062 mus
699 3993 928 4062 rhetor
1021 3993 1229 4094 opulo
1278 3994 1696 4084 praedicare,
1755 4016 1840 4062 ne
1896 3995 1983 4064 ab
2029 3995 2338 4066 oratione
2382 4006 2752 4075 cessarent,
2807 3993 3051 4075 donee

483 4081 922 4152 miseratione
1002 4083 1190 4152 ivlna
1237 4084 1447 4174 pestis
1496 4084 1646 4172 ipsa
1694 4084 2097 4173 quiesceret.

528 4172 606 4271 ,ξ
672 4175 818 4243 21.
869 4172 1230 4241 Enimvero
1277 4195 1439 4244 cum
1473 4173 1703 4243 adhuc
1741 4171 2020 4267 futurus
2066 4173 2359 4244 Antistes
2409 4184 2677 4263 putaret
2710 4193 2784 4241 se
2836 4172 3051 4263 prin-

481 4281 704 4349 cipem
745 4280 787 4329 a
833 4281 1180 4331 consensu
1225 4262 1762 4332 consecrationis
1792 4284 1957 4332 suae
2005 4262 2281 4352 penitus
2329 4262 2672 4342 avertisse,
2710 4282 2791 4330 co
2849 4264 3050 4333 novit

483 4348 757 4419 tandem
809 4371 971 4419 suas
1009 4349 1252 4429 ¹literas
1283 4373 1322 4419 a
1358 4355 1695 4421 Germano
1743 4350 2083 4442 praefecto
2116 4352 2312 4421 urbis
2342 4352 2752 4440 interceptas
2815 4350 3040 4422 uisse.

484 4438 698 4528 Cujus
752 4438 851 4509 rei
903 4439 1123 4530 gratia
1176 4439 1540 4530 Imperiale
1585 4461 2033 4531 responsum,
2091 4439 2275 4528 quod
2327 4439 2641 4510 videlicet
2690 4437 3041 4511 voluntati
