3327 4999
675 317 805 383 ΗΟ
2763 317 3009 384 MART.
3064 317 3136 383 10

935 478 1074 580 SS.
1147 478 1615 597 CODRATl,
1692 480 2218 597 CYPRlANL
2308 480 2789 596 DIONYSH,

1026 656 1425 774 ANECT1‚
1494 656 1815 759 PAULI
1886 658 2007 759 ET
2078 658 2700 760 CRESCENTIS

1369 879 1617 946 CORIN
1624 880 1770 946 ΤΗΙ
1819 879 2347 947 MARTYRIBUS

1235 1042 1329 1089 Ex
1404 1040 1765 1091 sumone
1830 1018 2496 1090 MssrArnnasrn*

1663 1218 1860 1277 Circa.
1918 1222 2062 1276 558.

661 1375 699 1461 ξ
750 1379 828 1446 1.
883 1376 1137 1443 Omnes
1165 1372 1449 1461 quidem
1483 1378 1890 1444 Sanctorum
1923 1372 2388 1455 celebritateS,
2428 1373 2485 1442 si
2513 1395 2752 1443 verum
2783 1374 3133 1446 fatendum

568 1475 694 1541 est,
722 1461 1054 1532 laudibus
1076 1462 1401 1552 prosequi
1432 1462 1791 1543 debemuS‚
1828 1473 1905 1531 ut
1936 1485 1978 1532 a
2007 1461 2209 1531 nobis
2241 1484 2365 1553 pro
2396 1462 2663 1534 viribus
2691 1478 3129 1534 exornentur:

570 1550 690 1623 sed
734 1550 916 1621 hanc
965 1561 1195 1621 tamen
1245 1551 1692 1641 potissimum
1740 1572 1919 1637 quae
1946 1561 2347 1622 sanctorum
2377 1556 2758 1641 Martyrum
2791 1575 3137 1624 concursu

566 1660 733 1730 pera
784 1638 948 1708 itur.
1002 1644 1137 1709 Deo
1191 1639 1381 1709 enim
1433 1641 1521 1709 ab
1571 1639 1770 1710 initio
1818 1639 2225 1721 consecrati,
2294 1638 2383 1708 ad
2432 1639 2529 1720 id,
2583 1640 2769 1726 quod
2820 1641 3129 1711 omnium

567 1727 1127 1818 pulcerrimum
1187 1739 1314 1810 est,
1369 1739 1852 1818 pervenerunt.
1907 1733 2074 1798 Nam
2138 1750 2300 1802 cum
2350 1739 2416 1800 et
2458 1728 2790 1818 temporis
2839 1730 3137 1819 longitu-

566 1816 732 1884 dine
778 1815 1184 1916 gravitatem
1246 1828 1476 1886 essent
1521 1816 1846 1898 assecuti,
1900 1827 1966 1885 et
2018 1816 2362 1903 exquisita
2409 1817 2683 1886 vivendi
2733 1820 3007 1889 ratione
3052 1817 3133 1888 ad

567 1905 844 1995 pietat1s
882 1903 1239 1993 fastigium
1273 1905 1768 1994 pervenissent,
1805 1904 1980 1974 nihil
2016 1917 2246 1974 tamen
2280 1926 2321 1974 a
2352 1927 2424 1975 se
2456 1905 2807 1996 praeclare
2834 1920 3131 1997 gestum,

569 1990 749 2061 nihil
808 1991 1018 2061 laude
1072 1991 1370 2082 dignum
1437 1993 1960 2075 existimarunt,
2028 1993 2165 2062 nisi
2234 1993 2431 2083 prius
2491 2016 2690 2065 sacra
2756 1997 3138 2066 certamina

567 2081 971 2151 subiissent.
1025 2084 1264 2167 Itaque
1310 2105 1472 2151 cum
1523 2104 1851 2172 magnam
1904 2081 2179 2173 magnis
2213 2082 2284 2151 in
2334 2081 2544 2155 rebus
2580 2083 2905 2153 virtutem
2938 2105 3135 2173 prae-

569 2169 927 2252 stitissent,
981 2169 1113 2239 hac
1162 2181 1391 2240 tamen
1441 2171 1727 2241 victoria
1795 2181 2097 2242 caeteras
2153 2170 2656 2240 obscurarunt:
2713 2172 2932 2241 immo
2986 2194 3136 2242 vero

567 2280 606 2326 a
662 2259 758 2327 ud
805 2279 967 2328 eum
998 2258 1120 2345 qui
1150 2259 1461 2348 praemia
1507 2259 2011 2329 certaminibus
2044 2260 2388 2350 proponit,
2428 2258 2557 2329 hac
2590 2259 2897 2346 reliquas
2926 2261 3133 2330 etiam

564 2344 615 2415 il
648 2357 1029 2418 ustrarunt.
1072 2346 1406 2416 Declarati
1454 2359 1621 2417 sunt
1678 2348 1864 2417 enim
1919 2360 2255 2436 martyres
2295 2349 2635 2438 generosi,
2699 2362 2764 2417 et
2814 2348 2931 2417 Dei
2993 2371 3135 2418 ma-

564 2433 738 2506 ximi
785 2435 1188 2505 imitatores.
1225 2434 1320 2504 Ad
1371 2457 1731 2506 summum
1764 2435 1981 2526 igitur
2017 2435 2287 2522 virtutis
2318 2436 2597 2507 culmen
2630 2436 2963 2528 provecti,
3006 2459 3138 2507 me-

564 2524 780 2594 ritum
828 2546 869 2594 a
917 2529 1049 2594 Deo
1116 2525 1535 2613 praemium,
1601 2523 2097 2612 melioremque
2144 2524 2382 2607 finem,
2437 2536 2502 2594 et
2549 2549 2728 2613 quae
2794 2538 3025 2616 potest
3069 2528 3137 2596 in

562 2611 922 2684 hominem
982 2612 1228 2694 cadere
1292 2611 1884 2683 immortalitatem
1950 2613 2427 2684 obtinuerunt.
2484 2614 2614 2695 Qui
2681 2614 2871 2684 enim
2945 2615 3135 2705 apud

562 2705 779 2772 Deum
832 2700 1104 2771 virtutis
1153 2700 1415 2769 obtinet
1450 2702 1949 2783 testimonium,
1995 2701 2057 2772 is
2087 2701 2484 2789 assequitur
2514 2702 3132 2773 immortalitatem.

562 2790 1023 2872 Quamobrem
1083 2794 1413 2877 Martyres
1460 2810 1541 2858 ex
1605 2790 1934 2879 operibus
1990 2789 2426 2860 admiramur
2472 2791 2594 2877 qui
2644 2791 2936 2860 virtutes
2991 2813 3135 2861 am-

563 2878 770 2968 plexi,
825 2876 1298 2967 voluptatibus
1345 2878 1871 2958 renunciarunt,
1937 2890 2003 2948 et
2049 2878 2322 2948 animos
2362 2900 2526 2950 suos
2572 2879 2988 2949 fortitudine
3034 2902 3137 2949 ar-

563 2976 857 3048 manteS,
913 2986 1195 3035 omnem
1244 2966 1594 3056 ignaviam
1645 2966 2074 3057 repulerunt,
2131 2967 2389 3054 totique
2436 2968 2506 3036 in
2562 2989 2757 3058 spem
2808 2968 3137 3038 victoriae

560 3053 792 3134 erecti,
858 3064 1064 3140 atque
1116 3052 1438 3124 alacriter
1483 3054 1772 3125 adversa
1819 3055 2057 3125 omnia
2117 3055 2599 3154 perpetienteS‚
2642 3055 2715 3124 in
2764 3078 2869 3136 ea,
2918 3078 3133 3143 quam

561 3142 696 3213 sibi
745 3142 833 3211 ab
881 3141 1078 3212 initio
1113 3154 1635 3233 proposuerant,
1692 3143 1965 3235 pietatis
2013 3165 2093 3212 ac
2140 3143 2500 3234 religionis
2548 3143 2698 3236 lege
2733 3144 3133 3216 immobiles

562 3229 1031 3322 perstiterunt.
1087 3230 1215 3300 Ubi
1262 3232 1449 3300 enim
1550 3243 1803 3303 raestat
1851 3254 1923 3305 se
1970 3231 2254 3332 sortiter.
2281 3254 2544 3322 gerere,
2596 3254 2809 3320 quam
2858 3256 3030 3303 cum
3064 3255 3165 3303 se*

561 3323 739 3390 Deus
770 3319 1021 3389 ducem
1070 3321 1400 3410 praebet?
1449 3326 1499 3391 U
1555 3321 1576 3389 i
1626 3321 1842 3393 satius
1871 3330 1973 3393 est
1996 3320 2160 3391 dare
2193 3321 2467 3392 virtutis
2499 3321 2880 3412 specimen,
2916 3344 3134 3410 quam

557 3431 703 3478 una
750 3430 914 3479 cum
961 3413 1130 3479 Jesu
1182 3408 1576 3479 Salvatore?
1623 3414 1811 3491 Quae
1860 3430 2062 3500 porro
2111 3408 2386 3479 dulcior
2431 3430 2709 3490 corona,
2747 3431 2964 3496 quam
3015 3409 3135 3480 illa

556 3519 744 3586 quae
784 3519 910 3569 nos
960 3519 1123 3567 cum
1172 3497 1797 3597 praestantioribus
1843 3497 2098 3587 conjun
2156 3497 2251 3567 it?
2298 3496 2393 3567 Ad
2431 3498 2559 3568 hoc
2592 3498 2811 3589 igitur
2840 3498 3131 3589 signum

557 3592 889 3677 Martyres
937 3587 1407 3677 respiclentes,
1443 3597 1508 3656 et
1536 3584 1915 3656 ardentiori
1961 3608 2098 3674 quo
2153 3608 2267 3655 am
2315 3600 2594 3657 sanctae
2644 3585 2907 3679 gloriae
2946 3587 3136 3659 desi-

556 3674 751 3746 derio
799 3674 1260 3755 inflammati,
1315 3695 1548 3745 rerum
1611 3674 1927 3765 turpium
1995 3674 2413 3764 cupiditates
2473 3677 2883 3765 rejecerunt,
2938 3688 3009 3747 et
3061 3676 3133 3745 in

554 3765 829 3836 virtutis
861 3775 1069 3852 atque
1117 3763 1495 3834 honestatis
1522 3762 1836 3833 studium
1867 3763 2375 3844 incumbentes,
2417 3763 2982 3853 pulcherrimum
3018 3786 3135 3856 po-

556 3854 761 3926 steris
807 3853 1204 3944 exemplum
1255 3852 1342 3921 ad
1391 3851 1812 3922 imitandum
1851 3852 2309 3939 reliquerunt.
2345 3857 2535 3934 Quae
2579 3852 2770 3927 enim
2820 3864 3132 3942 tempore

557 3954 763 4031 atque
818 3964 956 4012 usu
1013 3953 1178 4012 sunt
1243 3940 1682 4029 antiquiora,
1757 3963 1883 4011 nos
1950 3940 2175 4032 magis
2231 3939 2319 4010 ad
2379 3962 2612 4011 rerum
2681 3941 3134 4012 honestarum

559 4032 873 4104 studium
923 4029 1334 4101 incendunt.

610 4169 636 4192 ¹
665 4167 767 4208 Etsi
798 4167 1004 4216 spatium
1039 4176 1275 4207 annorum
1304 4167 1496 4208 circlter
1529 4176 1700 4207 novem
1734 4166 2077 4212 intercesserit,
2105 4165 2159 4204 nt
2178 4165 2303 4205 intra
2319 4166 2370 4205 in
2389 4165 2566 4206 Notnla
2587 4166 2661 4214 (a),
2678 4166 3061 4216 Decianamjnre
3081 4174 3133 4204 eo

565 4222 806 4262 Valeriani
825 4221 1181 4269 persecutiones
1201 4222 1281 4261 his
1302 4220 1511 4271 assignat
1529 4222 1795 4261 Romanum
1813 4220 2221 4268 martyrologium.
2250 4217 2378 4271 (Vide
2398 4221 2594 4270 Appenni.
2618 4220 2711 4268 huj.
2734 4221 2906 4259 Votum.
2924 4222 3005 4258 hac
3026 4217 3127 4269 die).

559 4276 703 4316 Decio
724 4275 900 4325 qnippe
918 4277 1144 4324 regnante
1165 4275 1397 4315 Codratus
1419 4284 1535 4323 puer
1556 4284 1666 4313 cum
1685 4275 1835 4313 matre
1855 4283 1942 4322 per
1960 4272 2153 4312 horrida
2173 4270 2419 4313 nemorum
2435 4275 2483 4312 et
2502 4283 2669 4321 aspero
2698 4273 2945 4314 montium.
2973 4281 3131 4321 perne-

558 4330 763 4369 cntionis
784 4326 968 4372 caussa.
988 4328 1225 4374 exulante,
1242 4330 1526 4376 martyrium
1548 4327 1697 4367 subiit
1712 4328 1869 4373 ramis,
1891 4327 2011 4371 sitia,
2026 4326 2180 4365 omnis
2197 4336 2528 4366 aerumnarum
2542 4327 2743 4375 gener-im
2761 4327 3131 4366 adolescentiam

560 4384 719 4423 autem
737 4383 999 4431 ingressus,
1016 4383 1067 4421 in
1087 4383 1305 4422 octavam
1325 4393 1352 4419 a
1375 4382 1623 4421 Valeriano
1644 4382 1822 4421 motam
1844 4380 2228 4429 persecutionem
2248 4380 2431 4427 incidit,
2450 4380 2501 4419 in
2524 4389 2617 4429 qua
2637 4381 2924 4435 fortissimae
2944 4378 3130 4419 confes·

559 4435 708 4477 aionis
728 4446 836 4476 cum
859 4436 1008 4476 Sociis
1028 4436 1292 4485 promeruit
1312 4444 1551 4476 coronam.
