3327 4999
630 301 760 368 586
1362 316 1442 365 nt
1488 314 1547 363 s.
1600 313 1912 365 nmmum
1955 312 2256 364 nmscoro
2663 294 2769 362 Ex
2810 295 2985 362 JUL.
3035 295 3082 362 ὅ

538 413 917 494 conspectu
945 399 1216 470 Domini
1265 399 1599 469 rationem
1641 399 2033 470 reddituros
2064 421 2235 470 esse.
2269 423 2295 461 ι
2353 390 2733 489 Episcopus
2777 410 3010 468 autem
3040 420 3087 468 a

538 494 809 564 civitate
868 490 1056 580 regia
1109 501 1452 559 revertens
1495 489 1688 578 (nam
1740 501 1908 558 tunc
1958 487 2282 578 temporis
2337 488 2436 559 ibi
2485 487 2934 576 morabatur),
2989 488 3091 556 ita

541 583 625 652 de
656 590 896 670 crypta
922 577 1314 669 contigisse
1354 577 1627 667 reperit,
1680 577 1886 645 sicuti
1937 599 2059 667 per
2104 578 2433 646 visionem
2466 576 2831 646 Ramberto
2857 588 3094 645 osten-

446 686 449 695 '
536 693 692 743 sum
743 668 893 738 fuit.
938 672 1128 737 Tunc
1178 666 1293 735 ille
1340 666 1711 757 impatiens
1762 688 2016 746 morae,
2056 687 2193 735 non
2234 678 2436 736 antea
2473 688 2515 735 a
2569 664 2802 735 labore
2847 686 3085 735 cessa-

535 758 920 845 vit,'quam
983 755 1220 825 omnia
1279 755 1351 824 in
1415 753 1768 824 meliorem
1831 767 2088 825 statum
2155 767 2559 845 reparasset.
2615 759 2885 823 Iterum.
2944 753 3091 823 alia

537 849 682 918 vice
729 866 888 916 cum
940 843 1796 934 praedictus'Rambertus
1834 844 2033 933 juxta
2081 865 2338 913 morem
2369 845 2441 912 in
2467 842 2725 933 oppido
2769 842 3098 942 Waringa

535 959 696 1007 cum
747 946 984 1004 sancto
1032 933 1179 1001 viro
1246 931 1710 1002 Psalmodiam
1763 932 2195 1013 decantaret,
2265 933 2490 1022 coepit
2547 944 2802 1001 terrore
2863 932 3088 1000 nimio

538 1024 837 1104 concuti,
890 1044 969 1092 ac
1019 1021 1291 1092 reflexis
1334 1022 1557 1090 oculis
1594 1026 1726 1089 Deo
1771 1020 2065 1111 dignum
2115 1022 2493 1091 antistitem
2542 1020 2820 1090 intueri.
2852 1025 2899 1088 Α
2947 1041 3093 1105 quo

537 1113 914 1201 requisitus
961 1111 1298 1197 quidnam
1329 1109 1464 1180 sibi
1510 1122 1709 1189 esset,
1764 1111 2119 1200 respondit
2167 1111 2501 1180 seniorem
2538 1131 2745 1180 suum
2793 1107 3093 1177 Adalbe-

536 1223 777 1272 ronem
824 1200 1088 1281 eodem,
1149 1221 1287 1285 quo
1342 1210 1408 1268 et
1454 1210 1634 1279 ante,
1689 1211 1940 1268 ornatu
1990 1212 2302 1288 paratum
2365 1221 2437 1268 se
2506 1197 2753 1277 videre,
2805 1197 3092 1284 sibique

591 1291 957 1380 raecipere,
997 1301 1075 1358 ut
1121 1287 1224 1356 illi
1257 1287 1434 1357 sacri
1484 1287 1723 1356 altaris
1773 1287 2181 1376 mysterium
2229 1287 2604 1357 celebranti
2635 1287 2932 1365 assistat,
2972 1308 3089 1357 so-

569 1381 834 1466 itaeque
883 1376 1232 1448 servitutis
1281 1375 1586 1445 officium
1637 1375 2019 1464 impendat.

628 1472 664 1556 ξ
729 1472 809 1539 S.
864 1472 994 1536 Nee
1043 1464 1628 1556 praetereundum
1662 1479 1851 1553 puto,
1906 1464 2204 1551 qualiter
2248 1464 2560 1536 coelestis
2611 1464 2793 1554 signi
2822 1463 3094 1533 visione

538 1559 561 1627 i
618 1578 773 1629 sum
822 1555 1027 1624 etiam
1068 1553 1359 1623 voluerit
1408 1552 1741 1622 Dominus
1792 1553 2184 1623 mirificare.
2239 1559 2405 1625 Nam
2466 1555 2536 1622 in
2587 1553 2739 1643 ipsa
2787 1551 3122 1622 solemni.

595 1647 652 1715 ie
702 1645 1022 1722 Paschae,
1081 1642 1298 1711 multa
1329 1641 1617 1711 fratrum
1667 1644 1936 1710 caterva
1983 1655 2269 1723 astante,
2322 1642 2492 1711 dum
2533 1654 2815 1711 sanctus
2854 1662 3091 1710 sacer-

540 1735 665 1805 dos
713 1733 947 1802 divina
1004 1731 1380 1819 celebraret
1435 1730 1759 1818 mysteria
1788 1785 1803 1809 ,
1875 1730 2150 1800 dextera
2195 1731 2540 1818 quaedam
2587 1730 2917 1820 apparuit
2965 1751 3094 1799 su-

541 1845 758 1915 perna
803 1842 981 1909 quae
1027 1841 1187 1889 cum
1249 1819 1467 1909 ipsius
1505 1817 1780 1887 dextera
1836 1818 2071 1888 divina
2121 1819 2576 1889 sanctificavit
2623 1829 3085 1889 sacramenta.

542 1911 841 2013 Expletis
888 1931 1046 1979 vero
1095 1908 1457 1977 Missarum
1522 1906 1900 1987 solemniis,
1967 1908 2251 1994 quidam
2316 1909 2654 1977 Henricus
2705 1907 3085 1997 presbyter,

541 2023 664 2089 qul
697 2023 774 2069 eo
821 1998 933 2067 die
979 1997 1282 2067 cantoris
1325 1996 1634 2064 officium
1684 2017 1917 2085 agens,
1960 2009 2146 2067 tanto
2197 1998 2505 2069 interfuit
2565 1996 2929 2077 miraculo,
2986 2017 3090 2065 se-

445 2095 448 2098 ’
543 2111 765 2178 quens
812 2087 1224 2178 Episcopum
1263 2107 1482 2171 usque
1530 2084 1597 2151 in
1631 2086 2062 2165 cubiculum,
2100 2086 2185 2154 ad
2215 2087 2366 2175 ejus
2463 2084 2623 2155 edes
2671 2083 2945 2165 cecidit,
2987 2097 3092 2153 at-

542 2201 682 2266 que
729 2178 801 2246 in
853 2175 1236 2267 praesentia
1284 2172 1728 2265 popularium
1761 2196 2210 2264 personarum
2239 2109 2551 2244 eamd'em
2592 2174 2925 2245 visionem
2965 2172 3097 2241 mi-

545 2289 682 2336 nus
728 2280 925 2335 caute
971 2263 1382 2354 explanavit.
1448 2261 1568 2331 Cui
1618 2263 1721 2330 vir
1779 2263 1929 2331 Dei:
1983 2285 2018 2329 «
2068 2263 2347 2347 Melius„
2408 2263 2657 2349 inquit,
2731 2262 2854 2331 tibi
2912 2273 3094 2332 esset

548 2369 792 2435 tacere,
844 2376 1053 2440 quam
1107 2353 1265 2421 talia
1330 2352 1399 2419 in
1465 2373 1669 2420 aures
1734 2351 1925 2441 vulgi
1998 2351 2319 2441 proferre.
2371 2374 2407 2417 »
2478 2357 2624 2420 Mox
2672 2351 2789 2420 ille
2840 2351 3096 2420 rubore

545 2444 870 2536 perfusus
907 2442 1090 2518 exiit,
1144 2454 1208 2511 et
1254 2441 1325 2510 in
1374 2438 1711 2509 vestibulo
1757 2439 2064 2511 cubiculi
2116 2441 2446 2520 residens,
2479 2452 2703 2511 tantas
2744 2439 3095 2529 lacrymas

544 2534 796 2614 emisit,
832 2542 907 2600 ut
953 2554 1033 2600 ex
1066 2530 1344 2599 illarum
1384 2529 1764 2598 suffusione
1812 2542 2171 2620 cogeretur
2225 2531 2403 2599 lucis
2453 2531 2667 2616 hujus
2717 2529 3092 2617 dispendia

546 2622 906 2692 sustinere.
945 2621 1058 2689 Vir
1088 2631 1318 2689 autem
1372 2618 1483 2686 Dei
1527 2638 1791 2687 memor
1825 2641 1990 2688 suae
2021 2619 2435 2710 fragilitatis,
2473 2619 2754 2687 cavebat
2786 2618 3092 2687 favorem

544 2712 893 2782 humanae
941 2708 1190 2788 laudis,
1229 2728 1310 2776 ne
1335 2705 1607 2776 caderet
1641 2706 1710 2775 in
1748 2707 2233 2797 praecipitium
2262 2707 2602 2788 elationiS,
2637 2728 2906 2797 semper
2932 2727 3095 2795 gra-

544 2801 676 2869 tias
722 2819 934 2889 agens
976 2803 1105 2866 Deo
1139 2817 1349 2884 super
1397 2794 1844 2864 inenarrabili
1876 2796 2026 2884 ejus
2074 2796 2296 2865 dono:
2349 2807 2414 2865 et
2461 2796 2642 2865 sicut
2688 2796 2776 2864 de
2829 2793 3089 2864 sanetis

549 2889 887 2979 scriptum
935 2896 1059 2965 est,
1099 2884 1303 2953 Ibunt
1351 2883 1434 2953 de
1486 2883 1728 2952 virtute
1762 2884 1833 2952 in
1883 2885 2227 2967 virtutem,
2270 2884 2455 2954 velut
2480 2885 2772 2956 coeleste
2796 2881 3084 2963 animal,

544 2990 702 3048 ante
747 2975 991 3045 faciem
1041 2995 1237 3041 suam
1295 2971 1759 3063 gradiebatur,
1820 2985 1895 3042 ut
1958 2994 2038 3042 eo
2089 2984 2314 3043 mente
2379 2973 2889 3052 conscenderet,
2943 2993 3086 3058 quo

547 3087 709 3136 eum
758 3065 1058 3153 impetus
1096 3060 1384 3151 spiritus
1422 3061 1727 3130 duceret.
1769 3061 1888 3130 His
1937 3062 2267 3131 virtutum
2296 3062 2632 3151 gradibus
2661 3062 2747 3131 ad
2778 3062 2916 3152 alta
2943 3083 3102 3150 pro-

547 3154 812 3230 ficiens,
847 3150 1148 3237 quadam
1187 3160 1380 3219 nocte
1408 3170 1584 3235 quae
1614 3149 2060 3219 antecedebat
2086 3150 2268 3220 diem
2301 3164 2643 3232 sanctum,
2670 3172 2877 3237 quem
2911 3149 3099 3219 diem

551 3239 1024 3331 indulgentiae
1072 3237 1168 3306 vel
1224 3243 1513 3308 Coenam
1566 3239 1838 3307 Domini
1904 3239 2286 3308 Christiana
2355 3239 2476 3308 reli
2534 3240 2595 3309 io
2645 3261 2886 3309 vocare
2936 3260 3102 3308 con-

554 3330 795 3409 suevit,
850 3351 976 3398 vox
1014 3327 1353 3428 quaedam
1395 3327 1591 3396 beato
1640 3327 1738 3398 sic
1778 3327 1872 3396 ait
1920 3328 1988 3396 in
2042 3329 2237 3396 visu:
2293 3350 2328 3394 «
2358 3328 2499 3398 Uda
2534 3329 2669 3398 rice
2733 3328 3093 3418 Episcope‚

559 3419 738 3492 scias
787 3428 849 3486 te
898 3419 1201 3507 hospites
1248 3428 1735 3505 suscepturum
1785 3437 1956 3485 esse.
2014 3439 2051 3483 »
2101 3416 2651 3508 Expergesactu5‚
2721 3418 2945 3508 coepit
2994 3438 3103 3486 se-

556 3528 714 3579 cum
764 3504 1174 3575 admirando
1214 3517 1524 3584 tractare,
1564 3505 1852 3591 quinam
1904 3503 2005 3573 illi
2048 3504 2349 3595 hospites
2397 3505 2613 3576 futuri
2660 3518 2913 3575 essent.
2955 3511 3099 3575 Non

553 3597 742 3667 enim
791 3608 935 3665 erat
971 3594 1202 3664 inanis
1249 3616 1457 3685 sopor
1502 3593 1619 3663 ille
1656 3593 1778 3680 qui
1813 3593 1982 3664 solet
2014 3593 2381 3680 aliquoties
2430 3595 2795 3665 hominum
2839 3608 3105 3663 mentes

554 3684 888 3754 illudere:
943 3684 1057 3755 sed
1094 3682 1249 3754 talis
1295 3683 1547 3773 potiuS,
1584 3681 1775 3769 quali
1807 3704 2062 3773 sponsa
2109 3704 2181 3752 se
2213 3682 2379 3753 dicit
2412 3683 2479 3752 in
2521 3684 2779 3753 amoris
2828 3683 3105 3753 Cantico

556 3773 988 3845 obdormire:
1040 3777 1201 3873 qu,
1241 3772 1487 3860 inquit,
1533 3772 1788 3840 dormio
1818 3782 1882 3840 et
1916 3795 2027 3840 cor
2070 3794 2294 3842 meum
2339 3775 2613 3864 viqilat.
2652 3771 2834 3842 Talis
2890 3771 3107 3862 igitur

558 3861 786 3934 somni
835 3861 1001 3931 dum
1054 3883 1156 3929 vir
1204 3861 1317 3930 Dei
1364 3859 1707 3931 frueretur
1745 3860 1995 3947 quiete,
2035 3859 2303 3930 iterum.
2334 3883 2567 3931 vocem
2603 3862 2674 3930 in
2702 3862 2868 3932 haec
2899 3860 3110 3930 verba

560 3949 818 4021 meruit
870 3950 1147 4019 audire:
1200 3971 1237 4017 «
1282 3930 1635 4020 Oraliones
1686 3962 1841 4018 tuae
1887 3961 1954 4018 et
2010 3947 2510 4040 eleemosynae,
2579 3950 2918 4030 Uldarice‚
2976 3954 3110 4018 Deo

559 4051 724 4110 sunt
770 4052 1085 4129 acceptae
1141 4037 1265 4125 qui
1326 4037 1511 4109 binis
1571 4036 2124 4107 antecessoribus
2183 4039 2343 4119 tuis,
2409 4043 2780 4109 Fortunato
2840 4037 3110 4109 scilicet

558 4141 762 4215 atque
809 4125 1240 4199 Adalberoni.
1295 4140 1358 4197 te
1403 4125 1935 4206 commendavit,
1991 4137 2066 4195 ut
2116 4126 2237 4196 tibi
2272 4126 2478 4196 hodie
2524 4141 2589 4197 et
2619 4127 2947 4218 deinceps
2995 4149 3110 4197 sa-

557 4239 676 4288 cra
709 4215 1034 4305 mysteria
1080 4215 1453 4286 celebranti
1503 4216 1852 4296 assistant,
1890 4226 1957 4284 et
1992 4236 2073 4284 ea
2108 4227 2334 4285 tecum
2386 4216 2817 4286 benedicant.
2846 4239 2882 4283 »
2911 4222 3113 4285 Mane

563 4318 792 4377 autem
842 4305 1040 4388 facte,
1079 4303 1271 4387 hom,
1305 4327 1446 4392 qua
1492 4304 1798 4393 inclytus
1846 4303 2373 4394 mysteriarches
2405 4304 2640 4375 divina
2674 4316 3116 4376 sacramenta

568 4393 986 4476 celebravit,
1061 4393 1484 4484 quibusdam
1558 4392 1763 4464 etiam
1839 4392 1961 4481 qui
2037 4392 2122 4463 ad
2198 4391 2575 4471 videndum
2623 4393 2818 4485 digni
2863 4405 3108 4478 erant,
