3327 4999
236 305 487 372 MART.
544 304 627 370 13
1101 323 1181 373 nn
1230 322 1286 370 s.
1339 323 1703 371 nurnnxsm
1751 323 1922 372 vute.
2575 310 2705 376 279

245 420 477 478 autem
524 427 757 475 escam
805 416 871 476 et
918 415 1157 506 potum
1208 407 1441 496 virgae
1488 419 1694 495 atque
1749 407 1845 477 ita
1893 408 2136 498 procul
2182 410 2661 502 porrigebant:
2687 411 2796 480 in·-

240 495 511 566 terdum
558 494 840 582 quidem
888 496 976 564 iis
1022 496 1459 577 vescebatur,
1516 495 1927 586 plerumque
1980 504 2138 567 ve'ro
2201 499 2272 566 in
2352 501 2792 571 offerentium

240 585 450 656 facies
497 584 871 674 rejiciebat.
925 583 1219 676 Contigit
1256 598 1511 667 autem,
1551 597 1629 655 ut
1658 586 1942 655 ostiaria
1972 586 2337 656 nunciaret
2365 589 2789 673 Abbatissae,

240 674 481 745 adesse
532 695 694 763 prae
739 672 1005 743 foribus
1053 674 1455 743 monasterii
1503 674 1919 756 foeminam,
1981 687 2361 764 gestantem
2421 677 2792 767 parvulum

238 762 612 850 quemdam
662 761 979 843 surdum,
1034 775 1307 832 mutum
1348 776 1412 832 et
1444 762 1927 853 paralyticum.
1968 764 2144 833 Dixit
2176 765 2406 851 itaque
2437 765 2797 838 Abbatissa

241 851 705 942 Euphrasiae:
759 873 796 918 «
847 855 947 921 Ito
994 849 1162 932 filia,
1215 864 1282 920 et
1327 852 1495 921 affer
1541 852 1680 921 huc
1727 851 2089 922 infantem.
2145 876 2182 921 »
2233 853 2428 937 Quod
2477 876 2640 925 cum
2676 856 2800 926 illa

240 941 514 1023 faceret,
567 939 962 1027 videretque
1011 962 1306 1029 puerum
1357 953 1757 1011 trementem
1808 952 1874 1010 et
1919 941 2117 1010 valde
2164 943 2413 1012 misere
2445 944 2792 1027 affectum,

239 1031 524 1101 miserta
567 1028 804 1109 illius,
855 1029 1288 1119 consignavit
1334 1050 1491 1099 eum
1521 1083 1536 1109 ,
1587 1042 1655 1100 et
1702 1029 1913 1099 dixit:
1967 1052 2005 1097 «
2056 1030 2188 1113 Qui
2238 1042 2300 1101 te
2345 1033 2600 1102 creavit
2647 1032 2790 1116 fili,

238 1119 387 1210 ipse
435 1131 500 1189 te
546 1130 780 1187 sanet:
835 1139 873 1184 »
923 1118 1161 1205 sicque
1206 1140 1365 1187 eum
1415 1119 1804 1189 adducebat
1850 1117 1936 1188 ad
1986 1119 2441 1191 Abbatissam.
2509 1122 2797 1191 Interim

238 1208 430 1279 salus
477 1206 790 1276 redditur
837 1227 1074 1296 puero,
1110 1218 1175 1276 et
1204 1207 1427 1297 coepit
1460 1208 1645 1295 loqui
1685 1221 1750 1278 et
1781 1207 2076 1298 pedibus
2110 1209 2257 1280 suis
2287 1207 2461 1279 velle
2489 1210 2790 1301 ingredi.

238 1297 315 1367 Id
362 1309 441 1366 ut
486 1295 658 1364 vidit
704 1295 1111 1385 Euphrasia,
1168 1295 1524 1366 terrefacta
1569 1297 1891 1387 deposuit
1936 1319 2096 1366 eum
2147 1298 2215 1366 in
2254 1310 2532 1368 terram.
2567 1306 2646 1369 At
2673 1299 2793 1369 ille

235 1385 547 1456 cucurrit
593 1383 679 1453 ad
729 1398 1019 1453 matrem
1070 1406 1296 1454 suam.
1349 1385 1529 1455 Vidit
1574 1385 1644 1455 id
1685 1385 1996 1476 janitrix,
2034 1398 2099 1455 et
2130 1409 2419 1456 currens
2460 1387 2797 1459 indicavit

235 1475 656 1545 Abbatissae.
708 1472 835 1541 Illa
875 1472 1070 1561 jubet
1116 1473 1330 1543 acciri
1378 1486 1668 1544 matrem
1724 1474 1941 1565 pueri,
1978 1475 2209 1563 aitque
2241 1475 2387 1545 illi:
2426 1498 2462 1543 «
2497 1481 2632 1546 Cur
2664 1498 2791 1549 nos

234 1585 430 1634 soror
480 1574 738 1632 tentare
768 1561 1085 1631 voluisti?
1116 1585 1151 1629 »
1182 1568 1370 1645 Quae
1399 1563 1601 1633 dixit:
1646 1585 1683 1630 «
1719 1569 1843 1633 Per
1873 1564 2244 1644 Christum,
2282 1565 2572 1635 Domina
2609 1587 2787 1647 mea,

233 1673 459 1740 neque
506 1650 909 1731 ambulavit,
963 1673 1185 1738 neque
1233 1651 1333 1720 vel
1384 1651 1574 1740 loqui
1621 1652 1725 1723 vel
1774 1651 2018 1722 audire
2065 1655 2289 1744 potuit
2344 1676 2519 1743 puer
2570 1676 2793 1741 usque

232 1741 305 1810 in
358 1761 723 1832 praesens:
778 1738 896 1807 sed
947 1762 1109 1809 cum
1157 1741 1534 1830 accepisset
1579 1763 1741 1811 eum
1794 1742 1961 1810 haec
2009 1741 2293 1812 domina
2341 1764 2578 1823 soror,
2631 1765 2791 1812 mox

234 1829 508 1900 locutus
553 1841 678 1897 est.
739 1852 765 1893 u
822 1828 996 1897 Dicit
1041 1828 1104 1897 ei
1151 1829 1544 1901 Abbatissa:
1597 1852 1634 1898 «
1686 1830 1929 1921 Accipe
1993 1830 2209 1921 igitur
2270 1854 2431 1901 eum
2491 1853 2787 1913 sanum,

231 1929 298 1988 et
346 1917 517 1987 vade
563 1917 636 1985 in
686 1937 877 2006 pace.
934 1940 969 1984 »
1018 1917 1147 1987 Illa
1193 1918 1364 1988 abiit
1408 1940 1570 1988 cum
1620 1941 1876 2009 puer0,
1930 1918 2107 1989 dans
2155 1920 2444 2011 gloriam
2498 1941 2793 2010 praepo-

238 2008 409 2076 tenti
459 2013 616 2075 De0.

325 2098 363 2182 ἓ
411 2101 562 2168 16.
618 2094 873 2163 Deinde
907 2094 1262 2167 Abbatissa
1321 2117 1709 2167 convocans
1770 2118 2038 2166 sorores
2135 2097 2506 2178 rimariaS,
2561 2097 2657 2167 ait
2705 2096 2791 2167 ad

231 2183 417 2254 illas:
457 2206 493 2249 «
527 2183 785 2269 Ecquid
837 2185 1028 2255 vobis
1075 2184 1346 2253 videtur
1376 2184 1461 2254 de
1509 2185 1896 2274 Euphrasia
1920 2189 1992 2253 1»
2029 2185 2080 2254 ΙΙ
2116 2208 2193 2254 33
2238 2186 2783 2276 responderunt:

240 2297 270 2336 ‹
309 2273 612 2340 Profecto
670 2272 783 2341 Dei
832 2272 1094 2342 {amula
1139 2286 1312 2343 est.»
1360 2273 1579 2343 iussit
1626 2274 1647 2340 i
1703 2274 1839 2342 itur
1900 2273 2092 2342 illam
2142 2274 2382 2344 adesse
2428 2275 2792 2346 Abbatissa

232 2371 303 2430 et
348 2359 519 2430 dixit
543 2361 643 2429 ei:
690 2360 904 2430 «Filia
938 2383 1090 2431 mea
1120 2362 1526 2452 Euphrasia,
1569 2385 1648 2431 vo
1679 2385 1718 2432 o
1767 2376 1843 2432 ut
1891 2362 2056 2432 huic
2087 2362 2577 2434 daemoniacae
2608 2385 2788 2452 quae

234 2449 423 2541 apud
476 2471 597 2520 nos
627 2462 752 2532 est,
805 2450 1041 2520 cibum
1077 2453 1430 2542 praebeaS,
1484 2451 1546 2522 si
1594 2464 1823 2522 tamen
1873 2473 2009 2522 non
2077 2452 2277 2522 times
2325 2451 2614 2524 illam.»
2668 2453 2792 2524 Cui

237 2539 658 2628 Euphrasia:
712 2562 748 2606 «
783 2545 925 2609 Non
977 2540 1206 2621 time0‚
1262 2541 1531 2628 inquit,
1594 2541 1885 2611 Domina
1944 2562 2142 2622 mea,
2195 2541 2530 2630 quicquid
2580 2543 2791 2613 etiam

229 2626 546 2713 jusseriS.
584 2650 620 2695 »
671 2628 854 2697 Tulit
901 2628 922 2696 i
974 2629 1115 2697 itur
1185 2630 1571 2721 Euphrasia
1616 2630 1690 2699 in
1740 2630 2019 2701 vasculo
2064 2631 2369 2715 quodam
2435 2631 2796 2732 legumina

230 2727 299 2786 et
345 2738 593 2806 panem
662 2729 728 2786 et
773 2718 1003 2787 attuit
1075 2717 1585 2789 daemoniacae.
1639 2724 1717 2789 At
1787 2718 1907 2788 illa
1982 2718 2281 2790 stridens
2343 2719 2672 2790 dentibus
2720 2732 2787 2789 et

230 2805 428 2876 valde
474 2805 776 2877 fremens
806 2861 822 2888 ,
893 2805 1159 2896 impetu
1229 2806 1405 2876 facto
1472 2807 1676 2877 irruit
1723 2807 1792 2876 in
1841 2830 1993 2877 eam
2026 2862 2042 2889 ,
2116 2809 2787 2899 apprehendensque

227 2894 632 2975 vasculum,
685 2894 1118 2985 confringere
1164 2894 1340 2965 illud
1413 2896 1648 2967 voluit.
1705 2896 2093 2987 Euphrasia
2135 2919 2292 2967 vero
2340 2899 2492 2988 ejus
2549 2911 2793 2967 tenens

230 3005 528 3064 manus»,
581 2982 789 3054 dixit:
845 3006 881 3052 «
937 2985 1109 3053 Vivit
1158 2986 1489 3054 Dominus
1523 3040 1538 3066 ‚
1593 2985 1653 3054 si
1702 2998 1778 3055 tu
1838 2985 1907 3054 id
1958 2984 2242 3068 feceris,
2310 3008 2438 3077 ego
2486 2999 2550 3056 te
2591 2986 2790 3056 humi

229 3084 664 3163 prosternam
714 3085 778 3142 et
828 3085 966 3143 tam
1002 3072 1150 3142 dire
1197 3074 1584 3165 flagellabo,
1623 3086 1699 3143 ut
1749 3074 2078 3165 deinceps
2111 3097 2496 3163 numquam
2532 3097 2796 3146 ausura

226 3162 324 3232 sis
372 3161 640 3247 aliquid
691 3161 822 3232 tale
879 3173 1276 3231 attentare.»
1332 3162 1584 3233 videns
1620 3162 1734 3231 illa
1786 3162 2246 3253 Euphrasiam
2309 3165 2783 3255 superiorem,

225 3249 513 3338 quievit.
566 3255 738 3320 Tum
766 3272 923 3320 vero
956 3250 1344 3351 Euphrasia
1373 3252 1598 3342 coepit
1644 3250 1749 3320 illi
1797 3252 2101 3322 blandiri
2126 3263 2191 3322 et
2238 3252 2503 3323 dicere:
2550 3277 2586 3319 «
2619 3253 2791 3322 Sede

227 3362 384 3408 mea
415 3359 633 3420 soror,
685 3352 750 3408 et
781 3360 979 3410 sume
1026 3340 1290 3420 cibum,
1342 3362 1467 3410 nec
1499 3340 1873 3428 quicquam
1912 3341 2281 3411 turberis.»
2316 3347 2461 3411 Non
2513 3363 2790 3413 recusa-

224 3428 320 3497 vit
369 3426 516 3506 illa,
572 3428 808 3515 sicque
845 3428 1152 3516 quotidie
1197 3450 1275 3497 ex
1318 3430 1471 3520 ejus
1521 3430 1848 3500 manibus
1877 3430 2116 3500 cibum
2169 3441 2547 3520 potumque
2596 3452 2786 3500 rece-

226 3516 352 3606 pit.
407 3520 577 3584 Cum
625 3529 855 3586 autem
905 3517 974 3585 id
1022 3517 1360 3588 vidissent
1389 3539 1681 3600 sorores,
1733 3518 2025 3588 orabant
2059 3520 2429 3589 Dominum
2481 3542 2606 3609 pro
2637 3518 2784 3589 illa:

225 3605 287 3675 si
336 3625 495 3674 vero
528 3604 649 3674 illa
696 3605 1049 3697 indignari
1094 3619 1161 3676 et
1207 3606 1624 3676 commoveri
1688 3608 2065 3698 coepisset,
2119 3606 2441 3678 dicebant
2487 3608 2552 3678 ei
2600 3630 2790 3678 soro-

225 3715 374 3763 res:
431 3696 697 3776 «Cessa,
738 3716 953 3774 soror,
986 3706 1052 3765 et
1082 3695 1226 3765 noli
1256 3694 1555 3786 maligne
1595 3709 1657 3765 te
1687 3717 1945 3787 gerere.
1983 3695 2252 3782 Alioqui
2282 3698 2340 3766 si
2375 3696 2444 3765 id
2497 3697 2791 3769 senserit

225 3782 521 3851 Domina
568 3784 977 3874 Euphrasia‚
1030 3785 1278 3855 acriter
1324 3795 1387 3855 te
1436 3784 1646 3876 virgis
1692 3785 2001 3854 caedet.»
2030 3785 2299 3868 Quibus
2345 3785 2629 3867 auditis,
2669 3786 2793 3856 illa

231 3870 543 3940 modeste
576 3893 647 3942 se
697 3872 999 3963 gerebat.

319 3961 358 4045 ξ
404 3964 538 4031 Η.
593 3966 861 4033 Rursus
911 3973 1140 4032 autern
1190 3966 1601 4033 Germanam
1659 3962 1922 4032 invidia
1972 3961 2365 4042 momordit,
2421 3963 2656 4050 aitque
2704 3964 2794 4033 ad

239 4066 543 4119 sorores:
596 4072 633 4115 «
666 4055 768 4120 Ita
805 4071 892 4119 ne
951 4063 1220 4140 praeter
1270 4050 1729 4142 Euphrasiam
1782 4051 1976 4121 nulla
2022 4050 2160 4120 alia
2208 4051 2505 4121 inveniri
2569 4053 2796 4143 potuit

238 4154 412 4220 quae
460 4137 623 4207 huic
681 4138 958 4209 mulieri
1004 4161 1234 4209 escam
1282 4140 1634 4233 porrigat?
1684 4145 1843 4210 Date
1889 4138 2063 4209 mihi
2112 4139 2329 4222 cibos,
2392 4152 2459 4211 et
2504 4163 2632 4232 ego
2688 4142 2796 4211 illi

243 4222 592 4322 offeram.»
642 4232 1009 4319 Sumptum
1072 4228 1287 4318 igitur
1331 4229 1566 4300 cibum
1615 4228 1846 4298 attulit
1891 4227 1978 4297 ad
2027 4250 2179 4298 eam
2229 4243 2293 4299 et
2341 4229 2548 4298 dixit:
2604 4253 2641 4296 «
2670 4234 2795 4299 Ac-

243 4331 413 4400 cipe,
451 4336 667 4397 soror,
701 4328 765 4386 et
797 4316 1151 4387 comede.»
1173 4321 1253 4387 At
1283 4316 1404 4386 illa
1432 4318 1504 4387 in
1538 4339 1691 4388 eam
1733 4329 2009 4408 repente
2036 4317 2381 4399 insiliens,
2407 4331 2625 4388 vestes
2644 4318 2795 4406 ejus

249 4397 646 4496 discerpsi13
698 4426 1000 4494 cumque
1044 4427 1198 4478 eam
1248 4405 1446 4477 humi
1507 4408 2008 4497 prostravisset,
2063 4407 2290 4498 coepit
2342 4407 2491 4496 eJus
2549 4426 2796 4477 carnae
