3327 4999
160 314 368 384 MART.
422 317 506 382 42
1013 338 1092 388 nn
1141 339 1200 387 s.
1252 337 1566 388 cucomo
1615 338 1779 387 rara
2462 327 2591 391 423

157 411 371 513 vigiliis
398 469 414 495 ,
465 417 702 484 annua
752 416 1082 506 vertigine
1131 419 1458 490 revolutis
1490 474 1505 500 ,
1561 430 1682 488 tua
1730 418 2048 509 probavit
2113 420 2373 510 pariter
2417 444 2498 492 ac
2546 446 2680 514 pu-

157 502 391 573 blicavit
451 503 853 574 auctoritas.
907 510 1083 596 Ergo
1133 507 1467 577 solicitior
1531 506 1755 577 factus
1804 507 1890 577 ad
1946 517 2238 590 caetera,
2308 531 2531 600 pauca
2590 511 2679 581 de

159 591 374 689 multis,
425 601 491 662 te
529 592 909 670 incentore,
946 606 1008 662 te
1057 607 1518 696 praeceptore,
1576 605 1639 663 te
1686 594 1975 678 fautore,
2032 606 2231 683 teque
2268 597 2509 687 judice
2534 598 2679 670 col-

158 677 357 768 ligenS,
408 680 477 748 in
529 679 729 750 libris
774 693 1111 767 quatuor,
1167 682 1545 753 auxiliante
1619 683 1952 767 DominO,
2005 685 2397 754 coarctavi:
2449 698 2515 756 et
2563 708 2671 758 se·-

154 766 417 838 cundum
481 768 1047 839 distributionem
1099 771 1409 861 ejusdem
1477 771 1779 842 doctoris
1846 793 1987 859 qua
2051 772 2311 844 librum
2389 795 2462 842 re
2513 773 2677 845 ulae

157 856 482 944 pastoralis
528 856 1035 947 quadripartita
1099 859 1364 929 ratione
1422 859 1866 942 distinxerat,
1918 881 2046 951 ego
2104 881 2381 950 quoque
2428 863 2473 932 il
2509 885 2627 932 um
2657 917 2673 945 ,

151 944 406 1028 qualiter
451 945 536 1014 ad
586 944 867 1017 culmen
910 947 1272 1036 regiminis
1320 948 1601 1028 venerit,
1655 948 1730 1017 in
1779 948 2004 1039 primo
2054 948 2270 1038 hujus
2316 951 2545 1041 operis
2594 950 2678 1021 li-

149 1032 615 1188 broXerbibui.
670 1038 749 1102 Et
796 1033 880 1103 ad
934 1034 1062 1105 hoc
1111 1036 1238 1106 rite
1277 1036 1708 1127 pervenienS‚
1767 1036 2065 1122 qualiter
2122 1037 2386 1120 vixerit,
2438 1039 2512 1108 in
2562 1061 2676 1110 se-

142 1141 254 1189 cun
298 1143 335 1189 o
378 1121 705 1193 disserui.
760 1127 836 1193 Et
868 1123 1040 1192 bene
1086 1125 1323 1193 vivens
1368 1123 1667 1211 qualiter
1712 1124 2066 1206 docuerit,
2122 1125 2194 1195 in
2246 1126 2441 1196 tertio
2489 1127 2674 1199 desi-

146 1209 343 1297 gnavi.
395 1215 475 1279 Et
520 1220 707 1281 recte
753 1210 1030 1293 docens,
1084 1212 1554 1282 infirmitatem
1607 1235 1810 1283 suam
1843 1212 2152 1301 quotidie
2197 1227 2461 1301 quanta
2507 1237 2676 1286 con-

143 1295 518 1369 sideratione
567 1300 982 1390 cognoverit,
1036 1299 1108 1368 in
1157 1312 1404 1387 quarto
1451 1300 1791 1371 conclusi.

213 1390 428 1473 Neque
475 1409 588 1456 ma
646 1408 898 1477 nopere
947 1399 1256 1478 tempora
1305 1388 1734 1480 temporibus
1778 1388 2082 1471 contuli,
2153 1389 2273 1459 sed
2321 1391 2531 1460 rebus
2579 1390 2676 1460 si-

141 1472 391 1544 milibus
436 1476 600 1546 simi
634 1476 700 1545 ia
745 1476 1081 1565 coaptavi.
1163 1477 1501 1555 Quoniam
1549 1498 1784 1546 revera
1846 1499 1980 1547 non
2049 1488 2316 1548 tantum
2387 1478 2669 1565 quando

136 1559 392 1645 fecisset,
444 1563 568 1635 sed
617 1576 958 1651 quantum
999 1564 1293 1645 fecisset,
1347 1565 1660 1636 solicitus
1709 1565 2043 1635 deflorare
2083 1565 2345 1636 curavi.
2386 1570 2465 1635 In
2512 1567 2669 1654 qui-

137 1647 247 1719 hus
276 1673 698 1740 quamquam
742 1651 961 1722 multa
1008 1663 1073 1722 et
1113 1653 1301 1722 varia
1346 1664 1735 1724 memoratu
1771 1653 1985 1744 digna
2034 1653 2264 1723 studio
2312 1654 2668 1725 brevitatis

134 1738 472 1820 omiserim,
538 1739 716 1809 nihil
783 1740 1096 1830 posuisse
1157 1763 1269 1811 me
1315 1741 1603 1811 memini
1650 1763 1831 1829 quae
1878 1742 2293 1831 scriptorum
2356 1752 2667 1814 veterum

138 1841 445 1912 nequeant
491 1828 900 1900 auctoritate
969 1827 1270 1898 defendi.
1328 1829 1640 1920 Exceptis
1709 1829 1846 1901 illis
1895 1829 2256 1899 miraculis
2310 1851 2489 1917 quae
2539 1853 2666 1901 no-

139 1914 271 1985 stris
314 1916 742 2006 temporibus
788 1915 988 1996 facta‚
1043 1915 1425 1986 multorum
1471 1917 1702 1988 adhuc
1750 1918 2204 2007 superstitum
2255 1917 2428 1990 vivis
2478 1920 2664 1989 voci-

137 1999 246 2069 bus
286 2004 746 2074 celebrantur.
802 2003 870 2073 Si
919 2004 1032 2075 cui
1063 2016 1292 2075 tamen
1328 2005 1527 2075 aliter
1575 2006 1796 2076 visum
1843 2004 2073 2086 fuerit,
2126 2018 2204 2075 ut
2251 2005 2523 2087 assolet,
2577 2006 2667 2077 ad

140 2087 606 2240 plenitudinem
659 2091 899 2161 scrinii
948 2092 1153 2162 vestri
1202 2114 1589 2173 recurrens,
1628 2104 1724 2162 tot
1764 2107 2113 2163 cartaceos
2161 2093 2375 2163 libros
2415 2094 2668 2184 episto-

165 2199 330 2249 arum
362 2180 679 2269 ejusdem
777 2181 968 2262 atris,
1017 2191 1185 2267 quot
1231 2203 1454 2251 annos
1501 2181 1836 2271 probatur
1882 2181 2170 2261 vixisse,
2227 2179 2542 2251 resolvat.
2592 2187 2672 2253 Et

147 2265 280 2348 quia
319 2269 662 2355 quaedam
712 2269 991 2338 ilarum
1036 2268 1229 2339 vario
1278 2281 1583 2361 tempore
1630 2268 2031 2349 destinatae,
2066 2268 2462 2339 varietatem
2513 2291 2669 2341 sen-

145 2371 316 2422 suum
359 2358 703 2426 retinent:
768 2356 1186 2444 eaedemque
1234 2356 1596 2427 nonnullis
1644 2357 1973 2446 integrae.
2025 2355 2447 2443 quibusdam
2508 2379 2666 2428 vero

144 2454 299 2539 par-te
334 2445 573 2533 aliqua
619 2445 1005 2515 diminutae
1037 2465 1160 2535 pro
1209 2467 1692 2536 personarum,
1729 2444 2041 2515 locorum
2081 2443 2665 2544 sive-temporum

144 2527 620 2620 dispensatione
669 2533 988 2604 videntur
1020 2589 1036 2615 ,
1103 2533 1450 2606 finetenus
1519 2533 1888 2625 relegendo
1952 2533 2378 2623 conspiciat:
2429 2534 2671 2634 sicque

144 2614 382 2691 demum
424 2621 1122 2693 lucidam-veritatem
1172 2644 1619 2712 cognoscenS,
1674 2644 1786 2692 me
1823 2635 1944 2691 aut
1988 2643 2153 2691 cum
2202 2622 2488 2690 amasiis
2548 2621 2670 2692 de-

145 2701 357 2791 fendat,
406 2723 531 2781 aut
595 2730 761 2781 cum
818 2709 1139 2780 osoribus
1211 2721 1479 2802 arguat.
1533 2715 1969 2797 Quamquam
2046 2710 2118 2777 in
2167 2730 2248 2779 eo
2316 2708 2499 2797 quod
2551 2719 2671 2779 tuo

133 2791 357 2876 judicio
396 2798 661 2889 place0,
713 2798 988 2877 cunctis
1023 2797 1379 2867 veritatem
1428 2799 1785 2868 tuentibus
1834 2819 1944 2867 me
1994 2809 2325 2889 perpetuo
2369 2797 2669 2887 placitu-

145 2900 270 2951 rum
311 2884 449 2956 fore
501 2907 970 2976 praesumam.
1025 2891 1183 2955 Peto
1239 2886 1474 2976 igitur,
1515 2899 1592 2956 ut
1637 2887 1819 2957 sicut
1866 2886 2004 2955 tuis
2042 2885 2485 2975 jussionibus
2536 2886 2672 2954 hu·-

143 2968 355 3042 rniliter
418 2975 670 3066 parui,
725 2973 827 3043 sic
882 2974 1064 3043 beati
1110 2975 1420 3065 Gregorii
1493 2974 1821 3065 precibus
1865 2985 1933 3043 et
1976 2974 2052 3043 in
2120 2973 2250 3043 hoc
2298 2974 2533 3044 seculo
2582 2974 2670 3045 ab

139 3060 529 3155 aemulorum
578 3061 860 3131 insidiis
914 3073 981 3132 et
1024 3062 1386 3133 infuturo
1434 3084 1475 3132 a
1532 3073 1973 3153 peccatorum
2037 3061 2332 3133 nexibus
2404 3083 2675 3132 merear

142 3151 652 3221 misericorditer·
688 3150 995 3231 liberari,
1047 3172 1173 3240 per
1219 3150 1592 3220 Dominum
1640 3161 1983 3231 nostrum,
2035 3160 2167 3219 etc.

205 3236 378 3309 hm
423 3245 477 3309 Ι.
533 3241 570 3325 ξ
627 3245 708 3311 1.
762 3237 1134 3339 Gregorius
1180 3260 1431 3329 genere
1491 3243 1848 3308 Romanus
1881 3290 1901 3317 ,
1971 3247 2116 3308 arte
2211 3236 2625 3328 hilosophus
2650 3291 2666 3319 ‚

141 3320 420 3396 Gordiani
466 3326 599 3396 viri
647 3325 1023 3396 clarissimi
1063 3338 1128 3396 et
1161 3327 1400 3397 beatae
1433 3326 1704 3416 Sylviae
1735 3325 1951 3406 filius,
1989 3347 2154 3416 prae
2184 3325 2286 3395 uit
2319 3331 2673 3424 Romanae

143 3407 266 3478 &di
305 3416 506 3483 annis
556 3414 925 3495 tredecim,
980 3415 1342 3485 mensibus
1390 3436 1508 3485 sex
1537 3467 1555 3497 ,
1607 3414 1858 3484 diebus
1906 3413 2143 3483 decem
2171 3467 2188 3494 ,
2244 3412 2671 3503 temporibus

144 3494 393 3571 Mauritii
436 3516 507 3572 et
535 3503 802 3573 Phocae
829 3507 1324 3594 Augustorum.
1363 3507 1502 3572 Iste
1536 3502 1882 3573 senatoria
1916 3501 2129 3592 stirpe
2157 3501 2192 3538 '⁴¹
2282 3501 2662 3602 rogenituS,

146 3590 254 3680 lam
297 3590 800 3675 nobilissimam
834 3612 1047 3676 quam
1107 3592 1317 3665 etiam
1372 3590 1974 3681 religiosissimam
2024 3611 2239 3691 genea
2270 3610 2501 3680 ogiam
2538 3589 2674 3658 du-

143 3682 234 3766 ;1¹²‚
271 3675 355 3747 ita
398 3690 475 3749 ut
512 3688 808 3765 quartus
852 3679 922 3715 *⁴
968 3677 1154 3750 Felix
1199 3678 1624 3770 Apostolicae
1659 3678 1847 3748 sedis
1877 3676 2208 3758 Pontifex,
2245 3677 2351 3746 vir
2379 3699 2675 3768 magnae

146 3775 200 3824 ln
240 3763 470 3837 Christi
519 3766 827 3837 Ecclesia
893 3767 1311 3838 reverentiae
1355 3767 1479 3854 qui
1528 3767 1894 3837 Basilicam
1945 3777 2343 3838 sanctorum
2392 3769 2676 3836 Cosmae

148 3856 198 3912 et
233 3852 530 3925 Damiani
577 3867 992 3944 martyrum,
1048 3855 1158 3926 via
1205 3857 1405 3925 sacra
1476 3855 1656 3925 ‘uxta
1732 3854 2071 3945 templum
2121 3852 2442 3936 Romuli,
2496 3853 2677 3923 sicut

150 3927 436 4013 hactenus
483 3943 816 4024 cernitur,
868 3943 1357 4016 venustissime
1402 3942 1473 4012 fa
1525 3943 1804 4026 ricavit,
1856 3944 2011 4034 ejus
2057 3945 2300 4013 atavus
2360 3940 2567 4011 suerit
2611 3953 2679 4011 et

276 4049 314 4097 a
341 4031 630 4103 'tarsilla
677 4031 873 4124 virgo
919 4053 1099 4119 quae
1135 4031 1501 4114 moritura,
1535 4031 2024 4123 promissionis
2056 4029 2372 4102 coelestis
2409 4030 2681 4100 audivit

157 4102 543 4212 harmoniam
579 4130 649 4190 et
693 4124 933 4191 Jesum
961 4118 1310 4190 Christum
1358 4119 1447 4190 ad
1499 4140 1573 4190 se
1618 4119 2090 4209 recipiendam
2130 4119 2363 4190 videre
2392 4119 2670 4199 meruit,

161 4192 320 4273 imita
360 4207 833 4281 nihilominus
879 4207 1034 4299 ejus
1097 4206 1392 4280 extiterit
1435 4207 1567 4277 Ψ.
1642 4211 1866 4291 Quam
1924 4207 2297 4299 Gregorius
2356 4207 2677 4299 geminae

165 4348 484 4449 &Aniciorum
543 4365 598 4393 ‘⁴'
625 4364 731 4406 Non
752 4363 831 4410 IV,
850 4365 933 4405 sed
945 4365 1041 4405 111:
1062 4365 1171 4405 vide
1188 4364 1435 4415 martyrol.
1457 4373 1560 4407 xxv
1579 4364 1732 4413 Febr..
1749 4364 1947 4415 proinde
1967 4374 2065 4408 non
2083 4367 2157 4408 est
2176 4365 2259 4417 qul
2287 4374 2391 4406 cm
2422 4364 2677 4405 naamam

275 4413 348 4455 vit.
553 4418 638 4446 ῃ·
666 4418 725 4458 In
739 4417 988 4468 martyrol.
1008 4426 1039 4459 v
1060 4418 1167 4460 lan.
1187 4420 1239 4460 et
1257 4427 1382 4461 xxiv
1398 4420 1511 4461 Deo.
