3327 4999
686 326 814 391 670
1333 342 1411 389 na
1459 343 1514 390 s.
1569 342 1861 391 Baunonia
1906 341 2127 391 conon.
2177 338 2375 390 zmsc.
2655 319 2759 387 EX
2805 319 2981 386 OCT.
3037 318 3120 383 Η

591 451 633 498 a
663 432 793 497 Deo
816 427 1142 507 venerari,
1176 431 1662 518 Imperatorem
1697 428 1887 498 omni
1912 426 2265 498 devotione
2294 425 2511 513 sequi,
2548 436 2837 496 tutorem
2867 444 3122 514 opum,

592 517 935 587 vindicem
972 516 1329 596 scelerum,
1364 516 1757 620 largitorem
1790 518 2162 588 honorum:
2216 516 2351 609 ipsi
2379 516 2608 596 etiam,
2643 514 2898 603 quibus
2925 512 3127 582 domi

597 629 723 678 sua
771 629 877 676 res
910 605 1291 686 familiaris,
1329 626 1660 763 conduges
1707 619 1772 675 et
1803 606 2001 676 liberi
2030 628 2236 677 curae
2282 616 2496 687 erant,
2526 616 2644 675 aut
2675 626 2804 706 pax
2831 615 2896 673 et
2925 600 3130 671 salus

598 719 726 768 sua
756 695 1397 785 quomodocumque
1494 696 1667 766 ulcis
1703 696 2030 776 extiterat,
2085 695 2284 788 longe
2329 694 2528 765 aliter
2573 694 2781 785 hujus
2808 691 2937 761 viri
2971 712 3126 760 me-

596 785 727 856 rita
773 783 1245 856 aestimabant.
1300 789 1430 854 Nos
1477 783 1750 854 interim
1813 785 1978 856 haec
2026 785 2140 854 Dei
2180 784 2446 874 judicio
2494 783 2994 871 relinquamuS,
3051 791 3127 850 et

599 898 641 945 a
685 873 1088 945 diverticulo
1135 872 1221 942 ad
1271 873 1696 964 propositum
1747 874 2129 950 redeamus.

687 965 724 1052 ξ
783 967 939 1036 ss).
992 967 1252 1033 Novum
1302 963 1529 1050 itaque
1585 962 1997 1054 Agrippinae
2042 963 2334 1034 civitatis
2389 962 2766 1043 custodem,
2823 972 2892 1030 et
2937 958 3126 1031 desi-

601 1063 884 1144 gnatum
921 1052 1297 1121 Antistitem
1340 1057 1715 1142 Imperator
1757 1052 1846 1122 ad
1895 1074 2148 1123 novum
2210 1052 2516 1123 invitavit
2561 1049 2957 1132 consilium,
3009 1071 3127 1119 ex-

600 1152 836 1233 pertus
880 1140 1046 1229 quid
1079 1153 1233 1210 ante
1281 1140 1457 1210 hanc
1491 1141 1869 1232 injunctam
1900 1143 1963 1212 ei
2001 1164 2242 1213 curam
2292 1153 2514 1220 mente
2563 1141 2938 1232 linguaque
2969 1159 3128 1229 pos-

603 1242 724 1300 set.
766 1229 869 1300 lbi
917 1230 1147 1303 varius
1195 1228 1598 1301 altrinsecus
1644 1232 2140 1302 assentantium
2193 1230 2401 1312 favor,
2453 1243 2518 1301 et
2565 1251 2775 1322 prope
2818 1228 2930 1298 cui
2984 1249 3126 1299 me·

601 1321 734 1391 rito
779 1319 1188 1399 crederetur,
1225 1319 1587 1390 incertum.
1632 1320 1880 1390 Audire
1943 1320 2070 1390 hoc
2117 1331 2261 1390 erat
2316 1318 2739 1408 frequentius
2782 1318 2986 1389 etiam
3032 1317 3127 1387 ab

601 1410 690 1480 iis
754 1409 875 1496 qui
936 1409 1005 1478 in
1054 1409 1296 1479 castris
1345 1408 1690 1499 regalibus
1739 1410 2147 1491 militabant,
2213 1409 2493 1488 laudare
2538 1409 2862 1479 adversae
2909 1407 3129 1498 partis

601 1497 1095 1580 fortitudinem,
1135 1497 1478 1600 praeferre
1523 1497 1592 1567 in
1625 1497 1882 1569 eisdem
1914 1499 2375 1569 innocentiam
2414 1520 2662 1570 causae
2691 1497 2875 1586 quod
2905 1495 3126 1566 coacti

605 1600 670 1658 et
716 1587 925 1657 nimis
957 1587 1176 1669 inviu,
1219 1587 1403 1658 hunc
1434 1587 1564 1657 sibi
1614 1587 1917 1658 laborem
1950 1600 2412 1659 assumerent:
2467 1599 2531 1658 et
2558 1584 3125 1677 quandoquidem
3174 1590 3191 1605 '

605 1698 732 1747 nec
782 1677 956 1748 inter
1002 1676 1229 1746 hostes
1274 1677 1639 1764 quisquam
1698 1689 1835 1747 tam
1886 1677 2168 1747 demens
2228 1677 2543 1747 inventus
2589 1688 2691 1749 est
2746 1677 2868 1764 qui
2913 1675 3128 1775 maje-

610 1778 848 1837 statem
900 1765 1157 1856 regiam
1204 1765 1734 1856 blasphemaret,
1774 1767 1842 1835 in
1893 1768 2264 1837 Henricum
2312 1766 2591 1836 fratrem
2628 1767 2779 1858 ejus
2810 1771 3127 1835 Bavar1o-

607 1877 765 1926 rum
816 1860 1065 1925 Ducem
1113 1866 1179 1923 et
1238 1855 1705 1924 marchionem
1763 1856 2100 1945 inclytum
2131 1911 2147 1938 ‚
2211 1856 2524 1926 barbaris
2570 1867 2636 1926 et
2681 1855 3006 1925 omnibus
3054 1852 3122 1921 id

609 1945 915 2015 locorum
947 1943 1287 2036 gentibu3,
1325 1943 1496 2033 ipsis
1541 1944 1744 2014 etiam
1796 1946 2069 2015 Graecis
2115 1944 2646 2026 formidabilem,
2691 1942 3122 2014 crudelitatis

610 2034 967 2104 inchoatae
1013 2031 1287 2124 culpam
1323 2055 1598 2103 omnem
1638 2046 1703 2103 et
1762 2033 2093 2106 malitiam
2144 2034 2648 2123 retorquebant.
2703 2039 2957 2105 Revera
3003 2054 3127 2101 au-

613 2136 746 2195 tem
841 2145 932 2193 uo
977 2121 1133 2210 quis
1189 2121 1451 2204 melior,
1512 2134 1576 2192 et
1639 2122 1727 2192 ad
1772 2123 2310 2195 conservandam
2361 2129 2460 2193 Im
2515 2123 2764 2193 eratori
2809 2135 2877 2193 et
2911 2144 2947 2191 r
3039 2141 3124 2188 uo

611 2214 760 2304 ejus
844 2211 996 2282 dem
1035 2212 1414 2303 promptior
1459 2224 1623 2294 erat,
1678 2212 1865 2283 hunc
1913 2212 2134 2304 magis
2162 2235 2442 2283 exosum
2521 2212 2836 2283 abebant.
2882 2216 2959 2281 In
3043 2230 3122 2278 oc

610 2301 823 2392 impie
862 2300 1331 2373 latrocinantis
1378 2311 1443 2370 et
1476 2301 1787 2392 perjurae
1836 2301 2049 2392 partis
2095 2300 2353 2384 odium,
2400 2307 2627 2372 Bruno
2674 2301 3018 2393 gloriosus
3063 2310 3126 2368 et

615 2390 871 2483 populo
911 2390 1024 2459 Dei
1070 2411 1109 2459 o
1161 2402 1342 2460 tatus
1382 2390 1680 2481 praesul,
1726 2390 2171 2483 semetipsum
2212 2403 2451 2483 sponte
2498 2391 2856 2478 libensque
2899 2387 3125 2479 conje-

616 2480 755 2567 cit,
806 2502 932 2551 nec
980 2478 1124 2572 dup
1155 2479 1247 2549 ici
1290 2479 1537 2564 corde,
1590 2503 1716 2551 nec
1763 2480 1965 2552 labiis
2009 2479 2267 2552 dolosis
2312 2480 2638 2570 cuiquam
2698 2478 3120 2551 occasionem

617 2570 978 2661 praebens,
1030 2581 1149 2639 aut
1175 2569 1615 2641 dissimulare
1659 2570 1845 2659 quod
1893 2569 2111 2651 vellet,
2150 2581 2269 2640 aut
2305 2570 2634 2640 simulare
2658 2570 2839 2658 quod
2890 2567 3119 2639 nollet.

620 2664 721 2729 Ita
768 2680 986 2747 neque
1015 2659 1237 2728 alium·
1280 2658 1511 2729 fallere
1549 2660 1860 2729 animum
1911 2659 2201 2741 induxit,
2255 2682 2473 2748 neque
2531 2659 2618 2729 ab
2674 2659 2809 2730 alio
2856 2680 2929 2729 se
2984 2655 3125 2726 falli

610 2749 761 2841 ipse
793 2749 1158 2819 consensit.
1214 2748 1410 2818 Prius
1441 2760 1666 2818 tamen
1707 2747 1884 2817 dura
1930 2749 2209 2817 tentavit
2253 2749 2461 2819 corda
2495 2747 2880 2829 rebellium,
2911 2747 3125 2833 siquo

615 2837 821 2908 modo
862 2836 1023 2908 ullis
1071 2836 1460 2907 salutiferae
1506 2837 1850 2908 suasionis
1886 2837 2035 2925 ejus
2080 2849 2145 2907 et
2191 2836 2542 2908 doctrinae
2590 2849 2869 2928 possent
2899 2833 3124 2906 curari

615 2926 958 3008 fomentis,
1012 2925 1658 2996 ultimamcauterii
1689 2924 2012 2995 differens
2060 2926 2497 3009 medicinam,
2535 2925 2753 2996 donec
2796 2926 2908 3017 pia
2967 2922 3130 2994 soli-

616 3015 922 3086 citudine
958 3012 1357 3104 diligentius
1403 3015 1844 3105 experiretur,
1902 3014 2069 3103 quid
2117 3015 2249 3087 sibi
2295 3016 2462 3086 haec
2509 3015 2798 3086 infrenis
2844 3011 3131 3085 audacia

619 3103 1075 3196 polliceretur.

705 3195 742 3350 ?
808 3197 942 3267 11.
995 3197 1150 3262 Erat
1181 3191 1252 3261 in
1300 3214 1379 3262 ea
1426 3191 1896 3283 conjuratione
1945 3193 2286 3285 princepS‚
2319 3192 2761 3286 Imperatoris
2795 3192 2983 3263 filius
3007 3196 3134 3261 Lu·

618 3281 705 3352 do
737 3282 935 3372 phus.
977 3280 1181 3352 unice
1212 3280 1442 3353 clarus
1479 3295 1545 3352 et
1583 3282 1977 3374 spectabilis
2014 3282 2411 3354 adolescens
2457 3283 2742 3371 quinon
2789 3282 3011 3355 solum
3046 3277 3130 3349 ad

620 3370 1108 3452 conservanda,
1147 3371 1588 3442 verumetiam
1638 3371 1721 3442 ad
1757 3371 2148 3443 exornanda
2178 3372 2435 3464 patriae
2462 3372 2885 3442 monimenta
2933 3370 3136 3441 victo-

619 3460 763 3530 riae
796 3460 1157 3544 sufficeret,
1195 3461 1252 3533 si
1300 3460 1779 3532 seductoribus
1827 3462 2113 3532 minime
2136 3461 2559 3544 credidisset,
2594 3472 2660 3532 et
2690 3462 2931 3533 haeres
2959 3480 3128 3540 esse,

624 3572 759 3621 non
818 3550 1143 3652 proditor,
1209 3549 1554 3621 voluisset.
1619 3550 1743 3621 Sed
1809 3551 1974 3638 quia
2020 3550 2350 3622 festinans
2397 3551 2624 3632 ditari,
2679 3564 2959 3641 paterno
2998 3570 3130 3618 non

622 3652 873 3711 meruit
930 3639 1205 3711 obedire
1258 3639 1570 3721 consilio,
1609 3639 1892 3729 contigit
1949 3640 2050 3710 illi
2097 3640 2479 3711 secundum
2531 3639 2900 3717 veridicam
2954 3637 3136 3708 Salo-

627 3727 855 3805 monis
888 3729 1315 3810 sententiam,
1347 3739 1426 3799 ut
1471 3728 1876 3811 haereditaS,
1911 3728 1992 3799 ad
2025 3751 2229 3817 quam
2259 3729 2602 3800 festinavit
2648 3729 2720 3797 in
2771 3727 3133 3820 principio,

631 3817 705 3887 in
754 3818 1123 3888 novissimo
1154 3818 1625 3889 benedictione
1656 3820 1934 3888 careret.
1989 3818 2316 3909 Egregius
2358 3840 2519 3909 ergo
2564 3828 2631 3888 et
2726 3817 2925 3888 lenus
2983 3836 3144 3886 con·

630 3906 794 3988 silii,
851 3906 1126 3978 futurus
1181 3920 1246 3977 et
1283 3907 1430 3998 jam
1478 3907 1902 4008 designatuS‚
1969 3920 2044 3977 ut
2089 3906 2415 3988 diximus,
2470 3929 2660 3979 sacer
2709 3929 2784 3977 os
2841 3903 3134 3984 Domini,

631 3994 871 4066 dolens
903 3995 987 4065 de
1024 4007 1287 4067 contem
1348 4008 1419 4066 tu
1463 3996 1716 4078 fratris,
1769 3996 1853 4066 de
1898 3996 2177 4066 interitu
2231 3995 2517 4086 nepotis,
2554 3996 2898 4077 eumdem,
2951 4014 3143 4064 acce·

633 4095 751 4175 pta
797 4084 932 4155 fide
965 4107 1086 4177 per
1130 4086 1278 4155 obsi
1330 4107 1426 4168 es,
1479 4085 1548 4153 in
1609 4096 1833 4156 castra
1885 4084 2191 4155 belluino
2242 4085 2473 4155 animo
2519 4083 2922 4165 venientem,
2974 4082 3145 4153 edu-

626 4186 841 4257 ctum,
893 4186 970 4245 ut
1015 4174 1249 4257 fertur,
1287 4174 1372 4244 de
1418 4175 1620 4245 turba
1667 4196 1998 4256 seorsum,
2030 4173 2124 4245 ita
2154 4173 2491 4244 allocutus
2536 4185 2670 4246 est:
2708 4172 2984 4245 «Nescis
3020 4172 3140 4262 ju-

628 4285 880 4335 venum
916 4263 1253 4347 omnium,
1290 4285 1461 4352 quos
1511 4275 1688 4334 terra
1735 4263 1911 4345 tulit,
1952 4262 2356 4345 clarissime,
2408 4273 2744 4351 quantum
2806 4262 2925 4333 tibi
2976 4260 3144 4332 tuis-

628 4373 764 4443 que
809 4352 1172 4444 prosueriS,
1207 4354 1267 4425 si
1311 4353 1801 4426 admonitionis
1847 4375 2036 4424 meae
2083 4352 2284 4425 verba
2323 4352 2391 4422 in
2419 4352 2710 4442 pectoris
2741 4351 2841 4422 tui
2889 4361 3144 4423 secreta

719 4544 743 4573 Ι
