3327 4999
203 333 447 398 MART.
506 333 587 396 ¹2
1089 352 1167 398 nn
1217 352 1273 399 s.
1327 351 1638 402 Gnsoomo
1688 347 1848 399 ΡΑΡΑ
2532 337 2645 402 441

194 435 264 504 in
328 456 408 504 eo
456 434 753 521 quisque
800 434 1181 525 profecerit,
1238 447 1550 519 tantum,
1601 450 1680 507 ut
1725 437 1945 518 vide0,
1999 438 2086 506 ab
2132 459 2371 508 amore
2424 438 2540 507 Dei
2596 460 2747 507 am-

203 523 385 615 plius
436 523 839 592 decrescit.»

287 614 321 698 ξ
370 616 523 683 728.
581 611 1015 703 «Gregorius
1074 613 1382 683 Leandro
1431 614 1551 684 His
1604 614 1823 685 aiensi
1880 615 2253 706 Episcopo:
2294 615 2751 704 ¹Respondere

204 701 506 791 epistolis
554 703 801 772 vestris
849 714 986 771 tota
1039 701 1419 772 intentione
1469 726 1545 771 vo
1579 704 1835 772 uissem
1868 759 1884 784 ‚
1949 705 2085 772 nisi
2136 704 2496 794 pastoralis
2542 725 2750 774 curae

206 789 293 858 ita
322 813 425 859 me
479 789 676 859 labor
721 803 1055 871 attereret,
1110 804 1186 861 ut
1236 792 1407 860 mihi
1465 792 1688 883 magis
1736 793 1898 862 flere
1949 792 2155 862 libeat
2222 815 2434 880 quam
2482 793 2747 880 aliquid

206 878 437 948 dicere.
496 879 689 961 Quod
746 893 968 949 vestra
1005 901 1280 967 quoque
1310 882 1687 950 reverentia
1726 882 1796 950 in
1839 882 1988 972 ipso
2039 881 2390 951 literarum
2436 904 2751 951 mearum

206 979 372 1036 textu
423 967 800 1058 vigilanter
866 968 1234 1060 intelligit,
1294 971 1573 1056 quando
1620 971 1684 1039 ei
1749 971 2176 1060 negligenter
2223 970 2487 1058 loquor,
2540 993 2748 1058 quem

197 1058 632 1126 vehementer
679 1056 920 1147 diligo,
966 1058 1197 1128 Tantis
1253 1059 1510 1149 quippe
1560 1058 1631 1127 in
1692 1060 1817 1128 hoc
1870 1061 2013 1129 loco
2060 1060 2274 1149 hujus
2324 1060 2568 1129 mundi
2615 1060 2749 1128 ssu-

198 1146 417 1214 ctibus
453 1144 749 1232 quatior,
791 1160 865 1215 ut
899 1159 1231 1216 vetustam
1268 1169 1347 1216 ac
1397 1160 1898 1238 putrescentem
1960 1150 2187 1216 navim
2237 1170 2445 1235 quam
2505 1171 2747 1239 regen-

200 1234 347 1302 dam
402 1234 674 1303 occulta
721 1235 835 1302 Dei
881 1235 1393 1326 dispensatione
1441 1237 1738 1328 suscepi,
1793 1238 1877 1306 ad
1932 1250 2203 1328 portum
2244 1238 2539 1327 dirigere
2588 1237 2748 1306 nul-

194 1322 461 1393 latenus
515 1323 797 1414 possim.
852 1329 1044 1393 Nunc
1093 1346 1172 1392 ex
1198 1324 1483 1395 adverso
1532 1326 1789 1396 fluctus
1835 1327 2134 1406 irruunt,
2176 1348 2362 1395 nunc
2409 1349 2488 1395 ex
2540 1327 2747 1397 latere

192 1412 462 1481 cumuli
512 1413 826 1502 spumosi
874 1413 1610 1484 marisintumescunt:
1665 1437 1852 1485 nunc
1901 1438 1941 1484 a
1989 1429 2088 1485 ter
2138 1437 2173 1481 o
2222 1427 2589 1505 tempestas
2636 1416 2746 1483 in-

192 1503 527 1588 sequitur.
585 1506 767 1570 Inter
796 1519 972 1588 quae
1021 1502 1254 1571 omnia
1314 1504 1648 1584 turbatus,
1703 1527 1911 1594 cogor
1956 1526 2069 1573 mo
2123 1526 2161 1572 o
2222 1504 2293 1572 in
2341 1504 2566 1594 ipsam
2600 1503 2745 1573 cla-

187 1612 347 1659 vum
397 1589 882 1658 adversitatem
914 1590 1232 1691 dirigere,
1290 1592 1493 1661 modo
1539 1607 1822 1662 curvato
1855 1592 2050 1662 navis
2096 1593 2302 1661 latere
2339 1593 2562 1664 minas
2610 1593 2745 1661 ssu-

189 1692 428 1749 ctuum
479 1700 562 1747 ex
602 1678 881 1766 obliquo
911 1679 1279 1749 declinare.
1335 1682 1722 1772 Ingemisco
1770 1683 1933 1769 quia
1982 1682 2198 1750 sentio
2243 1681 2452 1768 quod,
2522 1681 2745 1772 negli-

193 1781 386 1868 gente
441 1790 577 1849 me,
631 1769 874 1838 crescit
908 1769 1178 1837 sentina
1219 1770 1539 1839 vitiorum
1571 1785 1636 1840 et
1668 1784 2066 1862 tempestate
2100 1770 2359 1840 fortiter
2397 1771 2738 1851 obviante,

192 1878 320 1946 Jam
363 1859 663 1948 jamque
697 1857 1024 1946 ‘putridae
1078 1857 1518 1949 naufragium
1571 1860 1843 1930 tabulae
1883 1871 2152 1929 sonant.
2212 1860 2413 1928 Flens
2459 1860 2744 1929 remini-

201 1967 338 2015 scor
383 1946 574 2032 quod
634 1946 898 2035 perdidi
951 1968 1140 2015 meae
1193 1947 1539 2037 placidum
1574 1948 1740 2018 litus
1779 1949 2030 2037 quietis
2068 1962 2131 2018 et
2168 1948 2583 2037 suspirando
2613 1960 2745 2017 ter-

198 2055 332 2103 ram
381 2035 777 2125 conspicio:
830 2056 1041 2121 quam
1080 2050 1331 2114 tamen,
1381 2059 1608 2106 rerum
1646 2040 1864 2107 ventis
1913 2037 2461 2118 adversantibuS,
2516 2048 2744 2106 tenere

207 2144 335 2190 non
378 2146 688 2212 possum.
723 2125 785 2192 Si
828 2147 989 2217 ergo
1024 2147 1154 2205 me,
1197 2124 1406 2194 frater
1453 2127 2040 2207 reverendissime,
2079 2125 2337 2205 ditiois,
2376 2139 2531 2194 tuae
2573 2125 2745 2194 mihi

215 2213 518 2282 orationis
571 2214 638 2280 in
693 2213 801 2282 his
833 2215 1160 2284 fluctibus
1212 2235 1497 2282 manum
1556 2216 1796 2284 tende:
1850 2227 1928 2283 ut
1973 2237 2109 2302 quo
2160 2214 2224 2282 la
2275 2228 2582 2283 orantem
2636 2237 2746 2284 me

217 2300 507 2401 adjuva&
547 2324 629 2374 ex
687 2303 836 2394 ipsa
883 2305 1028 2372 vice
1078 2302 1414 2373 mercedis
1464 2303 1536 2371 in
1587 2304 1724 2373 tuis
1768 2326 2043 2391 quoque
2092 2302 2447 2392 laboribus
2511 2303 2743 2372 valen-

219 2402 334 2459 tior
376 2393 702 2461 existas.»

286 2482 320 2566 ξ
391 2486 556 2552 29.
614 2481 737 2552 Sed
790 2482 955 2569 quia
1011 2482 1414 2573 Gregorium
1491 2505 1624 2551 non
1707 2480 1931 2552 solum
1998 2480 2347 2550 declinare
2392 2480 2689 2552 voluisse
2723 2536 2739 2562 ,

208 2571 359 2655 quin
413 2571 620 2639 etiam
655 2594 815 2640 cum
870 2594 1118 2662 magno
1166 2593 1420 2662 angore
1467 2572 1684 2640 animi
1734 2593 2089 2640 summum
2133 2569 2592 2640 sacerdotium
2628 2592 2746 2638 su-

210 2659 516 2759 scepisse,
552 2661 720 2731 satis
765 2662 874 2749 (ut
919 2660 1216 2750 opinor).
1275 2661 1635 2752 probatum
1687 2675 1812 2730 est:
1872 2682 2011 2747 qua
2072 2659 2487 2729 discretione
2537 2658 2602 2726 id
2655 2657 2749 2727 fe-

202 2762 378 2827 cerit,
419 2749 688 2818 videtur
734 2750 1027 2818 breviter
1077 2749 1555 2825 indicandum.
1593 2771 1678 2817 ne
1715 2749 1979 2819 scilicet
2008 2760 2240 2819 tantus
2289 2748 2391 2816 vir
2439 2761 2559 2817 aut
2593 2770 2748 2838 per-

199 2836 503 2917 tinaciae,
542 2850 661 2907 aut
710 2838 1303 2929 pusillanimitatis
1356 2840 1516 2910 vitio
1566 2838 1808 2908 saltem
1858 2838 2095 2908 leviter
2126 2838 2581 2908 succubuisse
2613 2859 2746 2927 pu-

199 2936 389 2994 tetur.
443 2928 547 2996 Ait
588 2928 776 2996 enim
824 2928 893 2995 in
944 2927 1230 3018 epistola
1279 2929 1363 2997 ad
1413 2929 1851 2998 Anastasium
1909 2928 2418 2996 Corinthiorum
2467 2925 2747 2995 Archie-

194 3014 595 3169 piscopum:
641 3016 984 3085 «Judicia
1047 3017 1314 3085 Domini
1371 3029 1630 3104 quanto
1700 3029 1864 3086 sunt
1939 3016 2484 3106 investigabilia,
2559 3027 2746 3083 tanto

240 3103 439 3171 ebent
483 3104 810 3173 humanis
849 3107 1195 3175 mentibus
1227 3127 1374 3175 esse
1427 3105 1814 3175 metuenda.
1870 3109 1948 3172 Et
1993 3106 2158 3191 quia
2203 3127 2284 3173 ea
2333 3106 2505 3173 ratio
2555 3126 2745 3173 mor-

193 3190 353 3259 talis
394 3193 975 3283 comprehendere
1037 3213 1172 3262 non
1215 3195 1430 3275 valet,
1488 3195 1596 3265 his
1629 3216 1702 3263 se
1739 3215 2015 3263 necesse
2043 3206 2165 3263 -est
2216 3192 2467 3262 humili
2516 3192 2749 3262 cordis

192 3281 448 3349 cervice
486 3285 915 3352 substernat:
968 3296 1312 3370 quatenus
1358 3305 1495 3370 quo
1544 3305 1696 3352 eam
1735 3283 2031 3373 regentis
2081 3282 2396 3369 voluntas
2443 3281 2739 3361 duxerit,

196 3367 361 3439 illuc
406 3372 885 3443 obedientibus
938 3372 1184 3443 mentis
1218 3374 1570 3463 gressibus
1609 3386 2090 3461 prosequatur.
2131 3377 2268 3463 Ego
2316 3382 2545 3440 autem
2586 3393 2746 3440 con-

199 3456 501 3529 siderans
551 3460 1021 3531 infirmitatem
1101 3482 1323 3530 meam
1373 3461 1460 3530 ad
1513 3461 1934 3551 Apostolicae
2001 3460 2184 3531 sedis
2242 3459 2545 3530 culmem
2605 3479 2745 3528 non

201 3566 393 3635 posse
441 3552 847 3640 pertingere,
903 3572 1081 3620 onus
1129 3551 1257 3619 hoc
1319 3551 1533 3619 malui
1582 3550 1953 3630 declinare,
2008 3571 2092 3619 ne
2140 3549 2209 3617 in
2268 3547 2596 3639 pastorali
2644 3569 2749 3616 re-

201 3635 450 3724 gimine
481 3639 771 3730 imparis
800 3638 1419 3709 administrationis
1468 3640 1734 3708 actione
1800 3639 2352 3708 succumberem.
2412 3636 2540 3706 Sed
2580 3636 2749 3724 quia

201 3726 525 3797 contraire
576 3751 710 3797 non
740 3741 841 3799 est
883 3728 1151 3797 Domini
1194 3728 1627 3818 disponentis
1666 3728 1974 3807 arbitriO,
2020 3727 2420 3797 obedienter
2469 3740 2750 3796 secutus

202 3832 348 3881 sum
392 3816 570 3903 quod
628 3818 1019 3887 misericors
1051 3815 1136 3886 de
1189 3838 1295 3885 me
1345 3818 1640 3908 regentis
1695 3840 1943 3887 manus
1981 3816 2194 3886 voluit
2225 3815 2522 3905 operari.
2578 3820 2749 3885 Nam

179 3898 591 3979 ,fraternitati
641 3919 921 3988 vestrae,
975 3906 1101 3974 etsi
1151 3927 1475 3995 praesens
1519 3928 1653 3975 non
1696 3906 1995 3975 eveniret
2026 3904 2320 3985 occasi0,
2360 3904 2750 3974 necessario

209 3985 406 4062 suerat
451 3995 909 4063 indicandum
957 3995 1142 4083 quod
1176 3995 1332 4064 licet
1377 3994 1774 4086 indignum,
1810 4016 1918 4064 me
1965 3993 2390 4086 Apostolicae
2439 3992 2586 4062 sedi
2623 3999 2750 4062 Do-

89 4138 110 4163 ,
216 4078 423 4151 minus
457 4105 774 4173 praeesse
808 4083 1131 4176 dignatus
1181 4097 1355 4153 est.»

288 4171 319 4256 ξ
375 4178 544 4244 80.
583 4179 754 4242 Item
797 4173 975 4242 idem
1016 4173 1100 4242 de
1129 4172 1367 4243 eadem
1403 4194 1495 4253 re,
1541 4171 1928 4262 Philippico
1960 4173 2194 4242 comiti
2226 4172 2743 4242 excubitorum:

227 4261 681 4347 ‹lnquantum
741 4263 945 4332 homo
1011 4263 1354 4332 discutere
1400 4274 1467 4331 et
1514 4262 1922 4353 investigare
1953 4261 2223 4350 judicia
2255 4282 2558 4350 superna
2607 4281 2749 4328 non

231 4345 473 4430 suflicit,
544 4353 906 4420 intantum*
960 4352 1091 4419 sub
1138 4352 1237 4420 eis
1284 4350 1484 4421 debet
1550 4350 1882 4420 cervicem
1953 4351 2181 4421 cordis
2229 4350 2602 4419 inflectere.
2674 4353 2752 4417 Et

229 4434 358 4514 quia
382 4439 447 4506 id
502 4439 689 4528 quod
740 4439 875 4509 sibi
923 4439 1252 4510 tribuitur
1295 4463 1433 4528 quo
1472 4439 1742 4531 judicio
1789 4440 2200 4532 disponatur
2258 4441 2551 4530 ignorat,
2614 4458 2743 4506 nec
