3327 4999
671 324 798 388 654
1377 339 1455 386 ne
1503 339 1557 385 s.
1609 337 1854 387 ,ιοΑΝΝΕ
1901 336 2128 385 CAnoN.
2185 333 2327 384 mie.
2667 317 2769 383 EX
2818 316 2995 382 OCT.
3057 316 3144 379 10

584 424 1153 514 contemplativae
1198 423 1497 510 quietem
1531 445 1668 491 non
1710 422 2089 493 amitteret:
2146 421 2240 490 ita
2293 419 2857 510 contemplationi
2917 418 3148 487 coele-

584 513 792 583 stium
846 534 916 583 se
963 512 1172 591 dedit,
1211 523 1289 581 ut
1335 534 1572 581 curam
1612 512 2081 602 proximorum
2131 510 2262 580 sibi
2315 508 2602 578 minime
2632 518 2899 599 putaret
2926 506 3144 576 omit-

584 601 1099 672 tendam.Recte
1139 602 1366 687 itaque
1416 601 1484 670 in
1535 601 1737 669 illum
1778 612 2165 690 competere
2192 611 2408 689 potest
2432 598 2614 684 quod
2652 596 2932 687 Eliphaz
2967 595 3149 664 The-

584 691 878 760 manites
923 690 1094 758 dixit
1157 689 1245 758 ad
1295 690 1563 759 beatam
1612 688 1780 758 Job:
1854 689 2265 790 1n9redieris
2317 690 2388 756 in
2435 687 2855 756 abundantia
2899 688 3145 775 sepul-

585 802 796 859 crum,
830 782 1003 849 sicut
1050 780 1342 867 infertur
1373 801 1653 848 acervus
1685 779 1900 847 tritici
1922 801 1996 846 m
2025 788 2315 866 tempore
2359 799 2480 844 suo
2526 775 2675 864 (Job
2706 774 2798 863 v).

683 1042 923 1177 VITA
990 1041 1072 1145 S.
1139 1041 1575 1142 JOANNlS
1654 1040 2380 1141 BRlDLlNG'lON.
2455 1040 2559 1140 ΙΝ
2631 1038 3021 1140 ANGLIA

1386 1223 1833 1290 CANONICUS
1883 1222 2347 1288 REGULARIS

587 1388 665 1435 Ex
703 1386 960 1443 QUODAM
1007 1386 1112 1433 HS.
1151 1384 1371 1432 CODICE
1412 1385 1526 1430 PER
1575 1384 1764 1431 LAUR.
1833 1384 2071 1431 SURIUM
2141 1383 2392 1431 MUTATO
2464 1384 2653 1431 STYLO
2713 1384 3014 1431 PRESSmS
3071 1383 3149 1430 ET

676 1491 1104 1542 CONTRACTIUS
1165 1489 1524 1539 DESCRIPTA.
1589 1490 1897 1538 AUCTORIS
1953 1490 2167 1537 NOMEN
2238 1490 2435 1538 conEx
2492 1491 2620 1539 NON
2681 1491 2918 1538 HABurr
2939 1524 2959 1550 ,
3031 1492 3149 1538 sm)

674 1598 785 1645 EST
833 1596 1127 1645 HISTORIA
1176 1593 1434 1651 GRAVIS,
1491 1592 1750 1641 SCRIPTA
1797 1595 1877 1640 AB
1926 1593 2076 1641 RJUS
2123 1593 2421 1650 AEQUALI.

1157 1755 1357 1809 Anno
1401 1750 1699 1808 decessit
1747 1753 1925 1810 1379.
1971 1781 2049 1792 --
2089 1753 2246 1809 Nat.
2294 1753 2584 1819 Anglus.

679 1938 715 2023 ἓ
773 1941 853 2009 1.
909 1936 1137 2005 Prima
1181 1940 1482 2004 Joannes
1528 1934 1836 2005 florentis
1884 1934 2123 2003 aetatis
2169 1933 2450 2003 exordia
2484 1932 2858 2002 virtutibus
2907 1955 3155 2004 conse-

592 2047 820 2106 crans,
877 2023 1259 2115 profligatis
1290 2023 1612 2093 vitiorum
1665 2022 1987 2104 tenebris,
2042 2022 2259 2090 divini
2310 2021 2578 2091 timoris
2630 2021 2998 2112 amplexus
3048 2036 3155 2091 est

594 2113 862 2194 itinera,
921 2123 986 2182 et
1035 2113 1105 2181 in
1146 2112 1392 2181 Tobiae
1443 2111 1748 2201 vestigiis
1813 2110 2162 2193 insistenS‚
2222 2120 2429 2197 atque
2476 2111 2623 2201 spei
2677 2122 2741 2179 et
2786 2110 3154 2182 charitatis

594 2200 850 2272 multos
902 2200 1255 2292 proferens
1289 2201 1577 2280 fructus,
1637 2200 1863 2269 Sancti
1898 2200 2192 2290 Spiritus
2242 2198 2597 2290 singulare
2645 2199 2997 2285 quoddam
3042 2222 3157 2269 sa-

593 2290 897 2359 crarium
949 2291 1232 2360 effectus
1269 2302 1392 2359 est.
1447 2294 1495 2358 A
1545 2289 1678 2379 piis
1729 2311 1884 2358 vero
1935 2288 2336 2379 parentibus
2384 2288 2751 2370 enutritus,
2787 2300 2853 2357 et
2892 2287 3153 2358 studiis

598 2377 987 2448 liberalium
1040 2378 1572 2469 disciplinarum
1622 2378 1968 2458 admotus,
1999 2367 2189 2447 brevi
2238 2376 2441 2467 longo
2489 2376 2850 2446 intervallo
2905 2398 3154 2446 omnes

498 2551 505 2556 .
594 2479 750 2558 post
804 2490 875 2540 se
914 2467 1191 2556 reliquit
1239 2490 1401 2539 suos
1448 2466 1990 2557 condiscipulos.
2043 2470 2271 2554 Neque
2319 2476 2545 2536 tamen
2598 2464 2724 2535 soli
2775 2465 3150 2553 acquiren-

595 2556 726 2627 dae
776 2558 1102 2630 scientiae
1140 2556 1416 2626 deditus
1479 2570 1647 2636 erat,
1708 2556 1826 2625 sed
1877 2554 2288 2625 coelestibus
2336 2555 2571 2625 animo
2621 2555 2924 2636 inhians,
2982 2577 3150 2625 cum

593 2656 772 2717 esset
820 2647 889 2715 in
943 2646 1179 2717 schola
1226 2645 1616 2724 Oxoniensi‚
1680 2644 1918 2714 crebro
1969 2643 2370 2733 interruptis
2421 2643 2853 2715 scholasticis
2907 2642 3156 2744 dispu-

597 2735 1016 2814 tationibus,
1080 2734 1388 2803 interiori
1436 2732 1703 2802 homini
1751 2732 2122 2802 excolendo
2174 2732 2483 2812 vacabat,
2542 2733 2876 2832 ternplum
2925 2733 3154 2801 ammi

597 2824 702 2894 sui
755 2845 1081 2914 supremo
1128 2821 1429 2913 principi
1480 2820 1838 2902 dedicans,
1876 2831 1942 2890 et
1993 2821 2061 2888 in
2114 2821 2230 2889 Dei
2279 2842 2358 2890 ac
2407 2820 2703 2911 proximi
2744 2842 2980 2891 amore
3019 2821 3154 2890 ser-

597 2912 778 2981 venti
839 2911 1087 3002 spiritu
1146 2933 1294 2981 sese
1351 2931 1698 2991 exercenS‚
1754 2922 1830 2979 ut
1885 2908 2166 2996 quidem
2216 2909 2302 2978 ad
2354 2931 2479 2978 nos
2514 2908 2854 2999 perlatum
2904 2921 3007 2978 est
3054 2911 3146 2980 ab

596 3000 747 3090 ejus
794 2999 1291 3089 condiscipulis
1337 2997 1477 3070 fide
1522 2997 1797 3089 dignis:
1844 3010 2051 3085 atque
2098 2998 2167 3066 in
2226 2998 2377 3088 ipsa
2416 2997 2714 3088 juvenili
2760 3009 2978 3068 aetate
3014 3002 3149 3068 Deo

598 3100 734 3158 toto
782 3088 1015 3156 animo
1064 3087 1406 3170 addictuS‚
1459 3087 1792 3159 adversus
1832 3086 2058 3156 illatas
2083 3085 2378 3178 injurias
2405 3098 2469 3156 et
2506 3086 2967 3156 contumelias
2998 3085 3148 3187 pla-

597 3175 830 3245 cidum
881 3188 946 3246 et
996 3177 1448 3264 tranquillum
1507 3199 1654 3248 sese
1714 3175 2100 3247 exhibebat.
2161 3175 2522 3245 Levitatem
2573 3186 2638 3246 et
2696 3175 3148 3266 petulantiam

600 3285 876 3335 omnem
919 3277 1249 3356 perpetuo
1280 3266 1557 3348 vitabat,
1596 3289 1722 3336 suo
1818 3265 1999 3335 otius
2045 3275 2110 3335 et
2159 3264 2474 3334 omnium
2508 3264 2799 3355 cupiens
2849 3264 3151 3335 militare

600 3354 913 3435 creatori,
966 3376 1175 3442 quam
1227 3355 1422 3425 vanis
1468 3368 1534 3425 et
1579 3354 1753 3424 srivo
1783 3354 1844 3427 is
1890 3354 2465 3445 occupationibus
2503 3366 2775 3444 ternpus
2806 3364 3044 3435 terere,
3086 3365 3150 3424 et

598 3442 819 3513 bonas
867 3442 1071 3513 horas
1119 3443 1298 3513 male
1329 3443 1688 3514 collocare.

689 3534 727 3618 ξ
786 3537 873 3604 2.
928 3538 1127 3602 Hunc
1175 3554 1331 3602 vero
1365 3532 1435 3601 in
1475 3531 1760 3603 modum
1812 3532 1882 3601 in
1934 3531 2301 3602 virtutibus
2347 3531 2692 3601 enutritus
2716 3543 2782 3600 et
2813 3530 3150 3601 educatus

599 3619 890 3690 feliciter
935 3621 1007 3690 in
1044 3622 1379 3691 Comitatu
1429 3621 1842 3691 Eboracensi
1869 3621 1903 3655 ³*
1932 3623 2002 3690 in
2047 3620 2217 3690 locis
2252 3619 2645 3701 maritimiS‚
2682 3641 2804 3689 nec
2845 3619 3148 3689 multum

602 3731 641 3779 a
692 3710 1106 3780 monasterio
1154 3710 1764 3800 Bridlingtoniensi
1819 3709 2120 3790 remotis,
2179 3729 2340 3777 cum
2399 3708 2759 3778 biennium
2810 3709 3145 3799 exegisset

602 3797 900 3868 Oxoniae
945 3798 1036 3878 *ξ
1095 3799 1287 3868 ocius
1334 3798 1619 3867 domum
1682 3820 1994 3868 reversus
2039 3808 2163 3878 est,
2206 3806 2410 3883 atque
2459 3797 2600 3867 illic
2642 3818 2778 3866 non
2826 3808 2966 3867 tam
3015 3796 3149 3866 hu-

602 3907 810 3955 mana
856 3887 1285 3957 institutione
1333 3898 1627 3977 partam,
1681 3909 1889 3973 quam
1940 3886 2212 3956 coelesti
2262 3886 2592 3955 unctione
2645 3884 2946 3955 infusam
3000 3906 3153 3975 per-

601 3974 886 4061 quisivit
933 3975 1316 4046 scientiam.
1371 3980 1583 4063 Atque
1647 3976 1718 4044 in
1791 3975 1940 4065 ipsa
1992 3976 2351 4065 juventute
2415 3988 2722 4045 maturos
2769 3995 2992 4045 annos
3039 3973 3149 4042 in·-

552 4089 567 4104 ·
602 4062 849 4144 duenS,
892 4063 1077 4150 quod
1127 4064 1330 4135 aetati
1377 4063 1631 4146 deerat,
1688 4064 2018 4133 virtutum
2061 4062 2370 4133 studiosa
2418 4064 2935 4134 conversatione
2984 4084 3146 4152 sup·

603 4151 837 4242 plevit.
913 4158 1077 4222 Cum
1148 4153 1245 4223 sic
1312 4163 1655 4222 autem‘et
1705 4152 1992 4222 scientia
2038 4164 2102 4221 et
2149 4151 2456 4221 honestis
2505 4151 2815 4222 moribus
2863 4163 3151 4222 ornatus

602 4252 801 4322 esset,
858 4240 958 4309 vir
1004 4241 1286 4328 quidam
1338 4241 1628 4312 celebris
1676 4263 1755 4311 ac
1803 4240 2174 4332 opulentus
2235 4239 2432 4309 illum
2504 4263 2793 4311 suorum
2840 4239 3148 4310 filiorum

603 4329 818 4400 voluit
850 4329 1101 4400 habere
1142 4330 1621 4422 paedagogum
1654 4330 1779 4418 qui
1811 4351 1927 4401 eos
1978 4351 2115 4398 non
2148 4328 2374 4399 solum
2412 4328 2643 4400 literas
2677 4329 2973 4412 doceret,
3029 4326 3146 4399 sed

655 4456 683 4483 ⁸¹
712 4456 864 4507 Vulgo
898 4458 1053 4498 Yorck.
1942 4455 1996 4484 *¹⁹¹
2031 4457 2218 4505 otford.
