3327 4999
196 400 412 466 MART,
465 402 509 466 6
1081 423 1161 467 nn
1210 423 1265 468 s.
1320 420 1558 469 cotan
1609 423 1780 470 vnto.
2558 410 2636 473 41

189 501 440 585 debetis,
494 507 841 591 quatenus
889 506 1474 592 quandocumque
1524 529 1644 597 per
1692 507 2086 597 superiores
2121 506 2385 595 aliquid
2444 511 2736 580 manda-

185 602 310 661 tum
364 592 505 663 sive
573 593 1002 683 prohibitum
1060 594 1289 675 fuerit,
1347 595 1747 666 nullatenus
1808 595 2108 665 utamini
2178 611 2397 668 vestro
2449 600 2735 691 proprio

183 700 387 760 sensu,
450 704 575 750 seu
628 683 909 772 propria
956 681 1327 764 voluntate,
1389 706 1514 753 nec
1568 684 1870 785 propriis
1918 685 2267 754 consiliis:
2324 687 2443 757 sed
2497 688 2733 779 magis

180 780 469 858 prompte
517 781 584 838 et
632 769 1016 839 voluntarie
1066 794 1189 861 pro
1238 793 1470 841 amore
1525 773 1791 844 Domini
1824 773 2042 841 nostri
2089 780 2257 843 Jesu
2298 775 2545 845 Christi
2577 778 2734 867 (qui

178 878 573 944 permanens
625 859 804 926 inter
858 880 983 929 nos
1031 858 1323 930 inferius
1372 861 1443 929 in
1493 872 1696 941 terra,
1753 874 2006 930 cuncta
2077 861 2237 931 fecit
2283 864 2732 934 conformiter

174 944 247 1012 ad
280 945 698 1015 voluntatem
751 948 966 1016 Patris
998 948 1364 1037 coelestis),
1397 949 1659 1019 debetis
1692 950 1994 1029 obedire,
2025 972 2281 1037 vosque
2324 954 2733 1024 submittere

172 1033 485 1104 voluntati
534 1047 603 1104 et
648 1034 1208 1106 determinationi
1256 1049 1517 1106 vestrae
1567 1038 2048 1129 praesidentis
2105 1045 2273 1108 Nam
2306 1041 2556 1111 melius
2591 1055 2714 1124 est,

172 1122 467 1212 proprios
516 1146 791 1204 sensus,
825 1137 891 1193 et
940 1126 1290 1216 propriam
1342 1126 1788 1208 voluntatem,
1828 1150 1906 1195 ac
1958 1128 2238 1217 propria
2266 1130 2560 1199 consilia
2602 1153 2724 1220 pro

174 1210 273 1278 Dei
317 1233 555 1281 amore
607 1212 1027 1298 relinquere,
1098 1236 1308 1301 quam
1370 1236 1613 1284 omnes
1683 1215 1928 1284 mundi
1998 1215 2274 1284 divitias
2335 1219 2722 1304 acquirere,

167 1318 359 1368 sensu
409 1301 694 1390 proprio
725 1322 1042 1373 cumesua
1074 1303 1422 1371 voluntate
1456 1304 1760 1372 retentis
1801 1310 1932 1373 Nec
1961 1304 2167 1372 credo
2194 1303 2502 1391 aliquam
2539 1309 2726 1378 viam

168 1384 292 1455 fore
339 1389 680 1468 latiorem,
719 1411 845 1457 nec
869 1412 1047 1476 quae
1081 1391 1354 1461 facilius
1403 1392 1612 1460 ducat
1666 1392 1730 1459 in
1784 1406 2130 1461 aeternam
2164 1393 2716 1478 damnationem,

162 1496 354 1560 quam
407 1478 497 1547 sit
545 1478 831 1568 propria
894 1479 1242 1549 voluntas:
1298 1501 1422 1548 nec
1471 1480 1779 1567 aliquam
1828 1502 1909 1550 ex
1957 1482 2272 1571 opposito
2335 1483 2724 1554 breviorem

163 1563 236 1630 ad
287 1565 492 1634 vitam
546 1567 1065 1656 sempiternam,
1102 1590 1314 1653 quam
1352 1582 1592 1657 sponte
1644 1569 2054 1638 renunciare
2105 1558 2229 1638 illi.
2285 1574 2725 1662 Quapropter

160 1652 463 1724 exhortor
506 1667 575 1723 et
624 1677 872 1724 moneo
921 1677 1037 1723 vos
1084 1657 1171 1724 ob
1212 1658 1660 1726 reverentiam
1716 1658 1988 1725 Domini
2021 1660 2235 1727 nostri
2266 1665 2434 1728 Jesu
2468 1661 2723 1731 Christi

160 1741 269 1825 qui
317 1743 384 1810 in
429 1743 562 1812 hac
610 1743 789 1811 valle
837 1744 1156 1813 miseriae
1202 1766 1242 1813 a
1296 1745 1636 1835 principio
1686 1747 1862 1814 vitae
1904 1769 2091 1827 suae,
2129 1769 2349 1833 usque
2381 1748 2463 1816 ad
2504 1750 2718 1818 finem

162 1849 313 1898 suae
357 1832 865 1911 amarissimae,
920 1832 1276 1902 dolorosae
1325 1855 1446 1903 seu
1494 1834 1986 1903 acerbissimae
2036 1836 2383 1925 passionis
2433 1837 2719 1907 obedire

160 1917 360 1987 voluit
407 1919 885 1989 indesinenter
934 1922 1111 1989 Patri
1146 1944 1295 2001 suo,
1332 1935 1676 2008 quatenus
1706 1924 1947 1992 vestris
1977 1925 2456 2013 superioribus
2489 1947 2722 2015 prom·

161 2016 261 2161 Εὲθ
290 2020 352 2076 et
393 2008 610 2078 libere
649 2007 871 2077 velitis
913 2009 1192 2079 obedire
1218 2064 1232 2090 ‚
1299 2011 1782 2099 praetermissa
1821 2012 2128 2097 qualibet
2164 2012 2557 2083 ostensione
2615 2036 2721 2083 rc·-

228 2093 487 2177 .llioniS‚
514 2096 1084 2168 contradictionis
1115 2120 1239 2169 seu
1267 2099 1730 2167 excusationis
1751 2100 2331 2187 cujuscumque.»
2361 2107 2541 2171 Haec
2573 2101 2713 2172 illa.

238 2183 274 2268 ξ
332 2190 466 2257 u.
521 2185 765 2255 Oblata
790 2186 853 2253 ei
885 2187 1301 2273 quandoque
1351 2186 1481 2255 fuit
1528 2187 1700 2255 visio
1736 2187 2084 2265 terribilis,
2129 2190 2198 2257 in
2230 2211 2369 2275 qua
2395 2190 2713 2259 omnium

167 2272 659 2360 cujuscumque
721 2275 993 2364 generis
1059 2276 1425 2344 hominum
1492 2286 1803 2365 peccata,
1858 2289 1922 2343 et
1970 2297 2144 2361 quas
2195 2289 2473 2367 propter
2520 2300 2600 2347 ea
2648 2292 2713 2349 et

168 2355 440 2440 luerent,
492 2375 560 2430 et
620 2362 865 2432 luituri
913 2374 1162 2442 essent,
1202 2385 1485 2453 poenae,
1523 2364 1824 2450 itemque
1873 2364 2091 2433 multa
2139 2364 2270 2433 alia
2323 2366 2385 2433 ei
2440 2369 2711 2456 perspi-

165 2468 277 2515 cue
314 2451 609 2521 revelata
642 2450 856 2521 fuere.
901 2456 992 2521 Ex
1039 2472 1280 2522 earum
1329 2467 1556 2522 autem
1610 2474 1777 2523 sane
1826 2451 2266 2522 horribilium
2324 2476 2705 2545 poenarum

165 2540 730 2630 contemplatione
780 2553 1012 2611 tantus
1044 2562 1195 2609 eam
1248 2542 1498 2610 invasit
1544 2554 1799 2610 tremor
1837 2555 1902 2610 et
1941 2541 2204 2622 horror,
2239 2555 2315 2611 ut
2360 2544 2713 2614 continuis

163 2638 297 2695 octo
343 2627 595 2699 diebus
643 2651 918 2719 semper
965 2629 1100 2698 sibi
1160 2629 1504 2699 videretur
1552 2652 1882 2722 praeceps
1933 2631 2200 2699 ruitura
2250 2631 2315 2699 in
2372 2632 2527 2700 illas
2577 2633 2708 2700 im-

165 2715 595 2786 manissimas
646 2738 903 2807 poenas
949 2729 1014 2786 et
1063 2718 1556 2786 cruciamenta.
1612 2718 1913 2787 Tandem
1951 2732 2100 2808 post
2125 2719 2458 2787 visionem
2510 2719 2702 2787 illam

162 2800 277 2869 sibi
352 2806 692 2885 restituta,
767 2806 838 2873 in
909 2805 1135 2875 media
1196 2806 1548 2876 fenestella
1618 2807 2062 2876 habitationis
2128 2830 2292 2878 suae
2352 2809 2709 2897 conspexit

162 2886 401 2962 ferrum
453 2906 951 2972 transversum,
992 2894 1200 2981 idque
1249 2898 1436 2964 tanta
1473 2896 1539 2963 vi
1589 2918 1806 2964 manu
1838 2896 2362 2996 comprehendit
2393 2907 2467 2965 ut
2498 2918 2703 2986 aegre

162 2992 296 3064 post
341 2980 630 3071 longum
681 2984 984 3074 spatium
1035 2983 1197 3052 inde
1225 3005 1376 3052 eam
1410 3006 1725 3052 amovere
1760 2996 2078 3074 potuerit,
2121 2985 2517 3071 usqueadeo
2552 3007 2707 3054 eam

160 3083 531 3152 pervaserat
579 3070 696 3139 ille
734 3070 1025 3139 cadendi
1077 3073 1302 3141 timor.
1340 3072 1843 3141 Mansitautem
1888 3073 2055 3141 haec
2083 3073 2252 3143 visio
2293 3074 2708 3164 animo-ejus

159 3155 414 3241 penitus
472 3158 816 3249 impressa
860 3181 1082 3247 usque
1130 3161 1217 3228 ad
1266 3182 1673 3251 supremum
1736 3160 1910 3229 vitae
1958 3161 2168 3229 diem.
2223 3163 2417 3244 Quod
2468 3177 2702 3231 autem

159 3241 400 3339 yiderat
436 3259 574 3318 tam
627 3247 845 3316 multa
892 3248 962 3316 in
1000 3248 1272 3318 divinae
1307 3250 1682 3339 majestatis
1717 3248 2041 3338 injuriam
2075 3250 2348 3319 admitti
2401 3265 2701 3340 peccata,

159 3332 303 3401 inde
349 3334 558 3434 longo
609 3347 739 3406 tem
798 3358 914 3404 ore
961 3336 1266 3405 dolorem
1308 3338 1623 3426 concepit
1665 3336 2351 3407 vehementissimum
2406 3352 2470 3418 et
2530 3361 2704 3429 pene

158 3416 671 3504 intolerabilem,
759 3425 1196 3511 undebatque
1246 3436 1442 3494 nocte
1501 3448 1580 3494 ac
1633 3425 1744 3494 die
1811 3448 2049 3515 preces
2109 3426 2444 3496 ferventes
2500 3441 2706 3514 atque

161 3512 475 3595 speciales
523 3514 980 3600 omnipotenti
1031 3519 1184 3593 De0,
1248 3526 1324 3582 ut
1394 3515 1682 3584 miseros
1734 3527 2123 3604 peccatores
2163 3514 2248 3582 ad
2300 3538 2370 3586 se
2419 3537 2706 3584 conver-

161 3607 341 3667 teret:
395 3623 523 3670 nec
570 3612 675 3670 est
720 3600 1036 3671 fraudata
1084 3602 1427 3672 desiderio
1467 3626 1616 3683 suc,
1666 3603 1955 3671 Domino
2003 3603 2067 3672 ei
2117 3602 2480 3684 revelante,
2516 3604 2707 3690 quod

162 3687 414 3757 tandem
467 3689 661 3758 fieret
707 3690 778 3758 id
826 3690 1013 3777 quod
1119 3692 1363 3760 etebat.
1399 3692 1581 3760 Vidit
1637 3691 1826 3760 enim
1887 3692 1957 3760 in
2011 3691 2166 3759 visu
2215 3692 2705 3762 beatissimum

158 3775 583 3847 Franciscum
638 3778 862 3878 ipsam
910 3777 1064 3848 exhi
1120 3801 1232 3848 ere
1281 3778 1548 3849 Christo
1586 3801 1820 3848 coram
1871 3779 2024 3868 ejus
2075 3779 2514 3850 sanctissima
2565 3803 2710 3849 ma-

159 3871 243 3929 tre
285 3878 347 3933 et
398 3867 818 3935 beatissimis
865 3866 1209 3959 Angelicis
1259 3867 1644 3957 spiritibuS‚
1693 3889 2071 3957 rogareque
2120 3879 2196 3936 ut
2233 3867 2452 3957 ipsam
2496 3868 2712 3937 dona-

143 3961 245 4018 ret
289 3954 420 4023 sibi
485 3954 1030 4025 reformatricem
1094 3955 1373 4025 Ordinis
1421 3957 1556 4038 sui,
1609 3971 1676 4025 et
1723 3957 1926 4046 cujus
1991 3960 2200 4046 opera
2263 3956 2707 4046 potissimum

157 4054 701 4113 converterentur
730 4044 964 4113 miseri
1014 4058 1431 4135 peccatoreS,
1476 4066 1653 4131 quos
1695 4044 1842 4131 jam
1893 4058 2053 4114 ante
2112 4043 2183 4112 in
2234 4044 2496 4113 visione
2543 4067 2710 4114 con-

160 4145 470 4214 spexerat.
526 4137 737 4202 Porro
784 4133 1131 4202 Christum
1193 4133 1649 4202 libentissime
1696 4154 2008 4202 annuere
2067 4136 2133 4201 S.
2177 4133 2563 4203 Francisco.
2619 4137 2712 4202 Ex

162 4233 228 4282 ea
270 4232 494 4290 autem
542 4220 812 4290 visione
858 4222 981 4291 etsi
1035 4222 1326 4291 mirifice
1374 4222 1621 4291 laetata
1669 4234 1772 4290 est
1818 4222 1908 4291 ob
1959 4232 2396 4311 peccatorum
2428 4243 2711 4290 conver-

166 4301 428 4382 sionem.
466 4321 535 4379 at
585 4322 817 4379 tamen
867 4309 1066 4379 valde
1110 4309 1356 4392 doluit,
1399 4332 1471 4381 se
1504 4309 1912 4401 primariam
1955 4333 1998 4379 a
2046 4315 2178 4380 Deo
2224 4324 2291 4380 et
2336 4310 2535 4380 beata
2562 4310 2711 4378 Vir-

166 4390 301 4477 gine
346 4398 429 4467 ad
478 4398 547 4467 id
605 4397 865 4487 negotii
935 4397 1395 4489 designatam.
1453 4400 1741 4469 Putabat
1806 4399 1995 4469 enim
2057 4420 2130 4468 se
2191 4421 2479 4489 prorsus
2527 4398 2711 4466 indi-

170 4498 357 4564 gnam
387 4499 450 4556 et
481 4486 911 4568 inidoneam,
950 4508 1075 4557 nec
1120 4487 1324 4558 facile
1374 4487 1598 4579 potuit
1628 4510 1837 4559 suum
1872 4487 1958 4557 ad
2005 4488 2132 4557 hoc
2182 4486 2716 4558 accommodare
