3327 4999
230 341 476 409 MART.
531 339 558 404 4
1121 353 1204 400 nn
1249 352 1305 400 s.
1360 349 1654 401 swmmo
1695 350 1936 400 Annus
2629 332 2713 397 ⁴5

229 451 641 523 remearent,
700 440 803 522 hi,
877 437 1000 527 qui
1047 437 1249 530 prius
1298 436 1553 507 famem
1604 435 1966 528 fugerant,
2039 432 2314 504 vivendi
2361 432 2640 504 licentia
2691 456 2807 504 ac-

224 546 469 626 cepta,
543 528 804 601 reversi
854 538 1040 600 sunt.
1099 526 1230 597 Sed
1280 526 1485 617 cujus
1541 525 1722 595 vitae
1786 545 2030 595 eorum
2098 522 2483 623 Episcopus
2550 522 2798 606 fuerat,

226 642 601 701 memoreS,
637 618 764 689 ubi
814 640 888 688 se
942 616 1172 687 ultum
1221 628 1402 688 esset
1449 636 1706 705 corpus
1749 613 1965 696 illius,
2019 623 2490 699 quaesierunt,
2544 625 2622 683 ut
2671 612 2802 683 hoc

214 713 419 804 juxta
480 709 820 779 honorem
917 705 1181 776 ebitum
1246 704 1319 774 in
1370 702 1677 774 Ecclesia
1723 702 1903 773 beati
1963 701 2142 773 Petri
2195 701 2499 791 Apostoli
2549 700 2801 771 huma-

223 813 400 872 rent.
452 803 768 885 Cumque
797 797 976 865 itum
1014 806 1194 865 esset
1240 793 1328 863 ad
1382 792 1813 884 sepulcrum,
1849 790 2099 860 effossa
2140 792 2345 873 terrA,
2384 789 2802 883 invenerunt

219 911 489 980 corpus
529 886 731 977 pueri
783 884 1039 976 pariter
1086 883 1385 964 humati,
1423 893 1659 973 utpote
1688 881 1838 972 jam
1878 879 1989 949 die
2028 878 2590 980 quadragesime,
2625 879 2799 980 ‚tabe

218 989 648 1068 corruptum
698 987 766 1045 et
814 972 1163 1043 vermibus
1211 971 1522 1061 plenum:
1561 992 1819 1062 corpus
1867 990 2025 1038 vero
2074 973 2419 1059 Episcopi,
2464 991 2545 1038 ac
2584 990 2644 1038 si
2677 968 2790 1037 die

214 1068 469 1139 eodem
521 1079 705 1135 esset
752 1062 1128 1153 sepultum.
1210 1065 1288 1129 Et
1334 1059 1518 1147 quod
1581 1071 1684 1131 est
1738 1058 1970 1129 adhuc
2018 1078 2275 1148 magna
2321 1056 2788 1127 admiratione

216 1153 715 1227 venerandum
750 1207 767 1233 ‚
820 1150 988 1238 quia
1032 1150 1127 1219 ita
1175 1162 1386 1240 caput
1430 1149 1582 1240 eJus
1627 1148 1905 1220 unitum
1955 1147 2179 1217 fuerat
2226 1145 2547 1237 corpori,
2603 1167 2685 1216 ac
2731 1146 2792 1215 si

218 1265 682 1333 nequaquam
731 1241 977 1311 fuisset
1023 1237 1438 1310 abscissum:
1485 1237 1585 1308 sic
1633 1236 1972 1319 videlicet,
2009 1248 2090 1306 ut
2122 1234 2318 1305 nulla
2350 1234 2642 1327 vestigia
2683 1256 2794 1305 se-

215 1333 479 1406 ctionis
530 1331 972 1422 apparerent.
1012 1333 1323 1415 Cumque
1359 1327 1495 1397 hoc
1536 1337 1604 1397 et
1650 1326 1723 1395 in
1776 1338 1970 1416 terga
2015 1334 2377 1405 verterent,
2421 1324 2793 1412 exquiren-

217 1439 320 1494 tes
401 1422 465 1493 si
542 1418 732 1508 quod
803 1418 1081 1508 signum
1144 1415 1247 1484 vel
1295 1415 1380 1485 de
1426 1415 1566 1486 alia
1614 1414 1986 1506 monstrari
2032 1413 2374 1484 incisione
2421 1413 2786 1505 potuisset,

216 1514 316 1584 ita
367 1531 629 1580 sanum
681 1518 887 1594 atque
933 1506 1420 1575 intemeratum
1467 1525 1675 1574 omne
1721 1526 1975 1595 corpus
2023 1504 2380 1573 inventum
2432 1513 2557 1584 est,
2607 1524 2687 1573 ac
2732 1502 2793 1571 si

220 1600 434 1671 nulla
481 1600 613 1669 hoc
661 1595 918 1666 incisio
978 1592 1139 1664 ferri
1186 1592 1544 1684 tetigisset.

562 1920 812 2021 VITA
858 1919 938 2019 S.
989 1917 1452 2035 SIVIARDI
1501 1918 1744 2021 ABB.
1795 1916 2459 2020 ANISOLENSIS

714 2176 835 2223 PER
879 2174 1182 2233 Quintum
1227 2173 1379 2222 Esus
1425 2170 2025 2222 CONTEHPORANEUH
2072 2173 2331 2223 SCRIPTA

856 2373 1131 2431 Flex-uit
1158 2374 1344 2431 Saso.
1376 2373 1511 2429 v11
1533 2402 1609 2415 —
1628 2373 1788 2430 Nat.
1835 2372 2165 2430 Francus.

299 2563 339 2650 ἓ
392 2566 482 2633 1.
542 2563 817 2628 Fratres
862 2555 1321 2636 dilectissimi,
1376 2555 1748 2624 Dominum
1796 2554 2379 2645 omnipotentem,
2434 2554 2558 2643 qui
2603 2566 2669 2626 et
2720 2555 2788 2625 in

212 2652 367 2721 suis
421 2657 540 2718 est
584 2645 1020 2726 admirabilis
1050 2665 1323 2735 semper
1354 2643 1610 2726 electiS,
1647 2665 1825 2732 quos
1869 2656 1935 2713 et
1966 2642 2329 2734 praescivit
2363 2654 2566 2731 atque
2597 2666 2794 2735 prae-

208 2734 608 2808 destinavit
633 2745 793 2804 ante
823 2733 1255 2803 mundanam
1295 2733 1880 2813 constitutionem,
1917 2744 2182 2823 oportet
2212 2753 2336 2802 nos
2371 2743 2504 2802 tota
2539 2733 2792 2804 mentis

210 2824 643 2897 fortitudine
687 2822 1106 2892 collaudare.
1162 2826 1239 2891 Et
1286 2821 1443 2893 licet
1487 2821 1974 2909 unusquisque
2010 2821 2212 2911 juxta
2258 2843 2504 2892 sensus
2536 2821 2645 2891 sui
2680 2845 2793 2892 ca—

211 2916 605 3008 pacitatem
657 2912 729 2981 id
776 2924 1066 2981 conetur
1110 2932 1335 3000 agere,
1380 2922 1609 2980 tamen
1648 2922 1934 3001 oportet,
1975 2923 2055 2980 ut
2085 2922 2401 2981 creatura
2429 2910 2789 2981 rationalis

212 3027 443 3074 suum
480 3000 766 3071 assidue
795 2999 1130 3091 glorificet
1163 3012 1366 3087 atque
1397 2998 1743 3069 collaudet
1775 2998 2125 3069 factorem.
2166 2999 2343 3083 Quid
2377 3000 2564 3069 enim
2595 3000 2789 3070 aliud

214 3092 705 3163 retribuemus
773 3089 1064 3159 Domino
1115 3110 1236 3178 pro
1283 3088 1611 3158 omnibus
1657 3110 1836 3176 quae
1883 3088 2097 3178 gratis
2145 3088 2346 3159 nobis
2393 3100 2459 3160 et
2505 3088 2791 3181 largiter

212 3183 375 3272 ipse
428 3178 696 3259 tribuit,
732 3177 871 3247 nisi
914 3187 993 3247 ut
1038 3189 1266 3247 mente
1313 3177 1544 3268 sagaci
1575 3178 1904 3248 universa
1932 3178 2451 3249 considerantes
2483 3178 2634 3269 ejus
2668 3179 2785 3248 be-

218 3269 513 3349 neficia,
551 3266 931 3337 reddamus
962 3289 1086 3368 pro
1131 3267 1475 3336 universis
1524 3266 1812 3336 Domino
1861 3266 2284 3337 sacrificium
2316 3266 2569 3347 laudiS‚
2610 3288 2788 3354 quae

217 3369 328 3428 est
374 3358 452 3426 in
504 3366 884 3447 conspectu
929 3378 1080 3443 elus
1123 3378 1284 3425 vera
1341 3365 1408 3425 et
1454 3354 1899 3446 acceptabilis
1959 3356 2223 3437 hostia,
2270 3354 2332 3425 si
2372 3356 2785 3446 processerit

223 3447 521 3514 omnino
567 3469 608 3515 a
657 3456 888 3514 mente
933 3429 1205 3515 devota?
1253 3442 1446 3514 Unde
1492 3457 1557 3515 et
1604 3444 1950 3535 praesenti
1995 3444 2374 3534 opuscuIO,
2430 3444 2637 3535 plano
2685 3445 2788 3513 vi-

228 3532 488 3603 delicet
519 3545 579 3602 et
611 3532 944 3624 simplici,
978 3533 1147 3603 haec
1198 3532 1578 3614 historiola,
1615 3555 1827 3620 quam
1874 3545 2236 3603 contexere
2283 3533 2576 3624 dignum
2628 3556 2785 3624 pro-

220 3621 406 3691 fecto
456 3621 857 3712 putavimus
905 3620 990 3692 ad
1040 3623 1158 3691 Dei
1208 3620 1508 3703 laudem,
1575 3622 1935 3692 exordium
1985 3633 2239 3700 sumat,
2308 3645 2349 3691 a
2414 3621 2616 3711 quus
2667 3624 2782 3713 pio

222 3731 533 3780 munere
580 3710 908 3781 tribuitur
954 3709 1256 3802 singulis
1290 3767 1307 3793 ‚
1358 3710 1690 3799 quicquid
1742 3711 1813 3780 in
1862 3711 2078 3779 servis
2127 3710 2271 3783 suis
2321 3710 2584 3780 utiliter
2629 3734 2786 3781 eru-

225 3798 531 3870 ditionis
577 3798 950 3870 invenitur.

322 3890 362 3975 §
412 3893 509 3959 2.
567 3887 788 3979 Igitur
833 3889 918 3959 de
963 3888 1262 3977 quodam
1312 3889 1431 3959 Dei
1476 3889 1762 3969 famulo,
1868 3898 2012 3958 atre
2060 3900 2292 3959 nostro
2342 3888 2671 3970 Siviard0,
2725 3911 2793 3959 e·-

224 3977 479 4068 gregio
551 3977 942 4059 sacerdote,
995 3991 1061 4048 et
1123 3978 1208 4048 de
1271 3979 1426 4067 ejus
1472 3977 1871 4048 admirabii
1917 3978 2054 4047 vita
2121 3977 2224 4048 vel
2275 3979 2793 4048 conversatione

223 4077 483 4136 sancta
516 4121 533 4147 ,
584 4066 1006 4153 quibusdam
1080 4067 1327 4140 amicis
1391 4066 1922 4160 flagitantibus,
1979 4066 2278 4139 scribere
2327 4067 2785 4150 decrevimuS,

224 4155 426 4224 unde
475 4168 542 4225 et
588 4156 886 4227 fraterna
932 4155 1311 4226 concordia>
1348 4156 1609 4248 optimo
1640 4156 1792 4246 ejus
1826 4156 2227 4228 aedificetur
2259 4156 2526 4243 pietatis
2560 4179 2791 4226 exem-

279 4243 398 4324 lo,
456 4257 524 4313 et
573 4244 820 4314 Christi
878 4245 1035 4316 laus
1083 4267 1358 4338 semper
1404 4257 1751 4316 accrescat
1796 4267 1920 4337 per
1967 4268 2176 4315 suum
2225 4245 2506 4316 fidelem
2557 4244 2792 4316 famu-

256 4356 381 4402 um
436 4332 945 4424 supradictum.
981 4340 1220 4406 Nostro
1250 4335 1503 4405 etenim
1538 4346 1843 4426 tempore
1871 4335 2089 4404 extitit
2116 4334 2285 4405 haec
2319 4335 2518 4405 nobis
2550 4345 2796 4406 sancta

230 4425 556 4514 propago
592 4477 608 4505 ,
664 4443 784 4512 per
845 4424 1046 4515 cujus
1093 4446 1207 4507 os,
1263 4429 1447 4496 Deus
1496 4424 1691 4515 larga
1737 4424 2272 4516 praedicationis
2320 4424 2570 4516 pocula
2618 4443 2794 4494 suae
