3327 4999
663 298 794 365 572
1292 314 1373 361 nx
1418 314 1564 361 van.
1618 312 2080 363 Encaxmsrma
2129 310 2398 362 sacam.
2498 312 2585 461 Ξ
2864 294 3126 361 MART.

574 392 929 482 animique
986 405 1052 463 et
1096 392 1405 482 corporis
1456 393 1875 483 praesidium
1919 393 2130 463 cedit:
2187 392 2273 461 iis
2310 390 2427 480 qui
2486 413 2530 482 p
2576 391 2746 461 rlide
2793 391 2939 462 indi
3001 415 3132 464 ne-

573 506 708 572 que
756 483 1168 575 suscipiunt,
1223 482 1291 551 in
1348 504 1636 571 poenam
1704 505 1782 550 ac
1853 481 2318 573 supplicium:
2376 480 2562 551 haud
2613 503 2810 551 secus
2875 482 2935 549 vi
2992 481 3136 553 eli-

577 586 707 654 cet,
793 594 872 642 ac
952 570 1221 640 Domini
1270 593 1454 639 mors
1513 570 1955 641 credentibus
2020 570 2299 658 quidem
2370 570 2503 638 vita
2566 582 2631 640 et
2692 569 3136 661 incorruptio

574 660 793 731 extitit
853 659 939 728 ad
989 659 1444 750 sempiternae
1489 659 1936 729 beatitudinis
1983 658 2533 739 oblectationem,
2588 658 2969 729 incredulis
3002 683 3140 729 au-

577 762 712 851 tem
747 750 792 832 ,'
834 749 1238 835 Dominique
1293 747 1789 829 carnificibuS,
1857 748 1927 818 in
1996 770 2288 839 poenam
2352 770 2432 817 ac
2490 747 2877 818 cruciatum
2940 771 3137 819 sem-

579 851 960 930 piternum.

669 929 706 1014 §
768 932 861 997 θ.
916 930 1045 994 Nec
1108 946 1262 993 vero
1312 924 1514 1014 panis
1573 936 1638 995 et
1698 925 1934 994 vinum
1997 925 2305 1016 corporis
2364 922 2608 994 Christi
2671 923 2897 1025 figura
2961 938 3140 997 sunt

577 1015 789 1172 §absit
834 1014 1017 1082 enim
1056 1012 1240 1102 hoc),
1293 1036 1529 1082 verum
1580 1014 1955 1106 ipsummet
2008 1014 2272 1083 Domini
2313 1035 2568 1104 corpus
2614 1012 2973 1084 divinitate
3029 1014 3137 1084 af-

607 1118 872 1173 ectum:
914 1102 1028 1190 qui
1088 1123 1168 1193 pe
1200 1124 1357 1170 cum
1413 1103 1744 1172 Dominus
1793 1104 1940 1192 ipse
1988 1103 2256 1173 dixerit.
2295 1107 2435 1172 Hoc
2466 1115 2590 1182 est,
2629 1124 2762 1171 non
2814 1103 3136 1192 corporis

582 1193 889 1277 signum,
943 1214 1013 1260 se
1110 1213 1386 1281 corpuS,
1431 1214 1556 1261 nec
1605 1192 1893 1281 sanguis
1930 1191 2238 1283 signum,
2296 1189 2413 1263 sed
2465 1193 2775 1281 sanguis,
2811 1196 2889 1260 Et
2928 1192 3137 1283 prius

581 1279 835 1361 adhuc,
890 1279 973 1348 ad
1038 1278 1338 1349 Judaeos
1378 1302 1765 1349 sermonem
1820 1280 2104 1373 habenS,
2159 1281 2311 1349 Nisi
2350 1281 2923 1349 manducaveritis
2977 1304 3135 1349 car-

578 1392 729 1439 nem
763 1370 930 1437 Filii
957 1369 1262 1449 homini&
1301 1378 1364 1437 et
1394 1370 1689 1438 biberitis
1719 1372 1864 1459 ejus
1892 1370 2315 1461 sanquinem,
2351 1392 2479 1437 non
2537 1369 2860 1438 habebitis
2911 1371 3134 1438 vitam

580 1461 653 1527 in
683 1459 885 1528 vobis,
921 1464 1089 1528 Caro
1119 1459 1294 1526 enim
1325 1480 1475 1527 mea
1507 1481 1700 1527 verus
1732 1468 1825 1526 est
1859 1461 2063 1538 cibiae,
2116 1469 2178 1526 ec
2228 1459 2508 1547 sanquis
2560 1480 2744 1526 meus
2793 1481 2996 1527 verus
3026 1469 3129 1527 est

577 1557 798 1638 pocus.
837 1550 924 1615 Ac
964 1568 1230 1626 rursuS,
1272 1548 1403 1629 Qui
1426 1548 1792 1628 mand-ucat
1818 1570 1943 1626 me,
1980 1549 2180 1615 vivet.
2216 1551 2304 1614 Ac
2338 1544 2624 1636 proinde
2655 1567 2929 1614 summo
2960 1569 3129 1617 cum

582 1648 768 1704 metu
814 1646 880 1704 et
928 1640 1096 1725 pura
1149 1635 1593 1714 conscientia,
1651 1635 1919 1721 fideque
1968 1634 2508 1721 haudquaquam
2566 1634 2778 1703 dubia
2830 1635 3124 1704 acceda-

584 1746 778 1792 mus:
823 1746 902 1792 ac
956 1721 1252 1813 profecto
1301 1724 1400 1791 sic
1460 1723 1657 1793 nobis
1707 1723 1843 1803 fiet,
1908 1723 2496 1811 quemadmodum
2567 1722 2765 1792 firme
2832 1746 2916 1794 ac
2962 1746 3130 1792 cou-

583 1825 840 1882 stanter
885 1812 1260 1881 credimus.
1300 1816 1537 1901 Ipsum
1591 1834 1791 1902 porro
1831 1813 2021 1882 omni
2078 1812 2370 1902 puritate
2428 1810 2763 1893 colamuS,
2820 1813 2952 1881 hoc
2999 1824 3125 1893 est,

580 1912 646 1970 et
678 1899 1047 1991 spirituali,
1100 1912 1165 1968 et
1203 1921 1321 1969 cor
1372 1905 1576 1970 orea:
1631 1901 1974 1988 siquidem
2025 1901 2277 1991 duplex
2318 1900 2466 1989 ipse
2512 1913 2637 1970 est.
2694 1900 2972 1973 Ardenti
3005 1924 3130 1971 cu-

582 1989 865 2080 piditate
905 1989 987 2057 ad
1040 2011 1198 2059 eum
1263 2011 1301 2058 a
1355 2011 1617 2069 eamuS‚
1676 1990 2137 2077 manibusque
2187 1990 2255 2057 in
2306 1989 2532 2059 crucis
2583 1988 2875 2058 formam
2934 2012 3125 2060 com·

583 2078 824 2169 positis
872 2077 1183 2147 crucifixi
1249 2100 1500 2178 corpus
1561 2079 2052 2170 suscipiamus,
2108 2091 2310 2166 atque
2356 2090 2421 2147 et
2467 2078 2713 2159 oculis,
2777 2091 2842 2146 et
2892 2077 3122 2159 labiis,

582 2181 648 2236 et
697 2167 1037 2236 frontibus
1088 2166 1451 2256 impositis,
1504 2166 1718 2236 divini
1770 2167 2090 2251 carbonis
2157 2166 2523 2258 participes
2580 2165 2992 2247 efficiamur,
3049 2179 3126 2236 ut

585 2255 768 2345 ignis
803 2255 1123 2325 desiderii
1176 2254 1244 2323 in
1298 2255 1496 2325 nobis
1544 2255 1758 2336 insiti,
1798 2269 2153 2346 assumpta
2200 2278 2281 2325 ea
2326 2277 2504 2342 quae
2550 2277 2629 2324 ex
2662 2258 2963 2325 carbone
2994 2256 3129 2325 ori·

586 2356 720 2424 tur,
780 2344 1344 2425 inflammatione,
1383 2358 1655 2434 peccata
1706 2358 1935 2415 nostra
1974 2347 2230 2423 exurat,
2268 2367 2346 2412 ac
2397 2357 2667 2434 pectora
2718 2359 2951 2413 nostra
2987 2344 3125 2414 col-

585 2432 870 2503 lustret:
923 2432 1307 2520 demusque
1365 2455 1699 2524 operam,
1765 2447 1841 2503 ut
1905 2456 2023 2524 per
2087 2433 2305 2503 divini
2371 2431 2554 2522 ignis
2616 2434 3129 2526 perceptionem

586 2522 1130 2605 inardescamUS‚
1189 2523 1427 2624 Diique
1472 2522 1883 2592 efficiamur.
1949 2523 2129 2592 Vidit
2173 2523 2431 2613 quippe
2463 2524 2830 2592 carbonem
2886 2523 3127 2593 Isaias.

532 2660 550 2680 .
587 2612 800 2680 Carbo
852 2633 1053 2701 porro
1090 2633 1221 2681 non
1273 2611 1566 2701 Simplex
1615 2611 1881 2702 lignum
1915 2625 2039 2693 est,
2081 2611 2195 2681 sed
2248 2611 2396 2702 igni
2442 2611 2743 2681 unitum.
2783 2612 2892 2680 Sic
2928 2610 3135 2702 panis

584 2721 859 2787 quoqne
906 2699 1441 2770 communionis.
1484 2722 1617 2769 non
1672 2699 1963 2791 simplex
2015 2701 2215 2791 panis
2261 2711 2385 2781 est,
2429 2698 2547 2769 sed
2580 2700 2921 2770 divinitati
2974 2699 3135 2769 uni-

587 2800 724 2860 tus.
766 2795 1024 2879 Corpus
1073 2799 1300 2857 autem
1352 2788 1533 2875 quod
1586 2788 1926 2858 divinitati
1977 2790 2250 2859 unitum
2294 2801 2424 2868 est,
2488 2809 2622 2857 non
2675 2812 2817 2858 una
2878 2801 3133 2858 natura

585 2891 730 2947 est:
785 2877 900 2946 sed
937 2898 1078 2946 una
1114 2876 1393 2963 quidem
1446 2878 1779 2967 corporis,
1832 2877 2045 2947 altera
2092 2891 2321 2946 autem
2351 2877 2730 2946 divinitatis
2766 2899 2924 2947 cum
2982 2878 3135 2968 ipso

587 2967 1023 3055 conjunctae.
1059 2971 1205 3047 Quo
1245 2965 1343 3046 fit,
1397 2978 1474 3035 ut
1511 2980 1910 3053 utrumque,
1965 2988 2103 3036 non
2153 2988 2291 3035 una
2343 2977 2586 3035 natura
2623 2966 2734 3046 sit,
2776 2965 2895 3035 sed
2926 2964 3133 3035 duae.

677 3058 714 3140 ξ
774 3058 852 3124 2.
905 3054 1366 3123 Abrahamum
1401 3076 1479 3122 ex
1507 3054 1712 3123 alieni
1768 3078 2055 3125 enarum
2091 3067 2315 3146 strage
2349 3053 2743 3124 redeuntem
2801 3054 2914 3123 ille
2939 3076 3136 3123 sum-

591 3141 687 3212 mi
740 3142 853 3210 Dei
902 3142 1221 3212 sacerdos
1270 3142 1766 3213 Melchisedeci
1824 3166 2000 3234 pane
2061 3166 2139 3213 ac
2188 3144 2343 3212 vino
2390 3143 2674 3233 excepit.
2732 3148 2959 3213 Mensa
3013 3142 3131 3211 illa

588 3231 950 3320 mysticam
1003 3230 1181 3301 hanc
1228 3230 1710 3314 adumbrabat,
1764 3232 2349 3319 quemadmodum
2392 3244 2456 3300 et
2486 3231 2805 3301 sacerdos
2839 3231 2952 3300 ille
2997 3231 3132 3300 veri

589 3319 941 3390 Pontificis
990 3318 1233 3391 Christi
1288 3320 1579 3411 figuram
1629 3333 1695 3391 et
1729 3320 2100 3412 imaginem
2156 3343 2316 3411 prae
2358 3342 2430 3391 se
2459 3318 2738 3390 ferebat.
2772 3321 2872 3389 'Tu
2908 3320 3121 3402 enim,

590 3408 840 3495 inquit,
867 3429 965 3492 ,es
1013 3408 1332 3479 sacerdos
1364 3410 1431 3478 in
1465 3422 1818 3479 aeternum
1850 3408 2230 3479 secundum
2261 3408 2574 3479 ordinem
2604 3407 3126 3478 Melchisedech.

590 3501 840 3566 Panem
895 3496 1078 3567 hunc
1133 3520 1343 3588 panes
1394 3497 1884 3588 propositionis
1934 3498 2467 3568 adumbrabant.
2506 3502 2647 3567 Hoc
2695 3496 3013 3567 videlicet
3044 3495 3129 3565 il-

591 3584 709 3654 lud
760 3598 862 3655 est
912 3608 1163 3676 purum
1214 3598 1279 3656 et
1324 3585 1765 3657 incruentum
1818 3587 2235 3657 sacrificium
2270 3585 2452 3674 quod
2505 3587 2839 3657 Dominus
2887 3608 2929 3654 a
2967 3585 3133 3654 solis

590 3686 745 3745 ortu
792 3697 1016 3762 usque
1048 3674 1130 3744 ad
1182 3697 1502 3745 occasum
1534 3675 1839 3746 oblatum
1883 3675 1969 3745 iri
1998 3698 2116 3767 per
2145 3675 2544 3766 prophetam
2582 3674 2940 3766 praedixit.
2972 3679 3131 3742 Cor-

591 3785 725 3854 pus
771 3786 852 3833 ac
899 3764 1185 3854 sanguis
1224 3764 1472 3834 Christi
1520 3777 1645 3846 est,
1699 3763 1780 3833 ad
1834 3765 2107 3834 animae
2152 3776 2217 3833 et
2253 3762 2563 3854 corporis
2614 3762 2827 3835 nostri
2861 3762 3134 3832 incolu-

591 3850 895 3921 mitatem
965 3851 1273 3932 tendenS,
1327 3852 1512 3940 quod
1581 3875 1707 3922 nec
1773 3853 2232 3932 consumitur,
2286 3874 2412 3922 nec
2459 3851 2952 3943 corrumpitur,
3009 3872 3133 3920 nec

590 3939 660 4009 in
712 3951 1060 4011 secessum
1095 3941 1236 4012 abit
1279 3941 1568 4032 (avertat
1616 3942 1744 4011 hoc
1795 3941 2002 4031 Deus)
2051 3962 2282 4010 verum
2317 3940 2403 4010 ad
2455 3954 2760 4011 nostram
2809 3941 3132 4009 substan-

591 4028 783 4110 tiam,
842 4042 908 4099 et
964 4030 1550 4100 conservationem
1594 4029 1837 4111 tendit,
1897 4043 2102 4118 atque
2149 4050 2355 4099 omne
2403 4028 2920 4099 incommodum
2975 4050 3134 4119 pro-

590 4116 845 4208 pulsat,
910 4139 1201 4206 eamque
1265 4118 1404 4189 vim
1453 4119 1680 4198 babet,
1737 4132 1815 4188 ut
1861 4119 2263 4210 spurcitiem
2315 4140 2589 4189 omnem
2641 4119 3011 4209 abstergat.
3065 4117 3133 4185 Si

588 4206 1056 4277 adulterinum
1107 4230 1354 4278 aurum
1411 4209 1871 4290 nanciscatur,
1939 4230 2061 4300 per
2116 4207 2587 4298 explorantem
2636 4206 3129 4276 inflammatio-

589 4317 751 4366 nem
800 4309 1070 4387 purgat,
1106 4318 1192 4365 ne
1240 4297 1309 4366 in
1360 4295 1673 4367 futurum
1735 4319 1894 4366 cum
1959 4298 2220 4367 mundo
2268 4295 2841 4367 condemnemur.
2878 4300 3128 4366 Omnes

590 4384 776 4455 enim
828 4386 1128 4468 morbos,
1181 4384 1669 4474 immissasque
1716 4385 2140 4473 calamitates
2200 4397 2484 4477 purgat:
2537 4382 3128 4474 quemadmodum
