3327 4999
243 319 488 385 MART.
521 321 628 385 -26
1073 352 1089 365 ·
1128 343 1206 390 DE
1254 345 1310 392 5.
1364 344 1649 392 huncario
1700 341 1897 391 Erlsc.
2575 321 2705 386 505

245 423 557 579 ingentes
604 426 670 492 et
718 423 1056 494 immensa
1104 427 1326 519 caligo
1388 429 1739 498 maritima
1807 427 1957 497 loca
2006 425 2398 506 obduceret,
2465 421 2794 493 immanis

252 512 335 580 113
395 511 668 582 itatores
737 535 946 602 pavor
1000 515 1272 598 invasit,
1340 517 1508 588 dum
1557 517 1661 587 vel
1725 516 1858 587 sibi
1907 513 2190 605 singuli,
2244 512 2346 581 vel
2397 512 2601 584 rebus
2649 511 2798 582 suis

243 600 484 669 timere
535 616 931 690 coeperunt.
985 608 1060 671 In
1098 625 1236 691 qua
1285 606 1738 695 trepidatione
1763 626 1922 673 cum
1954 603 2078 672 diu
2109 611 2609 692 permanerent,
2637 622 2796 670 sen-

244 688 376 758 sim
431 688 680 758 iterum
715 690 946 761 radios
995 692 1095 760 sol
1128 695 1646 764 suostemittere
1694 692 1939 783 coepit,
1988 691 2213 762 vdonec
2264 690 2332 757 in
2368 710 2576 759 suum
2639 711 2796 757 rur-

243 788 404 846 sum
459 778 695 846 orbem
744 789 810 846 et
841 777 997 848 licet
1045 781 1294 862 minor,
1339 784 1409 850 in
1448 783 1812 874 pristinam
1873 781 2095 850 lucem
2139 799 2476 859 reversuS‚
2529 788 2799 847 exortas

243 865 468 934 nubes
517 866 787 936 detersa
834 866 1132 958 caligine
1169 882 1356 941 trans
1405 894 1592 942 mare
1640 869 1990 960 effugavit.

329 956 366 1040 ἓ
433 958 564 1026 1⁸2.
620 960 839 1036 Quam
905 957 1234 1027 visionem
1283 960 1452 1028 dum
1531 981 1733 1029 mane
1809 971 2092 1028 sanctus
2164 955 2304 1024 Lud
2357 977 2518 1025 erus
2576 952 2796 1049 sorori

241 1063 410 1112 suae
468 1043 892 1133 Heriburgae
958 1067 1133 1132 quae
1182 1061 1347 1117 tunc
1412 1048 1580 1118 forte
1636 1070 1871 1117 secum
1922 1059 2087 1125 erat,
2161 1058 2308 1114 retu
2341 1045 2526 1124 isset,
2582 1042 2792 1111 altius

242 1131 695 1221 ingemiscere
743 1145 808 1201 et
857 1134 1018 1203 flere
1073 1134 1370 1206 ubertim
1420 1137 1663 1227 coepit.
1725 1135 1914 1205 Unde
1961 1156 2120 1204 cum
2173 1133 2323 1222 ipsa
2373 1131 2473 1200 vel
2538 1129 2796 1201 somnii

241 1218 846 1309 significationem,
883 1222 985 1290 vel
1025 1244 1273 1296 causas
1313 1225 1776 1314 lacrymarum
1821 1224 1907 1292 ab
1939 1245 2019 1292 eo
2072 1222 2505 1308 requisisset:
2560 1218 2800 1308 «Cogi-
2834 1264 2837 1265 f

244 1308 401 1388 tavi,
457 1308 705 1395 inquit,
744 1309 810 1377 in
864 1310 992 1378 1100
1041 1311 1190 1381 1000
1239 1314 1738 1384 monachorum
1792 1311 2286 1381 monasterium
2337 1318 2790 1378 construere:

239 1395 360 1465 sed
410 1396 538 1465 hoc
617 1418 1054 1485 nequaquam
1108 1402 1305 1491 juxta
1357 1402 1772 1471 voluntatem
1827 1421 2048 1469 meam
2121 1398 2270 1468 fieri
2340 1407 2557 1485 potest
2622 1395 2791 1482 quia

244 1485 544 1574 peccatis
595 1487 846 1556 nostris
920 1488 1354 1578 exigentibus
1387 1546 1402 1572 ,
1477 1491 1645 1560 haec
1702 1489 2050 1559 maritima
2098 1487 2246 1557 loca
2312 1483 2801 1576 depraedanda

242 1586 406 1642 sunt
453 1586 517 1642 et
566 1573 636 1642 in
673 1574 1116 1644 solitudinem
1159 1578 1554 1669 redigenda.
1594 1585 1758 1648 Nam
1804 1579 2025 1647 nubes
2058 1597 2233 1663 quas
2265 1574 2349 1643 de
2388 1574 2562 1642 mari
2587 1594 2790 1643 exur-

241 1684 401 1753 gere
433 1662 597 1743 vidi,
634 1662 823 1753 ipsos
865 1665 1300 1754 praedatores
1349 1668 1768 1757 significant.
1816 1667 2005 1736 Sicut
2051 1664 2237 1733 enim
2290 1662 2510 1731 nubes
2543 1683 2624 1731 ex
2651 1682 2800 1731 ma-

241 1751 339 1821 ris
390 1751 683 1820 humore
713 1768 1192 1835 concrescunt,
1230 1755 1328 1824 sic
1377 1770 1441 1824 et
1475 1755 1577 1824 illi
1613 1778 1733 1846 per
1764 1777 1953 1823 mare
2001 1752 2085 1822 ad
2130 1759 2264 1823 ‘nos
2300 1750 2567 1820 venturi
2593 1760 2793 1820 esunt.

242 1840 432 1938 Quod
489 1861 644 1908 vero
691 1841 778 1910 ab
833 1841 1230 1928 Aquilonari
1275 1844 1425 1933 ejus
1476 1857 1663 1933 parte
1735 1852 2271 1923 exurrexerunt‚
2336 1846 2797 1909 Nortmannos

243 1928 475 1997 1nnuit
520 1928 640 2014 qui
694 1928 760 1996 in
812 1932 1273 2020 septentrione
1334 1934 1745 2002 consistunt.
1815 1932 2002 2000 Sicut
2068 1942 2296 1999 autem
2351 1927 2572 1998 nubes
2624 1949 2799 2025 pau-

244 2015 437 2085 latim
481 2030 971 2099 excrescentes,
1024 2019 1109 2087 ad
1162 2020 1392 2110 ipsum
1451 2020 1824 2090 novissime
1874 2020 2085 2089 solem
2140 2026 2626 2108 pervenerunt:
2698 2036 2800 2083 510

244 2117 310 2173 et
363 2104 495 2194 ipsi
593 2106 976 2175 raedatores
1076 2108 1250 2177 rimo
1309 2108 1581 2179 furtivis
1629 2107 2149 2178 incursionibus
2204 2105 2495 2197 praedas
2545 2103 2791 2183 acturi,

249 2205 519 2283 postmo
574 2216 689 2265 urn
743 2207 978 2284 aperto
1017 2130 1196 2265 gello
1231 2197 1398 2267 haec
1428 2198 1575 2268 loca
1624 2209 1787 2270 sunt
1820 2196 2150 2269 invasuri.
2189 2200 2394 2264 Porro
2489 2192 2624 2261 uod
2660 2190 2802 2262 sole

251 2281 544 2351 nubium
597 2283 987 2352 accessione
1027 2284 1097 2354 fu
1155 2285 1330 2354 iente
1378 2299 1443 2355 et
1482 2286 1734 2356 nostris
1781 2285 2046 2354 visibus
2093 2284 2415 2363 abduct0,
2520 2301 2713 2350 orror
2736 2292 2802 2348 et

244 2368 466 2459 caligo
502 2370 667 2440 haec
719 2371 1066 2442 maritima
1140 2396 1261 2443 oca
1310 2373 1804 2456 circumfudit,
1850 2374 1980 2442 1100
2029 2371 2342 2463 designat
2389 2369 2575 2458 quod
2624 2368 2796 2436 inito

244 2457 425 2528 bello
456 2480 613 2529 cum
641 2459 904 2550 piratiS,
931 2473 997 2531 et
1025 2463 1278 2533 nostris
1310 2474 1498 2554 terga
1526 2462 1970 2542 vertentibus,
2011 2482 2216 2530 omne
2250 2471 2428 2530 retro
2458 2457 2796 2549 gaudium

245 2546 706 2630 obliviscetur,
759 2562 824 2619 et
873 2551 1159 2640 rapiniS,
1228 2553 1568 2622 incendiis
1621 2563 1826 2638 atque
1876 2551 2212 2621 mortibus
2270 2548 2506 2618 omnia
2552 2546 2802 2636 imple-

245 2636 526 2705 buntur.
582 2638 708 2707 Sed
760 2640 925 2725 quia
976 2640 1044 2708 in
1093 2642 1589 2732 sempiternum
1642 2662 1779 2710 non
1821 2639 2089 2729 repellit
2135 2639 2490 2718 Dominus,
2543 2636 2795 2735 iterum

244 2723 329 2794 ad
382 2747 611 2796 servos
645 2749 809 2798 suos
859 2749 1260 2800 reversurus
1306 2742 1370 2798 et
1419 2752 1655 2819 pacem
1709 2729 1819 2800 1115
1868 2728 2035 2797 10015
2070 2727 2363 2796 daturus
2418 2737 2542 2794 est.
2606 2729 2797 2792 Sicut

242 2835 541 2900 namque
576 2814 674 2883 sol
724 2827 790 2885 et
838 2816 893 2887 si
945 2818 1192 2898 minor,
1249 2818 1316 2885 in
1368 2841 1572 2888 suum
1608 2819 1839 2886 denuo
1886 2817 2118 2886 orbem
2179 2836 2493 2885 reversus
2541 2824 2605 2881 et
2656 2811 2795 2881 luci
2900 2887 2907 2892 ,

247 2902 575 2993 pristinae
623 2916 724 2973 est
771 2906 1160 2974 restitutus:
1198 2905 1294 2974 sic
1325 2907 1665 2975 ethorum
1718 2906 2023 2975 locorum
2076 2904 2517 2983 habitatoreS,
2549 2922 2798 2988 quam—

244 2991 344 3059 vis
397 2991 736 3061 mortibus
792 2992 889 3060 vel
941 2993 1479 3064 abductionibus
1526 2994 1919 3074 hominum,
1974 2991 2563 3062 destructionibus
2611 2988 2801 3057 aedi-

243 3078 562 3148 ficiorum
605 3133 619 3159 ,
674 3079 951 3148 damnis
1002 3082 1543 3152 substantiarum
1613 3082 1960 3163 minorati,
2008 3082 2076 3149 in
2140 3081 2512 3171 pristinum
2569 3090 2794 3146 tamen

244 3179 495 3235 statum
549 3179 613 3235 et
663 3168 971 3255 priorum
1011 3190 1237 3238 rerum
1290 3170 1816 3251 abundantiam,
1859 3170 2145 3239 Domino
2192 3169 2516 3246 donante,
2574 3187 2799 3235 rever-

245 3254 392 3324 suri
452 3265 637 3322 sunt.
694 3255 882 3336 Quod
950 3268 1177 3324 autem
1249 3258 1468 3327 nubes
1514 3272 1581 3327 et
1627 3259 1852 3349 caligo
1898 3280 2076 3345 quae
2137 3258 2305 3326 haec
2383 3256 2576 3347 prius
2647 3254 2795 3322 loca

246 3340 716 3431 possidebant,
761 3342 900 3412 sole
945 3343 1188 3412 iterum
1243 3366 1530 3426 reverso,
1587 3359 1777 3416 trans
1812 3368 2000 3416 mare
2046 3347 2341 3436 effugata
2402 3355 2586 3424 sunt,
2642 3364 2801 3432 por-

247 3429 462 3498 tendit
498 3430 678 3498 mala
724 3453 900 3516 quae
939 3434 1339 3502 Nortmanni
1392 3434 1584 3523 prius
1614 3434 1772 3504 aliis
1820 3435 2239 3525 irrogabant,
2275 3433 2431 3503 aliis
2464 3431 2602 3501 alta
2680 3452 2801 3499 ace

243 3517 736 3600 exultantibus,
791 3520 860 3587 in
914 3521 1316 3611 semetipsos
1355 3535 1698 3612 postremo
1745 3544 1894 3593 esse
1945 3522 2424 3609 retorquenda.
2462 3519 2620 3587 »Ad
2649 3541 2799 3587 iaec

241 3630 401 3676 cum
453 3608 671 3676 sancti
715 3607 841 3675 viri
874 3630 1088 3691 soror,
1155 3609 1390 3680 audita
1484 3611 1759 3680 enitalis
1819 3611 1943 3679 soli
1993 3610 2437 3688 desolatione,
2492 3609 2683 3677 fleret
2730 3620 2797 3676 et

242 3719 314 3764 sc
365 3695 473 3764 his
525 3694 727 3766 malis
770 3718 903 3765 non
958 3699 1311 3781 reservari,
1368 3721 1437 3768 se
1535 3711 1735 3768 antea
1783 3699 1867 3768 de
1905 3700 2031 3767 hac
2068 3700 2200 3767 vita
2248 3697 2431 3767 exire
2479 3709 2792 3786 optaret:

243 3807 276 3848 «
315 3789 457 3852 Non
495 3784 588 3851 ita
625 3783 774 3866 erit,
815 3784 1064 3872 inquit,
1119 3786 1359 3856 beatus
1409 3787 1789 3878 Ludgerus.
1836 3792 1972 3878 Ego
2021 3787 2303 3873 quidem
2339 3786 2469 3854 ista
2518 3807 2651 3853 non
2705 3785 2798 3852 vi-

239 3872 455 3941 debo:
509 3873 672 3958 quia
724 3873 920 3962 prius
969 3875 1143 3943 vitae
1191 3897 1472 3946 cursum
1554 3876 2100 3945 consummabo:
2155 3887 2233 3944 tu
2284 3895 2437 3943 vero
2484 3884 2549 3942 et
2626 3873 2799 3942 mihi

242 3961 718 4051 supervictura
752 3975 817 4030 et
867 3976 1405 4051 superventurae
1457 3964 1923 4034 tribulationis
1974 3963 2155 4032 mala
2187 3985 2261 4031 es
2302 3962 2558 4032 visura.
2598 3985 2632 4027 »
2667 3967 2799 4030 Cu-

231 4050 352 4138 jus
415 4050 509 4118 rei
565 4049 967 4119 vaticinium
1018 4073 1143 4120 nos
1211 4052 1356 4141 jam
1412 4073 1547 4121 non
1616 4066 1751 4121 tam
1825 4075 1905 4122 ex
1976 4053 2127 4141 ejus
2192 4051 2397 4121 dictis
2444 4049 2798 4120 credimus

240 4159 447 4224 quarn
502 4138 708 4208 rebus
757 4139 929 4228 ipsis
959 4140 1469 4228 cognoscimus.
1519 4141 1899 4228 Siquidem,
1930 4141 2129 4230 juxta
2176 4141 2327 4230 ejus
2365 4138 2795 4229 prophetiam

239 4239 304 4295 et
344 4227 627 4321 sororei
663 4228 1059 4317 supervixit,
1114 4240 1179 4296 et
1228 4228 1432 4311 mala,
1471 4252 1647 4316 quae
1698 4230 2149 4330 praedixerat,
2197 4227 2392 4298 vidit:
2444 4241 2509 4296 et
2554 4248 2798 4314 quam-

243 4313 366 4382 diu
416 4315 562 4405 ipse
631 4315 698 4383 in
751 4337 1034 4406 corpore
1082 4316 1235 4399 fuit,
1290 4318 1555 4387 nullam
1607 4319 1825 4394 Frisia
1886 4317 2469 4409 perturbationem
2545 4336 2789 4406 passa,

243 4403 409 4471 haec
452 4403 552 4472 vel
589 4425 895 4490 unquam
938 4404 1088 4474 fieri
1131 4428 1350 4497 posse,
1405 4407 1811 4477 incredibile
1850 4406 2230 4497 judicabat.
