3327 4999
196 352 425 417 MART.
481 355 563 419 ⁴6
892 378 971 423 na
1020 380 1076 425 s.
1130 380 1481 428 namneum
1530 382 1753 430 coron.
1809 382 2008 429 Emsc.
2513 368 2643 431 325

196 471 527 537 suumque
576 455 862 543 pronius
911 456 1206 526 visitavit
1240 459 1623 542 infirmum,
1665 474 1945 550 paterne
1982 473 2413 551 percontanS,
2462 464 2518 531 si
2567 464 2740 550 quid

193 539 398 619 vellet,
430 542 669 630 siquid
706 543 946 612 saltem
974 557 1252 634 gustare
1274 548 1713 636 praevaleret.
1751 548 1874 617 Ille
1898 561 1975 619 ut
2004 549 2522 619 ardebatvalido
2546 563 2741 622 aestu

194 625 503 715 febrium,
561 631 734 699 nihil
786 646 1052 721 praeter
1098 656 1351 720 aquam
1415 659 1486 705 se
1536 658 1736 725 posse
1787 636 2137 726 professus
2184 649 2307 707 est.
2374 643 2520 721 Qua
2571 661 2733 709 cum

188 714 654 793 benedictione
701 741 1048 801 concessa,
1102 723 1251 823 ipse
1298 723 1383 793 de
1433 746 1619 793 more
1670 725 2004 793 solemnia
2057 725 2415 796 Missarum
2470 728 2733 817 ingres-

188 825 300 872 sus
344 820 468 879 est.
525 808 704 877 Nihil
752 808 936 894 quod
986 809 1346 879 audiretur
1392 810 1598 893 foriS‚
1662 835 1787 904 pro
1837 814 2109 883 virtutis
2168 815 2606 903 operatione,
2663 827 2741 884 ut

189 892 315 962 sibi
362 896 619 999 aegroti
655 896 1147 967 concederetur
1175 898 1387 980 salus,
1426 902 1666 979 oravit,
1713 901 1891 971 sicut
1928 902 2075 991 jam
2115 902 2437 991 superius
2469 902 2736 973 dictum

185 993 302 1062 est,
345 1005 514 1068 qula
565 1005 945 1069 numquam
997 1007 1120 1075 pro
1172 986 1579 1074 hujusmodi
1629 989 1850 1079 signis
1897 1002 2015 1058 aut
2064 990 2434 1059 virtutibus
2468 1011 2742 1080 precem

190 1071 618 1145 manifestam
667 1070 868 1141 fudit.
923 1074 1172 1142 Orabat
1219 1087 1483 1155 tamen,
1539 1082 1672 1145 Deo
1719 1076 1998 1163 quidem
2066 1077 2390 1163 loquenS‚
2446 1079 2563 1147 sed
2616 1079 2745 1147 ho-

187 1157 488 1231 minibus
538 1160 785 1231 tacitus
832 1172 897 1229 et
947 1162 1243 1231 maxime
1291 1163 1362 1230 in
1411 1165 1754 1250 ejusmodi
1801 1166 2033 1234 causis
2058 1166 2533 1255 evangelicum
2567 1189 2738 1236 con-

185 1245 410 1317 silium
450 1249 854 1318 observabat
905 1250 1199 1332 Domini,
1253 1252 1581 1320 dicentis:
1642 1259 1736 1321 Tu
1780 1264 2006 1321 autem
2064 1277 2214 1322 cum
2253 1257 2573 1336 oraveris,
2629 1258 2737 1324 in-

184 1344 285 1404 tra
315 1339 385 1407 in
418 1339 823 1417 cubiculum,
880 1348 941 1405 et
991 1341 1220 1408 clauso
1268 1343 1430 1408 ostio
1487 1364 1607 1409 ora
1651 1346 1920 1409 Patrem
1975 1351 2188 1410 tuum.
2246 1341 2487 1411 Clauso
2538 1365 2740 1411 nam-

181 1442 306 1507 que
340 1427 481 1498 oris
530 1427 725 1505 osti0,
801 1425 1039 1493 orabat
1107 1449 1228 1516 pro
1279 1428 1557 1505 talibus,
1630 1439 1707 1497 ut
1753 1452 1912 1497 cum
1980 1431 2406 1518 provenisset
2470 1431 2742 1500 virtutis

181 1511 479 1594 effectus,
538 1515 684 1603 ipse
734 1512 904 1581 nihil
957 1513 1181 1603 egisse
1231 1527 1626 1605 putaretur:
1683 1529 1887 1602 atque
1945 1517 2038 1586 ita
2076 1518 2350 1606 justitia
2397 1519 2549 1605 ejus
2599 1540 2738 1588 non

183 1600 523 1670 videretur
558 1604 646 1671 ab
696 1601 1123 1670 hominibus.
1178 1604 1355 1685 Quid
1392 1604 1660 1673 multa?
1710 1605 2009 1676 Peractis
2061 1607 2423 1675 Missarum
2487 1607 2742 1676 solem-v

184 1688 335 1769 niis,
389 1690 562 1758 dum
604 1710 808 1761 suum
860 1712 1106 1759 rursus
1167 1692 1472 1761 visitaret
1532 1703 1915 1780 aegrotum,
1968 1693 2086 1763 ille
2124 1695 2271 1783 jam
2325 1694 2474 1764 sine
2520 1695 2738 1765 dubio

186 1779 443 1846 meritis
490 1778 641 1867 ejus
688 1777 772 1845 de
805 1799 918 1846 ma
974 1779 1081 1847 nis
1127 1778 1422 1849 febrium
1472 1779 1754 1869 ignibus
1803 1802 1882 1849 ac
1932 1782 2451 1872 suspicionibus
2499 1782 2741 1853 mortis

184 1863 501 1935 instantis
539 1876 836 1955 ereptuS,
872 1888 911 1934 a
964 1888 1042 1936 eo
1081 1868 1544 1950 convaluerat,
1581 1880 1659 1938 ut
1689 1868 2081 1939 aviditatem
2114 1892 2388 1957 quoque
2417 1871 2735 1941 ciborum

181 1952 488 2043 adeptus,
546 1964 815 2043 rogaret
884 1954 1020 2024 sibi
1082 1957 1453 2025 transmitti
1521 1956 1959 2046 pulmentum
2009 1957 2094 2027 de
2157 1980 2436 2029 mensae
2507 1959 2731 2050 ipsius

179 2041 646 2132 apparatibus.
703 2047 982 2111 Factum
1031 2055 1155 2125 est,
1192 2056 1258 2112 et
1303 2044 1548 2113 exinde
1597 2066 1819 2131 usque
1866 2045 1951 2112 ad
1988 2046 2367 2116 satietatem
2400 2046 2717 2127 resectu5‚

175 2128 337 2199 adeo
369 2130 455 2199 de
502 2129 903 2199 infirmitate
942 2132 1312 2213 convaluit,
1366 2144 1441 2201 ut
1475 2132 1924 2221 proximadie
1972 2156 2134 2203 cum
2169 2135 2326 2204 aliis
2369 2135 2721 2234 proposito

174 2215 412 2288 itinere
462 2219 880 2309 Moguntiam
934 2221 1228 2308 praeiret
1273 2232 1338 2289 et
1368 2219 1785 2310 episcopalis
1830 2221 2146 2308 obsequii
2195 2244 2438 2291 munia
2483 2244 2564 2292 ex
2613 2223 2726 2290 in-

181 2314 387 2395 tegr-0,
432 2317 509 2376 ut
552 2318 697 2375 erat
744 2306 1011 2386 solitus,
1065 2308 1251 2376 adim
1310 2309 1497 2377 leret.

267 2395 302 2479 ἓ
360 2398 492 2466 1¹2.
546 2394 736 2464 Idem
801 2393 1165 2465 familiaris
1225 2397 1557 2476 cericus,
1619 2396 2062 2487 postmodum
2132 2398 2385 2467 domus
2435 2403 2500 2467 S.
2554 2397 2735 2468 Petri

183 2483 635 2572 praepositus,
691 2482 991 2573 plurima
1040 2484 1127 2554 de
1199 2484 1439 2556 eodem
1518 2495 1712 2575 patre
1761 2508 2016 2576 magna
2074 2498 2140 2557 et
2188 2487 2561 2556 maonifica
2610 2508 2737 2556 no-

176 2587 356 2639 verat
402 2584 470 2641 et
510 2594 790 2641 narrare
836 2586 1306 2643 consueverat.
1342 2579 1648 2656 Quorum
1703 2574 2029 2663 pleraque
2069 2596 2229 2644 cum
2263 2541 2349 2645 ob
2381 2575 2734 2644 brevitatis

175 2658 483 2729 studium
519 2660 884 2760 praeterita
932 2661 1093 2743 sint,
1147 2684 1368 2730 unum
1409 2673 1512 2732 est
1557 2662 1744 2749 quod
1795 2662 2068 2732 silentio
2117 2663 2410 2732 transire
2458 2685 2598 2731 non
2651 2662 2732 2730 li-

171 2742 357 2817 buit:
410 2770 579 2834 quta
627 2770 782 2817 vere
829 2749 1111 2838 signum
1162 2771 1496 2840 magnum
1536 2761 1730 2819 estet
1774 2751 2055 2822 evidens
2101 2751 2287 2838 quod
2337 2752 2553 2822 oratio
2579 2751 2733 2841 ejus

169 2855 318 2904 vere
364 2836 553 2927 ignis
602 2836 829 2918 suerit,
882 2851 949 2906 et
995 2849 1153 2907 ante
1198 2837 1437 2908 oculos
1498 2838 1881 2909 divinitatis
1927 2839 2115 2910 velut
2165 2839 2434 2928 lampas
2483 2839 2740 2910 ardens

171 2933 234 2990 et
282 2923 550 3006 lucenS,
605 2925 908 2994 charitas
954 2926 1104 3015 ejus
1178 2926 1494 2996 extiterit.
1576 2932 1779 2996 Nocte
1825 2928 2171 3012 quadam,
2228 2928 2501 2998 cunctis
2549 2928 2737 2997 circa

168 3008 396 3098 ipsum
453 3013 998 3095 dormientibus,
1054 3014 1288 3083 lumen
1339 3015 1523 3100 quod
1573 3014 1658 3084 de
1709 3036 1899 3084 more
1946 3037 2175 3084 coram
2228 3015 2381 3108 ipso
2429 3016 2739 3117 positum

167 3096 407 3181 fuerat,
466 3113 542 3170 ut
592 3112 726 3170 toto
775 3101 997 3170 noctis
1046 3103 1266 3192 spatio
1317 3102 1575 3171 luceret
1598 3152 1627 3182 ‚-
1668 3103 2046 3172 extinctum
2104 3114 2228 3173 est.
2290 3109 2368 3173 At
2431 3104 2549 3173 ssle
2587 3104 2739 3194 jam

168 3185 394 3258 dictus
446 3188 812 3260 familiaris
845 3189 1141 3260 clericus
1197 3202 1472 3280 repente
1521 3212 1767 3260 somno
1814 3192 2146 3261 excitatus
2194 3213 2625 3282 consurgens
2674 3201 2741 3260 et

169 3272 295 3345 hac
345 3276 647 3363 illacque
681 3278 813 3347 sub
852 3277 1211 3346 horridulo
1261 3278 1531 3347 silentio
1580 3278 2182 3369 circumspicienS,
2235 3280 2403 3349 dum
2459 3303 2583 3370 pro
2633 3301 2738 3347 re-

168 3365 570 3454 cuperando
604 3365 885 3434 lumine
946 3365 1260 3436 solicitus
1336 3366 1655 3456 trepidat,
1710 3388 1856 3435 rem
1924 3367 2229 3436 divinam
2280 3380 2346 3438 et
2396 3368 2736 3437 memoria

166 3450 478 3541 dignam,
535 3466 610 3523 ut
655 3455 805 3544 ipse
835 3477 996 3523 cum
1030 3455 1428 3544 juramento
1489 3454 1889 3535 testabatur,
1926 3456 2371 3544 conspicatus
2397 3468 2522 3527 est.
2559 3460 2735 3524 Nam

171 3539 346 3609 inter
378 3542 569 3631 ipsas
617 3543 838 3612 noctis
889 3543 1227 3625 tenebras,
1280 3564 1438 3612 ecce
1484 3541 1571 3610 de
1610 3541 1904 3623 lectulo,
1958 3544 2029 3612 in
2081 3566 2220 3630 quo
2269 3544 2511 3614 beatus
2608 3564 2737 3612 on-

170 3626 324 3698 tisex
377 3629 665 3720 pervigil
717 3630 957 3700 orabat
1017 3630 1340 3721 expansis
1409 3630 1774 3713 manibuS,
1829 3631 1948 3700 lux
2018 3632 2362 3702 immensa
2410 3631 2561 3701 refu
2594 3631 2731 3702 sit:

168 3717 370 3806 cujus
420 3717 629 3787 etiam
690 3719 1172 3819 magnitudine
1219 3718 1681 3787 invalescente
1712 3773 1727 3799 ‚
1780 3740 1907 3789 nec
1986 3719 2552 3789 manuseasdem
2592 3774 2607 3799 ‚
2659 3730 2740 3788 ut

164 3801 310 3892 ipse
358 3805 726 3887 fatebatur,
783 3806 1012 3875 videre
1059 3819 1179 3876 aut
1226 3806 1618 3875 discernere
1668 3807 1913 3895 potuit.
1953 3812 2096 3876 Hoc
2144 3808 2482 3877 nimirum
2533 3808 2737 3896 signo

162 3894 326 3964 satis
375 3892 629 3963 claruit
661 3895 845 3979 quod
894 3916 1050 3964 vere
1082 3895 1273 3964 filius
1319 3907 1497 3964 esset
1552 3893 1754 3974 luciS,
1807 3909 1873 3965 et
1909 3896 2074 3982 quia
2122 3896 2339 3965 oratio
2387 3896 2538 3985 ejus
2573 3916 2731 3964 vere

160 3992 233 4048 ut
281 3982 472 4071 ignis
523 3993 800 4071 peccata
849 3984 1222 4063 consumit,
1274 3994 1340 4051 et
1377 3993 1744 4071 potestates
1806 3983 2245 4052 tenebrarum
2307 3983 2543 4052 vincit.
2599 3989 2732 4053 Nec

160 4089 317 4137 vero
367 4070 493 4137 illa
529 4080 793 4139 tantum
823 4071 992 4151 vice,
1046 4070 1164 4140 sed
1198 4082 1263 4140 et
1296 4070 1644 4140 multoties
1672 4093 1835 4140 cum
1872 4083 2023 4161 post
2053 4072 2497 4141 matutinales
2529 4071 2735 4160 hym-

165 4174 331 4238 nos,
389 4157 961 4258 psalmorumque
1030 4160 1396 4228 continuas
1473 4158 1987 4228 decantationes
2063 4158 2299 4229 lumen
2375 4159 2728 4229 materiale

159 4242 420 4314 alicubi
472 4246 980 4327 reconderetur,
1022 4245 1258 4315 lumen
1309 4245 1672 4335 spirituale
1706 4248 2101 4338 pontificem
2137 4259 2452 4317 sanctum
2506 4267 2731 4345 secre-

160 4330 300 4487 ῑίιῖξ
376 4335 833 4489 orantem-ita
900 4334 1415 4413 circumfulsit,
1470 4345 1549 4404 ut
1616 4347 1976 4425 putaretur
2050 4336 2292 4408 adesse
2339 4346 2729 4426 praesentia

161 4439 236 4488 so
272 4442 327 4488 is
362 4443 530 4490 meri
594 4443 752 4490 iam.
