3327 4999
718 333 848 399 594
1459 346 1543 396 ns
1591 350 1648 397 s.
1705 345 2021 398 unamico
2066 343 2368 394 itmscoro
2769 327 2877 394 EX
2916 327 3105 394 ΗΠ..
3131 328 3215 395 :4

616 430 816 502 navis
863 450 1077 519 super
1103 426 1454 516 quoddam
1506 427 1600 496 im
1659 428 1928 519 ingitur
1964 426 2280 516 lignum:
2331 447 2411 494 ex
2455 445 2597 512 quo
2641 424 3044 525 patentibus
3101 424 3216 495 ri-

621 517 757 586 mis
804 517 1031 607 coepit
1064 515 1396 607 paulatim
1449 516 1596 607 imp
1626 517 1726 586 eri
1775 516 2000 603 aquis.
2054 513 2326 584 Timore
2370 514 2716 604 perterriti
2771 526 3050 593 nautae,
3105 512 3212 582 ad

617 604 785 674 litus
832 604 1263 675 contendunt
1335 606 1649 695 propere.
1726 609 1876 688 Quo
1936 602 2450 694 pervenienteS,
2502 602 2837 685 omnibus
2879 623 3067 687 quae
3123 602 3206 670 in

617 693 777 762 navi
825 705 1043 772 erant,
1099 692 1497 783 exportatiS,
1548 692 1745 762 obliti
1794 705 1959 762 sunt
2018 689 2338 791 Episcopi
2390 690 2461 760 in
2512 688 2739 781 puppi
2784 689 3203 761 residentis.

613 785 804 850 Tunc
853 802 1041 850 unus
1086 801 1167 850 ex
1206 780 1482 851 clericis
1506 781 1789 852 trahens
1835 801 1958 850 sus
2010 779 2142 848 iria
2170 801 2250 848 ex
2285 778 2531 848 intimo
2561 778 2966 858 cordis,ait:
3015 782 3212 848 «Vae

617 868 819 938 nobis
868 868 1143 938 miseris
1173 868 1341 956 quia
1387 866 1459 937 in
1492 881 1681 939 tanto
1713 868 1950 959 pericu
1981 889 2021 938 o
2045 866 2241 937 obliti
2280 889 2532 938 sumus
2571 866 2790 936 nostri
2817 864 3208 937 senioris.»

614 961 696 1025 Et
729 955 900 1026 haec
948 956 1214 1038 dicens,
1254 956 1555 1026 velocius
1601 956 1934 1037 cucurrit,
1987 965 2054 1025 et
2100 954 2415 1027 humeris
2453 955 2859 1046 impositum
2892 953 2981 1023 ad
3023 954 3204 1025 litus

614 1044 958 1134 exposuit.
998 1049 1145 1128 Quo
1192 1066 1493 1135 egresso,
1549 1045 1747 1115 navis
1793 1044 1863 1113 in
1917 1043 2277 1135 posteriori
2421 1057 2521 1113 rte
2554 1042 2894 1133 mergitur
2939 1055 3009 1112 et
3057 1043 3208 1114 tni-

614 1153 774 1201 rum
826 1131 895 1201 in
950 1132 1236 1203 modum
1303 1132 1522 1214 navis,
1572 1155 1764 1221 quae
1811 1132 2015 1222 plena
2065 1131 2331 1201 homini
2389 1153 2472 1202 us
2536 1131 2968 1218 caeterisque
3017 1153 3203 1222 sup·

611 1219 1077 1310 pellectilibus
1125 1242 1340 1309 super
1384 1242 1602 1308 aquas
1643 1232 2017 1303 nataverat,
2047 1220 2195 1289 viro
2227 1219 2343 1290 Dei
2373 1241 2535 1289 cum
2568 1220 2717 1291 suis
2758 1219 3195 1308 egrediente,

614 1330 750 1377 non
802 1308 1028 1398 potuit
1073 1307 1340 1377 diutius
1387 1309 1556 1395 quin
1610 1319 2058 1400 mergeretur,
2103 1308 2521 1379 subsistere:
2561 1320 2638 1377 ut
2685 1306 2848 1376 inde
2895 1307 3201 1397 collige-

616 1409 809 1465 retur
859 1396 1025 1483 quia
1081 1396 1261 1466 hanc
1307 1397 1749 1487 omnipotens
1796 1401 1975 1467 Deus
2044 1419 2175 1467 sua
2222 1419 2439 1466 manu
2488 1407 2849 1477 tenuerat,
2903 1396 3198 1482 quando

615 1483 722 1553 vir
762 1484 881 1553 Dei
911 1506 1070 1554 cum
1122 1483 1271 1553 suis
1318 1485 1392 1552 in
1438 1506 1522 1554 ea
1570 1484 1916 1554 manebat.
1970 1490 2139 1554 Item
2190 1482 2327 1554 alia
2366 1485 2676 1554 vice-vir
2721 1484 2840 1553 Dei
2889 1488 3196 1555 Romam

617 1593 903 1663 pergere
950 1571 1376 1653 desiderans,
1424 1572 1608 1642 venit
1663 1571 1752 1641 ad
1819 1572 2120 1643 ssuvium'
2161 1578 2292 1641 Tar
2328 1573 2362 1608 ⁴²
2410 1573 2850 1642 nominatum
2888 1596 2905 1640 ε
2973 1594 3192 1661 quem

614 1672 755 1729 tam
814 1659 1205 1761 periculosa
1254 1660 1509 1749 reperit
1562 1660 2018 1730 inundatione
2068 1661 2397 1741 effusum,
2450 1673 2527 1730 ut
2594 1682 2720 1729 nec
2766 1682 2972 1746 equo,
3065 1683 3194 1731 nec

612 1747 889 1839 navigio
938 1747 1194 1834 aliquis
1242 1760 1472 1839 posset
1521 1748 1815 1818 transire
1862 1747 2090 1818 illum.
2145 1747 2273 1818 Sed
2311 1760 2595 1818 sanctus
2646 1748 2950 1838 pontifex
3006 1748 3190 1817 fidu-

617 1835 801 1905 ciam
850 1836 1115 1906 habens
1162 1836 1236 1903 in
1287 1840 1443 1917 Deo,
1483 1836 1847 1907 celebratis
1879 1836 1950 1907 in
2003 1835 2227 1926 ipsius
2266 1835 2582 1905 fluminis
2623 1838 2775 1926 ripa
2816 1838 3191 1906 Missarum

617 1923 1021 2024 solemniis,
1086 1924 1518 2013 praedictum
1578 1924 1871 1994 fluvium
1944 1924 2410 1994 transvadavit
2481 1946 2644 1994 cum
2706 1924 3191 1994 incolumitate

617 2032 939 2080 omnium
988 2032 1301 2080 suorum.
2177 2058 2178 2061 ,

701 2107 741 2180 ἓ
794 2104 956 2170 2².
1010 2104 1087 2167 In
1140 2098 1279 2169 illis
1342 2099 1591 2170 diebus
1665 2099 1925 2169 electus
1974 2099 2093 2169 Dei
2166 2098 2469 2190 pontifex
2530 2122 2769 2171 sacrae
2817 2099 3187 2191 religionis

614 2186 846 2256 studio
886 2186 1235 2267 incitatuS,
1288 2187 1504 2256 divini
1552 2187 1811 2259 amoris
1858 2188 2020 2277 igne
2067 2209 2469 2269 succensuS,
2521 2189 2847 2279 coepitio
2884 2188 3186 2259 ecclesia

615 2278 682 2345 S.
738 2274 1068 2364 Stephani
1118 2276 1640 2365 protomartyris
1688 2276 1961 2355 Christi,
2014 2297 2193 2362 quae
2240 2290 2428 2347 extra
2475 2277 2672 2346 urbis
2723 2277 3000 2346 moenia
3051 2278 3186 2347 sita

614 2374 738 2443 est,
794 2361 1152 2452 religiosas
1181 2363 1519 2435 foeminas
1555 2384 1998 2453 congregare:
2035 2378 2379 2452 quatenus
2412 2365 2478 2432 in
2532 2377 2771 2434 sancto
2822 2367 3182 2455 proposito

614 2460 802 2522 tanto
851 2450 1139 2522 liberius
1176 2452 1429 2521 ibidem
1469 2456 1600 2522 Deo
1634 2452 1989 2532 servirent,
2033 2465 2293 2540 quanto
2352 2451 2628 2543 longius
2688 2476 2731 2523 a
2778 2454 3184 2525 mundanae

612 2540 909 2609 actionis
974 2539 1207 2609 labore
1254 2540 1611 2611 distarent.
1665 2540 1758 2610 Ad
1808 2540 1992 2627 quod
2061 2542 2558 2612 monasterium
2610 2541 2780 2611 dum
2828 2544 3178 2628 quaedam

609 2640 928 2697 matrona
976 2628 1064 2697 ad
1124 2629 1645 2699 conversionem
1719 2629 1979 2698 veniret
2041 2642 2108 2698 et
2162 2651 2204 2699 a
2249 2631 2785 2722 congregatione
2857 2645 3188 2722 suscepta

610 2714 876 2796 fuisset,
915 2717 1141 2806 coepit
1196 2717 1266 2784 in
1321 2717 1434 2785 Dei
1484 2717 1762 2787 servitio
1810 2738 2091 2786 manere
2161 2717 2427 2788 devota:
2478 2731 2545 2787 et
2594 2718 2750 2788 licet
2816 2716 3184 2789 literarum

609 2805 899 2874 scientia
936 2806 1170 2873 minus
1198 2805 1557 2884 instructa,
1596 2817 1826 2874 tamen
1858 2805 1945 2874 ad
1994 2806 2335 2875 exteriora
2370 2806 2793 2897 providenda
2824 2808 2997 2877 satis
3038 2820 3190 2878 erat

610 2892 882 2962 idonea.
941 2892 1132 2961 Unde
1179 2914 1448 2963 sorores
1494 2893 1559 2961 ei
1613 2891 1977 2963 voluerunt
2023 2892 2334 2964 officium
2386 2893 2784 2964 cellerariae
2829 2918 3192 2965 commen-

609 2979 799 3060 dare,
849 2980 967 3050 sed
1029 2979 1148 3048 illa
1196 2978 1418 3048 noluit
1462 2982 1873 3050 consentire.
1929 2987 2118 3050 Tunc
2168 3003 2278 3051 res
2337 2982 2423 3051 ad
2474 2983 2893 3073 Episcopum
2950 2985 3186 3054 deser-

610 3079 745 3138 tur.
799 3068 929 3151 Qui
976 3089 1141 3136 cum
1187 3067 1411 3136 eidem
1438 3066 1712 3152 juberet
1743 3069 2044 3148 obedire,
2099 3070 2344 3150 noluit,
2401 3071 2517 3142 sed
2579 3071 2650 3139 in
2709 3072 3190 3142 obstinatione

612 3156 865 3225 mentis
916 3154 1336 3245 perduravit.
1400 3155 1724 3243 Sequenti
1774 3178 1928 3226 vero
1975 3170 2172 3227 nocte
2219 3158 2621 3260 hujusmodi
2687 3160 2915 3232 verbis
2963 3162 3188 3231 corri-

611 3243 801 3332 pitur
846 3243 917 3312 in
954 3244 1244 3313 somnis:
1272 3244 1511 3326 «Quia,
1565 3245 1817 3332 inquit,
1864 3267 2000 3315 non
2036 3245 2332 3318 obedisti
2381 3247 2704 3337 Episcopi
2755 3249 3174 3339 praeceptiS,

610 3331 856 3401 tandiu
900 3331 1308 3401 ambulandi
1358 3354 1491 3402 usu
1552 3333 1863 3414 carebis,
1915 3356 2277 3420 quousque
2335 3335 2422 3404 ab
2474 3335 2592 3405 illo
2632 3335 2897 3405 absolvi
2950 3340 3176 3406 mere-

611 3418 868 3491 beris.»
919 3425 1010 3489 Ex
1063 3420 1444 3511 ergefacta,
1480 3422 1768 3490 omnino
1827 3424 2210 3512 permansit
2255 3422 2506 3493 debilis
2553 3436 2620 3492 et
2650 3423 2903 3493 clauda
2951 3437 3017 3493 et
3066 3448 3178 3494 re-

606 3519 906 3578 vertente
951 3530 991 3577 a
1085 3508 1425 3578 civitatem
1460 3509 1820 3598 Episcopo,
1875 3521 2030 3579 ante
2063 3511 2218 3598 ejus
2266 3512 2727 3601 praesentiam
2780 3512 2851 3581 in
2912 3512 3176 3582 lectulo

605 3608 709 3668 est
745 3596 1122 3686 deportata.
1175 3601 1225 3666 Α
1268 3618 1405 3684 quo
1454 3596 1539 3666 de
1605 3597 2072 3667 inobedientia
2122 3598 2378 3688 pariter
2421 3612 2739 3689 correpta
2787 3611 2891 3669 est
2938 3611 3007 3670 et
3057 3623 3177 3670 sa-

606 3695 790 3754 nata.
835 3690 1001 3776 Ipsa
1048 3697 1304 3765 autem,
1361 3695 1437 3754 ut
1487 3707 1558 3756 se
1607 3686 1823 3755 sensit
1870 3699 2206 3765 sanatam,
2259 3688 2605 3757 currendo
2662 3702 3041 3775 antequam
3082 3689 3176 3758 ad

602 3772 965 3930 ecclesssarn
1014 3773 1394 3863 Episcopus
1441 3773 1726 3855 veniret,
1773 3774 2145 3865 praecessit
2177 3796 2364 3857 eum,
2421 3775 2717 3846 laudans
2764 3789 2830 3846 et
2878 3776 3182 3846 benedi-

603 3882 769 3931 cens
874 3883 1059 3930 eum.

695 3951 733 4036 ἓ
796 3955 955 4020 23.
1011 3948 1323 4031 Quodam
1402 3959 1709 4038 tempore
1754 3950 1923 4019 dum
1992 3951 2489 4042 omnipotentis
2551 3952 2665 4021 Dei
2722 3951 3034 4021 famulus
3093 3954 3188 4022 ad

602 4036 950 4125 synodum
1018 4038 1517 4127 Episcoporum
1574 4059 1752 4126 quae
1802 4038 1871 4106 in
1923 4038 2088 4109 villa
2137 4040 2366 4130 regia,
2433 4039 2903 4130 lagelenheim
2957 4040 3174 4124 dicta,

601 4137 749 4195 erat
796 4126 1303 4216 congreganda,
1360 4141 1695 4225 pergeret,
1727 4127 2100 4213 quemdam
2151 4150 2524 4219 pauperem
2580 4128 2864 4197 nomine
2894 4128 3186 4198 Rotber-

606 4225 778 4295 tum‚
831 4214 1109 4283 obvium
1162 4214 1406 4283 habuit
1470 4215 1591 4301 qui
1641 4215 1900 4284 ventris
1957 4216 2068 4287 sui
2123 4216 2450 4287 interiora
2504 4215 2670 4286 soris
2723 4215 3056 4306 prolapsa
3104 4217 3180 4286 in

609 4302 772 4372 sinu
804 4303 1113 4392 gestavit.
1153 4306 1369 4384 Quem
1400 4316 1475 4372 ut
1500 4304 1879 4394 conspexit,
1914 4304 2394 4376 misericordia
2425 4316 2674 4386 motus,
2714 4304 2776 4373 ei
2812 4304 3188 4374 denarium

663 4428 688 4451 ·
718 4428 882 4469 Italico
903 4430 1020 4469 Tar-o
1039 4428 1123 4478 qui
1140 4429 1448 4470 Psi-mensem
1465 4428 1762 4478 provinciam
1780 4428 2030 4471 interfluit.
