3327 4999
167 389 274 456 EX
320 391 503 460 NOV.
560 394 642 459 42
970 413 1048 460 mi
1097 415 1151 462 s.
1208 415 1475 464 Lssnmno
1524 413 1920 464 ransavrsiio
2501 399 2627 464 705

167 509 404 561 servus
452 513 531 561 ac
578 490 772 562 fortis
811 503 1127 583 operator
1175 495 1547 578 LebuinuS‚
1587 495 1657 564 in
1701 518 1875 588 opus
1925 496 2057 566 sibi
2089 497 2443 567 aDomino
2477 497 2715 588 inJun-

167 589 380 658 ctum,
429 591 829 670 segregatus
876 594 979 652 est
1009 596 1075 652 et
1107 596 1530 675 assumptus.

256 670 295 754 ἓ
347 672 423 740 2.
480 668 600 738 Cui
650 669 855 739 etiam
907 684 982 740 nt
1032 693 1165 740 non
1211 672 1437 744 solum
1485 696 1644 743 cum
1696 674 2057 764 ApostoliS‚
2112 674 2232 744 sed
2280 687 2344 746 et
2390 698 2550 745 cum
2600 698 2718 765 pa-

168 757 487 827 triarchis
533 757 745 848 digna
779 757 950 829 foret
998 761 1226 849 operis
1277 763 1701 844 communiO,
1757 764 1979 853 ipsius
2019 764 2278 832 summi
2341 765 2716 833 sacerdotis

166 846 476 916 Abrahae
524 869 646 936 pro
699 847 933 916 onitur
980 849 1291 920 imitatio.
1354 856 1521 921 Nam
1571 851 1919 939 quomodo
1969 852 2071 920 illi
2123 865 2567 943 praeceptum
2616 865 2719 921 est

165 956 207 1002 a
258 939 411 1014 Deo,
461 935 579 1004 Exi
628 957 712 1004 te
755 946 932 1006 terra
980 950 1045 1006 et
1093 939 1501 1030 cognatione
1554 953 1690 1021 tua,
1730 954 1794 1009 et
1843 940 1996 1008 veni
2049 941 2117 1008 in
2171 954 2445 1021 terram,
2504 964 2712 1028 quam

168 1021 293 1091 tibi
343 1035 833 1094 monstravero:
887 1037 950 1094 et
998 1025 1149 1110 ejus
1197 1029 1510 1117 protinus
1559 1029 1676 1098 ille
1726 1030 1955 1118 paruit
1996 1029 2323 1118 imperio:
2378 1030 2562 1099 itaet
2594 1031 2719 1100 iste

164 1111 271 1180 vir
316 1111 727 1183 venerabilis
779 1113 906 1182 lioc
936 1114 1195 1196 audito,
1251 1138 1329 1187 ac
1380 1117 1586 1186 veluti
1635 1116 1770 1186 sibi
1819 1118 2211 1206 specialiter
2251 1118 2587 1208 delegatO,
2627 1119 2714 1186 ad

163 1200 558 1290 exemplum
608 1201 787 1270 beati
839 1203 1288 1292 patriarchae,
1346 1205 1507 1276 huic
1541 1205 2106 1296 irrefragabiliter
2135 1207 2434 1276 inhaesit
2460 1207 2708 1276 edicto,

166 1287 414 1358 Exiens
459 1311 621 1379 ergo
655 1290 949 1380 impigre
982 1291 1065 1360 de
1099 1304 1276 1362 terra
1314 1306 1377 1362 et
1407 1295 1816 1384 cognatione
1851 1317 1999 1374 sua,
2044 1295 2430 1384 posthabita
2481 1295 2715 1364 insula

165 1377 567 1477 Anglorum,
621 1379 965 1449 evectione
1016 1381 1240 1450 navali
1276 1383 1656 1471 Trajectum
1697 1383 1911 1473 petiit,
1951 1395 2253 1453 castrum
2288 1383 2718 1473 wiltenburg

165 1466 553 1553 antiquitus
577 1465 866 1547 dictum,
908 1469 1110 1539 modo
1145 1491 1297 1539 vero
1332 1472 1716 1560 Trajectum
1746 1495 1760 1535 ι
1806 1472 1928 1540 ubi
1957 1471 2305 1558 reperiens
2335 1472 2707 1558 quemdam

165 1554 624 1624 venerabilem
677 1556 925 1637 virum,
962 1558 1242 1627 nomine
1275 1560 1706 1648 Gregorium,
1745 1583 1824 1629 ex
1854 1560 2067 1630 nobili
2102 1565 2521 1629 Francorum
2556 1583 2718 1631 san-

166 1642 379 1732 guine
412 1656 869 1733 procreatum,
908 1666 945 1713 a
983 1645 1178 1715 beato
1212 1647 1558 1718 Bonifacio
1593 1648 2122 1738 Arcbiepiscopo
2155 1647 2320 1716 olini
2350 1672 2388 1717 a
2424 1649 2720 1737 pueritia

167 1731 572 1812 enutritum,
627 1732 851 1822 gradu
903 1734 1378 1805 Ecclesiastico
1444 1736 1947 1826 presbyterum,
2004 1736 2121 1807 sed
2173 1748 2336 1805 tunc
2429 1758 2502 1805 ro
2552 1749 2721 1805 tem-

169 1841 335 1910 pore
383 1819 809 1911 Episcopalis
848 1821 1061 1892 oflicii
1094 1823 1161 1891 in
1212 1823 1450 1894 eodem
1481 1838 1708 1895 castro
1757 1825 1858 1894 vel
1908 1824 2112 1894 etiam
2167 1846 2372 1914 paroc
2431 1824 2496 1895 ia
2544 1825 2722 1893 vica-

171 1908 383 1992 rium,
421 1930 498 1978 ex
555 1910 738 1979 osuit
784 1910 846 1978 ei
887 1932 1163 1981 ornnem
1199 1935 1363 1983 suae
1411 1913 2011 2003 peregrinationis,
2067 1913 2339 2000 sibique
2391 1914 2720 1984 commis-

172 2018 287 2067 sae
323 2019 483 2090 prae
540 1997 857 2068 icationis
908 2010 1189 2068 textum.

258 2087 295 2172 ἓ
354 2087 435 2157 8.
490 2086 666 2170 Quia
716 2077 871 2156 vero
921 2088 1141 2177 gratia
1202 2089 1508 2178 Gregorii
1550 2089 1714 2159 boni
1763 2088 2120 2182 discipuli,
2165 2089 2423 2158 mentio
2471 2089 2715 2179 optimi

170 2172 345 2243 facta
379 2187 482 2244 est
530 2175 843 2264 magistri
884 2175 1238 2257 Bonisacii,
1279 2199 1417 2246 non
1464 2177 1836 2269 indignum
1874 2177 2162 2259 (ridetur,
2219 2178 2384 2247 tanti
2441 2199 2719 2268 praesu·

173 2262 257 2332 lis
298 2262 586 2353 dignam
637 2276 1047 2333 cunctorum
1076 2266 1432 2346 memoria,
1470 2266 1629 2335 licet
1669 2267 2043 2347 succincte,
2095 2266 2490 2335 relationem
2542 2265 2715 2335 fleri.

170 2350 295 2420 Hic
345 2351 643 2437 denique
708 2352 812 2421 vir
872 2375 952 2421 ex
1016 2353 1366 2442 praedicta
1424 2355 1802 2445 Anglorum
1873 2354 2093 2445 patria
2167 2354 2621 2444 progenitus,
2678 2377 2718 2422 a

170 2439 467 2529 pueritia
525 2445 656 2510 Deo
716 2440 1028 2522 dicaam,
1083 2463 1245 2512 cum
1306 2443 1805 2514 succrescentis
1853 2444 2094 2514 aetatis
2137 2443 2580 2534 profectibuS,
2637 2442 2722 2512 ile

169 2527 281 2597 die
319 2529 385 2596 in
421 2528 630 2610 diem,
677 2530 1054 2620 sapientiae
1102 2543 1167 2600 et
1216 2532 1422 2602 totius
1450 2532 1832 2602 sanctitatis
1865 2545 2236 2623 augeretur
2269 2532 2712 2622 profectibus,

171 2629 447 2687 sanctae
497 2619 919 2707 paupertatis
966 2641 1044 2688 ac
1095 2642 1260 2689 suae
1311 2621 1882 2711 peregrinationis
1914 2633 2361 2711 spontaneam
2403 2621 2583 2689 viam
2617 2620 2722 2687 in-

169 2726 474 2794 gressus,
527 2705 834 2776 officium
862 2729 1136 2794 quoque
1172 2708 1493 2798 plurimis
1524 2709 2043 2797 evangelizandi
2081 2708 2377 2799 populis,
2416 2708 2530 2777 Dei
2562 2731 2720 2799 gra-

170 2794 264 2862 tia
312 2792 445 2863 sibi
492 2808 922 2884 cooperante,
976 2818 1370 2886 aggressus,
1425 2799 1556 2868 sub
1607 2797 2061 2867 Carlomanno
2109 2811 2173 2867 et
2232 2797 2472 2886 Pipino
2515 2802 2725 2865 Fran-
2807 2848 2814 2865 ,

170 2904 409 2951 corum
464 2883 923 2974 principibus,
958 2908 992 2954 a
1051 2885 1144 2954 ud
1177 2885 1629 2975 Apostolicam
1665 2886 1896 2956 sedem
1940 2887 2276 2977 legatione
2316 2885 2725 2955 Germanica

173 2972 475 3051 sunctuS,
532 2970 905 3042 decretioiii
949 2908 1365 3044 elericorum
1417 2998 1496 3044 ac
1544 2974 1760 3044 favori
1798 2975 2214 3074 populorum
2248 2974 2722 3043 annuentibus

64 3130 81 3143 ,
222 3058 497 3128 raefatis
546 3061 1012 3152 Principibus,
1065 3062 1151 3132 ab
1202 3063 1352 3151 ipso
1400 3069 1584 3152 Papa
1633 3068 1982 3163 Gregorio,
2046 3069 2303 3133 Graeca
2353 3063 2727 3149 Latinaque

172 3082 415 3247 lingua
456 3148 622 3218 satis
668 3149 937 3219 erudito
1000 3151 1121 3237 qui
1169 3151 1455 3221 alterius
1506 3152 1814 3244 Gregorii
1873 3174 2253 3230 successor,
2293 3152 2379 3219 ab
2430 3150 2548 3219 illo
2601 3150 2726 3217 mi-

172 3235 372 3305 rabili
410 3236 683 3306 doctore
733 3239 1072 3307 Ecclesiae
1102 3239 1298 3309 beato
1333 3241 1657 3330 Gregorio
1688 3240 2066 3341 Anglorui'n
2103 3239 2444 3329 Apost010,
2480 3239 2724 3309 ordine

171 3322 616 3395 Pontificatus
665 3325 792 3395 fuit
842 3326 1466 3407 vicesimussextuS,
1508 3334 1898 3419 Moguntiae
1928 3329 2185 3398 civitati
2217 3328 2581 3397 ordinatur
2610 3332 2726 3395 Ar-

170 3411 697 3501 cliiepiscopus:
750 3424 815 3483 et
861 3414 982 3500 qui
1022 3427 1221 3485 antea
1272 3417 1643 3485 vocabatur
1698 3417 2097 3494 Winfridus‚
2163 3416 2384 3504 gratia
2447 3415 2723 3483 merito-

169 3522 305 3587 que
360 3499 695 3569 bonorum
746 3501 1133 3582 factorum,
1202 3515 1274 3572 ut
1339 3503 1625 3590 quidam
1686 3505 1968 3585 volunt,
2023 3505 2250 3574 dictus
2297 3516 2398 3574 est
2447 3504 2719 3573 Bonifa-

173 3588 324 3658 cius
356 3588 479 3677 (a).
518 3589 648 3670 Qui
686 3589 808 3670 vir,
855 3591 1034 3659 sicut
1064 3590 1147 3659 dc
1177 3614 1256 3660 eo
1292 3591 1565 3679 legitur,
1608 3592 2118 3681 praedicatione
2147 3615 2273 3662 sua
2305 3592 2563 3661 Thurin
2621 3614 2720 3669 oS,

170 3681 443 3756 HesSOS,
516 3690 720 3764 atque
765 3678 1150 3749 Austrasios
1197 3679 1284 3748 ad
1336 3679 1543 3749 fidem
1595 3694 1876 3763 rectam,
1935 3681 2478 3770 religionemque
2527 3681 2721 3750 Ciri-

170 3765 491 3847 stianam,
528 3788 568 3834 a
614 3766 899 3853 quadiu
928 3766 1431 3846 aberraverant,
1479 3769 1835 3849 convertit,
1878 3792 2143 3838 necnon
2195 3783 2260 3838 et
2310 3769 2727 3837 monasteria

176 3853 672 3924 monachorum
724 3869 789 3925 et
823 3856 1170 3945 virginum
1225 3857 1493 3957 primus
1528 3857 1593 3926 in
1637 3858 2026 3927 Austrasiae
2062 3858 2374 3949 partibus
2417 3869 2731 3926 constru-

171 3943 288 4012 xit.
346 3943 469 4012 Hic
518 3943 724 4012 etiam
794 3944 972 4015 inter
1020 3966 1298 4033 egregia
1347 3946 1686 4015 bonorum
1739 3960 2022 4015 actuum
2090 3945 2414 4035 insignia,
2462 3958 2537 4014 ut
2588 3968 2722 4012 non

180 4031 381 4101 inodo
431 4034 581 4111 sua,
637 4032 756 4101 sed
817 4045 881 4102 et
942 4032 1237 4103 aliorum
1287 4056 1561 4120 quoque
1612 4035 2011 4124 praesulum
2066 4034 2444 4123 vigilantia,
2499 4033 2733 4102 catho-

178 4118 308 4189 lica
360 4132 880 4221 propagaretur,
935 4133 1525 4211 augmentaretur,
1565 4145 1644 4191 ac
1672 4122 2202 4192 confirmaretur
2249 4121 2576 4203 Ecclesia,
2612 4144 2736 4189 an-

179 4222 429 4279 nuente
481 4209 615 4279 sibi
664 4208 1142 4292 carlomanno,
1191 4210 1595 4282 auctoritate
1653 4211 1869 4281 fultus
1919 4210 2326 4302 apostolica,
2386 4210 2451 4278 in
2504 4223 2733 4279 castro

828 4342 847 4375 l

227 4408 285 4452 (ιι)
314 4406 531 4447 Summus
551 4409 682 4448 Pont.
715 4409 973 4460 Gregorius
1003 4409 1048 4449 11
1077 4410 1171 4449 ruit
1198 4410 1280 4459 qui
1310 4409 1606 4450 Bonitactum
1640 4420 1727 4459 pro
1763 4410 1988 4450 winfrido
2023 4409 2314 4458 appellatum
2348 4408 2518 4447 voluit.
2550 4407 2737 4447 Colitur

176 4460 757 4564 ῗξτῐὲῖοὸέίὲοῃῗὲἓῖζυᾶξῖρ.
776 4463 853 4508 Μ..
871 4463 1151 4505 Germaniae
1170 4464 1426 4514 Apostolus
1445 4464 1503 4505 ab
1524 4464 1736 4506 Ecclesia
1756 4464 1993 4510 universa,
2011 4463 2086 4505 die
2110 4472 2136 4501 v
2151 4464 2255 4512 Jun-
2275 4471 2369 4511 qna
2387 4463 2438 4502 in
2459 4462 2592 4501 Rom.
2612 4461 2730 4500 Mar·

337 4595 578 4656 Sui-ius
621 4627 645 4642 -
685 4596 848 4659 Vitae
888 4596 995 4661 83.
1054 4630 1074 4643 -
1120 4595 1243 4662 Vol.
1288 4596 1388 4660 111.
2458 4594 2535 4653 45
