3327 4999
720 304 849 368 678
1377 317 1459 367 na
1506 321 1559 368 s.
1616 320 1910 371 antinous
1959 320 2184 371 conon.
2237 319 2436 370 muse.
2710 302 2815 369 EX
2860 301 3043 370 OCT.
3109 305 3185 370 Η

628 404 848 474 multo
897 415 1048 496 post
1082 404 1361 485 ibidem,
1405 416 1654 494 utputa
1688 407 1758 475 in
1791 408 1939 477 loco
1969 406 2316 478 secretiori
2344 417 2410 477 et
2447 404 2534 475 ab
2573 404 2876 475 urbanae
2909 406 3201 494 inquie-

627 492 890 562 tudinis
939 493 1253 563 molestia
1294 494 1667 576 remotiori,
1733 495 1974 566 fratres
2023 497 2092 565 in
2144 494 2348 564 laude
2393 493 2628 564 divina
2687 495 3061 585 pervigiles
3127 510 3199 565 et

626 582 956 662 solicitos,
1013 581 1143 650 sub
1192 583 1611 652 monasticae
1650 585 1892 674 regula
1938 583 2368 672 disciplinae,
2427 582 2715 653 Domino
2763 583 3024 654 servire
3077 583 3200 653 in—

627 669 889 740 stituit:
942 670 1200 757 quibus
1247 670 1571 740 Abbatem
1625 674 2047 764 praeposuit,
2108 672 2389 743 nomine
2430 672 2939 753 Christianum,
3012 695 3196 742 suae

625 758 941 828 videlicet
972 757 1415 847 professionis
1465 759 1971 849 phoronomum
2022 771 2088 830 et
2135 761 2203 829 in
2250 761 2397 851 lege
2432 759 2727 840 Domini,
2774 759 2959 830 sicut
2989 760 3196 832 hunc

626 846 858 916 decuit
914 845 1272 927 ordinem,
1353 847 1669 937 apprime
1730 849 2107 918 eruditum.
2162 849 2282 918 Cui
2346 848 2708 928 ordinat0,
2764 848 2900 917 huc
2978 849 3194 918 breve

626 934 1232 1004 commonitorium
1267 934 1352 1003 de
1385 937 1773 1008 Occidentis
1822 937 2135 1028 partibus
2182 936 2505 1027 scripsit:
2559 941 2640 1005 Ut
2687 935 2784 1007 sis
2829 936 3021 1024 quod
3078 960 3192 1008 vo-

630 1022 835 1104 caris,
902 1044 1072 1092 cura
1117 1023 1482 1112 gentilitati
1531 1045 1616 1094 ne
1678 1026 2073 1116 degeneres.
2128 1025 2203 1095 Id
2253 1024 2432 1095 serio
2480 1024 2861 1115 triumpha,
2913 1036 2996 1095 ut
3044 1048 3186 1095 non

625 1110 806 1180 sicut
838 1110 1034 1200 prius
1072 1112 1490 1198 antiquetur,
1543 1113 1661 1182 sed
1703 1113 1788 1183 de
1834 1115 2081 1184 virtute
2126 1114 2198 1183 in
2233 1113 2553 1185 virtutem
2601 1126 2678 1183 ut
2704 1124 2925 1197 eatur,
2975 1135 3178 1183 nava.

712 1200 750 1285 ξ
827 1203 971 1272 81.
1023 1205 1391 1287 Nunquam
1441 1200 1534 1270 ita
1579 1201 1890 1271 civilium
1928 1224 2011 1271 ne
2061 1202 2357 1272 otiorum
2428 1201 2882 1292 occupatione
2938 1201 3182 1272 deten-

629 1298 738 1358 tus
770 1298 874 1357 est
921 1286 1039 1373 (ad
1084 1309 1296 1375 quam
1344 1310 1502 1357 eum
1544 1311 1681 1359 non
1730 1312 1858 1360 sua
1891 1225 2128 1373 limgo,
2167 1290 2286 1360 sed
2319 1289 2560 1381 populi
2593 1290 3034 1360 necessitudo
3081 1302 3183 1362 at-

627 1375 860 1464 traxit)
904 1387 981 1446 ut
1027 1376 1261 1447 animo
1308 1376 1427 1446 illo
1474 1377 1560 1446 ad
1593 1378 1832 1448 omnia
1878 1378 2320 1452 vivacissimo
2362 1401 2500 1448 non
2533 1379 2812 1468 vigeret,
2867 1378 3186 1450 intentus

629 1462 949 1564 religioni
1011 1466 1378 1555 praecipue
1437 1479 1502 1536 et
1553 1466 1851 1547 lectioni,
1905 1468 1976 1536 in
2025 1467 2226 1557 cujus
2273 1467 2505 1538 studio
2566 1467 2740 1537 mori
2787 1466 3181 1539 videbatur.

630 1552 725 1621 Ad
776 1552 846 1621 td
893 1553 1242 1643 agendum
1310 1553 1621 1643 exemplo
1680 1577 1806 1625 suo
1853 1569 1917 1626 et
1968 1557 2207 1626 crebro
2254 1556 2522 1625 monitu
2569 1554 2886 1626 accendit
2932 1578 3182 1629 omnes

628 1662 826 1797 gene,
880 1663 1055 1728 quos
1120 1663 1283 1732 prae
1329 1642 1550 1717 oculis
1615 1643 1881 1714 habuit.
1936 1644 2059 1715 His
2105 1666 2263 1714 vero
2310 1645 2428 1731 qui
2473 1644 2601 1713 hoc
2649 1644 2746 1713 ita
2797 1665 2937 1714 non
2989 1667 3185 1714 ama-

678 1741 818 1811 ant,
874 1730 1308 1799 vehementer
1354 1730 1674 1814 indoluit,
1735 1753 2009 1819 eosque,
2064 1732 2221 1803 licet
2267 1732 2439 1802 alias
2485 1730 2863 1801 familiares
2924 1747 3177 1814 essent,

629 1839 669 1886 a
710 1829 970 1887 secreto
1016 1830 1245 1887 tamen
1286 1830 1351 1889 et
1396 1820 1620 1888 amico
1653 1821 1987 1891 moeroris
2042 1819 2211 1902 loco,
2265 1821 2387 1890 ubi
2435 1841 2507 1890 se
2555 1819 3075 1891 sibi-libentius
3120 1834 3185 1890 et

628 1906 781 1974 ideo
829 1905 1255 1996 diligentiuS‚
1312 1908 1570 1990 solebat
1616 1909 1994 1998 explicare,
2051 1909 2359 1979 removit.
2429 1915 2671 1978 Pectus
2716 1907 2983 1979 cordati
3039 1909 3177 1978 viri

628 2004 1023 2085 pertaesum
1070 1993 1199 2065 fuit
1247 1995 1511 2086 regifici
1561 1996 1765 2067 luxus
1815 2010 1881 2066 et
1926 2010 2314 2077 consuetae,
2376 1997 2503 2067 hoc
2551 1997 2959 2087 praesertim
3011 2010 3182 2066 tem-

631 2105 818 2173 pore,
845 2083 1239 2172 potentibus
1262 2083 1583 2172 jocorum
1616 2095 1684 2154 et
1708 2085 1867 2156 volu
1922 2096 2138 2156 tatum
2172 2084 2556 2155 illecebrae.
2596 2085 2787 2155 Unde
2812 2084 3183 2172 siquando

630 2172 778 2240 suis
825 2183 1103 2241 coactus
1160 2171 1674 2259 quodammodo
1723 2173 1840 2243 red
1898 2174 2022 2243 idit
2076 2174 2259 2261 quod
2311 2196 2444 2242 non
2496 2173 2768 2255 debuit,
2820 2195 3181 2244 excessum

632 2260 821 2329 hunc
855 2259 1203 2329 modicum
1257 2261 1424 2330 fletu
1474 2261 1883 2350 plerumque
1918 2261 2210 2352 largiore
2245 2261 2547 2333 detersit.
2586 2261 2801 2330 Vitam
2851 2283 3183 2362 praesen-

632 2360 767 2417 tem
815 2359 880 2416 et
927 2348 1203 2417 dulcem
1266 2349 1508 2419 metuit
1574 2362 1651 2419 et
1700 2373 2010 2421 amaram
2083 2362 2403 2442 expertus
2450 2361 2588 2419 est:
2641 2349 2729 2419 de
2801 2364 2941 2419 vita
2988 2372 3172 2430 vero,

628 2436 858 2508 omnis
906 2436 1369 2508 solicitudinis
1406 2450 1471 2508 et
1518 2438 1875 2528 languoris
1906 2439 2170 2530 ignara,
2221 2438 2407 2509 haud
2440 2436 2761 2521 dubium,
2813 2439 2987 2526 quin
3018 2452 3178 2510 ante

628 2526 864 2596 omnia
893 2526 1278 2617 plurimum
1328 2527 1746 2617 cogitaverit,
1801 2528 1923 2616 qui
1956 2530 2041 2597 de
2072 2550 2170 2597 ea
2202 2540 2337 2597 tam
2385 2527 2774 2598 luculenter
2821 2528 3176 2599 multoties

629 2626 694 2684 et
721 2638 885 2684 cum
919 2614 1379 2685 familiaribus
1426 2627 1492 2685 et
1537 2638 1770 2686 coram
1818 2617 2011 2706 plebe
2050 2617 2184 2686 sibi
2231 2615 2604 2686 commissa
2651 2616 3003 2687 disseruit.
3056 2617 3181 2687 Ju-

626 2704 842 2785 veniS,
895 2715 972 2773 ut
1026 2714 1192 2785 erat,
1243 2704 1572 2791 omnique
1619 2708 1876 2796 pompa
1933 2705 2413 2783 circumfluus,
2466 2704 2689 2775 audeo
2736 2704 2991 2786 dicere,
3032 2705 3180 2775 dis-

630 2792 802 2863 solvi
847 2792 1068 2875 vellet,
1124 2803 1389 2862 tantum
1438 2804 1515 2862 ut
1569 2814 1728 2862 cum
1786 2794 2049 2863 Christo
2108 2805 2306 2864 esset.
2362 2793 2536 2862 Hinc
2605 2793 2952 2881 lacrymae
3001 2793 3180 2864 assi-

628 2881 830 2959 duae,
884 2881 1188 2971 suspiria
1234 2880 1371 2949 fere
1417 2880 1773 2960 continua,
1837 2880 2129 2951 furtivae
2189 2881 2531 2951 orationes
2589 2892 2656 2951 et
2703 2881 3056 2982 singultus
3107 2883 3179 2952 in

627 2969 779 3059 ipso
809 2968 1011 3038 etiam
1051 2969 1221 3038 lecto
1252 2968 1511 3038 clarius
1561 2979 2082 3060 perstrepenteS,
2120 2981 2196 3038 ut
2243 2981 2581 3039 testantur
2617 2991 2794 3057 quos
2827 2969 2899 3038 1d
2945 2969 3183 3040 minus

630 3057 855 3125 celare
914 3068 1197 3146 poterat,
1250 3057 1454 3126 etiam
1519 3056 1689 3126 dum
1757 3057 1966 3126 latere
2018 3057 2306 3127 volebat.
2361 3060 2640 3141 Quoties
2700 3057 2887 3127 diem
2937 3059 3181 3128 mortis

633 3144 862 3235 posuit
907 3158 1063 3213 ante
1128 3155 1577 3234 conspectum
1651 3146 1935 3214 cordis?
2002 3146 2270 3233 quoties
2334 3146 2420 3215 ad
2474 3146 2601 3216 hoc
2649 3146 2836 3217 vocis
2899 3168 3178 3233 quoque

635 3232 952 3323 prorupit
998 3231 1247 3313 officio,
1284 3231 1468 3320 quod
1519 3232 1724 3303 corde
1773 3234 2051 3304 molitus
2083 3234 2233 3303 est‘?
2277 3234 2544 3321 quoties
2583 3234 2983 3304 audivimus
3020 3257 3180 3305 eum

632 3320 1012 3390 vehementi
1097 3321 1312 3391 emitu
1359 3334 1799 3413 praeoptasse
1848 3322 1915 3391 id
1956 3322 2139 3410 quod
2174 3322 2514 3402 futurum,
2568 3345 2704 3393 non
2757 3336 2987 3393 tamen
3031 3324 3182 3394 sine

628 3410 819 3501 gravi
869 3344 1342 3500 trepidatione,
1378 3412 1699 3501 speravit,
1752 3423 1830 3481 ut
1877 3421 2271 3481 aestuosum
2317 3411 2561 3481 mundi
2613 3412 2827 3502 hujus
2892 3413 3179 3483 naufra-

679 3499 847 3580 ium‚
902 3498 972 3566 in
1018 3499 1130 3567 Dei
1163 3498 1308 3570 sola
1359 3500 1832 3570 misericordia
1880 3513 2090 3580 tutus,
2145 3497 2494 3582 evasisset]
2543 3512 2607 3570 et
2645 3500 2715 3568 in
2781 3500 2977 3570 litore
3029 3515 3180 3572 tan-

629 3523 788 3657 gem
837 3588 1222 3658 securitatis
1271 3588 1554 3657 intimae
1582 3589 2042 3660 constitisset?
2073 3589 2452 3678 Elapsurus
2499 3588 3014 3676 quodammodo
3049 3612 3180 3680 pu-

635 3677 929 3759 tabatur,
1004 3688 1080 3746 ut
1151 3677 1350 3765 quasi
1410 3688 1696 3747 mortem
1773 3677 2129 3769 aufugeret
2184 3688 2397 3747 totum
2462 3677 2644 3764 quod
2707 3678 2771 3746 ei
2840 3678 2911 3747 in
2969 3678 3183 3769 hujus

633 3765 880 3835 mundi
929 3764 1198 3834 deliciis
1246 3765 1754 3836 blandiebatur.
2645 3794 2648 3799 ·

716 3856 754 3940 §
816 3858 976 3925 ²8.
1020 3858 1247 3924 Testes
1293 3866 1670 3944 supersunt
1694 3854 2232 3925 conversationis
2264 3854 2415 3943 ejus
2446 3875 2654 3941 quam
2712 3854 2978 3924 lurimi:
3012 3876 3183 3941 quo-

630 3943 755 4011 ties
801 3963 958 4010 eum
1010 3942 1082 4009 in
1129 3942 1406 4012 secretis
1452 3942 1657 4012 corde
1703 3943 1995 4012 contrito
2051 3953 2117 4011 et
2164 3942 2414 4032 spiritu
2463 3943 2658 4012 humi
2693 3942 2829 4012 iato
2897 3965 3182 4033 persen-

630 4040 883 4108 serant,
948 4030 1187 4099 mirari
1238 4029 1398 4120 plus
1493 4043 1759 4101 oterant
1813 4053 2023 4118 quam
2074 4030 2353 4100 imitari.
2409 4036 2576 4100 Nam
2623 4030 2742 4100 ille
2789 4031 3177 4121 populariS,

681 4117 1041 4205 lerumque
1086 4119 1286 4204 quasi
1356 4141 1430 4188 so
1463 4118 1708 4190 itarius
1756 4120 1941 4189 vixit.
2026 4119 2277 4188 Mirum
2339 4119 2576 4190 dictu:
2633 4120 2810 4189 inter
2854 4121 3182 4190 convivas

653 4206 1041 4277 aetissimos
1088 4206 1327 4277 laetior
1373 4208 1523 4296 ipse
1568 4207 1959 4295 frequenter
2012 4207 2371 4278 abstinuit.
2443 4208 2676 4280 Molles
2735 4223 2800 4277 et
2845 4208 3182 4278 delicatas

628 4306 868 4377 vesteS,
908 4295 976 4364 in
1026 4294 1285 4382 quibus
1344 4296 1648 4366 nutritus
1694 4307 1760 4366 et
1791 4296 1880 4366 ad
1943 4295 2293 4365 hominem
2345 4318 2564 4384 usque
2624 4296 2999 4386 perductus
3044 4310 3173 4379 est,

629 4385 835 4455 etiam
883 4384 955 4453 in
1018 4384 1344 4456 domibus
1391 4406 1633 4475 regum
1684 4384 2030 4456 multoties
2081 4385 2470 4456 declinavit.
2525 4389 2710 4458 Inter
2756 4398 3180 4477 purpuratos
