3327 4999
190 392 298 459 EX
346 391 528 459 NOV.
588 392 670 457 12
985 411 1061 458 na
1111 411 1167 458 s,
1222 409 1493 459 mammo
1548 407 1941 457 ransnvraao
2532 381 2604 455 '7⁴
2621 389 2659 457 3

189 494 488 564 aedificii
519 494 730 576 itlius,
761 497 1105 582 quatenus
1133 493 1304 563 inibi
1331 493 1773 564 clauderetur
1802 492 2196 573 thesauruS,
2234 514 2274 561 a
2300 514 2396 574 se,
2429 491 2739 573 Domino,

192 583 553 663 revelante,
594 595 927 674 repertus
968 588 1317 665 Quantum
1360 581 1656 669 denique
1685 581 1773 651 sit
1810 581 2174 671 pretiosuS,
2204 581 2290 650 ab
2323 602 2402 649 eo
2440 591 2747 672 tempore

189 694 413 758 usque
460 671 529 739 in
582 693 908 762 praesens
957 672 1177 762 signis
1226 670 1620 741 declaratur
1663 692 1742 740 ac
1794 670 2164 739 virtutibus
2212 691 2390 756 quae
2439 691 2562 759 per
2592 669 2746 757 ejus

193 759 433 829 merita
482 759 551 828 in
590 781 752 830 suos
802 759 1039 828 fideles
1073 759 1343 850 operari
1400 781 1676 849 semper
1708 757 2038 848 dignatur
2087 757 2458 828 ineffabilis
2511 770 2747 847 poten-

194 849 285 916 tia
318 847 602 939 benigni
644 854 834 929 Jesu,
878 849 990 917 Dei
1039 858 1105 917 et
1142 848 1411 918 Domini
1447 848 1697 918 nostri:
1744 847 1872 929 Qui
1917 869 2076 917 cum
2129 851 2324 918 Patre
2365 858 2429 917 et
2485 845 2746 936 Spiritu

112 1016 125 1025 .
194 941 438 1006 Sancto
489 936 653 1006 vivit
709 951 774 1007 et
820 949 1062 1028 regnat
1112 959 1234 1028 per
1283 935 1555 1006 infinita
1605 936 1838 1006 secula
1886 935 2308 1006 seculorum.

1350 1257 1589 1322 ITEM

697 1475 823 1576 DE
889 1474 966 1575 S.
1040 1473 1491 1575 LEBUINO
1570 1472 2244 1576 PRESBYTERO

955 1725 1309 1808 snRMo
1363 1726 1455 1806 B.
1519 1724 1988 1806 RADBom

761 1979 1209 2029 rmsncrnnsis
1258 1957 1611 2043 (Uer-echi)
1659 1959 1833 2027 ECCL.
1886 1977 2169 2027 EPISCOPI

276 2171 313 2257 ξ
381 2172 460 2242 1.
515 2172 726 2258 Saepe
772 2167 1133 2259 contingit,
1190 2167 1432 2238 fratres
1479 2166 1902 2250 charissimi,
1938 2178 2014 2238 ut
2071 2167 2250 2237 inter
2279 2166 2522 2258 epulas
2552 2181 2748 2258 grata

187 2257 289 2328 sic
336 2257 863 2327 convivantibus
931 2255 1243 2326 fabulosa
1310 2256 1610 2325 narratio
1648 2311 1663 2338 ,
1740 2267 1805 2327 et
1879 2277 2287 2347 oppressum
2359 2256 2536 2327 cibis
2593 2279 2747 2327 car-

188 2345 468 2415 nalibus
543 2345 857 2414 animum
916 2344 1263 2432 quaelibet
1332 2345 1821 2433 figmentorum
1897 2354 2353 2435 persequatur
2424 2345 2740 2418 esuries:

185 2434 496 2523 dumque
542 2433 648 2503 sui
699 2433 913 2504 oblita
946 2454 1165 2515 menS,
1210 2432 1295 2503 ad
1329 2444 1604 2524 tempus
1650 2432 1738 2503 ob
1789 2432 2236 2524 repletionem
2286 2433 2598 2525 corporis
2625 2433 2747 2504 ob-

187 2524 464 2594 sonium
514 2522 873 2613 spirituale
920 2521 1201 2603 fastidit,
1251 2522 1472 2613 magis
1512 2532 1789 2613 appetat
1838 2523 2104 2613 species
2152 2521 2533 2593 vanitatum
2583 2524 2745 2611 qui-

184 2612 319 2681 bus
370 2631 573 2681 aures
612 2610 842 2680 carnis
901 2610 1213 2690 oblectet,
1252 2632 1460 2697 quam
1510 2610 1864 2680 doctrinae
1921 2610 2236 2681 coelestis
2295 2609 2740 2682 dulcedinem

183 2721 322 2787 qua
364 2710 809 2768 nauseantem
860 2698 1165 2767 animam
1202 2702 1360 2767 vera
1406 2710 1471 2768 et
1519 2720 1641 2789 per
1693 2701 1850 2767 etua
1901 2699 2234 2769 suavitate
2282 2699 2566 2769 reficiat.
2613 2703 2739 2771 Ve-

186 2810 342 2857 rum
393 2786 594 2856 nobis
641 2787 712 2855 in
766 2787 1110 2877 praesenti
1160 2787 1447 2857 lectione
1509 2808 1628 2856 mu
1663 2797 1726 2855 to
1776 2787 1974 2857 aliter
2019 2788 2293 2858 evenire
2342 2788 2726 2870 laetamur,

181 2876 302 2965 qui
353 2887 609 2964 quanto
659 2876 837 2945 hanc
885 2873 1267 2945 solemnius
1325 2875 1556 2946 carnis
1604 2897 1772 2945 aure
1806 2877 2285 3033 (percipimuS,
2345 2887 2533 2946 tanto
2581 2898 2733 2947 eam

182 2964 454 3037 avidius
504 2964 985 3044 incordamuS,
1040 2974 1244 3051 atque
1305 2964 1612 3054 idipsum
1663 2985 1801 3051 quo
1915 2966 2265 3036 sumimus
2341 2976 2493 3056 post
2541 2987 2742 3036 vene-

184 3053 474 3122 randam
500 3054 825 3133 esuriem,
865 3052 1197 3122 satietatis
1230 3052 1684 3142 opulentiam,
1770 3068 1875 3124 ost
1904 3052 2170 3123 felicem
2198 3053 2603 3137 satietatem,
2633 3076 2737 3124 re-

183 3141 479 3210 divivam
520 3142 817 3211 esuriem
852 3142 921 3210 in
972 3141 1172 3211 nobis
1219 3163 1452 3211 creare
1511 3164 1646 3210 non
1749 3143 2129 3212 ubitamus.
2187 3147 2425 3229 Itaque
2468 3156 2543 3212 ut
2593 3165 2742 3213 ma-

185 3228 503 3299 nifestius
536 3230 821 3312 eluceat,
867 3251 1044 3316 quae
1067 3232 1176 3320 (ut
1209 3230 1494 3320 dicitur)
1539 3230 1837 3320 cupedia
1871 3230 2352 3321 spiritualibus
2402 3230 2742 3302 famelicis

186 3318 314 3386 hoc
364 3318 778 3388 narrationis
825 3340 1074 3407 genere
1124 3319 1644 3409 promittuntur,
1703 3331 2051 3409 ponantur
2088 3321 2235 3408 ‚jam
2270 3341 2483 3409 super
2522 3320 2741 3391 coele-

183 3418 357 3475 stem
408 3426 714 3474 mensam
768 3405 1027 3475 fercula
1074 3406 1342 3475 deliciis
1390 3406 1718 3475 omnibus
1767 3408 1979 3497 hujus
2029 3407 2245 3478 seculi
2296 3408 2621 3497 gratiora,
2661 3432 2742 3479 ex

182 3494 440 3581 quibus
475 3493 922 3564 suavissimas
949 3495 1123 3563 vitae
1165 3494 1486 3583 perennis
1523 3494 1768 3583 epulas
1798 3496 2171 3585 capienteS,
2222 3507 2360 3566 tam
2389 3497 2743 3586 jocundae

185 3581 572 3651 refectionis
619 3581 880 3650 auctori
937 3586 1064 3650 Deo
1091 3583 1348 3671 gratias
1398 3581 1801 3663 referamuS,
1837 3585 1959 3671 qui
2005 3607 2125 3674 per
2159 3584 2474 3684 singulos
2521 3606 2743 3657 annos

181 3669 575 3740 dulcissimi
624 3669 917 3739 convivii
968 3670 1490 3760 participatione
1546 3670 1923 3741 clementer
1979 3694 2104 3742 nos
2152 3673 2512 3752 exhilarat,
2568 3673 2739 3743 dum

180 3758 563 3828 beatissimi
596 3757 791 3827 nobis
829 3757 1115 3826 Lebuini
1154 3760 1553 3828 memoriam
1604 3765 1840 3830 annua
1890 3761 2142 3830 natalis
2191 3762 2301 3831 sui
2351 3761 2738 3844 festivitate,

182 3861 534 3934 tamquam
601 3867 845 3936 panem
898 3847 1309 3936 Angelorum
1360 3868 1440 3917 ex
1493 3848 1641 3937 ipso
1696 3849 1966 3940 pietatis
2017 3871 2184 3919 suae
2231 3850 2530 3939 cophino
2582 3873 2745 3941 pro-

180 3936 396 4005 latum
463 3945 946 4025 repraesentat.
1002 3940 1149 4018 Quo
1196 3935 1364 4004 dum
1413 3937 1650 4005 devote
1702 3938 2068 4017 vescimur,
2100 3938 2474 4008 salubriter
2522 3942 2748 4008 esurl-

181 4046 379 4105 mu5‚
455 4023 933 4113 copiosissime
1002 4024 1385 4106 wascimur,
1463 4025 1775 4095 hilariter
1832 4026 2246 4095 exultamus.
2327 4027 2448 4095 His
2507 4049 2746 4097 conse-

179 4125 468 4200 quenter
516 4112 922 4200 adjungitur
1042 4113 1327 4184 abitudo
1380 4114 1628 4183 mentis
1686 4114 2188 4205 pulcherrima,
2254 4114 2586 4184 fortitudo
2637 4115 2744 4185 in-

181 4202 403 4282 victa,
458 4201 646 4271 salus
693 4201 1048 4283 continua,
1101 4214 1539 4293 contemptus
1591 4203 1860 4284 mundi,
1915 4203 2264 4293 appetitus
2308 4203 2738 4285 coelestium,

181 4288 598 4359 desiderium
676 4289 1096 4360 futurorum.
1173 4291 1505 4372 Quocirca
1581 4304 1847 4382 oportet
1914 4300 2039 4360 nos
2121 4292 2544 4383 perpendere
2610 4292 2746 4360 fra-

180 4388 313 4447 tres
351 4431 366 4457 ,
419 4389 718 4465 quantae
766 4379 905 4448 sint
950 4378 1238 4448 deliciae
1276 4401 1453 4466 quae
1494 4380 1971 4479 porriguntur,
2030 4392 2105 4449 ut
2151 4380 2427 4450 easdem
2468 4402 2748 4450 sumere

181 4464 378 4534 avido
430 4467 635 4537 corde
684 4489 819 4537 non
871 4467 1321 4538 differamus:
1391 4467 1647 4556 quibus
1705 4469 1951 4561 repleti
2012 4468 2207 4540 nulla
2280 4469 2740 4540 formidemus
