3327 4999
715 319 840 384 ⁴40
1519 337 1598 382 na
1644 336 1701 383 s.
1755 332 2071 383 oussooiuo
2119 333 2280 382 ΡΑΡΑ
2786 316 3006 381 MART.
3052 317 3117 381 ⁴2

615 433 878 491 vestrae
926 419 1375 490 beatitudinis
1421 431 1497 488 ut
1544 422 1768 489 fessus
1817 420 2148 507 requiem,
2187 418 2478 488 salutem
2514 440 2739 506 aeger,
2779 417 3010 489 fontem
3044 418 3121 487 si·

617 510 818 589 tienS,
854 510 1174 579 umbram
1205 521 1526 578 aestuans
1556 508 1813 578 inveni.
1849 514 2077 595 Neque
2106 508 2287 578 enim
2318 507 2440 577 illa
2471 510 2677 579 verba
2705 530 2824 598 per
2852 508 3122 598 linguam

617 599 852 668 carnis
898 598 1309 667 videbantur
1337 619 1697 686 expressa:
1732 598 1899 684 quia
1930 598 2031 667 sic
2062 597 2494 687 spiritualem
2527 619 2691 687 erga
2723 619 2829 667 me
2859 617 3120 667 amorem

617 710 852 768 suum,
906 709 1111 773 quem
1162 687 1493 777 gestabat,
1547 688 1842 777 aperuit,
1899 687 2042 756 acsi
2076 708 2273 755 mens
2308 708 2428 776 per
2459 687 2891 787 semetipsam
2925 685 3124 771 loque-

620 791 830 846 retur.
887 775 1015 844 Sed
1064 775 1323 844 durum
1372 774 1568 844 valde
1615 775 1769 857 fuit,
1823 775 2007 863 quod
2056 788 2369 844 secutum
2419 787 2557 844 est:
2612 798 2778 862 qula
2821 796 2999 844 amor
3040 792 3127 842 ve·

617 877 757 935 ster
805 875 1074 933 terrena
1123 886 1232 945 me
1281 877 1551 954 portare
1597 886 1808 934 onera
1840 864 2225 955 praecepit:
2272 875 2337 932 et
2368 885 2572 950 quem
2607 865 2804 955 prius
2841 863 3126 953 spiritua-

616 952 772 1022 liter
817 952 1233 1043 diligebam,
1293 965 1466 1042 post,
1501 963 1577 1022 ut
1610 954 1919 1034 aestimO,
1958 951 2423 1053 temporaliter
2455 966 2791 1032 amantes,
2830 948 3122 1050 usquead

618 1053 869 1111 terram
921 1064 1030 1111 me
1078 1042 1512 1131 superposito
1559 1063 1768 1111 onere
1814 1042 2293 1132 depress1stis:
2346 1041 2441 1110 ita
2490 1054 2567 1111 ut
2604 1063 2878 1111 omnem
2912 1052 3121 1109 mentis

616 1130 1096 1200 rectitudinem
1129 1130 1444 1217 funditus
1469 1131 1784 1220 perdens,
1810 1129 2550 1220 contemplationisque
2569 1131 2787 1200 aciem
2813 1129 3119 1207 amittens,

616 1240 755 1288 non
806 1240 928 1308 per
957 1220 1357 1310 prophetiae
1388 1219 1735 1309 spiritum,
1791 1219 1908 1289 sed
1961 1241 2083 1310 per
2125 1219 2671 1309 experimentum
2726 1219 2985 1289 dicam:
3041 1221 3128 1284 In·

615 1320 941 1378 curvatus
989 1329 1168 1389 sum,
1224 1320 1288 1376 et
1335 1309 1746 1378 humiliatus
1812 1330 1968 1377 sum
2032 1330 2554 1395 usquequaque.
2638 1313 2851 1376 Tanta
2904 1307 3127 1462 quippe

616 1419 727 1465 me
775 1397 1305 1486 occupationum
1355 1419 1563 1466 onera
1602 1397 2026 1486 deprimunt,
2063 1411 2139 1466 ut
2167 1397 2254 1466 ad
2291 1418 2594 1487 superna
2622 1397 2903 1467 animus
2935 1418 3022 1464 nu
3048 1394 3125 1461 la-

614 1497 817 1555 tenus
863 1486 1190 1576 erigatur.
1267 1485 1497 1555 Multis
1543 1508 1916 1555 causarum
1966 1485 2296 1555 fluctibus
2342 1486 2654 1572 quatior,
2715 1499 2783 1555 et
2834 1497 2980 1575 post
3033 1481 3126 1550 illa

614 1575 869 1660 quietis
914 1575 1074 1655 otia,
1130 1574 1594 1644 tumultuosae
1641 1576 1818 1644 vitae
1868 1574 2385 1663 tempestatibus
2415 1575 2703 1666 affligor,
2751 1574 2953 1644 itaut
2983 1583 3127 1641 recte

615 1664 843 1732 dicam
874 1686 887 1730 ε
952 1665 1112 1733 Veni
1145 1665 1214 1732 in
1251 1665 1684 1733 altitudinem
1718 1665 1950 1744 maria,
1983 1674 2045 1732 et
2072 1675 2424 1754 tempestas
2457 1666 2771 1733 demersit
2802 1687 2905 1732 me
2939 1662 3122 1753 (Psal.

617 1752 756 1840 68).
810 1751 1227 1821 Periclitanti
1275 1752 1489 1852 igitur
1536 1752 1710 1822 mihi
1758 1752 2088 1823 orationis
2120 1765 2380 1822 vestrae
2410 1774 2692 1822 manum
2729 1751 2983 1821 tendite
3012 1770 3126 1826 νος,

614 1841 736 1928 qui
786 1840 857 1908 in
908 1841 1237 1910 virtutum
1290 1840 1484 1910 htore
1531 1841 1749 1911 statis.
1804 1841 1997 1924 Quod
2048 1863 2202 1911 vero
2236 1863 2342 1911 me
2383 1863 2459 1910 os
2498 1841 2798 1923 Domini,
2843 1838 3016 1928 quod
3047 1837 3133 1905 lu-

614 1950 894 1999 cernam
944 1929 1193 2010 dicitis,
1248 1930 1428 2016 quod
1481 1929 1823 2017 loquendo
1874 1929 2113 1999 multis
2164 1929 2508 2021 prodesse,
2552 1930 2929 2017 multisque
2962 1946 3133 2019 posse

615 2017 847 2088 lucere
897 2018 1293 2108 perhibetiS,
1347 2019 1894 2089 aestimationem
1931 2041 2153 2087 meam
2191 2018 2363 2088 mihi
2390 2018 2608 2089 fateor
2637 2019 2709 2088 in
2743 2019 3130 2089 dubietatem

613 2107 990 2177 maximam
1042 2107 1479 2197 perduxistis,
1534 2107 1900 2200 Considero
1953 2130 2251 2194 namque
2297 2107 2456 2194 quis
2504 2130 2685 2189 sum,
2746 2121 2817 2178 et
2864 2105 3028 2176 nihil
3072 2104 3129 2171 in

615 2217 725 2264 me
770 2218 851 2265 ex
897 2196 1109 2286 hujus
1156 2196 1319 2267 boni
1368 2196 1565 2287 signo
1613 2196 2078 2285 deprehendo.
2125 2197 2490 2266 considero
2539 2211 2769 2267 autem
2807 2197 2924 2285 qui
2966 2193 3126 2268 estis,

612 2296 679 2353 et
724 2307 843 2353 vos
891 2285 1163 2355 mentiri
1212 2306 1411 2386 posse
1460 2307 1596 2356 non
1646 2285 1964 2355 arbitror.
2018 2290 2188 2355 Cum
2235 2307 2398 2375 ergo
2447 2285 2725 2355 credere
2776 2287 2930 2356 volo
2975 2277 3125 2369 quod

613 2372 865 2453 dicitis,
918 2373 1322 2443 contradicit
1371 2373 1542 2442 mihi
1592 2374 1961 2445 infirmitas
2002 2396 2176 2443 mea.
2217 2379 2380 2443 Cum
2419 2373 2761 2444 discutere
2794 2374 2946 2444 volo
2973 2366 3125 2458 quod

612 2462 685 2531 in
717 2461 922 2532 laude
953 2486 1104 2533 mea
1136 2462 1411 2544 dicitur,
1449 2462 1858 2533 contradicit
1890 2462 2059 2532 mihi
2091 2463 2417 2533 sanctitas
2453 2479 2694 2534 vestra.
2738 2464 2868 2535 Sed
2902 2477 3127 2551 quaeso

612 2554 717 2621 vir
763 2564 1016 2635 sancte,
1074 2553 1270 2621 nobis
1318 2551 1581 2639 aliquid
1630 2552 1717 2620 de
1765 2552 1892 2621 hoc
1939 2553 2313 2622 certamine
2364 2566 2591 2623 nostro
2630 2553 3029 2623 conveniat:
3071 2556 3131 2617 ut

612 2641 668 2713 si
718 2662 851 2710 non
903 2642 1084 2728 quod
1135 2640 1387 2720 dicitis,
1444 2642 1538 2710 ita
1584 2653 1719 2712 est:
1773 2641 1860 2710 sit
1908 2640 2022 2719 ita,
2079 2642 2246 2728 quia
2292 2641 2545 2710 dicitis.
2585 2665 2620 2708 »

699 2732 735 2816 ξ
793 2735 936 2801 ⁶22.
991 2753 1028 2795 «
1062 2728 1429 2819 Gregorius
1467 2730 1771 2799 Andreae
1818 2729 2115 2799 illustri:
2170 2730 2616 2819 Omnipotens
2668 2735 2848 2801 Deus
2898 2725 3136 2798 dulcis·-

612 2818 789 2888 simo
822 2818 1014 2888 cordi
1055 2831 1272 2888 vestro
1304 2818 1555 2887 indicet
1602 2818 1768 2905 quia
1811 2829 1877 2888 et
1928 2820 2178 2889 absens
2226 2841 2530 2909 corpore,
2589 2842 2630 2889 a
2668 2820 3004 2889 charitate
3050 2834 3137 2912 ve·

612 2920 752 2976 stra
799 2907 1032 2975 animo
1084 2928 1216 2976 non
1270 2907 1543 2976 recessi.
1597 2913 1782 2977 Bona
1840 2908 2025 2977 enim
2077 2920 2321 2989 vestra,
2373 2908 2578 2978 etiam
2628 2908 2688 2977 si
2751 2908 2929 2988 volo,
2984 2902 3137 2973 obli-

612 2995 782 3065 visci
845 3016 980 3063 non
1029 2994 1242 3064 valeo,
1297 3001 1439 3065 Hoc
1510 3009 1741 3067 autem
1788 2995 1971 3083 q‘uod
2026 3018 2133 3066 me
2195 2996 2281 3065 ad
2353 2997 2795 3087 episcopatus
2846 2994 3136 3087 ordinem

611 3083 1026 3173 cognoscitis
1106 3084 1472 3165 ervenisse‚
1530 3086 1588 3154 si
1638 3109 1747 3156 me
1794 3085 2107 3175 diligitis,
2162 3086 2508 3176 plangite:
2555 3086 2724 3169 Quia
2781 3098 3007 3156 tantae
3051 3080 3144 3149 hic

613 3171 829 3262 hujus
864 3195 1030 3243 mun
1091 3173 1628 3264 ioccupationes
1679 3187 1863 3254 sunt,
1916 3189 1993 3245 ut
2040 3174 2153 3243 hic
2203 3196 2324 3264 per
2369 3174 2810 3265 episcopatus
2850 3173 3145 3244 ordinem

614 3282 789 3351 pene
819 3263 906 3331 ab
955 3283 1186 3331 amore
1236 3264 1353 3331 Dei
1386 3262 1652 3332 videam
1693 3284 1801 3332 me
1832 3285 1980 3334 esse
2028 3276 2448 3352 separatum.
2502 3264 2696 3346 Quod
2746 3265 3148 3334 incessanter

610 3349 852 3428 defleo,
915 3363 1118 3437 atque
1168 3364 1243 3421 ut
1293 3374 1414 3442 pro
1462 3374 1572 3421 me
1622 3352 1991 3420 Dominum
2047 3352 2370 3434 exoretis,
2425 3374 2663 3443 roge.»
2709 3391 2802 3403 --
2851 3376 2889 3419 «
2925 3356 3150 3435 Grego-

611 3438 762 3507 rius
805 3440 1057 3508 Joanni
1130 3441 1608 3510 exconsuliset
1654 3441 1929 3530 patritio
1978 3453 2180 3527 atque
2228 3442 2619 3524 Quaestori:
2669 3446 2863 3510 Bona
2912 3450 3149 3508 vestrae

609 3525 1047 3597 excellentiae
1092 3544 1434 3620 expertuS,
1480 3541 1666 3598 tanto
1704 3551 1779 3597 er
1827 3553 1868 3598 a
1907 3551 2023 3600 vos
2052 3551 2284 3599 amore
2331 3530 2788 3621 constringor,
2844 3541 2924 3599 ut
2955 3537 3150 3595 vestra

611 3617 944 3687 memoria
991 3617 1075 3687 de
1125 3642 1275 3688 meo
1323 3631 1596 3719 pectore
1658 3619 1792 3686 abo
1822 3618 1919 3686 eri
1970 3618 2369 3689 nullatenus
2433 3620 2668 3709 possit.
2738 3619 2870 3689 Sed
2930 3624 3150 3687 contra

609 3726 914 3775 amorem
964 3729 1100 3776 non
1152 3707 1420 3776 modice
1468 3706 1835 3776 contristor
1864 3707 2029 3793 quia
2055 3708 2353 3794 quietem
2389 3730 2499 3777 me
2527 3730 2860 3794 quaerere
2909 3722 3148 3795 cogno-

608 3792 801 3864 vistis
846 3807 912 3864 et
959 3796 1044 3865 ad
1094 3794 1646 3883 inquietudinem
1684 3795 2123 3885 perduxistis.
2158 3796 2361 3867 Vobis
2390 3796 2671 3882 quidem
2722 3796 3148 3885 omnipotens

608 3885 787 3952 Deus
834 3884 998 3970 quia
1045 3884 1175 3953 hoc
1222 3886 1401 3953 bono
1450 3884 1684 3952 animo
1732 3883 2010 3965 fecistiS,
2065 3887 2248 3954 bona
2295 3897 2572 3955 aeterna
2617 3885 2991 3955 retribuat:
3044 3874 3146 3977 sed

608 3992 719 4069 me
766 3995 805 4041 a
855 3984 1039 4042 tanto
1090 3972 1221 4041 loci
1269 3973 1480 4062 hujus
1512 3972 1820 4062 periculo
1866 3973 2161 4060 qualiter
2211 3973 2535 4056 voluerit,
2600 3973 2955 4043 absolvat:
2996 3986 3147 4056 quia

608 4071 787 4129 sicut
835 4073 1113 4150 peccata
1161 4083 1314 4129 mea
1362 4061 1824 4143 merebantur,
1875 4084 2014 4132 non
2048 4068 2541 4142 Romanorum,
2595 4062 2715 4132 sed
2764 4059 3147 4151 Longobar-

606 4146 852 4218 dorum
904 4149 1281 4239 Episcopus
1329 4148 1549 4221 factus
1588 4172 1771 4220 sum.
1824 4156 2129 4234 Qnorum
2201 4152 2604 4242 syntychiae
2660 4151 2954 4241 spathae
3000 4153 3147 4216 sunt

606 4250 670 4305 et
701 4236 922 4327 gratia
972 4260 1212 4328 poena.
1250 4243 1417 4308 Ecce
1448 4239 1572 4309 ubi
1606 4252 1827 4310 vestra
1859 4240 2242 4330 patrocinia
2274 4262 2382 4309 me
2417 4240 2915 4331 perduxerunt.
2955 4240 3149 4307 Gemo

605 4325 911 4411 quotidie
957 4326 1527 4415 occupationibus
1577 4351 1857 4418 pressus
1903 4340 1969 4398 et
2019 4329 2358 4430 respirare
2408 4352 2542 4399 non
2603 4329 2815 4397 valen.
2865 4326 2995 4396 Sed
3044 4340 3152 4387 vos

604 4414 725 4502 qui
757 4414 985 4485 adhuc
1015 4414 1274 4499 valetis,
1317 4416 1560 4487 mundi
1593 4417 1806 4506 hujus
1834 4432 2320 4510 occupatlones
2350 4418 2586 4510 fugite:
2624 4417 2792 4505 quia
2811 4427 3144 4504 quantum
