3327 4999
170 333 420 401 MART.
475 336 561 400 ΞΟ
792 351 872 398 ns
919 351 975 399 s.
1027 350 1390 399 eurr-:tanaro
1438 352 1636 401 Ense.
1690 354 2086 401 mumsrmm.
2165 380 2170 395 ι
2502 337 2619 401 384

117 449 127 457 ’
172 438 606 529 ρεήουΙίεῗ»
646 442 723 506 At
752 436 854 505 illi
892 436 1148 505 rustico
1195 448 1259 505 et
1307 437 1537 505 animo
1577 449 1641 507 et
1679 457 1794 507 ore
1844 437 2348 508 stomachantes
2394 437 2725 509 adversus

174 548 383 596 eum:
421 527 723 607 «Nullae,
780 526 1142 613 inquiunt,
1198 526 1558 595 hominum
1595 548 1718 617 pro
1773 527 1873 595 eis
1923 538 2145 618 roget,
2201 526 2437 595 nullus
2483 548 2723 596 eorum

178 616 591 685 misereatur
638 621 845 684 Deus:
896 615 1019 700 qui
1065 627 1131 684 et
1169 627 1423 684 veteres
1453 615 1764 684 culturas
1793 615 2196 684 hominibus
2223 615 2460 696 tulere,
2496 628 2561 685 et
2608 637 2727 684 no-

180 726 301 773 vas
346 704 639 791 qualiter
713 703 1073 774 observare
1129 703 1460 785 debeant,
1542 726 1744 772 nemo
1793 702 2050 773 novit.»
2081 708 2228 786 Quo
2300 716 2576 794 accepto
2626 725 2730 772 re-

187 816 221 864 s
274 814 468 874 onso,
520 794 667 883 ipse
714 805 1035 861 oraturus
1084 793 1485 872 Dominum,
1551 814 1777 882 genua
1826 793 2031 872 flexit,
2098 805 2306 881 caput
2353 793 2425 860 in
2476 804 2725 861 terram

248 881 602 951 eclinavit:
658 878 1022 967 statimque
1096 895 1343 951 retorta
1394 882 1492 952 vis
1542 893 1897 950 ventorum
1935 935 1950 960 ,
2013 892 2190 949 rates
2236 901 2394 949 cum
2454 880 2565 949 his
2609 879 2730 966 qui

186 970 563 1049 ducebant,
618 970 1083 1061 gaudentibus
1131 971 1431 1061 integras
1477 970 1561 1038 ad
1614 983 1863 1039 terram
1913 970 2108 1056 ejecit
2152 981 2217 1037 et
2253 970 2451 1059 juxta
2497 969 2729 1059 ipsum

187 1061 682 1129 monasterium
734 1059 803 1127 in
840 1060 987 1129 loco
1034 1073 1418 1147 opportuno
1450 1058 1534 1127 de
1586 1060 1791 1129 osuit.
1831 1058 2147 1127 videntes
2180 1072 2404 1128 autem
2458 1057 2723 1135 rustici,

187 1148 625 1217 erubuerunt
670 1147 754 1216 de
801 1170 926 1217 sua
975 1148 1414 1217 infidelitate:
1467 1148 1514 1216 fi
1569 1169 1674 1216 em
1714 1169 1870 1216 vero
1918 1147 2326 1216 venerabilis
2382 1144 2732 1216 Cuthberti

186 1249 440 1306 extunc
489 1237 692 1306 laude
739 1237 949 1327 digna
1019 1237 1505 1326 praedicabant
1551 1249 1617 1305 et
1668 1236 1994 1326 deinceps
2042 1235 2732 1327 praedicaremulla-

186 1338 392 1395 tenus
440 1327 840 1396 cessabant:
884 1326 1052 1395 adeo
1100 1338 1174 1394 ut
1223 1324 1428 1394 frater
1454 1325 1736 1412 quidam
1790 1325 2006 1395 nostri
2046 1325 2441 1394 monasterii
2481 1324 2730 1415 proba-

191 1414 532 1491 tissimus,
584 1415 786 1503 cujus
835 1416 980 1505 ipse
1022 1414 1187 1483 haec
1219 1414 1542 1485 relatione
1589 1414 1825 1495 didici,
1864 1436 2010 1483 sese
2049 1414 2216 1483 haec
2247 1415 2333 1483 ab
2359 1436 2499 1483 uno
2549 1414 2733 1504 ipso-

192 1526 351 1573 rum
404 1504 701 1572 rusticae
748 1503 1209 1593 simplicitatis
1256 1504 1400 1572 viro
1447 1517 1511 1573 et
1559 1502 1937 1573 simulandi
1985 1525 2268 1593 prorsus
2317 1505 2579 1594 ignaro,
2615 1523 2732 1572 co-

192 1613 343 1662 ram
381 1592 624 1661 multis
673 1614 872 1682 saepe
920 1592 1400 1662 assistentibus
1434 1591 1708 1661 audisse
1758 1593 2154 1661 narraverit.

282 1683 318 1768 ξ
388 1684 475 1750 4.
529 1686 603 1750 At
649 1681 772 1749 ubi
830 1681 1271 1770 gubernatrix
1321 1681 1491 1750 vitae
1552 1680 1864 1751 fidelium
1938 1681 2154 1771 gratia
2214 1680 2459 1750 Christi
2516 1677 2732 1748 voluit

194 1769 540 1839 famulum
578 1791 780 1840 suum
831 1770 1141 1838 arctioris
1173 1771 1503 1860 propositi
1550 1771 1785 1841 subire
1829 1770 2171 1850 virtutem,
2224 1769 2486 1839 altioris
2535 1789 2733 1857 prae-

194 1857 321 1928 mii
371 1858 662 1949 gloriam
715 1858 1115 1948 promereri,
1167 1859 1453 1948 contigit
1499 1882 1655 1928 eum
1710 1858 1986 1927 remotis
2033 1859 2100 1926 in
2152 1857 2500 1926 montibus
2547 1878 2734 1925 com-

194 1948 566 2017 missorum
629 1947 766 2015 'sibi
816 1968 1138 2035 pecorum
1207 1969 1405 2036 agere
1451 1948 1860 2016 custodiam.
1913 1947 2042 2028 Qui
2089 1946 2254 2015 dum
2306 1960 2502 2015 nocte
2559 1966 2734 2031 qua-

194 2036 381 2115 dam,
437 2034 940 2105 dormientibus
988 2036 1215 2117 sociiS,
1267 2037 1643 2125 ipse-juxta
1681 2057 1938 2105 morem
1979 2034 2264 2124 pervigil
2311 2035 2381 2102 in
2431 2034 2733 2103 oratione

194 2124 497 2203 duraret,
552 2124 717 2193 vidit
766 2124 992 2193 subito
1040 2124 1272 2193 fusum
1306 2124 1390 2192 de
1436 2123 1622 2192 coelo
1658 2123 1916 2202 lumen,
1974 2122 2234 2192 medias
2275 2122 2476 2213 longe
2512 2122 2732 2191 noctis

195 2213 648 2303 interrupisse
695 2212 1040 2283 tenebras:
1095 2213 1162 2280 in
1199 2234 1336 2299 quo
1374 2212 1767 2281 coelestium
1818 2213 2063 2281 choros
2109 2211 2467 2301 agminum
2519 2224 2734 2281 terras

196 2302 472 2392 petisse,
513 2322 637 2370 nec
686 2324 899 2381 mora,
945 2314 1140 2391 rapta
1188 2323 1420 2370 secum
1471 2301 1704 2369 anima
1752 2300 2081 2370 claritatis
2127 2301 2438 2382 eximiae,
2493 2321 2734 2390 super-

198 2412 357 2458 nam
412 2391 667 2460 redisse
701 2390 783 2460 ad
837 2391 1153 2480 patriam.
1208 2395 1673 2481 Compunctus
1720 2403 1820 2458 est
1880 2381 2175 2458 multum
2226 2389 2353 2459 hoc
2401 2390 2552 2459 visu
2604 2393 2734 2457 Deo

199 2478 489 2548 dilectus
520 2478 916 2549 adolescens
963 2479 1044 2548 ad
1098 2479 1539 2550 subeundum
1591 2478 1883 2569 gratiam
1949 2501 1982 2547 s
2038 2477 2332 2548 iritualis
2393 2477 2727 2558 exercitii,

199 2590 280 2637 ac
330 2569 818 2657 promerendae
865 2569 1041 2637 inter
1089 2569 1492 2660 magnificos
1540 2570 1720 2637 viros
1758 2568 1934 2636 vitae
2001 2567 2453 2655 elicitatisque
2491 2589 2735 2668 peren-

198 2656 335 2726 nis:
389 2657 880 2744 confestimque
929 2661 1058 2737 Deo
1119 2657 1391 2738 laudeS,
1444 2658 1960 2748 gratiarumque
2021 2656 2319 2726 referens
2377 2669 2679 2726 actiones
2713 2709 2729 2736 ‚

200 2745 321 2816 sed
370 2759 435 2814 et
466 2747 688 2814 socios
735 2746 818 2814 ad
871 2745 1299 2816 laudandum
1336 2747 1700 2816 Dominum
1741 2746 2036 2815 fraterna
2067 2746 2531 2815 exhortatione
2582 2766 2737 2835 pro-

196 2856 483 2905 vocans:
512 2840 702 2904 «Heu
759 2835 1014 2914 miseri,
1060 2836 1316 2922 jnquit,
1391 2836 1510 2921 qui
1559 2856 1800 2907 somno
1846 2848 1910 2904 et
1958 2835 2242 2904 inertiae
2290 2834 2534 2914 dediti,
2598 2853 2736 2901 non

199 2945 554 2993 meremur
592 2945 863 3013 semper
904 2923 1332 3013 vigilantium
1367 2924 1843 2994 ministrorum
1882 2924 2126 2993 Christi
2174 2945 2449 2994 cernere
2481 2923 2733 2992 lucem.

198 3017 295 3080 En
344 3012 493 3101 ipse
542 3034 703 3080 cum
754 3011 1027 3082 modico
1078 3013 1296 3081 noctis
1343 3023 1647 3103 ¹tempore
1697 3013 1981 3103 pervigil
2033 3034 2322 3092 orarem,
2379 3023 2562 3081 tanta
2623 3011 2738 3079 Dei

197 3100 552 3190 magnalia
600 3100 957 3190 conspexi:
1012 3115 1246 3190 aperta
1291 3113 1393 3169 est
1429 3101 1646 3191 janua
1694 3101 1866 3170 coeli
1922 3114 1986 3168 et
2032 3101 2358 3170 inductus
2403 3100 2572 3170 illuc
2620 3121 2740 3168 an-

246 3189 420 3257 elico
467 3189 796 3257 comitatu
845 3189 1129 3279 spiritus
1167 3189 1530 3278 cujusdam
1582 3190 1802 3259 sancti
1847 3190 1967 3276 qui
2018 3211 2226 3266 nunc,
2281 3190 2479 3260 nobis
2526 3190 2596 3258 in
2638 3189 2741 3256 in-

229 3298 369 3345 1ma
416 3277 710 3367 caligine
759 3278 1214 3359 versantibuS,
1250 3299 1588 3367 supernae
1636 3278 2015 3349 mansionis
2063 3278 2351 3369 gloriam
2385 3301 2463 3348 ac
2509 3299 2738 3369 regem

200 3364 400 3433 illius
464 3366 801 3435 Christum
923 3379 1202 3456 erpetuo
1249 3367 1488 3436 beatus
1536 3368 1862 3436 intuetur.
1916 3372 1994 3435 Et
2038 3366 2317 3453 quidem
2397 3368 2583 3437 hunc
2633 3366 2735 3435 vel

201 3453 608 3555 episcopum
658 3389 1032 3542 quemlibet
1080 3467 1419 3536 sanctum,
1464 3456 1565 3525 vel
1603 3455 1931 3525 eximium
1967 3455 2052 3523 de
2098 3455 2404 3524 fidelium
2447 3477 2739 3525 numero

198 3564 430 3611 virum
487 3541 697 3611 fuisse
726 3544 1039 3613 existimo
1079 3565 1280 3630 quem
1317 3557 1503 3613 tanto
1550 3544 1912 3645 splendore
1943 3543 2142 3622 lucis,
2195 3557 2289 3614 tot
2336 3545 2738 3613 ducentium

202 3631 437 3701 choris
498 3632 896 3720 angelorum
948 3632 1156 3702 coelis
1226 3631 1494 3702 illatum
1546 3633 1756 3701 vidi.»
1808 3638 1986 3702 Haec
2036 3634 2272 3704 dicens
2308 3634 2412 3702 vir
2473 3633 2743 3702 Domini

199 3719 635 3801 CuthbertuS,
688 3742 822 3790 non
875 3743 1120 3811 parum
1169 3721 1377 3790 corda
1445 3734 1795 3812 pastorum
1847 3722 1932 3791 ad
1991 3722 2261 3790 divinae
2319 3721 2739 3791 laudationis

198 3809 646 3878 reverentiam
699 3809 1046 3890 accendit,
1100 3811 1510 3900 agnovitque
1560 3832 1759 3880 mane
1816 3810 1990 3880 sacto
2047 3811 2417 3879 antistitem
2470 3810 2743 3879 Lindis-

198 3898 545 3967 sarnensis
618 3897 944 3967 ecclesiae
1017 3899 1398 3982 Aidanum,
1482 3921 1768 3990 magnae
1841 3899 2079 3985 utique
2128 3899 2396 3969 virtutis
2460 3901 2684 3969 virum
2723 3954 2738 3980 ,

201 4010 319 4077 per
366 3987 436 4055 id
490 3987 819 4077 temporis
864 4009 1000 4073 quo
1048 3987 1329 4068 viderat,
1385 3999 1657 4078 raptum
1713 3989 1797 4056 de
1844 4009 2127 4078 corpore
2174 3988 2486 4058 coelestia
2534 4009 2743 4078 regna
2814 4067 2820 4074 ,

200 4076 480 4165 petisse:
539 4098 617 4144 ac
667 4075 892 4144 statim
944 4075 1438 4145 commendans
1505 4077 1652 4146 suis
1703 4099 1950 4168 pecora
1997 4098 2173 4163 quae
2222 4079 2564 4168 pascebat,
2618 4077 2742 4146 do-

201 4165 431 4244 minis,
476 4164 973 4234 monasterium
1024 4177 1247 4254 petere
1294 4164 1612 4234 decrevit.

288 4256 324 4339 §
394 4259 483 4326 5.
538 4259 844 4340 Cumque
902 4275 1153 4321 novum
1230 4253 1406 4322 vitae
1459 4254 1976 4324 continentioris
2041 4254 2428 4345 ingressum
2499 4254 2738 4327 sedulo

189 4342 333 4431 jam
387 4342 592 4411 corde
642 4341 1108 4421 meditaretur,
1163 4343 1359 4411 affuit
1406 4364 1704 4433 superna
1752 4344 1968 4432 gratia
2016 4364 2192 4429 quae
2239 4345 2548 4424 animum
2588 4345 2738 4430 ejus

197 4431 457 4499 arctius
508 4432 577 4499 in
656 4431 1002 4522 proposito
1078 4432 1411 4511 firmaret,
1464 4453 1542 4500 ac
1604 4431 1985 4502 manifestis
2031 4432 2341 4503 edoceret
2406 4432 2732 4511 indiciis,
