3327 4999
794 332 923 397 452
1383 350 1461 395 ΒΕ
1509 350 1564 396 s.
1617 349 1976 398 cunnum
2027 350 2193 397 vnto.
2247 351 2324 397 ΕΤ
2371 350 2563 397 νιυυΑ
2851 333 3108 399 MART.
3163 336 3246 399 22

710 452 837 499 sua
885 439 1162 518 peccata
1208 428 1715 497 confiterentur.
1767 429 1998 530 Ajebat
2038 430 2249 509 enim,
2277 429 2366 499 ob
2398 439 2672 519 peccata
2702 428 2771 497 in
2806 430 3241 503 confessione

709 518 949 603 celata,
980 518 1390 608 plerumque
1426 517 1497 587 id
1542 540 1761 607 genus
1805 518 2160 589 illusiones
2194 518 2525 589 accidere.
2580 518 2853 599 Deinde,
2903 531 2983 588 ut
3032 521 3242 591 nudis

708 607 1005 698 pedibus
1039 618 1104 674 et
1134 604 1392 692 absque
1425 605 1625 676 lineis
1663 606 1960 675 indusiis
2006 628 2166 676 cum
2215 607 2402 676 omni
2452 606 2839 675 humilitate
2888 609 3241 679 continuis

707 707 858 765 octo
902 693 1148 763 diebus
1191 694 1367 764 irent
1396 694 1482 763 ad
1518 694 1853 784 templum
1888 700 1951 765 S.
1989 695 2246 777 CruciS‚
2280 707 2344 765 et
2373 695 2459 764 ob
2490 696 2935 764 reverentiam
2982 699 3241 785 passio-

708 784 820 852 nis
864 782 1135 863 Christi,
1184 805 1411 851 coram
1453 783 1755 874 imagine
1794 784 2017 874 ipsius
2057 807 2094 851 a
2134 805 2338 853 cruce
2381 783 2742 875 pendentis
2790 783 3101 874 legerent
3140 809 3236 857 se·

707 873 882 962 pties
939 870 1363 941 Dominicam
1414 872 1786 941 orationem
1836 884 1900 941 et
1942 872 2325 963 angelicam
2373 872 2874 943 salutationem.
2936 874 3232 945 Addebat

703 982 887 1041 ver0,
925 983 994 1031 se
1026 981 1320 1047 quoque,
1376 961 1533 1030 licet
1572 960 1954 1051 indignam,
2008 984 2086 1029 ex
2134 961 2726 1032 commiseratione
2775 960 3075 1032 libenter
3121 986 3226 1053 pro

706 1049 881 1140 ipsis
907 1049 1272 1118 Dominum
1302 1063 1716 1140 rogaturam.
1751 1054 2077 1119 Fecerunt
2102 1049 2260 1120 illae
2284 1050 2625 1131 dominae,
2657 1063 2732 1119 ut
2747 1049 2995 1139 jussae
3020 1064 3216 1132 erant,

708 1151 771 1207 et
802 1160 956 1207 ecce
986 1138 1095 1206 die
1142 1150 1374 1207 octavo
1424 1138 1707 1208 veniunt
1752 1138 1835 1206 ad
1888 1138 2359 1218 Catharinam,
2401 1139 2710 1227 ingentes
2761 1140 3054 1209 Domino
3086 1163 3220 1231 gra-

708 1227 838 1296 tias
870 1239 1183 1317 agentes,
1219 1227 1398 1314 quod
1426 1227 1570 1317 jam
1614 1227 1937 1296 liberatae
1981 1239 2220 1311 essent⁸
2254 1228 2340 1296 ab
2388 1226 2506 1296 illo
2554 1227 2829 1317 impuro
2869 1228 3217 1303 daemone.

710 1315 1111 1385 Catharinae
1157 1315 1465 1385 consiliis
1513 1315 2070 1406 obtemperando.
2126 1316 2245 1385 His
2275 1327 2340 1384 et
2386 1314 2453 1384 id
2511 1337 2729 1406 genus
2778 1315 2937 1387 aliis
2987 1340 3228 1407 magna

710 1404 1088 1473 sanctitatis
1134 1404 1546 1473 existimatio
1593 1404 1956 1473 conciliata
1988 1416 2090 1474 est
2119 1409 2184 1474 S.
2224 1404 2620 1473 Catharinae
2669 1425 2803 1473 non
2857 1406 3056 1474 modo
3096 1412 3225 1475 Ro-

709 1513 864 1561 mae
911 1505 977 1562 et
1024 1492 1340 1583 Neapoli,
1395 1493 1510 1563 sed
1558 1493 1759 1561 etiam
1815 1493 1883 1560 in
1934 1492 2169 1562 multis
2233 1493 2390 1562 aliis
2437 1492 2671 1561 ltaliae
2716 1505 2782 1561 et
2830 1495 3228 1563 Germaniae

712 1580 1135 1671 regionibus:
1188 1581 1714 1681 compluresque
1761 1581 1993 1651 afflicti
2041 1581 2123 1649 ad
2174 1604 2324 1650 eam
2374 1580 2900 1672 confugiebant,
2958 1595 3033 1651 ut
3083 1583 3230 1652 e'us

712 1669 1035 1769 precibus
1083 1691 1124 1738 a
1172 1675 1457 1739 Domino
1503 1670 2038 1739 consolationem
2086 1670 2491 1739 obtinerent:
2546 1692 2669 1739 nec
2717 1684 2881 1740 sunt
2928 1692 3049 1762 spe
3122 1693 3230 1740 ru-

714 1770 907 1828 strat1
958 1780 1104 1828 sua.

802 1850 837 1933 §
889 1850 1047 1917 223.
1101 1846 1445 1935 Expeditis
1476 1847 1776 1938 Neapoli,
1814 1868 1989 1934 quae
2036 1845 2178 1916 illic
2225 1845 2620 1933 exequenda
2656 1859 3073 1936 susceperat,
3121 1852 3236 1917 Ca-

715 1935 991 2004 tharina
1030 1940 1315 2004 Romam
1360 1934 1582 2016 rediit,
1637 1947 1702 2005 et
1748 1937 2036 2025 urgebat
2081 1934 2360 2021 quidem
2411 1935 2650 2003 matris
2697 1957 2862 2005 suae
2927 1936 2998 2004 in
3045 1935 3234 2007 divos

716 2023 1140 2093 relationem:
1195 2023 1309 2092 sed
1365 2025 1688 2094 Pontifice
1742 2024 2063 2114 Gregorio
2111 2028 2195 2092 XI
2244 2022 2575 2092 moriente
2609 2078 2624 2104 ,
2689 2044 2824 2092 non
2876 2025 3092 2114 potuit
3141 2026 3230 2094 ita

713 2111 914 2181 facile
962 2134 1102 2180 rem
1153 2112 1235 2179 ad
1285 2113 1595 2181 effectum
1657 2112 2050 2203 perducere.
2105 2117 2339 2199 Itaque
2387 2122 2602 2181 totum
2651 2111 2822 2180 illud
2888 2113 3232 2202 negotium

716 2200 801 2269 ad
854 2200 1204 2270 Urbanum
1254 2206 1336 2269 VI
1398 2206 1783 2270 Romanum
1846 2200 2240 2270 Pontificem
2306 2200 2698 2269 devolutum
2750 2211 2872 2269 est.
2955 2207 3236 2271 Noverat

718 2290 777 2358 is
826 2289 1128 2358 Pontifex
1175 2289 1551 2379 Birgittam‚
1589 2304 1653 2358 et
1698 2289 2038 2380 cupiebat,
2092 2289 2241 2378 ejus
2274 2287 2651 2358 sanctitatis
2697 2289 3039 2369 conscius,
3078 2312 3236 2359 eam

720 2382 1124 2447 Sanctorum
1172 2377 1480 2469 catalogo
1527 2378 1898 2461 ascribere,
1953 2378 2070 2448 sed
2141 2377 2443 2448 schisma
2493 2390 2635 2446 tum
2699 2398 2931 2446 recens
2975 2391 3229 2448 ortum.

719 2465 1074 2555 multaque
1120 2466 1257 2536 alia
1302 2467 1452 2557 ejus
1499 2479 1785 2537 conatus
1835 2466 2286 2537 retardabant.
2348 2472 2501 2536 Jam
2532 2466 3079 2553 quinquennium
3118 2472 3241 2536 Ca-

723 2555 994 2624 tharina
1044 2562 1297 2624 Romae
1335 2569 1563 2646 egerat
1609 2557 1821 2647 hujus
1855 2557 1951 2625 rei
1998 2558 2231 2637 causa,
2277 2578 2413 2625 non
2449 2555 2594 2626 sine
2645 2579 2750 2624 ma
2806 2554 2911 2624 nis
2964 2555 3240 2645 impen-

720 2639 880 2713 diis:
919 2645 1031 2716 sed
1075 2667 1233 2713 cum
1271 2644 1524 2713 videret
1553 2645 1638 2714 ob
1678 2645 1976 2714 schisma
2008 2644 2416 2735 impendens
2446 2666 2636 2733 spem
2689 2666 2782 2713 nu
2815 2644 2950 2712 lam
3001 2645 3241 2713 melio-

714 2755 860 2801 rem
892 2733 1182 2815 ostendi,
1220 2754 1693 2820 quaecumque
1722 2734 1806 2801 ad
1833 2732 2335 2824 impetrandam
2361 2744 2635 2803 sanctae
2668 2733 2906 2801 matris
2936 2754 3103 2801 suae
3127 2755 3240 2801 ca-

711 2821 1238 2902 nonizationem,
1272 2834 1346 2891 ut
1378 2834 1637 2903 vocant,
1673 2822 1889 2891 facere
1916 2821 2343 2902 videbantur,
2376 2833 2537 2911 puta
2569 2821 2772 2889 vitam
2806 2831 2871 2888 et
2899 2821 3240 2891 miracula

710 2909 885 2999 ejuS‚
939 2932 1098 2979 cum
1148 2910 1283 2978 side
1331 2910 1559 3001 dignis
1610 2911 2017 2981 testimoniis
2064 2910 2472 2999 conscripta,
2509 2914 2761 2981 Romae
2792 2908 3088 2995 reliquit,
3127 2910 3238 2979 di-

712 2998 912 3066 vinae
947 2997 1409 3087 providentiae
1443 3022 1584 3069 rem
1621 3012 1827 3068 totam
1860 2998 2313 3069 committens:
2353 2998 2852 3088 impetrataque
2884 3021 2924 3066 a
2950 3002 3241 3067 Summo

712 3086 1036 3155 Pontifice
1101 3087 1361 3177 Regula
1410 3087 1773 3157 salvatoris
1819 3100 1883 3157 et
1945 3087 2321 3178 privilegiis
2367 3086 2784 3173 quibusdam
2838 3089 3240 3156 monasterii

711 3175 1222 3256 WatstenensiS,
1274 3177 1625 3246 constituit
1673 3176 1894 3246 redire
1932 3176 2019 3244 ad
2067 3198 2251 3245 suos.
2316 3181 2470 3244 Erat
2509 3186 2653 3246 tum
2714 3179 2967 3245 Romae
3001 3175 3240 3244 Cardi-

712 3262 890 3331 nalis
938 3262 1315 3343 Eleazarus,
1369 3265 1491 3352 qui
1537 3289 1579 3334 a
1614 3266 1973 3355 juventute
2020 3287 2147 3333 sua
2193 3263 2488 3333 multum
2525 3262 2853 3333 dilexerat
2887 3269 2951 3333 S.
2990 3264 3240 3354 Birgit·

712 3361 873 3432 tarn,
927 3361 1065 3421 tam
1116 3352 1471 3435 viventem,
1525 3376 1734 3440 quam
1772 3355 1904 3423 vita
1939 3352 2269 3433 functam,
2322 3353 2580 3442 quippe
2623 3352 2742 3439 qui
2778 3351 2848 3420 in
2891 3353 3029 3420 vita
3059 3365 3237 3422 recte

712 3440 1133 3510 instituenda
1179 3443 1328 3532 ejus
1376 3464 1645 3533 semper
1690 3442 1998 3511 consiliis
2039 3464 2110 3511 se
2141 3441 2793 3514 accommodaverat.
2833 3445 2900 3511 Is
2931 3441 3236 3510 Cathari-

713 3550 841 3598 nae
887 3551 1362 3617 quaecumque
1411 3531 1629 3620 p'otuit
1677 3530 1745 3599 in
1797 3531 1946 3618 ejus
2011 3529 2490 3621 promovendis
2539 3530 2828 3620 negotiis
2903 3529 3241 3600 beneficia

713 3629 777 3686 et
823 3618 1076 3688 auxilia
1125 3619 1625 3690 humanissime
1673 3619 2029 3708 praestitit,
2086 3617 2277 3689 illius
2325 3618 2498 3687 vitae
2560 3617 2917 3687 sanctitate
2967 3622 3238 3709 permo-

712 3718 847 3776 tus,
903 3712 1252 3779 Romanus
1297 3729 1569 3795 quoque
1591 3708 1928 3777 'Pontifex
1979 3708 2293 3778 Urbanus
2339 3712 2422 3775 vt
2471 3729 2629 3776 cum
2679 3706 2965 3777 caeteris
3014 3707 3239 3777 domi-

712 3794 822 3864 nis
852 3796 1350 3877 CardinalibuS,
1390 3796 1727 3898 singulari
1766 3796 2064 3883 quadam
2106 3795 2573 3865 benevolentia
2600 3816 2751 3864 eam
2787 3797 3234 3886 prosequens,

713 3882 944 3953 literas
991 3884 1406 3974 Apostolicas
1460 3908 1521 3954 ei
1567 3886 1857 3955 contulit
1904 3884 1988 3954 ad
2039 3885 2188 3954 loca
2232 3885 2501 3965 omnia,
2547 3883 2630 3953 ad
2681 3905 2856 3970 quae
2903 3899 3086 3954 esset
3133 3908 3238 3955 ac·

712 3993 1010 4042 cessura:
1049 3974 1373 4063 adjuncto
1420 3974 1625 4043 etiam
1662 3974 1726 4042 ei
1777 3995 2065 4064 magnae
2111 3974 2538 4043 auctoritatis
2585 3972 2752 4054 vir0,
2792 3972 2913 4059 qui
2949 3996 3072 4063 per
3105 3979 3234 4044 Ita-

715 4059 879 4129 liam
918 4061 1000 4129 ad
1037 4062 1234 4151 Alpes
1281 4085 1500 4149 usque
1558 4074 1700 4132 tuto
1748 4083 1899 4132 eam
1933 4061 2319 4131 deduceret.
2374 4066 2504 4131 Eae
2550 4059 2786 4129 literae
2832 4061 3229 4140 effecerunt,

714 4160 792 4217 ut
839 4149 923 4217 ab
971 4150 1204 4220 Italiae
1250 4165 1315 4220 et
1360 4152 1563 4221 etiam
1623 4150 2026 4220 Germaniae
2087 4149 2520 4240 principibus
2565 4161 2631 4219 et
2676 4150 3036 4219 civitatum
3087 4171 3230 4219 ma·

714 4237 1114 4394 gistratibus
1146 4239 1517 4309 admodum
1547 4239 1919 4309 honorifice
1949 4238 2392 4329 exciperetur.
2441 4238 2566 4308 Ubi
2596 4238 2666 4306 in
2699 4238 3053 4308 Prussiam
3088 4251 3240 4308 tan-

763 4348 868 4394 em
906 4340 1305 4416 perventum
1336 4342 1457 4410 est,
1488 4329 1719 4398 labore
1749 4342 1814 4399 et
1847 4328 2082 4397 morbo
2116 4327 2311 4397 valde
2349 4328 2677 4396 exhausta
2704 4349 2918 4396 curru
2948 4326 3240 4397 veheba-

718 4427 849 4485 tur.
904 4414 1198 4499 Quidam
1258 4438 1414 4486 vero
1470 4438 1549 4487 ex
1616 4418 1766 4507 eJus
1832 4416 2096 4486 familia
2160 4438 2400 4487 somno
2455 4426 2854 4506 correptuS,
2923 4437 2963 4485 e
3026 4437 3240 4487 curru
