3327 4999
184 330 433 395 MART.
486 330 571 393 20
811 350 888 394 nr.
937 348 992 396 s.
1048 347 1411 396 cumaeam
1460 350 1660 398 amsc.
1715 352 2125 398 namsi-ARN.
2537 338 2655 402 404

187 428 593 517 interroges,
628 449 1041 513 mecumque
1064 428 1392 514 loquaris:
1431 430 1598 515 quia
1672 442 1987 516 ostquam
2024 432 2116 501 ab
2141 430 2435 501 invicem
2466 432 2763 533 digressi

184 514 551 595 fuerimus,
611 537 747 583 non
783 515 965 584 ultra
1015 538 1140 585 nos
1181 516 1476 585 invicem
1525 518 1595 585 in
1683 541 1761 587 oc
1795 519 2027 587 seculo
2074 520 2344 591 carneis
2385 522 2607 590 oculis
2659 523 2760 590 vi-

188 604 534 672 debimus.
590 608 825 672 Certus
872 626 1030 672 sum
1080 604 1266 672 enim
1298 606 1462 690 quia
1510 619 1786 706 tempus
1823 607 2267 676 resolutionis
2315 629 2503 678 meae
2551 611 2765 680 instat

188 704 253 761 et
304 692 493 760 velox
539 704 640 760 est
687 692 1022 780 depositio
1060 693 1487 762 tabernaculi
1537 716 1747 763 mei.»
1796 695 1926 776 Qui
1977 696 2146 764 haec
2197 695 2524 777 audienS,
2602 720 2764 788 pro-

185 778 466 848 volutus
498 780 648 867 ejus
690 779 1007 869 pedibus,
1060 779 1373 867 fusisque
1421 804 1581 850 cum
1633 783 1897 873 gemitu
1944 782 2310 871 lacrymis:
2373 809 2398 847 ι
2437 787 2757 868 ObsecrO,

188 868 441 967 inquit,
486 890 609 956 per
641 869 1031 948 Dominum,
1083 890 1168 936 ne
1201 892 1309 937 me
1343 869 1817 956 derelinquas:
1875 872 1992 941 sed
2051 871 2152 940 tui
2207 872 2468 943 sodalis
2521 875 2766 943 memi-

189 978 401 1037 nerffi,
448 977 781 1046 rogesque
830 978 1205 1045 supernam
1259 958 1600 1046 pietatem,
1646 972 1724 1027 ut
1779 959 1893 1027 cui
1947 959 2200 1049 pariter
2250 961 2320 1028 in
2374 962 2572 1030 terris
2623 983 2766 1030 ser-

186 1044 511 1124 vivimUS‚
565 1044 648 1112 ad
700 1045 852 1131 ejus
889 1044 1252 1113 videndam
1290 1045 1670 1115 claritatem
1703 1047 1957 1135 pariter
1993 1060 2426 1116 transeamus
2461 1049 2548 1117 ad
2600 1072 2762 1118 coe-

190 1131 316 1200 los‚
373 1133 557 1201 Nosti
601 1133 786 1203 enim
835 1132 1000 1218 quia
1046 1133 1133 1201 ad
1186 1133 1283 1201 tui
1316 1134 1456 1202 oris
1505 1135 1880 1224 imperium
1931 1158 2206 1224 semper
2255 1136 2477 1205 vivere
2513 1138 2757 1207 studui

186 1233 255 1290 et
283 1220 619 1306 quicquid
661 1221 1051 1309 ignorantia
1101 1222 1202 1289 vel
1237 1218 1603 1311 fragilitate
1637 1222 1900 1309 deliqui
1929 1246 2147 1309 aeque
2180 1224 2267 1292 ad
2310 1238 2466 1294 tuae
2511 1228 2765 1295 volun-

190 1309 352 1378 tatis
399 1308 768 1377 arbitrium
828 1308 1166 1398 castigare
1213 1311 1522 1379 curavi.»
1575 1312 1903 1380 Incubuit
1969 1312 2293 1401 precibus
2356 1314 2753 1403 episcopuS,

190 1395 565 1481 statimque
604 1396 887 1465 edoctus
938 1396 1008 1464 in
1056 1397 1309 1487 spiritu
1379 1399 1787 1489 impetrasse
1836 1421 1908 1467 se
1954 1400 2139 1485 quod
2191 1400 2480 1490 petierat
2539 1424 2581 1470 a
2630 1408 2754 1470 Do-

189 1484 433 1554 mino:
479 1507 515 1549 «
553 1488 769 1574 Surge
806 1538 820 1558 .
882 1484 1144 1570 inquit,
1201 1484 1406 1554 frater
1465 1488 1582 1567 mi,
1636 1501 1701 1556 et
1753 1487 1890 1556 noli
1955 1486 2258 1576 plorare:
2315 1490 2434 1559 sed
2501 1490 2761 1580 gaudio

192 1571 422 1663 gaude
470 1572 634 1657 quia
709 1572 989 1640 donavit
1056 1574 1255 1642 nobis
1330 1596 1634 1663 superna
1690 1575 2056 1645 clementia
2115 1576 2301 1662 quod
2366 1578 2767 1667 rogavimus

192 1683 424 1730 eam.»
474 1662 683 1747 Cujus
725 1660 1071 1750 promissi,
1116 1673 1181 1729 et
1231 1663 1629 1761 prophetiae
1678 1664 2027 1732 veritatem
2079 1686 2373 1749 sequens
2415 1688 2648 1734 rerum
2683 1667 2768 1734 fi-

195 1749 311 1817 nis
379 1749 703 1816 astruxit:
782 1748 947 1836 quia
992 1762 1058 1817 et
1104 1749 1568 1839 digredientes
1625 1752 1713 1820 ab
1762 1752 2081 1833 invicem,
2137 1774 2273 1821 non
2340 1753 2646 1843 amplius
2694 1774 2768 1823 se

194 1836 645 1926 corporaliter
693 1835 1062 1906 viderunt:
1129 1850 1195 1906 et
1254 1838 1468 1909 unius
1515 1840 1968 1929 ejusdemque
2036 1854 2385 1909 momento
2438 1842 2766 1929 temporis

196 1925 627 2014 egredientes
656 1946 693 1993 e
737 1946 1024 2013 corpore
1072 1925 1361 2014 spiritus
1407 1949 1672 2008 eorum,
1731 1950 1884 1996 mox
1918 1928 2113 1996 beata
2154 1929 2450 1998 invicem
2502 1930 2768 1998 visione

198 2013 553 2100 conjuncti
604 2025 787 2094 sunt,
842 2025 1047 2100 atque
1094 2013 1408 2102 angelico
1443 2016 1826 2084 ministerio
1857 2016 2109 2105 pariter
2143 2017 2228 2084 ad
2280 2039 2571 2107 regnum
2609 2039 2762 2085 coe-

200 2101 375 2170 leste
426 2099 759 2169 translati.
816 2100 944 2168 Sed
993 2101 1392 2174 Heribertus
1442 2102 1715 2171 diutina
1748 2104 1945 2192 prius
1995 2104 2395 2173 infirmitate
2442 2104 2771 2194 decoqui-

204 2201 362 2259 tur:
433 2188 553 2256 illa
601 2187 911 2258 fortassis
958 2188 1474 2279 dispensatione
1530 2192 1929 2260 Dominicae
1989 2192 2302 2281 pietatiS,
2356 2204 2435 2265 ut
2488 2192 2545 2263 si
2593 2192 2767 2281 quid

200 2277 442 2345 minus
498 2276 777 2344 haberet
833 2277 1059 2345 meriti
1093 2300 1134 2345 a
1183 2277 1377 2346 beato
1426 2279 1830 2360 CuthbertO,
1886 2280 2240 2368 suppleret
2303 2280 2496 2348 dolor
2556 2281 2772 2349 conti-

195 2387 387 2434 nuus
436 2364 680 2453 longae
709 2365 1207 2451 aegritudinis:
1245 2377 1589 2454 quatenus
1637 2378 1972 2453 aequatus
2007 2367 2229 2455 gratia
2263 2390 2389 2436 suo
2439 2369 2768 2438 interces-

197 2452 364 2533 sori,
410 2453 588 2523 sicut
617 2474 757 2522 uno
787 2453 1165 2540 eodemque
1213 2465 1519 2545 tempore
1567 2476 1730 2525 cum
1777 2477 1855 2524 eo
1893 2454 1978 2524 de
2026 2477 2312 2544 corpore
2367 2457 2625 2546 egredi,
2677 2457 2773 2528 ita

198 2541 406 2610 etiam
440 2564 582 2642 una
629 2554 835 2630 atque
883 2542 1281 2613 indissimili
1335 2544 1496 2614 sede
1556 2556 1925 2635 perpetuae
1970 2544 2420 2614 beatitudinis
2473 2567 2772 2615 merere-

204 2642 322 2699 tur
370 2650 610 2719 rec1p1.
649 2675 653 2680 -
2196 2674 2203 2686 -

297 2721 335 2805 ἓ
399 2722 562 2789 33.
641 2717 954 2800 Quadam
1021 2728 1253 2786 autem
1328 2720 1491 2802 die,
1563 2720 1736 2789 dum
1812 2721 2212 2810 parochiam
2295 2723 2492 2791 s‘uam
2548 2722 2775 2790 circu-

202 2806 452 2887 mienS,
512 2806 775 2875 monita
821 2804 1069 2875 salutis
1128 2808 1458 2878 omnibus
1524 2809 1673 2877 ruri
1720 2809 1901 2877 casis
1949 2822 2013 2878 et
2060 2807 2309 2879 viculis
2371 2808 2766 2899 largiretur,

204 2916 476 2963 necnon
504 2895 710 2962 etiam
742 2914 963 2982 nuper
993 2894 1378 2982 baptizatiS,
1405 2896 1488 2965 ad
1512 2897 1990 2986 accipiendam
2022 2897 2320 2986 Spiritus
2348 2898 2579 2967 Sancti
2608 2920 2774 2987 gra-

206 2984 401 3062 tiam,
456 3005 744 3051 manum
797 2982 1222 3070 imponeret:
1275 2984 1546 3053 devenit
1611 2984 1700 3052 ad
1771 2985 2083 3053 villulam
2134 2985 2504 3075 cujusdam
2555 2986 2779 3055 comi-

206 3071 319 3151 tis,
377 3070 579 3160 cujus
643 3092 817 3138 uxor
868 3068 1046 3136 male
1094 3068 1383 3151 habens,
1436 3072 1640 3157 quasi
1691 3073 2004 3162 proxima
2055 3074 2256 3141 morti
2298 3075 2598 3163 jacebat.
2656 3073 2782 3143 Cui

188 3160 342 3250 jam
404 3158 699 3227 venienti
769 3178 1144 3228 occurrens
1207 3160 1359 3249 ipse
1421 3180 1677 3239 comeS‚
1734 3161 1927 3230 flexis
1975 3162 2274 3250 genibus
2332 3162 2591 3251 gratias
2640 3162 2781 3250 egit

198 3246 497 3316 Domino
543 3247 628 3314 de
676 3246 977 3314 adventu
1026 3244 1243 3315 illius.
1286 3253 1363 3316 Et
1411 3247 1864 3317 introducens
1910 3270 2097 3329 eum,
2153 3250 2454 3339 benigno
2520 3250 2781 3339 recepit

201 3335 531 3423 hospitio.
598 3339 908 3419 Cumque
971 3332 1127 3402 lotis
1191 3357 1379 3404 more
1439 3336 1928 3437 hospitalitatis
1979 3338 2306 3408 manibus
2362 3351 2427 3406 et
2475 3337 2779 3427 pedibus

200 3422 573 3493 resedisset
620 3422 931 3500 antisteS,
986 3422 1211 3511 coepit
1258 3422 1509 3492 referre
1564 3423 1667 3492 illi
1734 3425 1838 3492 vir
1903 3425 1989 3493 de
2056 3425 2390 3514 languore
2457 3426 2666 3515 conju
2719 3425 2779 3493 is

204 3512 634 3600 desperatae,
688 3510 1089 3591 obsecranS‚
1126 3522 1205 3579 ut
1253 3511 1340 3580 ad
1390 3513 1897 3603 aspergendam
1954 3534 2132 3593 eam,
2177 3535 2431 3598 aquam
2492 3513 2663 3581 bene
2720 3513 2779 3580 i-

208 3610 418 3669 ceret.
466 3599 745 3678 «Cred0‚
805 3597 1057 3682 inquit,
1104 3598 1270 3684 quia
1319 3621 1475 3668 mox
1524 3614 1644 3670 aut
1692 3600 1995 3680 sanitati,
2053 3606 2183 3669 Deo
2222 3602 2544 3682 donante,
2583 3600 2780 3669 resti-

205 3700 468 3768 tuatur,
523 3700 641 3756 aut
689 3687 751 3757 si
791 3686 1131 3754 moritura
1177 3699 1302 3767 est,
1345 3699 1748 3776 perpetuam
1798 3688 1884 3756 de
1933 3702 2153 3757 morte
2195 3700 2493 3757 transeat
2542 3689 2628 3758 ad
2679 3689 2780 3757 vi-

212 3789 380 3855 tam,
438 3775 786 3861 citiusque
836 3773 1221 3857 moriendo,
1275 3775 1770 3864 compendium
1824 3789 1960 3843 tam
2015 3777 2433 3847 miserabilis
2480 3799 2560 3846 ac
2625 3777 2780 3845 diu-

210 3865 398 3933 tinae
446 3862 826 3931 vexationis
872 3861 1254 3951 accipiat.»
1289 3863 1548 3932 Annuit
1594 3864 1997 3952 deprecanti
2044 3866 2150 3932 vir
2197 3865 2336 3944 Dei,
2374 3878 2441 3934 et
2498 3865 2781 3934 allatam

207 3951 633 4021 benedicens
682 3970 962 4035 aquam,
1024 3950 1215 4019 dedit
1280 3951 1704 4041 presbytero,
1752 3951 2186 4040 praecipiens
2241 3965 2319 4021 ut
2366 3975 2576 4042 super
2623 3953 2782 4022 lan-

211 4038 502 4130 guidam
554 4062 631 4107 as
684 4050 969 4127 ergeret.
1008 4037 1140 4120 Qui
1192 4039 1658 4128 introgressus
1708 4038 2139 4120 cubiculum,
2193 4039 2265 4108 in
2315 4042 2599 4127 quoilla
2630 4064 2785 4112 exa-

215 4128 395 4196 nimi
444 4127 629 4198 simil
666 4128 800 4194 ima
829 4127 1130 4218 jacebat,
1183 4149 1261 4195 as
1313 4127 1479 4196 ersit
1510 4126 1708 4195 illam
1756 4140 1822 4195 et
1870 4126 2201 4196 lectulum
2231 4129 2424 4217 ejus:
2458 4131 2575 4200 sed
2615 4144 2784 4199 etos

220 4215 415 4286 illius
463 4215 805 4304 aperienS,
860 4226 1145 4304 gustum
1196 4237 1271 4283 sa
1306 4214 1538 4284 utiferi
1606 4215 1898 4284 haustus
1953 4215 2269 4285 immisit.
2309 4223 2440 4286 Res
2495 4219 2669 4288 mira
2718 4228 2785 4287 et

215 4303 660 4373 vehementer
730 4302 1098 4392 stupenda.
1163 4308 1312 4373 Mox
1371 4314 1448 4372 ut
1508 4324 1660 4371 eam
1735 4326 1914 4391 aqua
1963 4303 2319 4375 benedicta
2371 4306 2587 4396 tetigit
2637 4307 2786 4374 lan-

212 4403 567 4482 guentem,
625 4403 690 4461 et
737 4391 910 4479 quid
985 4411 1147 4482 erga
1195 4413 1349 4460 eam
1415 4404 1736 4482 ageretur
1799 4415 2081 4482 prorsus
2137 4394 2620 4485 ignorantem,
2690 4394 2781 4463 ita

388 4516 629 4573 surius
657 4544 681 4558 ·
725 4512 880 4574 Vitae
902 4516 1010 4575 SS.
1040 4545 1065 4557 -
1090 4513 1216 4571 Vol.
1263 4514 1359 4571 111.
2544 4517 2621 4572 26
