3327 4999
659 335 790 399 ΜΟ
1194 349 1274 395 ΒΕ
1323 349 1378 395 S.
1433 346 1801 396 cumanam
1845 347 2044 396 nmsc.
2097 348 2497 397 Limisa-ARN.
2743 331 2990 397 MART.
3044 332 3134 398 20

574 430 902 521 operibus
952 426 1206 508 dedito,
1260 426 1517 518 sugatis
1558 428 2152 516 perturbationum
2200 426 2554 519 procellis,
2607 438 2684 497 ut
2741 428 3137 517 Scripturae

568 519 797 589 verbis
849 531 1028 597 utar,
1083 515 1472 584 aedificavit
1529 514 1938 594 Jerusalem,
1993 516 2063 583 id
2110 530 2212 585 est
2254 516 2588 585 visionem
2653 516 2846 606 pacis
2897 517 3132 584 Domi-

571 630 728 686 nus,
781 618 848 675 et
886 604 1354 694 dispersiones
1404 603 1681 672 Israelis
1711 604 2175 694 congregavit.
2219 605 2496 674 Sanavit
2524 604 2853 673 contritos
2888 604 3127 684 corde,

569 708 633 765 et
680 694 989 785 alligavit
1026 691 1471 760 contritiones
1519 713 1785 759 eorum:
1850 706 1928 760 ut
1992 692 2218 781 palam
2272 692 2553 761 daretur
2593 692 2910 782 intelligi,
2957 692 3129 778 quid

570 782 1064 875 significaverit
1131 779 1446 869 psalmus
1509 801 1671 848 cum
1741 780 2016 869 cognita
2079 780 2259 849 beati
2323 781 2451 848 viri
2504 795 2719 849 morte
2779 794 3124 860 cantatus,

567 873 734 959 quia
780 870 1096 939 videlicet
1146 880 1298 957 post
1348 867 1500 956 ejus
1546 867 1812 935 obitum
1879 867 2258 957 repellendi
2320 891 2399 937 ac
2449 869 2853 938 destruendi
2900 880 3133 938 essent

569 959 720 1048 ejus
768 958 973 1039 cives,
1032 956 1152 1025 sed
1224 967 1376 1045 post
1433 954 1899 1023 ostensionem
1960 957 2101 1024 irae
2157 956 2511 1037 minantiS‚
2577 956 2848 1026 coelesti
2912 956 3129 1045 proti·

569 1070 705 1116 nus
755 1045 1194 1115 miseratione
1225 1042 1596 1112 refovendi.
1651 1043 1863 1131 Cujus
1912 1045 2270 1130 sequentia
2300 1066 2574 1132 quoque
2618 1044 2870 1135 psalmi
2899 1043 3125 1114 eidem

572 1134 809 1203 sensui
858 1132 1302 1209 concordare,
1357 1131 1477 1217 qui
1529 1143 1708 1199 recte
1745 1142 2006 1211 tractat,
2061 1132 2406 1224 intelligit.
2448 1138 2546 1201 Im
2605 1132 2858 1202 ositum
2893 1142 3128 1201 autem

572 1222 731 1291 navi
781 1220 1168 1290 venerabile
1206 1241 1461 1308 corpus
1510 1219 1749 1309 patriS‚
1802 1219 1890 1286 ad
1940 1219 2244 1289 insulam
2297 1219 2532 1290 Lindis
2563 1220 2966 1289 arnensium
3021 1242 3131 1288 re-

573 1310 902 1379 tulimus:
946 1308 1129 1396 quod
1172 1329 1426 1397 magno
1456 1308 1967 1376 occurrentium
2003 1309 2280 1398 agmine
2309 1308 2678 1394 chorisque
2724 1308 3130 1377 canentium

573 1410 973 1487 susceptum
1023 1410 1147 1477 est,
1218 1410 1424 1481 atque
1472 1395 1542 1464 in
1591 1394 1882 1464 ecclesia
1936 1401 2008 1464 Β.
2053 1396 2354 1485 Apostoli
2406 1398 2579 1465 Petri
2642 1396 2729 1465 ad
2778 1396 3129 1464 dexteram

573 1485 810 1555 altaris
862 1485 1126 1575 petrino
1177 1483 1247 1552 in
1289 1484 1719 1573 sarcophago
1760 1485 2165 1573 repositum.

658 1576 695 1661 ἓ
743 1578 901 1644 48.
965 1572 1088 1641 Sed
1143 1593 1267 1640 nec
1316 1571 1640 1641 defuncto
1703 1594 1782 1640 ac
1850 1572 2191 1641 tumulato
2246 1571 2494 1642 Christi
2548 1571 2809 1641 famulo
2845 1627 2860 1653 ,
2928 1572 3136 1672 signa
3187 1611 3192 1616 ·

571 1661 971 1741 sanitatum,
1034 1683 1212 1747 quae
1273 1660 1508 1736 vivens
1561 1672 1980 1737 exercuerat,
2047 1681 2314 1729 cessare
2421 1673 2765 1729 otuerunt.
2831 1660 3132 1750 Contigit

571 1768 874 1835 namque
970 1771 1215 1818 uerum
1266 1747 1638 1839 quemdam
1715 1747 2178 1819 interritorio
2231 1749 2348 1816 Lin
2411 1748 2903 1818 issarnensium
2950 1762 3134 1817 atro-

572 1837 852 1905 cissimo
951 1858 1236 1905 aemone
1276 1836 1527 1916 vexari,
1584 1836 1675 1904 ita
1728 1849 1805 1904 ut
1859 1857 2072 1905 sensu
2133 1837 2418 1906 rationis
2470 1835 2783 1904 funditus
2840 1837 3126 1916 amiSSO,

570 1924 922 2005 clamaret,
975 1925 1288 2015 ejularet,
1350 1935 1416 1992 et
1482 1923 1585 1991 vel
1637 1946 1764 1993 sua
1828 1926 2139 1993 membra
2175 1978 2190 2001 ,
2259 1924 2358 1992 vel
2410 1924 2740 2010 quicquid
2792 1925 3134 2013 attingere

570 2025 821 2102 posset,
860 2014 1210 2082 morsibus
1258 2011 1595 2080 dilaniare
1643 2012 1997 2081 niteretur.
2039 2013 2287 2081 Missus
2314 2025 2415 2081 est
2454 2011 2540 2080 ad
2576 2034 3131 2104 energumenum

572 2102 931 2190 presbyter
978 2102 1062 2170 de
1111 2101 1573 2169 monasterio:
1626 2100 1750 2185 qui
1797 2122 1957 2168 cum
2008 2100 2252 2168 solitus
2299 2098 2543 2170 suisset
2590 2122 2713 2189 per
2758 2094 3132 2168 e‘xorcismi

573 2189 864 2278 gratiam
918 2187 1319 2256 immundos
1364 2188 1608 2279 fugare
1658 2188 1968 2276 spirituS,
2025 2187 2188 2256 huic
2241 2200 2466 2256 tamen
2511 2188 2791 2257 obsesso
2840 2210 3134 2277 prorsus

575 2277 669 2344 nil
727 2276 1049 2365 prodesse
1092 2276 1384 2344 valebat.
1426 2277 1619 2347 Unde
1667 2275 1855 2344 dedit
1885 2275 2255 2344 consilium
2298 2276 2473 2364 patri
2523 2276 2737 2354 illius.
2777 2288 2853 2344 ut
2903 2276 3135 2363 impo—

574 2364 783 2433 situm
832 2387 1028 2434 carro
1062 2386 1359 2454 puerum
1416 2364 1501 2433 ad
1563 2363 2058 2433 monasterium
2088 2362 2402 2444 deferret,
2441 2374 2648 2449 atque
2677 2363 2764 2432 ad
2798 2363 3134 2449 reliquias

572 2452 930 2523 beatorum
964 2466 1370 2542 martyrum,
1426 2474 1603 2538 quae
1634 2453 1731 2522 ibi
1765 2464 1949 2524 sunt.
1988 2451 2357 2519 Dominum
2395 2473 2515 2541 pro
2557 2451 2676 2520 illo
2705 2463 3129 2541 precaretur.

572 2542 774 2621 Fecit,
812 2554 890 2610 ut
950 2544 1335 2610 monuerat:
1388 2540 1502 2609 sed
1563 2541 1847 2610 noluere
1901 2540 2121 2609 sancti
2177 2541 2290 2608 Dei
2340 2554 2677 2628 martyres
2731 2542 2794 2608 ei
2892 2540 3136 2608 etitam

570 2629 856 2698 reddere
904 2629 1290 2707 sanitatem,
1343 2640 1421 2696 ut
1468 2651 1680 2714 quam
1744 2628 2009 2696 celsum
2058 2627 2240 2696 inter
2295 2648 2367 2695 se
2432 2627 2662 2697 locum
2714 2632 2838 2696 Cut
2895 2628 3137 2696 bertus

569 2716 873 2797 haberet,
909 2716 1365 2798 ostenderent.
1390 2719 1556 2785 Cum
1590 2738 1753 2806 ergo
1788 2716 2078 2784 insanus
2105 2714 2465 2795 ululando,
2493 2715 3039 2805 ingemiscendO,
3066 2727 3137 2784 et

569 2804 949 2874 frendendo
998 2804 1363 2883 dentibus,
1410 2804 1627 2874 nimio
1698 2815 2107 2873 cunctorum
2161 2804 2350 2873 visus
2398 2817 2464 2873 et
2511 2803 2795 2872 auditus
2843 2804 3138 2872 horrore

570 2905 984 2971 concuteret,
1044 2913 1167 2961 nec
1214 2902 1414 2969 esset,
1455 2892 1573 2977 qui
1622 2891 1904 2977 aliquod
1956 2891 2238 2960 remedii
2280 2912 2504 2979 genus
2549 2892 2935 2981 excogitare
2977 2891 3139 2978 qui-

571 2980 798 3049 visset:
841 2992 985 3047 tum
1036 3000 1193 3048 ecce
1246 2978 1529 3063 quidam
1595 2979 1680 3048 de
1733 2979 2144 3068 presbyteris
2192 2979 2477 3048 edoctus
2543 2979 2612 3047 in
2665 2979 2941 3069 spiritu,
3012 3001 3138 3068 per

571 3089 610 3135 o
665 3067 1097 3136 itulationem
1147 3066 1326 3134 beati
1378 3067 1590 3157 patris
1657 3066 2007 3137 Cuthberti
2059 3066 2257 3136 illum
2311 3088 2510 3155 posse
2560 3067 2836 3147 sanari,
2894 3067 3135 3136 venire

570 3178 608 3224 c
639 3155 889 3224 anculo
929 3155 1014 3222 ad
1068 3154 1321 3234 locum,
1374 3155 1494 3223 ubi
1546 3167 1823 3223 noverat
1869 3155 2160 3223 effusam
2212 3154 2427 3224 fuisse
2465 3176 2745 3241 aquam,
2799 3177 2939 3242 qua
2973 3177 3132 3223 cor·-

570 3264 699 3330 pus
747 3244 897 3332 ejus
945 3241 1351 3311 defunctum
1397 3243 1619 3312 fuerat
1667 3243 1908 3323 lotum,
1947 3243 2330 3328 tollensque
2361 3243 2701 3312 modicam
2740 3243 2940 3313 humi
2971 3265 3131 3333 par-

571 3330 881 3411 ticulam,
943 3330 1236 3400 immisit
1287 3330 1356 3397 in
1408 3352 1713 3417 aquam:
1767 3352 1976 3416 quam
2034 3330 2349 3400 deferens
2401 3329 2489 3399 ad
2545 3331 2963 3418 patientem,
3018 3331 3128 3399 in-

569 3417 749 3487 fudit
798 3418 868 3486 in
918 3440 1033 3486 ore
1080 3418 1253 3507 ejus.
1310 3423 1456 3500 Quo
1509 3419 1927 3488 horribiliter
1973 3418 2229 3498 hiante,
2265 3440 2461 3487 voces
2509 3418 2699 3486 diras
2746 3442 2826 3488 ac
2865 3418 3128 3488 flebiles

569 3506 943 3575 emittebat.
999 3506 1239 3575 Statim
1286 3519 1515 3575 autem
1567 3517 1643 3574 ut
1705 3507 1930 3606 attigit
1975 3528 2256 3592 aquam,
2323 3506 2667 3575 continuit
2715 3506 3119 3588 clamorem,

570 3593 821 3663 clausit
866 3616 966 3675 os,
1019 3593 1268 3662 clausit
1313 3606 1379 3662 et
1426 3593 1686 3672 ocuIOS,
1727 3616 1844 3680 qut
1880 3594 2248 3683 sanguinei
2276 3604 2343 3661 et
2374 3592 2739 3663 furibundi
2776 3595 3121 3683 patebant,

571 3694 781 3770 caput
827 3693 892 3751 et
937 3703 1190 3772 corpus
1242 3694 1457 3751 totum
1509 3681 1865 3750 reclinavit
1914 3681 1985 3749 in
2032 3676 2536 3767 requiem.'Qui
2596 3682 2806 3750 etiam
2858 3681 3127 3771 placido

572 3791 816 3858 sopore
864 3782 1135 3838 noctem
1201 3769 1571 3860 transegit,
1625 3781 1692 3838 et
1754 3790 1955 3838 mane
2019 3768 2106 3837 de
2173 3790 2415 3838 somno
2477 3768 2689 3837 simul
2737 3781 2805 3837 et
2854 3769 3128 3839 vesania

573 3878 1023 3946 consurgenS‚
1059 3857 1425 3926 liberatum
1452 3879 1525 3925 se
1550 3880 1590 3925 a
1617 3857 2005 3936 daemoniO,
2038 3877 2177 3942 quo
2212 3856 2673 3955 premebatur,
2707 3856 2890 3926 beati
2922 3858 3127 3926 Cuth-

571 3944 746 4013 berti
784 3945 1043 4013 meritis
1089 3956 1155 4013 et
1201 3945 1693 4014 intercessione
1745 3944 2089 4035 cognovit.
2145 3943 2537 4012 Mirandum
2573 3955 2638 4013 et
2672 3945 2876 4016 bonis
2906 3945 3130 4014 omni-

570 4031 703 4102 bus
750 4031 1149 4112 delectabile
1198 4033 1698 4122 spectaculum,
1753 4056 1912 4102 cum
1967 4032 2229 4101 videres
2278 4031 2503 4101 fllium
2554 4054 2716 4101 cum
2774 4044 2968 4122 patre
3021 4053 3134 4102 so-

574 4118 820 4208 spitem
854 4119 1004 4188 loca
1037 4133 1272 4190 sancta
1314 4121 1708 4201 circumire,
1744 4132 2136 4190 sanctorum
2170 4119 2429 4188 auxilio
2461 4120 2720 4210 gratias
2755 4120 3133 4191 sanissima

570 4220 801 4276 mente
848 4208 1120 4288 referre,
1172 4209 1293 4294 qui
1346 4208 1566 4298 pridie
1616 4231 1779 4297 prae
1820 4209 2087 4276 insania
2139 4207 2390 4276 mentis
2439 4228 2566 4276 nec
2615 4207 2955 4299 seipsum,
3009 4206 3131 4294 qui

571 4307 771 4375 esset,
826 4296 924 4364 vel
978 4297 1099 4365 ubi
1138 4308 1338 4376 esset,
1395 4308 1655 4385 poterat
1694 4317 2092 4385 agnoscere.
2132 4295 2256 4379 Qui
2309 4294 2455 4374 ubi,
2503 4307 2637 4364 tota
2677 4296 2974 4365 fratrum
3015 4318 3134 4365 ca-

489 4419 492 4424 ·
576 4394 761 4452 terva
808 4396 1097 4465 astante,
1150 4384 1422 4452 vidente
1466 4394 1533 4454 et
1578 4384 2101 4474 congratulante
2135 4437 2152 4465 ,
2221 4382 2309 4452 ad
2358 4383 2693 4472 reliquias
2743 4395 3130 4475 martyrum
