3327 4999
695 356 824 422 366
1321 371 1400 418 mi
1445 372 1537 419 ss.
1591 372 1956 421 ιΑΝυοΑιυο
2003 374 2079 421 ΕΤ
2125 372 2402 422 Amano
2757 354 3006 421 MART.
3067 357 3154 422 ⁴9

601 457 793 528 brevi
857 457 1206 549 epitaphio
1280 456 1741 548 recolligunt,
1803 470 2241 545 caeterasque
2305 464 2438 528 Deo
2489 457 2772 527 dilectas
2836 458 3153 550 virgines

603 547 882 639 proprio
932 546 1210 616 nomine
1257 546 1647 616 ostendunt.
1688 552 1876 617 Tunc
1910 547 2223 617 consulto
2253 569 2428 638 opus
2474 569 2622 617 esse
2666 547 3143 628 aestimantes,

603 636 1030 728 praedictum
1160 635 1581 723 resbyterum
1638 635 1946 722 aliosque
2008 636 2170 706 huic
2217 636 2409 726 operi
2459 634 2736 705 idoneos
2775 635 3146 716 advocant,

601 737 667 796 et
713 724 1058 813 quomodo
1106 658 1461 793 lionestius
1491 726 1708 793 sancti
1759 723 2277 806 transferantur,
2313 746 2550 795 eorum
2585 724 2955 814 prudentia
2988 747 3157 815 per-

604 825 916 884 tractant.
974 818 1135 882 Dato
1181 812 1490 893 consiliO,
1543 814 2014 901 ordinatisque
2059 814 2145 883 ad
2196 813 2745 884 transferendum
2786 813 3149 901 reliquum,

603 901 1211 973 circumfinitimus
1252 900 1547 971 accurrit
1592 903 1913 993 populus,
1971 902 2293 973 humores
2342 903 2743 992 subjiciunt,
2798 902 3151 991 hilarique

603 990 824 1071 vultu,
864 990 1185 1081 plurimis
1235 1002 1456 1059 tamen
1506 992 1961 1081 gementibuS,
2015 991 2099 1060 ad
2142 992 2464 1061 viciniam
2514 991 2880 1082 cujusdam
2931 991 3146 1082 agelli

605 1092 881 1151 sanctos
925 1080 1236 1149 efferunt.
1291 1084 1435 1161 Quo
1491 1079 1560 1148 in
1612 1078 1761 1150 loco
1807 1079 1974 1149 dum
2023 1081 2307 1168 antiqua
2363 1081 2609 1150 horum
2674 1080 3010 1150 miracula
3072 1081 3149 1150 in

606 1168 911 1239 medium
963 1181 1460 1250 revocarentur,
1528 1168 1650 1239 hoc
1706 1167 1892 1260 apud
1958 1168 2317 1258 plerosque
2367 1168 2586 1260 magis
2632 1169 2897 1240 celebre
2944 1183 3150 1260 puta-

599 1257 803 1327 batur
838 1258 1022 1345 quod
1072 1279 1256 1327 nunc
1304 1258 1419 1338 ita,
1474 1268 1550 1326 ut
1595 1258 1868 1339 accidit,
1921 1258 2223 1327 evolvere
2272 1258 2462 1327 locus
2512 1259 2660 1348 ipse
2707 1258 3139 1330 adhortatur.

601 1350 838 1433 Itaque
884 1357 1198 1416 eventum
1250 1346 1346 1415 rei
1383 1347 1623 1436 paucis
1670 1348 1896 1417 verbis
1942 1347 2317 1417 absolvam.
2358 1352 2563 1416 Erant
2607 1347 2893 1435 quidam
2943 1370 3146 1418 vesa-

603 1457 732 1505 nae
766 1435 1037 1516 mentiS‚
1090 1457 1361 1504 omnem
1398 1436 1582 1505 circa
1629 1437 1974 1526 regionem
2039 1436 2214 1505 ferro
2270 1435 2565 1526 igneque
2612 1447 2975 1517 vastanteS,
3028 1436 3145 1505 in-

602 1525 768 1594 certi
828 1525 997 1605 locO,
1050 1523 1277 1595 caedis
1324 1524 1530 1604 avidi,
1587 1546 1784 1593 suam
1863 1524 2220 1614 perfidiam
2285 1525 2590 1594 humano
2645 1525 2986 1616 sanguine
3030 1526 3147 1598 vix

603 1623 1080 1703 temperantes.
1127 1613 1256 1695 Qui
1296 1613 1732 1704 depopulatis
1777 1613 2036 1700 aliquot
2080 1613 2337 1683 civium
2387 1614 2743 1693 aedificiis,
2793 1615 2964 1683 dum
3014 1621 3146 1684 nec

601 1702 909 1773 ecclesiis
945 1702 1334 1797 sanctisque
1367 1715 1680 1791 parcunt,
1719 1703 1843 1773 hos
1882 1724 2117 1772 secum
2148 1702 2350 1772 etiam
2391 1701 2705 1774 ferendos
2746 1703 2894 1773 loco
2943 1725 3145 1794 prae-

598 1790 780 1860 dicto
828 1790 1172 1861 auferunt.
1230 1796 1539 1877 Dumque
1571 1791 1656 1860 ad
1692 1791 1878 1862 hunc
1916 1792 2138 1861 locum
2179 1790 2471 1861 ulterius
2502 1792 2938 1883 progressuri
2988 1814 3146 1881 per·

608 1880 927 1959 veniunt,
983 1880 1359 1970 rigescente
1433 1901 1711 1970 gressu,
1788 1891 2058 1967 totoque
2127 1879 2516 1950 immobiles
2572 1902 2902 1972 corpore,
2957 1881 3142 1950 ultra

607 1970 925 2059 progredi
974 1980 1362 2056 nequeunt:
1414 1969 1535 2039 ubi
1583 1968 1814 2039 vident
1852 1969 2089 2039 illicito
2136 1969 2324 2059 operi
2375 1969 2646 2038 nullum
2695 1969 2935 2039 cedere
2979 1971 3140 2039 effe-

603 2068 815 2140 ctum,
870 2057 1130 2158 seipsos
1179 2057 1624 2139 detestantur,
1665 2058 2000 2148 injustum
2031 2058 2388 2148 increpant
2419 2058 2792 2147 negotium,
2834 2072 3141 2129 sanctos—

599 2168 734 2234 que
769 2146 916 2217 loco
965 2146 1157 2214 inviti
1205 2147 1595 2216 restituunt.
1653 2147 1905 2215 Deinde
1952 2147 2207 2217 sanctis
2246 2146 2601 2216 humiliter
2640 2148 2958 2229 exoratis,
2998 2170 3140 2216 ma-

601 2236 923 2305 turabant
950 2235 1321 2316 discedere,
1375 2235 1510 2304 alio
1538 2249 1972 2325 quantocyus
2003 2235 2298 2315 tendere,
2338 2258 2421 2304 ne
2454 2235 2752 2304 vindicta
2801 2238 2911 2305 sui
2946 2258 3137 2305 com·-

597 2325 792 2393 missi
843 2324 1276 2393 traherentur
1337 2325 1681 2405 membra,
1734 2325 1916 2395 oculi
1989 2324 2486 2394 damnarentur
2559 2324 2877 2414 caligine.
2957 2330 3138 2393 Haec

595 2413 758 2482 olim
808 2413 903 2482 ita
949 2426 1222 2505 peracta
1250 2413 1416 2482 dum
1471 2435 1656 2483 nunc
1690 2413 1988 2506 populus
2019 2413 2088 2482 in
2133 2413 2533 2482 memoriam
2583 2414 2872 2493 revocat,
2909 2414 3139 2483 visum

592 2516 693 2573 est
740 2503 838 2573 eis
880 2508 1160 2573 Sanctos
1198 2504 1286 2572 ob
1338 2502 1631 2572 similem
1667 2503 1763 2571 rei
1811 2513 2128 2572 eventum
2177 2502 2574 2582 inclamare,
2621 2515 2697 2572 ut
2744 2515 2983 2572 utrum
3033 2525 3140 2572 re-

592 2591 853 2683 portari
909 2592 1193 2661 mallent
1237 2612 1441 2678 quam
1504 2591 1890 2672 transferri,
1944 2591 2175 2679 aliquo
2222 2591 2677 2682 dignarentur
2723 2592 2982 2661 indicio
3032 2613 3138 2661 re-

591 2679 835 2750 velare.
893 2680 1138 2751 Defixis
1178 2680 1246 2748 in
1298 2692 1545 2748 terram
1585 2680 1911 2760 vultibuS,
1958 2680 2077 2749 alii
2135 2693 2408 2770 pectora
2446 2680 2669 2761 ferire,
2734 2680 2854 2749 alii
2902 2679 3134 2770 lacry-

594 2792 743 2839 mas
801 2769 1124 2838 fundere:
1193 2768 1475 2858 plurimi
1525 2780 1802 2849 tamen,
1866 2770 2122 2856 quibus
2181 2769 2456 2860 gravius
2515 2781 2656 2838 erat
2725 2774 3132 2839 Sanctorum

595 2857 980 2949 praesentia
1028 2857 1319 2936 viduari,
1364 2855 1570 2927 altius
1615 2869 1988 2949 coeperunt
2026 2880 2318 2947 gemere.

677 2948 715 3033 ξ
760 2951 902 3018 14.
941 2951 1185 3015 Exacta
1235 2945 1446 3037 igitur
1492 2948 1816 3025 oratione,
1871 2946 2111 3016 fratres
2148 2947 2267 3033 qui
2311 2947 2436 3016 iter
2463 2945 2747 3016 citatum
2781 2944 3120 3028 volebant,

590 3034 805 3103 eundi
854 3057 1115 3103 moram
1155 3034 1624 3125 increpabant,
1671 3035 1951 3122 tollique
1986 3036 2333 3122 reliquias,
2371 3057 2622 3123 easque
2655 3035 2880 3104 efferri
2913 3035 3128 3126 impe-

586 3122 854 3192 rabant.
936 3123 1323 3213 Subjiciunt
1383 3146 1625 3195 rursus
1678 3124 2020 3205 humerOS,
2049 3135 2122 3210 et
2171 3124 2337 3212 quia
2382 3123 2454 3191 in
2516 3124 2782 3194 Sanctis
2831 3123 3130 3195 ferendis

588 3211 826 3282 nullus
874 3210 1068 3281 labor
1098 3213 1301 3284 cessit
1351 3212 1567 3293 oneri,
1622 3212 2128 3283 conclamatum
2177 3227 2312 3294 est,
2368 3212 2576 3299 idque
2640 3213 2738 3281 eis
2796 3213 3127 3283 omnibus

587 3322 751 3370 sane
797 3300 1159 3384 creditum,
1212 3301 1508 3372 voluisse
1539 3323 1654 3373 eos
1688 3301 2064 3371 transferri.
2102 3306 2407 3389 Cumque
2433 3301 2581 3388 jam
2634 3301 2872 3391 procul
2908 3324 2950 3370 a
2983 3323 3128 3370 mo-

588 3390 885 3459 nasterio
919 3391 1136 3460 sancti
1183 3391 1522 3460 Trudonis
1568 3404 1845 3482 agerent
1872 3391 1999 3492 (ibi
2048 3391 2307 3481 quippe
2358 3392 2654 3480 primam
2692 3389 3126 3459 mansionem

586 3478 980 3568 elegerant),
1014 3479 1283 3580 primus
1316 3478 1603 3548 fratrum
1647 3480 1766 3567 qui
1798 3479 2116 3550 utilitatis
2162 3481 2371 3548 causa
2402 3478 2677 3568 longius
2717 3481 3127 3568 praeierant,

584 3567 853 3637 obviam
891 3581 1091 3650 vemt,
1123 3567 1614 3668 plurimusque
1646 3591 1890 3638 senum
1916 3569 2389 3656 juvenumque
2435 3588 2820 3636 concursus
2854 3567 3130 3636 diversa

587 3656 851 3727 Sanctis
898 3657 1184 3727 donarla
1216 3657 1468 3726 intulit.
1512 3657 1861 3737 Nonnulli,
1929 3658 2185 3745 quibus
2247 3656 2502 3726 metalli
2549 3655 2744 3747 copia
2804 3668 2928 3725 aut
2977 3679 3130 3747 pre—

585 3746 797 3816 tiosae
845 3747 1048 3818 vestis
1081 3758 1479 3817 ornamenta
1531 3746 1829 3828 defuere,
1869 3768 2098 3816 cereos
2135 3756 2278 3827 „aut
2324 3757 2680 3835 sumptum
2733 3743 2934 3815 lateri
2984 3746 3128 3817 cin·

583 3846 771 3904 ctum
822 3836 1255 3906 obtulerunt:
1318 3836 1436 3905 alii
1474 3835 1731 3922 quibus
1781 3856 1903 3903 nec
1950 3835 2199 3905 horum
2257 3835 2456 3924 copia
2501 3843 2666 3914 erat,
2722 3834 2992 3924 seipsos
3060 3834 3130 3902 in

580 3924 1056 3995 contritionem
1089 3925 1315 3994 cordis
1343 3924 1700 3995 dederunt.
1737 3925 1867 4006 Qui
1897 3945 2052 3994 vero
2081 3923 2545 4014 opulentiores
2577 3920 3021 3998 videbantur,
3055 3944 3130 3991 ex

580 4011 711 4082 hoc
759 4013 941 4101 quod
990 4013 1363 4084 abundavit
1398 4014 1558 4093 illis,
1615 4013 1898 4082 misere:
1937 4013 2394 4082 nihilominus
2434 4033 2550 4081 eos
2595 4012 3129 4101 aequiparantes

579 4102 701 4190 qui
749 4103 907 4172 licet
940 4103 1285 4174 modicum
1343 4102 1678 4184 dederint,
1739 4101 1910 4171 nihil
1976 4114 2200 4171 tamen
2252 4100 2385 4171 sibi
2447 4099 2829 4170 detinuere.
2885 4101 3127 4169 Visum

579 4203 681 4261 est
719 4192 976 4261 interea
1026 4192 1511 4272 necessarium,
1555 4192 1624 4260 in
1689 4192 1908 4282 agello
1949 4191 2199 4261 'eodem
2244 4210 2507 4259 moram
2554 4189 2725 4270 fieri,
2779 4200 2931 4258 tum
2968 4210 3126 4289 pro-

576 4292 727 4372 pter
758 4281 1271 4351 adventantium
1319 4282 1627 4361 donaria,
1684 4291 1829 4350 tum
1872 4280 2037 4367 quia
2095 4302 2202 4351 res
2248 4279 2558 4370 exigebat
2611 4277 2998 4368 praedicari
3052 4277 3119 4345 in

574 4372 832 4462 populo
864 4371 1148 4440 verbum
1192 4370 1327 4438 Dei.
1355 4375 1660 4456 Cumque
1706 4369 1794 4439 ad
1828 4368 2248 4439 audientiam
2289 4381 2353 4437 et
2395 4367 2680 4437 nomina
2719 4378 3119 4436 sanctorum

572 4473 639 4530 et
678 4460 920 4532 merita
969 4474 1591 4551 praeaccesserunt,
1647 4480 1888 4528 omnes
1947 4459 2067 4546 qui
2121 4458 2464 4528 habebant
2522 4456 2859 4538 infirmos,
2939 4451 3112 4524 nihil
