<?xml version="1.0" encoding="UTF-8"?>
<!DOCTYPE html PUBLIC "-//W3C//DTD XHTML 1.0 Transitional//EN"
    "http://www.w3.org/TR/xhtml1/DTD/xhtml1-transitional.dtd">
<html xmlns="http://www.w3.org/1999/xhtml" xml:lang="en" lang="en">
 <head>
  <title>
</title>
<meta http-equiv="Content-Type" content="text/html;charset=utf-8" />
  <meta name='ocr-system' content='tesseract 3.04.00' />
  <meta name='ocr-capabilities' content='ocr_page ocr_carea ocr_par ocr_line ocrx_word'/>
</head>
<body>
  <div class='ocr_page' id='page_1' title='image "./historiaeseuvit04lippgoog_0071.png"; bbox 0 0 3327 4999; ppageno 0'>
   <div class='ocr_carea' id='block_1_1' title="bbox 190 333 2581 399">
    <p class='ocr_par' dir='ltr' id='par_1_1' title="bbox 190 333 2581 399">
     <span class='ocr_line' id='line_1_1' title="bbox 190 333 2581 399; baseline -0 -1"><span class='ocrx_word' id='word_1_1' title='bbox 190 333 390 398; x_wconf 69' lang='lat' dir='ltr'>mar.</span> <span class='ocrx_word' id='word_1_2' title='bbox 440 334 479 398; x_wconf 87' lang='lat'>6</span> <span class='ocrx_word' id='word_1_3' title='bbox 1076 352 1153 397; x_wconf 73' lang='lat' dir='ltr'>nn</span> <span class='ocrx_word' id='word_1_4' title='bbox 1202 351 1260 397; x_wconf 85' lang='lat' dir='ltr'>s.</span> <span class='ocrx_word' id='word_1_5' title='bbox 1312 350 1545 398; x_wconf 64' lang='lat' dir='ltr'>cotan</span> <span class='ocrx_word' id='word_1_6' title='bbox 1594 352 1764 398; x_wconf 81' lang='lat' dir='ltr'>vmo.</span> <span class='ocrx_word' id='word_1_7' title='bbox 2511 335 2581 399; x_wconf 88' lang='grc'>61</span> 
     </span>
    </p>
   </div>
   <div class='ocr_carea' id='block_1_2' title="bbox 176 434 2714 4525">
    <p class='ocr_par' dir='ltr' id='par_1_2' title="bbox 176 434 2690 1326">
     <span class='ocr_line' id='line_1_2' title="bbox 189 434 2677 522; baseline 0.001 -20"><span class='ocrx_word' id='word_1_8' title='bbox 189 435 318 522; x_wconf 87' lang='lat' dir='ltr'>quid</span> <span class='ocrx_word' id='word_1_9' title='bbox 360 435 635 515; x_wconf 88' lang='lat' dir='ltr'>diceret,</span> <span class='ocrx_word' id='word_1_10' title='bbox 671 457 807 505; x_wconf 90' lang='lat' dir='ltr'>non</span> <span class='ocrx_word' id='word_1_11' title='bbox 840 435 997 504; x_wconf 85' lang='lat' dir='ltr'>fecit</span> <span class='ocrx_word' id='word_1_12' title='bbox 1036 436 1156 505; x_wconf 87' lang='lat' dir='ltr'>sic.</span> <span class='ocrx_word' id='word_1_13' title='bbox 1196 435 1333 505; x_wconf 88' lang='lat' dir='ltr'>Etsi</span> <span class='ocrx_word' id='word_1_14' title='bbox 1368 447 1598 504; x_wconf 78' lang='lat' dir='ltr'>autem</span> <span class='ocrx_word' id='word_1_15' title='bbox 1633 435 1978 505; x_wconf 81' lang='lat' dir='ltr'>dubitaret</span> <span class='ocrx_word' id='word_1_16' title='bbox 2007 436 2091 505; x_wconf 88' lang='lat' dir='ltr'>de</span> <span class='ocrx_word' id='word_1_17' title='bbox 2121 434 2273 522; x_wconf 89' lang='lat' dir='ltr'>ejus</span> <span class='ocrx_word' id='word_1_18' title='bbox 2306 435 2677 518; x_wconf 89' lang='lat' dir='ltr'>voluntate,</span> 
     </span>
     <span class='ocr_line' id='line_1_3' title="bbox 188 523 2686 615; baseline 0.002 -24"><span class='ocrx_word' id='word_1_19' title='bbox 188 546 295 592; x_wconf 89' lang='lat' dir='ltr'>non</span> <span class='ocrx_word' id='word_1_20' title='bbox 330 537 545 594; x_wconf 85' lang='lat' dir='ltr'>tamen</span> <span class='ocrx_word' id='word_1_21' title='bbox 586 523 715 593; x_wconf 87' lang='lat' dir='ltr'>fuit</span> <span class='ocrx_word' id='word_1_22' title='bbox 762 546 976 594; x_wconf 88' lang='lat' dir='ltr'>ausus</span> <span class='ocrx_word' id='word_1_23' title='bbox 1026 523 1350 593; x_wconf 80' lang='lat' dir='ltr'>accedere</span> <span class='ocrx_word' id='word_1_24' title='bbox 1396 546 1571 603; x_wconf 93' lang='lat' dir='ltr'>eam,</span> <span class='ocrx_word' id='word_1_25' title='bbox 1639 546 1725 593; x_wconf 90' lang='lat' dir='ltr'>ne</span> <span class='ocrx_word' id='word_1_26' title='bbox 1765 523 1932 593; x_wconf 87' lang='lat' dir='ltr'>forte</span> <span class='ocrx_word' id='word_1_27' title='bbox 1964 526 2113 613; x_wconf 88' lang='lat' dir='ltr'>ejus</span> <span class='ocrx_word' id='word_1_28' title='bbox 2144 536 2415 594; x_wconf 83' lang='lat' dir='ltr'>sanctas</span> <span class='ocrx_word' id='word_1_29' title='bbox 2453 547 2686 615; x_wconf 88' lang='lat' dir='ltr'>preces</span> 
     </span>
     <span class='ocr_line' id='line_1_4' title="bbox 188 612 2688 703; baseline 0.002 -24"><span class='ocrx_word' id='word_1_30' title='bbox 188 612 656 682; x_wconf 72' lang='lat' dir='ltr'>interturbaret.</span> <span class='ocrx_word' id='word_1_31' title='bbox 714 617 879 681; x_wconf 86' lang='lat' dir='ltr'>Cum</span> <span class='ocrx_word' id='word_1_32' title='bbox 950 613 1158 703; x_wconf 84' lang='lat' dir='ltr'>igitur</span> <span class='ocrx_word' id='word_1_33' title='bbox 1208 629 1486 682; x_wconf 87' lang='lat' dir='ltr'>ventum</span> <span class='ocrx_word' id='word_1_34' title='bbox 1548 626 1650 682; x_wconf 90' lang='lat' dir='ltr'>est</span> <span class='ocrx_word' id='word_1_35' title='bbox 1697 613 1782 682; x_wconf 93' lang='lat' dir='ltr'>ad</span> <span class='ocrx_word' id='word_1_36' title='bbox 1835 614 2073 682; x_wconf 88' lang='lat' dir='ltr'>horam</span> <span class='ocrx_word' id='word_1_37' title='bbox 2127 613 2505 684; x_wconf 86' lang='lat' dir='ltr'>sumendae</span> <span class='ocrx_word' id='word_1_38' title='bbox 2553 619 2688 683; x_wconf 90' lang='lat' dir='ltr'>Eu-</span> 
     </span>
     <span class='ocr_line' id='line_1_5' title="bbox 185 700 2688 793; baseline 0 -23"><span class='ocrx_word' id='word_1_39' title='bbox 185 700 556 782; x_wconf 85' lang='lat' dir='ltr'>charistiae,</span> <span class='ocrx_word' id='word_1_40' title='bbox 617 702 830 771; x_wconf 86' lang='lat' dir='ltr'>sensit</span> <span class='ocrx_word' id='word_1_41' title='bbox 877 701 1342 772; x_wconf 83' lang='lat' dir='ltr'>confessarius</span> <span class='ocrx_word' id='word_1_42' title='bbox 1389 723 1538 771; x_wconf 90' lang='lat' dir='ltr'>eam</span> <span class='ocrx_word' id='word_1_43' title='bbox 1593 723 1783 772; x_wconf 91' lang='lat' dir='ltr'>more</span> <span class='ocrx_word' id='word_1_44' title='bbox 1858 724 1982 771; x_wconf 91' lang='lat' dir='ltr'>suo</span> <span class='ocrx_word' id='word_1_45' title='bbox 2049 702 2119 770; x_wconf 91' lang='lat' dir='ltr'>in</span> <span class='ocrx_word' id='word_1_46' title='bbox 2180 702 2380 771; x_wconf 88' lang='lat' dir='ltr'>fletus</span> <span class='ocrx_word' id='word_1_47' title='bbox 2446 714 2510 772; x_wconf 89' lang='lat' dir='ltr'>et</span> <span class='ocrx_word' id='word_1_48' title='bbox 2574 725 2688 793; x_wconf 87' lang='lat' dir='ltr'>ge-</span> 
     </span>
     <span class='ocr_line' id='line_1_6' title="bbox 186 790 2684 881; baseline 0.001 -23"><span class='ocrx_word' id='word_1_49' title='bbox 186 792 356 860; x_wconf 87' lang='lat' dir='ltr'>mitus</span> <span class='ocrx_word' id='word_1_50' title='bbox 414 813 828 881; x_wconf 80' lang='lat' dir='ltr'>erumpere,</span> <span class='ocrx_word' id='word_1_51' title='bbox 882 802 959 860; x_wconf 88' lang='lat' dir='ltr'>ut</span> <span class='ocrx_word' id='word_1_52' title='bbox 1007 790 1268 862; x_wconf 89' lang='lat' dir='ltr'>solebat</span> <span class='ocrx_word' id='word_1_53' title='bbox 1334 792 1956 861; x_wconf 88' lang='lat' dir='ltr'>communicatura.</span> <span class='ocrx_word' id='word_1_54' title='bbox 2020 791 2480 873; x_wconf 80' lang='lat' dir='ltr'>Quamobrem</span> <span class='ocrx_word' id='word_1_55' title='bbox 2549 814 2684 860; x_wconf 90' lang='lat' dir='ltr'>non</span> 
     </span>
     <span class='ocr_line' id='line_1_7' title="bbox 186 880 2682 970; baseline 0 -22"><span class='ocrx_word' id='word_1_56' title='bbox 186 899 387 968; x_wconf 83' lang='lat' dir='ltr'>parum</span> <span class='ocrx_word' id='word_1_57' title='bbox 429 880 815 961; x_wconf 87' lang='lat' dir='ltr'>admirans,</span> <span class='ocrx_word' id='word_1_58' title='bbox 868 901 1026 948; x_wconf 90' lang='lat' dir='ltr'>cum</span> <span class='ocrx_word' id='word_1_59' title='bbox 1079 901 1149 948; x_wconf 90' lang='lat' dir='ltr'>se</span> <span class='ocrx_word' id='word_1_60' title='bbox 1196 880 1397 950; x_wconf 90' lang='lat' dir='ltr'>sciret</span> <span class='ocrx_word' id='word_1_61' title='bbox 1431 902 1564 949; x_wconf 89' lang='lat' dir='ltr'>non</span> <span class='ocrx_word' id='word_1_62' title='bbox 1616 901 2053 951; x_wconf 78' lang='lat' dir='ltr'>consecrasse</span> <span class='ocrx_word' id='word_1_63' title='bbox 2095 902 2215 970; x_wconf 93' lang='lat' dir='ltr'>pro</span> <span class='ocrx_word' id='word_1_64' title='bbox 2243 901 2323 948; x_wconf 90' lang='lat' dir='ltr'>ea</span> <span class='ocrx_word' id='word_1_65' title='bbox 2364 880 2682 963; x_wconf 86' lang='lat' dir='ltr'>hostiam,</span> 
     </span>
     <span class='ocr_line' id='line_1_8' title="bbox 184 968 2689 1060; baseline 0 -24"><span class='ocrx_word' id='word_1_66' title='bbox 184 969 483 1038; x_wconf 80' lang='lat' dir='ltr'>sentiebat</span> <span class='ocrx_word' id='word_1_67' title='bbox 532 990 793 1059; x_wconf 87' lang='lat' dir='ltr'>magno</span> <span class='ocrx_word' id='word_1_68' title='bbox 842 968 909 1036; x_wconf 91' lang='lat' dir='ltr'>id</span> <span class='ocrx_word' id='word_1_69' title='bbox 963 969 1288 1058; x_wconf 77' lang='lat' dir='ltr'>mysterio</span> <span class='ocrx_word' id='word_1_70' title='bbox 1337 991 1470 1038; x_wconf 90' lang='lat' dir='ltr'>non</span> <span class='ocrx_word' id='word_1_71' title='bbox 1525 991 1786 1038; x_wconf 89' lang='lat' dir='ltr'>vacare.</span> <span class='ocrx_word' id='word_1_72' title='bbox 1825 975 2061 1038; x_wconf 80' lang='lat' dir='ltr'>Postea</span> <span class='ocrx_word' id='word_1_73' title='bbox 2093 968 2429 1039; x_wconf 87' lang='lat' dir='ltr'>absolutis</span> <span class='ocrx_word' id='word_1_74' title='bbox 2468 969 2689 1060; x_wconf 91' lang='lat' dir='ltr'>preci-</span> 
     </span>
     <span class='ocr_line' id='line_1_9' title="bbox 181 1056 2690 1149; baseline 0 -24"><span class='ocrx_word' id='word_1_75' title='bbox 181 1056 289 1125; x_wconf 85' lang='lat' dir='ltr'>bus</span> <span class='ocrx_word' id='word_1_76' title='bbox 331 1070 823 1148; x_wconf 85' lang='lat' dir='ltr'>percunctatus</span> <span class='ocrx_word' id='word_1_77' title='bbox 869 1070 970 1128; x_wconf 87' lang='lat' dir='ltr'>est</span> <span class='ocrx_word' id='word_1_78' title='bbox 1016 1081 1095 1126; x_wconf 82' lang='lat' dir='ltr'>ex</span> <span class='ocrx_word' id='word_1_79' title='bbox 1143 1079 1245 1138; x_wconf 92' lang='lat' dir='ltr'>ea,</span> <span class='ocrx_word' id='word_1_80' title='bbox 1281 1058 1447 1144; x_wconf 90' lang='lat' dir='ltr'>quid</span> <span class='ocrx_word' id='word_1_81' title='bbox 1499 1059 1631 1128; x_wconf 88' lang='lat' dir='ltr'>sibi</span> <span class='ocrx_word' id='word_1_82' title='bbox 1673 1058 1914 1127; x_wconf 89' lang='lat' dir='ltr'>vellent</span> <span class='ocrx_word' id='word_1_83' title='bbox 1964 1058 2309 1146; x_wconf 85' lang='lat' dir='ltr'>lacrymae</span> <span class='ocrx_word' id='word_1_84' title='bbox 2355 1071 2421 1127; x_wconf 93' lang='lat' dir='ltr'>et</span> <span class='ocrx_word' id='word_1_85' title='bbox 2458 1058 2690 1149; x_wconf 87' lang='lat' dir='ltr'>suspi-</span> 
     </span>
     <span class='ocr_line' id='line_1_10' title="bbox 180 1145 2688 1237; baseline 0.002 -26"><span class='ocrx_word' id='word_1_86' title='bbox 180 1145 279 1226; x_wconf 82' lang='lat' dir='ltr'>ria,</span> <span class='ocrx_word' id='word_1_87' title='bbox 306 1168 473 1233; x_wconf 91' lang='lat' dir='ltr'>quae</span> <span class='ocrx_word' id='word_1_88' title='bbox 506 1146 523 1214; x_wconf 89' lang='lat' dir='ltr'>i</span> <span class='ocrx_word' id='word_1_89' title='bbox 584 1169 660 1218; x_wconf 90' lang='lat' dir='ltr'>se</span> <span class='ocrx_word' id='word_1_90' title='bbox 690 1146 1044 1216; x_wconf 87' lang='lat' dir='ltr'>audiisset.</span> <span class='ocrx_word' id='word_1_91' title='bbox 1086 1146 1463 1237; x_wconf 86' lang='lat' dir='ltr'>Respondit</span> <span class='ocrx_word' id='word_1_92' title='bbox 1494 1147 1612 1216; x_wconf 91' lang='lat' dir='ltr'>illa</span> <span class='ocrx_word' id='word_1_93' title='bbox 1642 1146 2019 1227; x_wconf 87' lang='lat' dir='ltr'>humiliter,</span> <span class='ocrx_word' id='word_1_94' title='bbox 2053 1147 2418 1216; x_wconf 89' lang='lat' dir='ltr'>Dominum</span> <span class='ocrx_word' id='word_1_95' title='bbox 2449 1153 2688 1218; x_wconf 82' lang='lat' dir='ltr'>Jesum</span> 
     </span>
     <span class='ocr_line' id='line_1_11' title="bbox 176 1171 2465 1326; baseline 0.001 -25"><span class='ocrx_word' id='word_1_96' title='bbox 176 1235 300 1303; x_wconf 85' lang='lat' dir='ltr'>suis</span> <span class='ocrx_word' id='word_1_97' title='bbox 346 1171 675 1305; x_wconf 65' lang='lat' dir='ltr'>manibus</span> <span class='ocrx_word' id='word_1_98' title='bbox 723 1235 856 1325; x_wconf 89' lang='lat' dir='ltr'>ipsi</span> <span class='ocrx_word' id='word_1_99' title='bbox 907 1235 1478 1326; x_wconf 87' lang='lat' dir='ltr'>pretiosissimum</span> <span class='ocrx_word' id='word_1_100' title='bbox 1542 1241 1802 1326; x_wconf 85' lang='lat' dir='ltr'>Corpus</span> <span class='ocrx_word' id='word_1_101' title='bbox 1851 1258 2056 1304; x_wconf 90' lang='lat' dir='ltr'>suum</span> <span class='ocrx_word' id='word_1_102' title='bbox 2107 1234 2465 1306; x_wconf 87' lang='lat' dir='ltr'>obtulisse.</span> 
     </span>
    </p>

    <p class='ocr_par' dir='ltr' id='par_1_3' title="bbox 176 1323 2714 4525">
     <span class='ocr_line' id='line_1_12' title="bbox 250 1323 2684 1414; baseline -0.001 -18"><span class='ocrx_word' id='word_1_103' title='bbox 250 1331 282 1403; x_wconf 70' lang='grc' dir='ltr'>ἓ</span> <span class='ocrx_word' id='word_1_104' title='bbox 326 1328 470 1396; x_wconf 68' lang='lat' dir='ltr'>u.</span> <span class='ocrx_word' id='word_1_105' title='bbox 530 1324 689 1393; x_wconf 86' lang='lat' dir='ltr'>Fuit</span> <span class='ocrx_word' id='word_1_106' title='bbox 736 1323 1014 1410; x_wconf 91' lang='lat' dir='ltr'>quidem</span> <span class='ocrx_word' id='word_1_107' title='bbox 1067 1323 1289 1394; x_wconf 87' lang='lat' dir='ltr'>Coleta</span> <span class='ocrx_word' id='word_1_108' title='bbox 1337 1346 1563 1394; x_wconf 89' lang='lat' dir='ltr'>rerum</span> <span class='ocrx_word' id='word_1_109' title='bbox 1613 1325 2126 1394; x_wconf 89' lang='lat' dir='ltr'>mundanarum</span> <span class='ocrx_word' id='word_1_110' title='bbox 2209 1347 2405 1393; x_wconf 88' lang='lat' dir='ltr'>arum</span> <span class='ocrx_word' id='word_1_111' title='bbox 2444 1323 2684 1414; x_wconf 90' lang='lat' dir='ltr'>perita,</span> 
     </span>
     <span class='ocr_line' id='line_1_13' title="bbox 177 1412 2691 1504; baseline 0.001 -26"><span class='ocrx_word' id='word_1_112' title='bbox 177 1412 275 1479; x_wconf 87' lang='lat' dir='ltr'>sed</span> <span class='ocrx_word' id='word_1_113' title='bbox 322 1434 521 1501; x_wconf 80' lang='lat' dir='ltr'>sagax</span> <span class='ocrx_word' id='word_1_114' title='bbox 572 1413 775 1482; x_wconf 87' lang='lat' dir='ltr'>valde</span> <span class='ocrx_word' id='word_1_115' title='bbox 822 1424 887 1482; x_wconf 89' lang='lat' dir='ltr'>et</span> <span class='ocrx_word' id='word_1_116' title='bbox 934 1413 1306 1482; x_wconf 87' lang='lat' dir='ltr'>admodum</span> <span class='ocrx_word' id='word_1_117' title='bbox 1350 1413 1657 1504; x_wconf 82' lang='lat' dir='ltr'>prudens</span> <span class='ocrx_word' id='word_1_118' title='bbox 1697 1425 1762 1483; x_wconf 91' lang='lat' dir='ltr'>et</span> <span class='ocrx_word' id='word_1_119' title='bbox 1805 1436 2017 1503; x_wconf 81' lang='lat' dir='ltr'>gnara</span> <span class='ocrx_word' id='word_1_120' title='bbox 2048 1435 2165 1482; x_wconf 92' lang='lat' dir='ltr'>coe</span> <span class='ocrx_word' id='word_1_121' title='bbox 2196 1413 2441 1483; x_wconf 90' lang='lat' dir='ltr'>estium</span> <span class='ocrx_word' id='word_1_122' title='bbox 2476 1436 2553 1482; x_wconf 87' lang='lat' dir='ltr'>ac</span> <span class='ocrx_word' id='word_1_123' title='bbox 2585 1413 2691 1481; x_wconf 92' lang='lat' dir='ltr'>di-</span> 
     </span>
     <span class='ocr_line' id='line_1_14' title="bbox 176 1500 2689 1592; baseline 0.003 -29"><span class='ocrx_word' id='word_1_124' title='bbox 176 1500 485 1572; x_wconf 84' lang='lat' dir='ltr'>vinorum.</span> <span class='ocrx_word' id='word_1_125' title='bbox 547 1507 771 1592; x_wconf 84' lang='lat' dir='ltr'>Prope</span> <span class='ocrx_word' id='word_1_126' title='bbox 820 1501 1010 1570; x_wconf 90' lang='lat' dir='ltr'>nulla</span> <span class='ocrx_word' id='word_1_127' title='bbox 1052 1502 1113 1569; x_wconf 90' lang='lat' dir='ltr'>ei</span> <span class='ocrx_word' id='word_1_128' title='bbox 1143 1502 1363 1571; x_wconf 89' lang='lat' dir='ltr'>inerat</span> <span class='ocrx_word' id='word_1_129' title='bbox 1393 1502 1706 1571; x_wconf 87' lang='lat' dir='ltr'>doctrina</span> <span class='ocrx_word' id='word_1_130' title='bbox 1739 1502 2141 1572; x_wconf 87' lang='lat' dir='ltr'>humanitus</span> <span class='ocrx_word' id='word_1_131' title='bbox 2171 1502 2531 1588; x_wconf 89' lang='lat' dir='ltr'>acquisita,</span> <span class='ocrx_word' id='word_1_132' title='bbox 2571 1502 2689 1572; x_wconf 89' lang='lat' dir='ltr'>sed</span> 
     </span>
     <span class='ocr_line' id='line_1_15' title="bbox 176 1589 2692 1681; baseline 0.002 -25"><span class='ocrx_word' id='word_1_133' title='bbox 176 1589 542 1661; x_wconf 83' lang='lat' dir='ltr'>abundabat</span> <span class='ocrx_word' id='word_1_134' title='bbox 584 1590 877 1660; x_wconf 72' lang='lat' dir='ltr'>scientia</span> <span class='ocrx_word' id='word_1_135' title='bbox 921 1589 1253 1660; x_wconf 77' lang='lat' dir='ltr'>(livinitus</span> <span class='ocrx_word' id='word_1_136' title='bbox 1297 1590 1546 1671; x_wconf 73' lang='lat' dir='ltr'>infusa,</span> <span class='ocrx_word' id='word_1_137' title='bbox 1582 1612 1759 1677; x_wconf 89' lang='lat' dir='ltr'>quae</span> <span class='ocrx_word' id='word_1_138' title='bbox 1788 1604 1890 1660; x_wconf 88' lang='lat' dir='ltr'>est</span> <span class='ocrx_word' id='word_1_139' title='bbox 1930 1591 2354 1681; x_wconf 89' lang='lat' dir='ltr'>praecellens</span> <span class='ocrx_word' id='word_1_140' title='bbox 2387 1593 2501 1660; x_wconf 87' lang='lat' dir='ltr'>Dei</span> <span class='ocrx_word' id='word_1_141' title='bbox 2534 1615 2692 1681; x_wconf 85' lang='lat' dir='ltr'>gra-</span> 
     </span>
     <span class='ocr_line' id='line_1_16' title="bbox 177 1677 2686 1771; baseline 0.002 -27"><span class='ocrx_word' id='word_1_142' title='bbox 177 1677 275 1757; x_wconf 84' lang='lat' dir='ltr'>tia,</span> <span class='ocrx_word' id='word_1_143' title='bbox 321 1684 449 1765; x_wconf 71' lang='lat' dir='ltr'>qua</span> <span class='ocrx_word' id='word_1_144' title='bbox 494 1679 675 1748; x_wconf 87' lang='lat' dir='ltr'>freta</span> <span class='ocrx_word' id='word_1_145' title='bbox 723 1679 1104 1747; x_wconf 78' lang='lat' dir='ltr'>clarissime</span> <span class='ocrx_word' id='word_1_146' title='bbox 1151 1680 1603 1768; x_wconf 80' lang='lat' dir='ltr'>cognoscebat</span> <span class='ocrx_word' id='word_1_147' title='bbox 1649 1694 1715 1749; x_wconf 89' lang='lat' dir='ltr'>et</span> <span class='ocrx_word' id='word_1_148' title='bbox 1764 1680 2146 1771; x_wconf 88' lang='lat' dir='ltr'>praeterita,</span> <span class='ocrx_word' id='word_1_149' title='bbox 2184 1691 2249 1748; x_wconf 89' lang='lat' dir='ltr'>et</span> <span class='ocrx_word' id='word_1_150' title='bbox 2280 1680 2686 1770; x_wconf 87' lang='lat' dir='ltr'>praesentia,</span> 
     </span>
     <span class='ocr_line' id='line_1_17' title="bbox 182 1765 2692 1859; baseline 0.002 -27"><span class='ocrx_word' id='word_1_151' title='bbox 182 1765 315 1835; x_wconf 87' lang='lat' dir='ltr'>licet</span> <span class='ocrx_word' id='word_1_152' title='bbox 355 1769 645 1848; x_wconf 88' lang='lat' dir='ltr'>occulta,</span> <span class='ocrx_word' id='word_1_153' title='bbox 704 1769 1000 1854; x_wconf 89' lang='lat' dir='ltr'>itemque</span> <span class='ocrx_word' id='word_1_154' title='bbox 1048 1767 1302 1838; x_wconf 87' lang='lat' dir='ltr'>futura.</span> <span class='ocrx_word' id='word_1_155' title='bbox 1357 1769 1549 1851; x_wconf 89' lang='lat' dir='ltr'>Quod</span> <span class='ocrx_word' id='word_1_156' title='bbox 1600 1782 1678 1839; x_wconf 92' lang='lat' dir='ltr'>ut</span> <span class='ocrx_word' id='word_1_157' title='bbox 1724 1769 1977 1838; x_wconf 87' lang='lat' dir='ltr'>certius</span> <span class='ocrx_word' id='word_1_158' title='bbox 2023 1768 2307 1850; x_wconf 86' lang='lat' dir='ltr'>eluceat,</span> <span class='ocrx_word' id='word_1_159' title='bbox 2361 1769 2692 1859; x_wconf 86' lang='lat' dir='ltr'>exemplis</span> 
     </span>
     <span class='ocr_line' id='line_1_18' title="bbox 190 1852 2694 1948; baseline 0.003 -28"><span class='ocrx_word' id='word_1_160' title='bbox 190 1852 682 1927; x_wconf 79' lang='lat' dir='ltr'>declarabimus.</span> <span class='ocrx_word' id='word_1_161' title='bbox 745 1857 893 1926; x_wconf 90' lang='lat' dir='ltr'>Fuit</span> <span class='ocrx_word' id='word_1_162' title='bbox 938 1857 1223 1943; x_wconf 88' lang='lat' dir='ltr'>quidam</span> <span class='ocrx_word' id='word_1_163' title='bbox 1263 1857 1557 1946; x_wconf 78' lang='lat' dir='ltr'>insignis</span> <span class='ocrx_word' id='word_1_164' title='bbox 1592 1880 1825 1927; x_wconf 89' lang='lat' dir='ltr'>sacrae</span> <span class='ocrx_word' id='word_1_165' title='bbox 1858 1857 2262 1948; x_wconf 87' lang='lat' dir='ltr'>Theologiae</span> <span class='ocrx_word' id='word_1_166' title='bbox 2300 1863 2538 1927; x_wconf 89' lang='lat' dir='ltr'>Doctor</span> <span class='ocrx_word' id='word_1_167' title='bbox 2569 1864 2694 1927; x_wconf 89' lang='lat' dir='ltr'>Pa-</span> 
     </span>
     <span class='ocr_line' id='line_1_19' title="bbox 200 1942 2689 2037; baseline 0.003 -29"><span class='ocrx_word' id='word_1_168' title='bbox 200 1942 479 2026; x_wconf 85' lang='lat' dir='ltr'>risiensis‚</span> <span class='ocrx_word' id='word_1_169' title='bbox 534 1944 967 2037; x_wconf 85' lang='lat' dir='ltr'>professione</span> <span class='ocrx_word' id='word_1_170' title='bbox 1014 1945 1534 2015; x_wconf 89' lang='lat' dir='ltr'>Franciscanus.</span> <span class='ocrx_word' id='word_1_171' title='bbox 1588 1951 1653 2017; x_wconf 91' lang='lat' dir='ltr'>Is</span> <span class='ocrx_word' id='word_1_172' title='bbox 1701 1948 1788 2017; x_wconf 90' lang='lat' dir='ltr'>ab</span> <span class='ocrx_word' id='word_1_173' title='bbox 1838 1945 2112 2016; x_wconf 83' lang='lat' dir='ltr'>exordio</span> <span class='ocrx_word' id='word_1_174' title='bbox 2163 1945 2689 2017; x_wconf 82' lang='lat' dir='ltr'>reformationis,</span> 
     </span>
     <span class='ocr_line' id='line_1_20' title="bbox 198 2031 2694 2127; baseline 0.003 -32"><span class='ocrx_word' id='word_1_175' title='bbox 198 2031 366 2119; x_wconf 83' lang='lat' dir='ltr'>cujus</span> <span class='ocrx_word' id='word_1_176' title='bbox 406 2057 591 2127; x_wconf 85' lang='lat' dir='ltr'>saepe</span> <span class='ocrx_word' id='word_1_177' title='bbox 652 2034 1145 2115; x_wconf 88' lang='lat' dir='ltr'>meminimus,</span> <span class='ocrx_word' id='word_1_178' title='bbox 1202 2034 1499 2104; x_wconf 91' lang='lat' dir='ltr'>multum</span> <span class='ocrx_word' id='word_1_179' title='bbox 1563 2034 1824 2104; x_wconf 88' lang='lat' dir='ltr'>Coletae</span> <span class='ocrx_word' id='word_1_180' title='bbox 1884 2034 2158 2105; x_wconf 89' lang='lat' dir='ltr'>deditus</span> <span class='ocrx_word' id='word_1_181' title='bbox 2215 2033 2366 2103; x_wconf 86' lang='lat' dir='ltr'>fuit.</span> <span class='ocrx_word' id='word_1_182' title='bbox 2438 2035 2694 2103; x_wconf 81' lang='lat' dir='ltr'>Accidit</span> 
     </span>
     <span class='ocr_line' id='line_1_21' title="bbox 206 2122 2688 2208; baseline 0.002 -22"><span class='ocrx_word' id='word_1_183' title='bbox 206 2133 416 2202; x_wconf 84' lang='lat' dir='ltr'>autem,</span> <span class='ocrx_word' id='word_1_184' title='bbox 457 2140 524 2194; x_wconf 90' lang='lat' dir='ltr'>ut</span> <span class='ocrx_word' id='word_1_185' title='bbox 574 2125 655 2193; x_wconf 86' lang='lat' dir='ltr'>in</span> <span class='ocrx_word' id='word_1_186' title='bbox 711 2123 979 2193; x_wconf 86' lang='lat' dir='ltr'>letalem</span> <span class='ocrx_word' id='word_1_187' title='bbox 1027 2123 1359 2192; x_wconf 86' lang='lat' dir='ltr'>incideret</span> <span class='ocrx_word' id='word_1_188' title='bbox 1407 2122 1753 2192; x_wconf 90' lang='lat' dir='ltr'>morbum.</span> <span class='ocrx_word' id='word_1_189' title='bbox 1809 2123 2134 2193; x_wconf 80' lang='lat' dir='ltr'>visitabat</span> <span class='ocrx_word' id='word_1_190' title='bbox 2174 2135 2318 2191; x_wconf 88' lang='lat' dir='ltr'>tum</span> <span class='ocrx_word' id='word_1_191' title='bbox 2353 2123 2688 2208; x_wconf 87' lang='lat' dir='ltr'>quaedam</span> 
     </span>
     <span class='ocr_line' id='line_1_22' title="bbox 210 2211 2696 2301; baseline 0.002 -26"><span class='ocrx_word' id='word_1_192' title='bbox 210 2216 563 2284; x_wconf 86' lang='lat' dir='ltr'>monasteria</span> <span class='ocrx_word' id='word_1_193' title='bbox 615 2234 748 2282; x_wconf 89' lang='lat' dir='ltr'>sua</span> <span class='ocrx_word' id='word_1_194' title='bbox 789 2212 1031 2294; x_wconf 90' lang='lat' dir='ltr'>Coleta,</span> <span class='ocrx_word' id='word_1_195' title='bbox 1067 2226 1131 2282; x_wconf 89' lang='lat' dir='ltr'>et</span> <span class='ocrx_word' id='word_1_196' title='bbox 1159 2235 1317 2282; x_wconf 91' lang='lat' dir='ltr'>cum</span> <span class='ocrx_word' id='word_1_197' title='bbox 1352 2213 1423 2281; x_wconf 91' lang='lat' dir='ltr'>in</span> <span class='ocrx_word' id='word_1_198' title='bbox 1459 2212 1709 2301; x_wconf 86' lang='lat' dir='ltr'>spiritu</span> <span class='ocrx_word' id='word_1_199' title='bbox 1741 2211 2094 2281; x_wconf 87' lang='lat' dir='ltr'>didicisset</span> <span class='ocrx_word' id='word_1_200' title='bbox 2125 2216 2472 2280; x_wconf 91' lang='lat' dir='ltr'>Doctorem</span> <span class='ocrx_word' id='word_1_201' title='bbox 2509 2212 2696 2281; x_wconf 85' lang='lat' dir='ltr'>hunc</span> 
     </span>
     <span class='ocr_line' id='line_1_23' title="bbox 196 2299 2700 2393; baseline 0.003 -30"><span class='ocrx_word' id='word_1_202' title='bbox 196 2317 310 2393; x_wconf 72' lang='lat' dir='ltr'>noti</span> <span class='ocrx_word' id='word_1_203' title='bbox 352 2301 560 2371; x_wconf 86' lang='lat' dir='ltr'>solum</span> <span class='ocrx_word' id='word_1_204' title='bbox 620 2323 927 2391; x_wconf 90' lang='lat' dir='ltr'>corpore,</span> <span class='ocrx_word' id='word_1_205' title='bbox 975 2302 1090 2371; x_wconf 90' lang='lat' dir='ltr'>sed</span> <span class='ocrx_word' id='word_1_206' title='bbox 1137 2302 1339 2369; x_wconf 86' lang='lat' dir='ltr'>etiam</span> <span class='ocrx_word' id='word_1_207' title='bbox 1374 2301 1607 2370; x_wconf 88' lang='lat' dir='ltr'>animo</span> <span class='ocrx_word' id='word_1_208' title='bbox 1637 2299 2221 2391; x_wconf 77' lang='lat' dir='ltr'>periculosissime</span> <span class='ocrx_word' id='word_1_209' title='bbox 2253 2299 2584 2381; x_wconf 89' lang='lat' dir='ltr'>laborare,</span> <span class='ocrx_word' id='word_1_210' title='bbox 2624 2312 2700 2370; x_wconf 87' lang='lat' dir='ltr'>ut</span> 
     </span>
     <span class='ocr_line' id='line_1_24' title="bbox 189 2388 2699 2475; baseline 0.003 -25"><span class='ocrx_word' id='word_1_211' title='bbox 189 2406 245 2451; x_wconf 84' lang='lat' dir='ltr'>m</span> <span class='ocrx_word' id='word_1_212' title='bbox 288 2400 450 2460; x_wconf 83' lang='lat' dir='ltr'>tanto</span> <span class='ocrx_word' id='word_1_213' title='bbox 496 2390 917 2461; x_wconf 87' lang='lat' dir='ltr'>discrimine</span> <span class='ocrx_word' id='word_1_214' title='bbox 964 2390 1025 2459; x_wconf 87' lang='lat' dir='ltr'>ei</span> <span class='ocrx_word' id='word_1_215' title='bbox 1076 2402 1525 2469; x_wconf 87' lang='lat' dir='ltr'>succurreret,</span> <span class='ocrx_word' id='word_1_216' title='bbox 1582 2390 1869 2460; x_wconf 89' lang='lat' dir='ltr'>accessit</span> <span class='ocrx_word' id='word_1_217' title='bbox 1900 2388 2419 2468; x_wconf 86' lang='lat' dir='ltr'>monasterium,</span> <span class='ocrx_word' id='word_1_218' title='bbox 2459 2389 2525 2457; x_wconf 92' lang='lat' dir='ltr'>in</span> <span class='ocrx_word' id='word_1_219' title='bbox 2561 2410 2699 2475; x_wconf 93' lang='lat' dir='ltr'>quo</span> 
     </span>
     <span class='ocr_line' id='line_1_25' title="bbox 190 2472 2698 2570; baseline 0.002 -29"><span class='ocrx_word' id='word_1_220' title='bbox 190 2472 281 2543; x_wconf 86' lang='lat' dir='ltr'>ille</span> <span class='ocrx_word' id='word_1_221' title='bbox 317 2477 664 2559; x_wconf 87' lang='lat' dir='ltr'>decubuit,</span> <span class='ocrx_word' id='word_1_222' title='bbox 719 2479 1112 2566; x_wconf 87' lang='lat' dir='ltr'>invenitque</span> <span class='ocrx_word' id='word_1_223' title='bbox 1159 2479 1355 2548; x_wconf 91' lang='lat' dir='ltr'>illum</span> <span class='ocrx_word' id='word_1_224' title='bbox 1398 2480 1545 2570; x_wconf 87' lang='lat' dir='ltr'>jam</span> <span class='ocrx_word' id='word_1_225' title='bbox 1595 2480 1904 2549; x_wconf 86' lang='lat' dir='ltr'>animam</span> <span class='ocrx_word' id='word_1_226' title='bbox 1953 2489 2293 2570; x_wconf 86' lang='lat' dir='ltr'>agentem,</span> <span class='ocrx_word' id='word_1_227' title='bbox 2337 2490 2401 2547; x_wconf 92' lang='lat' dir='ltr'>et</span> <span class='ocrx_word' id='word_1_228' title='bbox 2436 2488 2510 2548; x_wconf 90' lang='lat' dir='ltr'>ut</span> <span class='ocrx_word' id='word_1_229' title='bbox 2550 2478 2698 2569; x_wconf 91' lang='lat' dir='ltr'>ipse</span> 
     </span>
     <span class='ocr_line' id='line_1_26' title="bbox 198 2567 2700 2659; baseline 0 -24"><span class='ocrx_word' id='word_1_230' title='bbox 198 2578 383 2651; x_wconf 80' lang='lat' dir='ltr'>postea</span> <span class='ocrx_word' id='word_1_231' title='bbox 417 2570 678 2648; x_wconf 89' lang='lat' dir='ltr'>retulit,</span> <span class='ocrx_word' id='word_1_232' title='bbox 714 2581 890 2638; x_wconf 89' lang='lat' dir='ltr'>recta</span> <span class='ocrx_word' id='word_1_233' title='bbox 925 2580 1199 2637; x_wconf 91' lang='lat' dir='ltr'>euntem</span> <span class='ocrx_word' id='word_1_234' title='bbox 1236 2569 1304 2636; x_wconf 89' lang='lat' dir='ltr'>in</span> <span class='ocrx_word' id='word_1_235' title='bbox 1341 2580 1699 2638; x_wconf 90' lang='lat' dir='ltr'>tartarum.</span> <span class='ocrx_word' id='word_1_236' title='bbox 1739 2574 1977 2656; x_wconf 88' lang='lat' dir='ltr'>Itaque</span> <span class='ocrx_word' id='word_1_237' title='bbox 2012 2567 2290 2659; x_wconf 88' lang='lat' dir='ltr'>proprio</span> <span class='ocrx_word' id='word_1_238' title='bbox 2323 2589 2481 2635; x_wconf 88' lang='lat' dir='ltr'>eum</span> <span class='ocrx_word' id='word_1_239' title='bbox 2513 2590 2700 2636; x_wconf 90' lang='lat' dir='ltr'>com-</span> 
     </span>
     <span class='ocr_line' id='line_1_27' title="bbox 200 2653 2694 2747; baseline 0.001 -26"><span class='ocrx_word' id='word_1_240' title='bbox 200 2653 418 2740; x_wconf 83' lang='lat' dir='ltr'>pellans</span> <span class='ocrx_word' id='word_1_241' title='bbox 469 2659 779 2736; x_wconf 90' lang='lat' dir='ltr'>nomine,</span> <span class='ocrx_word' id='word_1_242' title='bbox 838 2658 1032 2747; x_wconf 85' lang='lat' dir='ltr'>signo</span> <span class='ocrx_word' id='word_1_243' title='bbox 1081 2658 1308 2727; x_wconf 86' lang='lat' dir='ltr'>crucis</span> <span class='ocrx_word' id='word_1_244' title='bbox 1357 2658 1712 2729; x_wconf 88' lang='lat' dir='ltr'>humiliter</span> <span class='ocrx_word' id='word_1_245' title='bbox 1756 2670 1822 2727; x_wconf 87' lang='lat' dir='ltr'>et</span> <span class='ocrx_word' id='word_1_246' title='bbox 1871 2670 2253 2727; x_wconf 83' lang='lat' dir='ltr'>reverenter</span> <span class='ocrx_word' id='word_1_247' title='bbox 2298 2656 2503 2736; x_wconf 75' lang='lat' dir='ltr'>edito,</span> <span class='ocrx_word' id='word_1_248' title='bbox 2560 2656 2694 2725; x_wconf 89' lang='lat' dir='ltr'>ait:</span> 
     </span>
     <span class='ocr_line' id='line_1_28' title="bbox 192 2744 2700 2839; baseline 0.001 -28"><span class='ocrx_word' id='word_1_249' title='bbox 192 2763 220 2839; x_wconf 68' lang='lat' dir='ltr'>f(</span> <span class='ocrx_word' id='word_1_250' title='bbox 259 2747 389 2815; x_wconf 84' lang='lat' dir='ltr'>Esto</span> <span class='ocrx_word' id='word_1_251' title='bbox 436 2748 624 2816; x_wconf 91' lang='lat' dir='ltr'>bono</span> <span class='ocrx_word' id='word_1_252' title='bbox 670 2747 926 2827; x_wconf 90' lang='lat' dir='ltr'>animo,</span> <span class='ocrx_word' id='word_1_253' title='bbox 973 2760 1039 2815; x_wconf 92' lang='lat' dir='ltr'>et</span> <span class='ocrx_word' id='word_1_254' title='bbox 1071 2746 1357 2816; x_wconf 84' lang='lat' dir='ltr'>firmiter</span> <span class='ocrx_word' id='word_1_255' title='bbox 1388 2769 1587 2837; x_wconf 90' lang='lat' dir='ltr'>spera</span> <span class='ocrx_word' id='word_1_256' title='bbox 1625 2748 1698 2816; x_wconf 89' lang='lat' dir='ltr'>in</span> <span class='ocrx_word' id='word_1_257' title='bbox 1748 2746 1860 2815; x_wconf 88' lang='lat' dir='ltr'>Dei</span> <span class='ocrx_word' id='word_1_258' title='bbox 1900 2747 2172 2816; x_wconf 85' lang='lat' dir='ltr'>infinita</span> <span class='ocrx_word' id='word_1_259' title='bbox 2206 2745 2531 2827; x_wconf 90' lang='lat' dir='ltr'>bonitate,</span> <span class='ocrx_word' id='word_1_260' title='bbox 2577 2744 2700 2813; x_wconf 92' lang='lat' dir='ltr'>ad-</span> 
     </span>
     <span class='ocr_line' id='line_1_29' title="bbox 179 2834 2699 2922; baseline 0.001 -24"><span class='ocrx_word' id='word_1_261' title='bbox 179 2836 543 2922; x_wconf 72' lang='lat' dir='ltr'>junctisque</span> <span class='ocrx_word' id='word_1_262' title='bbox 595 2835 921 2906; x_wconf 89' lang='lat' dir='ltr'>brevibus</span> <span class='ocrx_word' id='word_1_263' title='bbox 954 2835 1370 2922; x_wconf 90' lang='lat' dir='ltr'>quibusdam</span> <span class='ocrx_word' id='word_1_264' title='bbox 1402 2835 2014 2918; x_wconf 85' lang='lat' dir='ltr'>exhortationibus,</span> <span class='ocrx_word' id='word_1_265' title='bbox 2055 2834 2283 2904; x_wconf 89' lang='lat' dir='ltr'>statim</span> <span class='ocrx_word' id='word_1_266' title='bbox 2322 2834 2626 2904; x_wconf 88' lang='lat' dir='ltr'>recessit.</span> <span class='ocrx_word' id='word_1_267' title='bbox 2663 2857 2699 2901; x_wconf 89' lang='lat'>»</span> 
     </span>
     <span class='ocr_line' id='line_1_30' title="bbox 184 2923 2701 3016; baseline 0.002 -29"><span class='ocrx_word' id='word_1_268' title='bbox 184 2924 363 3010; x_wconf 75' lang='lat' dir='ltr'>Aeger</span> <span class='ocrx_word' id='word_1_269' title='bbox 406 2938 640 2994; x_wconf 89' lang='lat' dir='ltr'>autem</span> <span class='ocrx_word' id='word_1_270' title='bbox 694 2924 808 2994; x_wconf 91' lang='lat' dir='ltr'>ille</span> <span class='ocrx_word' id='word_1_271' title='bbox 856 2936 1106 2994; x_wconf 89' lang='lat' dir='ltr'>attente</span> <span class='ocrx_word' id='word_1_272' title='bbox 1155 2926 1458 3016; x_wconf 89' lang='lat' dir='ltr'>percepit</span> <span class='ocrx_word' id='word_1_273' title='bbox 1489 2925 1654 3012; x_wconf 88' lang='lat' dir='ltr'>quid</span> <span class='ocrx_word' id='word_1_274' title='bbox 1693 2925 1970 3004; x_wconf 90' lang='lat' dir='ltr'>diceret,</span> <span class='ocrx_word' id='word_1_275' title='bbox 2011 2946 2301 3011; x_wconf 90' lang='lat' dir='ltr'>eamque</span> <span class='ocrx_word' id='word_1_276' title='bbox 2344 2923 2553 3014; x_wconf 90' lang='lat' dir='ltr'>probe</span> <span class='ocrx_word' id='word_1_277' title='bbox 2587 2945 2701 2993; x_wconf 90' lang='lat' dir='ltr'>co-</span> 
     </span>
     <span class='ocr_line' id='line_1_31' title="bbox 185 3012 2703 3096; baseline 0.002 -20"><span class='ocrx_word' id='word_1_278' title='bbox 185 3012 407 3096; x_wconf 85' lang='lat' dir='ltr'>gnovit,</span> <span class='ocrx_word' id='word_1_279' title='bbox 458 3027 525 3083; x_wconf 88' lang='lat' dir='ltr'>et</span> <span class='ocrx_word' id='word_1_280' title='bbox 578 3014 877 3082; x_wconf 90' lang='lat' dir='ltr'>multum</span> <span class='ocrx_word' id='word_1_281' title='bbox 913 3014 1386 3094; x_wconf 74' lang='lat' dir='ltr'>confirmatuS,</span> <span class='ocrx_word' id='word_1_282' title='bbox 1427 3014 1614 3083; x_wconf 91' lang='lat' dir='ltr'>brevi</span> <span class='ocrx_word' id='word_1_283' title='bbox 1651 3014 1948 3083; x_wconf 79' lang='lat' dir='ltr'>surrexit</span> <span class='ocrx_word' id='word_1_284' title='bbox 1981 3035 2192 3083; x_wconf 88' lang='lat' dir='ltr'>sanus</span> <span class='ocrx_word' id='word_1_285' title='bbox 2231 3026 2297 3083; x_wconf 89' lang='lat' dir='ltr'>et</span> <span class='ocrx_word' id='word_1_286' title='bbox 2327 3012 2703 3083; x_wconf 89' lang='lat' dir='ltr'>incolumis</span> 
     </span>
     <span class='ocr_line' id='line_1_32' title="bbox 184 3102 2702 3189; baseline 0.003 -25"><span class='ocrx_word' id='word_1_287' title='bbox 184 3118 457 3189; x_wconf 84' lang='lat' dir='ltr'>corpore.</span> <span class='ocrx_word' id='word_1_288' title='bbox 515 3102 774 3171; x_wconf 89' lang='lat' dir='ltr'>Deinde</span> <span class='ocrx_word' id='word_1_289' title='bbox 820 3102 1111 3172; x_wconf 87' lang='lat' dir='ltr'>contulit</span> <span class='ocrx_word' id='word_1_290' title='bbox 1158 3124 1227 3172; x_wconf 85' lang='lat' dir='ltr'>se</span> <span class='ocrx_word' id='word_1_291' title='bbox 1255 3103 1338 3170; x_wconf 94' lang='lat' dir='ltr'>ad</span> <span class='ocrx_word' id='word_1_292' title='bbox 1390 3103 1709 3182; x_wconf 87' lang='lat' dir='ltr'>Coletam‚</span> <span class='ocrx_word' id='word_1_293' title='bbox 1756 3102 2139 3188; x_wconf 86' lang='lat' dir='ltr'>obtulitque</span> <span class='ocrx_word' id='word_1_294' title='bbox 2180 3123 2251 3172; x_wconf 89' lang='lat' dir='ltr'>se</span> <span class='ocrx_word' id='word_1_295' title='bbox 2286 3103 2702 3171; x_wconf 86' lang='lat' dir='ltr'>serviturum</span> 
     </span>
     <span class='ocr_line' id='line_1_33' title="bbox 182 3185 2695 3281; baseline 0.003 -29"><span class='ocrx_word' id='word_1_296' title='bbox 182 3185 234 3252; x_wconf 88' lang='lat' dir='ltr'>ei</span> <span class='ocrx_word' id='word_1_297' title='bbox 278 3203 398 3259; x_wconf 88' lang='lat' dir='ltr'>toto</span> <span class='ocrx_word' id='word_1_298' title='bbox 444 3193 626 3261; x_wconf 88' lang='lat' dir='ltr'>vitae</span> <span class='ocrx_word' id='word_1_299' title='bbox 678 3213 843 3260; x_wconf 88' lang='lat' dir='ltr'>suae</span> <span class='ocrx_word' id='word_1_300' title='bbox 890 3192 1147 3281; x_wconf 90' lang='lat' dir='ltr'>spatio,</span> <span class='ocrx_word' id='word_1_301' title='bbox 1203 3213 1410 3278; x_wconf 89' lang='lat' dir='ltr'>quam</span> <span class='ocrx_word' id='word_1_302' title='bbox 1464 3213 1585 3281; x_wconf 90' lang='lat' dir='ltr'>per</span> <span class='ocrx_word' id='word_1_303' title='bbox 1636 3191 1821 3260; x_wconf 88' lang='lat' dir='ltr'>illam</span> <span class='ocrx_word' id='word_1_304' title='bbox 1878 3213 1948 3262; x_wconf 90' lang='lat' dir='ltr'>se</span> <span class='ocrx_word' id='word_1_305' title='bbox 1995 3190 2335 3260; x_wconf 86' lang='lat' dir='ltr'>fatebatur</span> <span class='ocrx_word' id='word_1_306' title='bbox 2385 3191 2695 3260; x_wconf 89' lang='lat' dir='ltr'>retinere.</span> 
     </span>
     <span class='ocr_line' id='line_1_34' title="bbox 185 3274 2696 3370; baseline 0.002 -29"><span class='ocrx_word' id='word_1_307' title='bbox 185 3274 472 3350; x_wconf 86' lang='lat' dir='ltr'>Libenter</span> <span class='ocrx_word' id='word_1_308' title='bbox 519 3280 641 3350; x_wconf 91' lang='lat' dir='ltr'>illa</span> <span class='ocrx_word' id='word_1_309' title='bbox 689 3280 969 3361; x_wconf 91' lang='lat' dir='ltr'>annuit,</span> <span class='ocrx_word' id='word_1_310' title='bbox 1026 3302 1160 3349; x_wconf 86' lang='lat' dir='ltr'>non</span> <span class='ocrx_word' id='word_1_311' title='bbox 1211 3279 1395 3366; x_wconf 92' lang='lat' dir='ltr'>quod</span> <span class='ocrx_word' id='word_1_312' title='bbox 1444 3280 1668 3350; x_wconf 89' lang='lat' dir='ltr'>ullum</span> <span class='ocrx_word' id='word_1_313' title='bbox 1718 3280 1868 3370; x_wconf 75' lang='lat' dir='ltr'>e&#39;us</span> <span class='ocrx_word' id='word_1_314' title='bbox 1916 3292 2254 3370; x_wconf 85' lang='lat' dir='ltr'>expeteret</span> <span class='ocrx_word' id='word_1_315' title='bbox 2303 3279 2696 3360; x_wconf 88' lang='lat' dir='ltr'>servitium,</span> 
     </span>
     <span class='ocr_line' id='line_1_35' title="bbox 184 3303 2704 3469; baseline 0.002 -37"><span class='ocrx_word' id='word_1_316' title='bbox 184 3365 281 3432; x_wconf 86' lang='lat' dir='ltr'>sed</span> <span class='ocrx_word' id='word_1_317' title='bbox 327 3381 400 3438; x_wconf 90' lang='lat' dir='ltr'>ut</span> <span class='ocrx_word' id='word_1_318' title='bbox 445 3369 599 3460; x_wconf 86' lang='lat' dir='ltr'>ejus</span> <span class='ocrx_word' id='word_1_319' title='bbox 647 3369 917 3438; x_wconf 89' lang='lat' dir='ltr'>animae</span> <span class='ocrx_word' id='word_1_320' title='bbox 965 3369 1372 3449; x_wconf 90' lang='lat' dir='ltr'>consuleret,</span> <span class='ocrx_word' id='word_1_321' title='bbox 1428 3369 1630 3469; x_wconf 81' lang='lat' dir='ltr'>cujus</span> <span class='ocrx_word' id='word_1_322' title='bbox 1680 3303 1970 3438; x_wconf 86' lang='lat' dir='ltr'>salutem</span> <span class='ocrx_word' id='word_1_323' title='bbox 2007 3369 2327 3438; x_wconf 86' lang='lat' dir='ltr'>ardenter</span> <span class='ocrx_word' id='word_1_324' title='bbox 2359 3367 2704 3437; x_wconf 87' lang='lat' dir='ltr'>desidera·</span> 
     </span>
     <span class='ocr_line' id='line_1_36' title="bbox 186 3449 2705 3548; baseline 0.001 -27"><span class='ocrx_word' id='word_1_325' title='bbox 186 3449 302 3534; x_wconf 87' lang='lat' dir='ltr'>bat,</span> <span class='ocrx_word' id='word_1_326' title='bbox 353 3479 627 3544; x_wconf 81' lang='lat' dir='ltr'>quaque</span> <span class='ocrx_word' id='word_1_327' title='bbox 680 3457 791 3526; x_wconf 89' lang='lat' dir='ltr'>ille</span> <span class='ocrx_word' id='word_1_328' title='bbox 841 3479 975 3526; x_wconf 91' lang='lat' dir='ltr'>non</span> <span class='ocrx_word' id='word_1_329' title='bbox 1028 3457 1467 3527; x_wconf 89' lang='lat' dir='ltr'>mediocriter</span> <span class='ocrx_word' id='word_1_330' title='bbox 1514 3456 1890 3548; x_wconf 81' lang='lat' dir='ltr'>ludigebat.</span> <span class='ocrx_word' id='word_1_331' title='bbox 1945 3457 2237 3526; x_wconf 84' lang='lat' dir='ltr'>Comiter</span> <span class='ocrx_word' id='word_1_332' title='bbox 2284 3457 2498 3547; x_wconf 83' lang='lat' dir='ltr'>igitur</span> <span class='ocrx_word' id='word_1_333' title='bbox 2544 3457 2705 3526; x_wconf 88' lang='lat' dir='ltr'>hor-</span> 
     </span>
     <span class='ocr_line' id='line_1_37' title="bbox 188 3542 2706 3638; baseline 0.002 -30"><span class='ocrx_word' id='word_1_334' title='bbox 188 3542 432 3614; x_wconf 87' lang='lat' dir='ltr'>tabatur</span> <span class='ocrx_word' id='word_1_335' title='bbox 478 3568 665 3626; x_wconf 87' lang='lat' dir='ltr'>eum,</span> <span class='ocrx_word' id='word_1_336' title='bbox 720 3558 796 3615; x_wconf 88' lang='lat' dir='ltr'>ut</span> <span class='ocrx_word' id='word_1_337' title='bbox 841 3547 1075 3616; x_wconf 89' lang='lat' dir='ltr'>omnia</span> <span class='ocrx_word' id='word_1_338' title='bbox 1123 3559 1401 3638; x_wconf 90' lang='lat' dir='ltr'>peccata</span> <span class='ocrx_word' id='word_1_339' title='bbox 1450 3570 1575 3616; x_wconf 90' lang='lat' dir='ltr'>sua</span> <span class='ocrx_word' id='word_1_340' title='bbox 1626 3547 1886 3637; x_wconf 87' lang='lat' dir='ltr'>integre</span> <span class='ocrx_word' id='word_1_341' title='bbox 1933 3546 2395 3628; x_wconf 86' lang='lat' dir='ltr'>confiteretur,</span> <span class='ocrx_word' id='word_1_342' title='bbox 2436 3567 2560 3614; x_wconf 87' lang='lat' dir='ltr'>nec</span> <span class='ocrx_word' id='word_1_343' title='bbox 2594 3567 2706 3615; x_wconf 90' lang='lat' dir='ltr'>ce-</span> 
     </span>
     <span class='ocr_line' id='line_1_38' title="bbox 190 3626 2708 3725; baseline 0.003 -31"><span class='ocrx_word' id='word_1_344' title='bbox 190 3626 333 3701; x_wconf 84' lang='lat' dir='ltr'>laret</span> <span class='ocrx_word' id='word_1_345' title='bbox 377 3636 793 3721; x_wconf 90' lang='lat' dir='ltr'>quicquam:</span> <span class='ocrx_word' id='word_1_346' title='bbox 848 3635 1314 3722; x_wconf 90' lang='lat' dir='ltr'>idoneumque</span> <span class='ocrx_word' id='word_1_347' title='bbox 1361 3636 1422 3705; x_wconf 90' lang='lat' dir='ltr'>ei</span> <span class='ocrx_word' id='word_1_348' title='bbox 1456 3633 1955 3706; x_wconf 85' lang='lat' dir='ltr'>confessarium</span> <span class='ocrx_word' id='word_1_349' title='bbox 1989 3635 2394 3725; x_wconf 84' lang='lat' dir='ltr'>designavit.</span> <span class='ocrx_word' id='word_1_350' title='bbox 2435 3634 2557 3704; x_wconf 89' lang='lat' dir='ltr'>Cui</span> <span class='ocrx_word' id='word_1_351' title='bbox 2591 3634 2708 3703; x_wconf 90' lang='lat' dir='ltr'>ille</span> 
     </span>
     <span class='ocr_line' id='line_1_39' title="bbox 190 3724 2708 3814; baseline 0.002 -28"><span class='ocrx_word' id='word_1_352' title='bbox 190 3732 565 3811; x_wconf 88' lang='lat' dir='ltr'>utcumque</span> <span class='ocrx_word' id='word_1_353' title='bbox 597 3725 955 3805; x_wconf 84' lang='lat' dir='ltr'>confitens,</span> <span class='ocrx_word' id='word_1_354' title='bbox 996 3724 1099 3793; x_wconf 88' lang='lat' dir='ltr'>vel</span> <span class='ocrx_word' id='word_1_355' title='bbox 1138 3724 1502 3802; x_wconf 87' lang='lat' dir='ltr'>oblivione,</span> <span class='ocrx_word' id='word_1_356' title='bbox 1548 3724 1648 3794; x_wconf 88' lang='lat' dir='ltr'>vel</span> <span class='ocrx_word' id='word_1_357' title='bbox 1694 3724 2130 3804; x_wconf 72' lang='lat' dir='ltr'>verecundia,</span> <span class='ocrx_word' id='word_1_358' title='bbox 2171 3735 2450 3814; x_wconf 89' lang='lat' dir='ltr'>peccata</span> <span class='ocrx_word' id='word_1_359' title='bbox 2497 3745 2708 3809; x_wconf 90' lang='lat' dir='ltr'>quae-</span> 
     </span>
     <span class='ocr_line' id='line_1_40' title="bbox 191 3803 2710 3902; baseline 0.002 -25"><span class='ocrx_word' id='word_1_360' title='bbox 191 3803 322 3877; x_wconf 82' lang='lat' dir='ltr'>dam</span> <span class='ocrx_word' id='word_1_361' title='bbox 372 3812 683 3902; x_wconf 83' lang='lat' dir='ltr'>graviora</span> <span class='ocrx_word' id='word_1_362' title='bbox 735 3813 1027 3882; x_wconf 89' lang='lat' dir='ltr'>reticuit.</span> <span class='ocrx_word' id='word_1_363' title='bbox 1082 3813 1380 3882; x_wconf 87' lang='lat' dir='ltr'>Tandem</span> <span class='ocrx_word' id='word_1_364' title='bbox 1419 3828 1761 3883; x_wconf 90' lang='lat' dir='ltr'>revertens</span> <span class='ocrx_word' id='word_1_365' title='bbox 1793 3813 1876 3882; x_wconf 89' lang='lat' dir='ltr'>ad</span> <span class='ocrx_word' id='word_1_366' title='bbox 1920 3812 2241 3892; x_wconf 87' lang='lat' dir='ltr'>Coletam,</span> <span class='ocrx_word' id='word_1_367' title='bbox 2280 3813 2374 3881; x_wconf 91' lang='lat' dir='ltr'>ait</span> <span class='ocrx_word' id='word_1_368' title='bbox 2408 3834 2478 3883; x_wconf 90' lang='lat' dir='ltr'>se</span> <span class='ocrx_word' id='word_1_369' title='bbox 2509 3812 2710 3902; x_wconf 89' lang='lat' dir='ltr'>plene</span> 
     </span>
     <span class='ocr_line' id='line_1_41' title="bbox 194 3897 2711 3993; baseline 0.004 -33"><span class='ocrx_word' id='word_1_370' title='bbox 194 3897 579 3973; x_wconf 79' lang='lat' dir='ltr'>confessum.</span> <span class='ocrx_word' id='word_1_371' title='bbox 637 3900 761 3970; x_wconf 91' lang='lat' dir='ltr'>Illa</span> <span class='ocrx_word' id='word_1_372' title='bbox 812 3924 966 3972; x_wconf 90' lang='lat' dir='ltr'>vero</span> <span class='ocrx_word' id='word_1_373' title='bbox 1013 3902 1082 3971; x_wconf 89' lang='lat' dir='ltr'>id</span> <span class='ocrx_word' id='word_1_374' title='bbox 1135 3924 1545 3993; x_wconf 80' lang='lat' dir='ltr'>perneganS,</span> <span class='ocrx_word' id='word_1_375' title='bbox 1602 3902 1820 3971; x_wconf 90' lang='lat' dir='ltr'>multa</span> <span class='ocrx_word' id='word_1_376' title='bbox 1868 3902 1931 3970; x_wconf 89' lang='lat' dir='ltr'>ei</span> <span class='ocrx_word' id='word_1_377' title='bbox 1965 3901 2256 3993; x_wconf 81' lang='lat' dir='ltr'>grandia</span> <span class='ocrx_word' id='word_1_378' title='bbox 2289 3923 2711 3971; x_wconf 89' lang='lat' dir='ltr'>commemo-</span> 
     </span>
     <span class='ocr_line' id='line_1_42' title="bbox 200 3987 2714 4082; baseline 0.004 -34"><span class='ocrx_word' id='word_1_379' title='bbox 200 3987 347 4081; x_wconf 79' lang='lat' dir='ltr'>ravit</span> <span class='ocrx_word' id='word_1_380' title='bbox 393 4002 691 4078; x_wconf 84' lang='lat' dir='ltr'>peccata,</span> <span class='ocrx_word' id='word_1_381' title='bbox 745 3992 831 4061; x_wconf 88' lang='lat' dir='ltr'>ab</span> <span class='ocrx_word' id='word_1_382' title='bbox 880 3991 997 4060; x_wconf 92' lang='lat' dir='ltr'>illo</span> <span class='ocrx_word' id='word_1_383' title='bbox 1046 4003 1433 4082; x_wconf 88' lang='lat' dir='ltr'>perpetrata</span> <span class='ocrx_word' id='word_1_384' title='bbox 1479 3991 1786 4078; x_wconf 89' lang='lat' dir='ltr'>quidem,</span> <span class='ocrx_word' id='word_1_385' title='bbox 1839 3990 1958 4061; x_wconf 89' lang='lat' dir='ltr'>sed</span> <span class='ocrx_word' id='word_1_386' title='bbox 2008 4013 2144 4060; x_wconf 90' lang='lat' dir='ltr'>non</span> <span class='ocrx_word' id='word_1_387' title='bbox 2194 3990 2376 4059; x_wconf 89' lang='lat' dir='ltr'>dicta</span> <span class='ocrx_word' id='word_1_388' title='bbox 2426 3991 2497 4059; x_wconf 92' lang='lat' dir='ltr'>in</span> <span class='ocrx_word' id='word_1_389' title='bbox 2547 4012 2714 4060; x_wconf 92' lang='lat' dir='ltr'>con-</span> 
     </span>
     <span class='ocr_line' id='line_1_43' title="bbox 202 4069 2713 4166; baseline 0.004 -27"><span class='ocrx_word' id='word_1_390' title='bbox 202 4069 481 4148; x_wconf 83' lang='lat' dir='ltr'>fessione.</span> <span class='ocrx_word' id='word_1_391' title='bbox 537 4085 658 4150; x_wconf 89' lang='lat' dir='ltr'>Stu</span> <span class='ocrx_word' id='word_1_392' title='bbox 711 4082 867 4150; x_wconf 91' lang='lat' dir='ltr'>ebat</span> <span class='ocrx_word' id='word_1_393' title='bbox 916 4080 1051 4162; x_wconf 90' lang='lat' dir='ltr'>ille,</span> <span class='ocrx_word' id='word_1_394' title='bbox 1106 4080 1409 4151; x_wconf 87' lang='lat' dir='ltr'>sentiens</span> <span class='ocrx_word' id='word_1_395' title='bbox 1457 4101 1592 4151; x_wconf 90' lang='lat' dir='ltr'>non</span> <span class='ocrx_word' id='word_1_396' title='bbox 1646 4081 1784 4150; x_wconf 89' lang='lat' dir='ltr'>nisi</span> <span class='ocrx_word' id='word_1_397' title='bbox 1833 4102 1985 4149; x_wconf 90' lang='lat' dir='ltr'>vera</span> <span class='ocrx_word' id='word_1_398' title='bbox 2035 4080 2122 4149; x_wconf 93' lang='lat' dir='ltr'>ab</span> <span class='ocrx_word' id='word_1_399' title='bbox 2171 4079 2288 4149; x_wconf 92' lang='lat' dir='ltr'>illa</span> <span class='ocrx_word' id='word_1_400' title='bbox 2329 4079 2490 4161; x_wconf 88' lang='lat' dir='ltr'>dici,</span> <span class='ocrx_word' id='word_1_401' title='bbox 2537 4101 2713 4166; x_wconf 89' lang='lat' dir='ltr'>quae</span> 
     </span>
     <span class='ocr_line' id='line_1_44' title="bbox 202 4103 2714 4250; baseline 0.004 -24"><span class='ocrx_word' id='word_1_402' title='bbox 202 4169 392 4234; x_wconf 83' lang='lat' dir='ltr'>tamen</span> <span class='ocrx_word' id='word_1_403' title='bbox 445 4103 838 4238; x_wconf 78' lang='lat' dir='ltr'>mortalium</span> <span class='ocrx_word' id='word_1_404' title='bbox 891 4169 1126 4240; x_wconf 89' lang='lat' dir='ltr'>nullus</span> <span class='ocrx_word' id='word_1_405' title='bbox 1175 4169 1401 4239; x_wconf 83' lang='lat' dir='ltr'>sciret.</span> <span class='ocrx_word' id='word_1_406' title='bbox 1486 4169 1685 4239; x_wconf 85' lang='lat' dir='ltr'>Redit</span> <span class='ocrx_word' id='word_1_407' title='bbox 1731 4169 1817 4238; x_wconf 88' lang='lat' dir='ltr'>ad</span> <span class='ocrx_word' id='word_1_408' title='bbox 1866 4168 2361 4240; x_wconf 85' lang='lat' dir='ltr'>confessarium</span> <span class='ocrx_word' id='word_1_409' title='bbox 2399 4225 2413 4250; x_wconf 93' lang='lat'>,</span> <span class='ocrx_word' id='word_1_410' title='bbox 2487 4168 2714 4237; x_wconf 89' lang='lat' dir='ltr'>denuo</span> 
     </span>
     <span class='ocr_line' id='line_1_45' title="bbox 200 4253 2713 4340; baseline 0.004 -24"><span class='ocrx_word' id='word_1_411' title='bbox 200 4253 566 4326; x_wconf 44' lang='lat' dir='ltr'>wconfltetur:</span> <span class='ocrx_word' id='word_1_412' title='bbox 623 4258 799 4327; x_wconf 86' lang='lat' dir='ltr'>facta</span> <span class='ocrx_word' id='word_1_413' title='bbox 845 4258 1313 4337; x_wconf 82' lang='lat' dir='ltr'>consessione,</span> <span class='ocrx_word' id='word_1_414' title='bbox 1372 4280 1617 4327; x_wconf 89' lang='lat' dir='ltr'>rursus</span> <span class='ocrx_word' id='word_1_415' title='bbox 1667 4279 1739 4329; x_wconf 90' lang='lat' dir='ltr'>se</span> <span class='ocrx_word' id='word_1_416' title='bbox 1785 4257 1868 4326; x_wconf 90' lang='lat' dir='ltr'>ad</span> <span class='ocrx_word' id='word_1_417' title='bbox 1923 4258 2217 4327; x_wconf 82' lang='lat' dir='ltr'>Coletam</span> <span class='ocrx_word' id='word_1_418' title='bbox 2267 4256 2553 4340; x_wconf 83' lang='lat' dir='ltr'>confert,</span> <span class='ocrx_word' id='word_1_419' title='bbox 2605 4279 2713 4326; x_wconf 88' lang='lat' dir='ltr'>as-</span> 
     </span>
     <span class='ocr_line' id='line_1_46' title="bbox 206 4345 2704 4438; baseline 0.002 -30"><span class='ocrx_word' id='word_1_420' title='bbox 206 4357 401 4412; x_wconf 70' lang='lat' dir='ltr'>serens</span> <span class='ocrx_word' id='word_1_421' title='bbox 446 4367 515 4414; x_wconf 89' lang='lat' dir='ltr'>se</span> <span class='ocrx_word' id='word_1_422' title='bbox 564 4348 696 4437; x_wconf 84' lang='lat' dir='ltr'>jam</span> <span class='ocrx_word' id='word_1_423' title='bbox 749 4346 983 4416; x_wconf 90' lang='lat' dir='ltr'>omnia</span> <span class='ocrx_word' id='word_1_424' title='bbox 1028 4347 1345 4416; x_wconf 82' lang='lat' dir='ltr'>edixisse.</span> <span class='ocrx_word' id='word_1_425' title='bbox 1423 4346 1550 4416; x_wconf 89' lang='lat' dir='ltr'>llla</span> <span class='ocrx_word' id='word_1_426' title='bbox 1598 4358 1846 4438; x_wconf 83' lang='lat' dir='ltr'>negat,</span> <span class='ocrx_word' id='word_1_427' title='bbox 1904 4345 2292 4433; x_wconf 89' lang='lat' dir='ltr'>iterumque</span> <span class='ocrx_word' id='word_1_428' title='bbox 2361 4345 2704 4432; x_wconf 89' lang='lat' dir='ltr'>quaedam</span> 
     </span>
     <span class='ocr_line' id='line_1_47' title="bbox 210 4420 2704 4525; baseline 0.005 -34"><span class='ocrx_word' id='word_1_429' title='bbox 210 4434 475 4504; x_wconf 82' lang='lat' dir='ltr'>enormia</span> <span class='ocrx_word' id='word_1_430' title='bbox 533 4420 841 4506; x_wconf 67' lang='lat' dir='ltr'>facinora</span> <span class='ocrx_word' id='word_1_431' title='bbox 884 4436 948 4506; x_wconf 91' lang='lat' dir='ltr'>ei</span> <span class='ocrx_word' id='word_1_432' title='bbox 1016 4448 1423 4519; x_wconf 89' lang='lat' dir='ltr'>enumerat,</span> <span class='ocrx_word' id='word_1_433' title='bbox 1489 4458 1668 4525; x_wconf 88' lang='lat' dir='ltr'>quae</span> <span class='ocrx_word' id='word_1_434' title='bbox 1722 4435 2020 4506; x_wconf 90' lang='lat' dir='ltr'>necdum</span> <span class='ocrx_word' id='word_1_435' title='bbox 2075 4447 2252 4506; x_wconf 84' lang='lat' dir='ltr'>esset</span> <span class='ocrx_word' id='word_1_436' title='bbox 2319 4435 2704 4504; x_wconf 83' lang='lat' dir='ltr'>confessus.</span> 
     </span>
    </p>
   </div>
  </div>
 </body>
</html>
