3327 4999
153 336 365 404 MART.
417 339 498 405 ⁴2
1003 357 1080 403 na
1129 357 1185 405 s.
1239 354 1552 405 cnaeomo
1601 357 1763 403 rara
2432 338 2561 404 203

150 436 493 593 praestetis,
547 448 613 507 et
667 435 924 528 vigoris
980 435 1438 507 Ecclesiastici
1490 436 1773 527 genium
1827 456 2159 527 congrua,
2220 446 2296 506 ut
2355 447 2641 528 oportet,

192 525 624 616 ispensatione
656 526 958 596 servetis.
988 547 1024 592 »
1051 531 1138 594 Ac
1185 525 1391 594 aliam
1441 525 1660 595 eidem
1710 524 1797 603 de
1828 524 1956 594 hac
1989 546 2061 594 re
2088 523 2449 615 epistolam
2482 547 2649 595 con-

148 612 373 685 cludit:
408 637 444 682 «
468 615 640 697 Quia
674 614 851 685 sicut
888 614 959 682 in
1009 613 1445 687 contumacia
1492 614 2018 705 persistentibus
2048 634 2314 684 severos
2343 635 2469 682 nos
2499 634 2650 684 esse

148 704 474 784 convenit,
529 703 629 773 sic
690 702 937 772 iterum
987 702 1371 773 humiliatis
1417 713 1484 773 et
1540 702 2053 794 poenitentibus
2102 724 2358 794 negare
2418 702 2651 773 locum

152 791 362 862 veniae
410 813 545 862 non
594 791 950 861 debemus,
979 813 1016 859 »

216 881 250 966 ὅ
308 885 386 953 S.
440 886 746 967 Cumque
795 881 1130 949 Maximus
1175 900 1386 971 penes
1431 901 1684 970 corpus
1745 879 1924 950 beati
1956 879 2367 969 Apollinaris
2405 901 2650 951 secun-

146 965 289 1037 dum
323 970 606 1061 jussum
654 970 959 1060 Gregorii
1006 968 1090 1038 de
1123 969 1390 1038 cunctis
1420 968 1776 1038 humiliter
1805 966 2265 1046 satisfecisset,
2302 969 2649 1039 Castorius

145 1056 580 1128 chartularius
626 1057 1148 1128 consolatoriam
1181 1059 1244 1127 ei
1291 1081 1327 1128 e
1382 1057 1650 1127 istolam
1702 1057 2038 1148 praebuit,
2076 1057 2303 1128 verbis
2341 1058 2650 1148 Gregorii

144 1158 576 1218 asserentem:
628 1169 664 1214 «
698 1147 732 1181 ¹*
760 1146 1085 1229 Quamvis
1131 1081 1596 1237 culpabilibus
1646 1146 2100 1217 ordinationis
2146 1157 2303 1216 tuae
2351 1146 2651 1236 primor-

146 1232 256 1303 diis
297 1257 501 1326 grave
546 1234 808 1305 malum
859 1256 981 1326 per
1008 1235 1511 1305 inobedientiae
1539 1235 1653 1305 cul
1707 1257 1818 1304 am
1850 1234 2223 1316 addideris,
2263 1256 2388 1304 nos
2418 1248 2648 1305 tamen

146 1322 300 1396 sedis
327 1323 752 1416 Apostolicae
796 1325 1291 1406 auctoritatem,
1343 1346 1423 1395 eo
1469 1346 1607 1412 quo
1704 1325 1884 1395 ecuit
1926 1323 2414 1405 moderamine,
2471 1337 2645 1393 tem-

144 1426 458 1498 peranteS,
508 1434 675 1482 num
731 1435 891 1483 uam
921 1426 1159 1483 contra
1191 1425 1253 1484 te
1280 1434 1501 1500 usque
1537 1412 1623 1483 ad
1676 1413 1802 1482 hoc
1849 1412 2033 1499 quod
2060 1434 2269 1483 causa
2299 1412 2643 1502 poscebat,

143 1502 524 1572 exarsimus.
591 1506 672 1571 Se
766 1513 842 1572 ut
890 1501 1166 1593 longius
1227 1525 1298 1573 se
1345 1500 1768 1592 ingratitudo
1818 1513 2071 1582 nostra,
2140 1522 2348 1588 quam
2399 1513 2473 1571 tu
2521 1501 2648 1572 tibi

140 1590 445 1672 excitasti,
486 1591 914 1681 produceret,
952 1591 1209 1661 credita
1256 1614 1379 1661 nos
1428 1591 1793 1663 solicitudo
1840 1590 2274 1659 vehementer
2319 1591 2640 1681 angebat,

138 1696 211 1746 ne
248 1679 586 1766 quaedam
634 1679 876 1748 illicita
921 1701 1097 1766 quae
1132 1679 1218 1748 de
1267 1693 1328 1750 te
1373 1679 1843 1760 audieramu3‚
1884 1677 2307 1769 negligenter
2336 1679 2650 1751 omittere

135 1766 527 1838 videremur.
566 1772 753 1850 Quae
799 1768 855 1839 si
908 1768 1079 1839 bene
1124 1768 1537 1849 consideres,
1599 1767 1751 1858 ipse
1804 1789 1922 1857 per
1967 1781 2029 1837 te
2075 1765 2466 1836 satisfacere
2512 1766 2650 1836 dif-

137 1851 389 1927 ferendo
456 1857 811 1939 firmabas,
881 1868 1086 1944 atque
1148 1878 1229 1927 ex
1284 1857 1412 1927 hoc
1472 1857 1837 1927 adversum
1906 1869 1969 1926 te
2036 1855 2262 1925 zelum
2334 1866 2650 1926 nostrum

135 1944 343 2016 acrius
388 1945 753 2016 incitabas.
818 1950 894 2015 At
938 1945 1060 2016 ubi
1099 1946 1370 2015 salubri
1416 1946 1692 2015 tandem
1749 1944 2037 2015 consilio
2102 1966 2298 2023 usus,
2363 1945 2538 2034 jugo
2589 1957 2652 2014 te

137 2031 545 2105 obedientiae
614 2034 968 2105 humiliter
1027 2034 1458 2116 submisisti,
1515 2047 1581 2104 et
1639 2033 1913 2103 dilectio
1977 2044 2097 2103 tua
2160 2032 2652 2123 poenitentiam

135 2140 346 2278 agens,
398 2124 618 2215 digna
662 2145 758 2204 se,
795 2136 873 2193 ut
904 2123 1410 2215 deputavimus,
1446 2121 1905 2193 satisfactione
1934 2121 2275 2211 purgavit,
2312 2121 2650 2190 redditam

137 2209 178 2277 ti
225 2211 246 2279 i
289 2213 583 2303 gratiam
631 2210 970 2282 fraternae
1014 2212 1371 2282 charitatis
1408 2210 1734 2301 intellige,
1787 2222 1991 2298 atque
2037 2212 2106 2278 in
2159 2220 2388 2280 nostro
2437 2222 2498 2278 te
2546 2230 2652 2279 re·-

136 2311 392 2389 ceptum
441 2301 787 2371 consortio
824 2301 1191 2393 gratulare.
1229 2301 1405 2383 Quia
1449 2299 1630 2370 sicut
1675 2298 2268 2391 perseverantibus
2316 2298 2386 2365 in
2445 2297 2653 2389 culpa

135 2385 486 2472 districtoS,
542 2389 636 2459 ita
683 2389 1249 2480 resipiscentibus
1295 2411 1422 2459 nos
1467 2388 1806 2490 benignos
1836 2387 2029 2457 decet
2055 2408 2204 2456 esse
2237 2386 2325 2456 ad
2353 2385 2646 2456 veniam.

136 2477 483 2567 Postquam
534 2498 697 2570 ergo
744 2477 1133 2549 fraternitas
1180 2489 1300 2550 tua
1361 2477 1784 2570 Apostolicae
1831 2476 2025 2548 Sedis
2085 2475 2645 2546 communionem

134 2584 197 2663 se
238 2589 594 2659 reparasse
639 2568 1012 2658 cognoscit,
1068 2591 1429 2659 personam
1484 2566 1570 2637 ad
1636 2589 1760 2637 nos
1818 2564 2232 2636 transmittat
2276 2586 2453 2652 quae
2503 2564 2652 2651 pal-

134 2649 287 2750 lium
349 2657 476 2727 tibi
534 2654 980 2727 deferendum
1041 2679 1122 2727 ex
1184 2679 1372 2727 more
1438 2656 1794 2747 percipiat.
1846 2661 2013 2726 Nam
2060 2652 2652 2741 quemadmodum

133 2740 349 2815 illicita
383 2746 768 2836 perpetrari
823 2768 959 2816 non
1011 2747 1336 2838 patimur,
1390 2746 1489 2815 sie
1535 2767 1616 2815 ea
1661 2766 1838 2832 quae
1887 2754 2049 2816 sunt
2093 2740 2644 2822 consuetudinis,

132 2848 251 2900 non
299 2855 783 2925 negamuS...»
2637 2917 2652 2931 .

204 2923 238 3008 ἓ
299 2927 394 2994 9.
449 2928 805 2993 Praeterea
861 2923 1361 3013 cupidissimus
1416 2945 1497 2992 ac
1559 2920 2043 2993 tenacissimus
2108 2925 2489 3010 Imperator
2534 2940 2657 3005 qul

133 3011 735 3083 consuetudinibus
782 3011 1249 3099 antiquissimi
1309 3010 1692 3094 dationum,
1746 3010 2098 3100 legionum
2144 3029 2419 3095 quoque
2469 3008 2655 3077 mili-

137 3104 216 3167 tes
258 3098 841 3188 frequentissime,
894 3101 1096 3172 sicuti
1147 3106 1613 3170 Romanorum
1661 3111 1895 3169 narrat
1943 3097 2248 3177 historia,
2294 3095 2658 3166 defrauda-

132 3181 251 3284 bat,
301 3210 601 3259 cernens
648 3190 1049 3281 Gregorium
1097 3203 1336 3260 contra
1382 3209 1621 3259 omnes
1670 3187 1916 3257 mundi
1943 3186 2270 3275 strepitus
2317 3190 2659 3277 Augusta-

131 3269 296 3347 libus
342 3278 890 3358 defensionibus,
924 3300 1221 3365 quarum
1269 3277 1600 3367 suffragio
1628 3275 1717 3345 ad
1742 3296 1968 3346 arcem
1998 3274 2437 3365 pontificatus
2467 3277 2656 3343 hunc

130 3379 192 3430 se
234 3367 626 3454 provexisse
662 3367 1007 3457 jactabat,
1032 3368 1305 3458 penitus
1342 3388 1479 3436 non
1511 3367 1733 3456 egere,
1770 3365 1984 3434 immo
2015 3362 2369 3433 canonicis
2418 3374 2657 3432 aucto-

130 3450 457 3539 ritatibus,
516 3456 894 3526 sanctitatis
941 3476 1021 3525 ac
1068 3455 1474 3546 prudentiae
1523 3476 1688 3525 suae
1734 3452 2128 3532 virtutibuS,
2182 3451 2447 3521 Christo
2497 3472 2655 3540 pro-

130 3540 281 3626 pitio
322 3544 606 3615 cunctis
652 3544 789 3613 alta
834 3544 1266 3635 sapientibus
1330 3542 1766 3634 praevalere:
1838 3541 1924 3611 ad
1989 3540 2228 3610 odium
2296 3538 2656 3610 detractio-

132 3648 411 3720 nemque
458 3633 684 3703 famae
731 3632 922 3703 illius
972 3632 1193 3724 magis
1224 3654 1331 3703 ma
1387 3633 1582 3719 isque
1612 3650 1989 3700 conversus
2011 3641 2136 3709 est,
2178 3628 2656 3698 liberalitatem

128 3718 492 3803 PontificiS,
544 3722 708 3808 quia
754 3720 1092 3793 famelicis
1141 3721 1342 3791 militi
1398 3743 1479 3790 us
1543 3732 1683 3789 tam
1753 3716 2216 3788 ecclesiastica
2259 3738 2467 3804 quam
2530 3737 2661 3807 pu·-

129 3802 293 3878 blica
340 3809 692 3880 frumenta
751 3809 1110 3892 diviserat,
1182 3808 1492 3880 subdolis
1557 3807 2054 3878 assertionibus
2119 3804 2653 3896 reprehendens.

129 3894 235 3965 Cui
280 3898 656 4002 Gregorius
699 3899 964 3990 (utpote
1010 3899 1131 3986 qui
1180 3897 1684 3989 provectionem
1735 3894 2219 3996 suamtdivino
2256 3892 2547 3985 Judicio‚
2584 3893 2658 3962 in

129 3984 318 4072 qu'us
367 3986 708 4056 mmirum
759 4009 973 4058 manu
1017 3987 1227 4059 corda
1273 4009 1515 4078 regum
1563 3985 2031 4064 consistentia,
2119 4004 2514 4070 uocumque
2542 4003 2662 4052 vo·-

130 4066 316 4169 luerit
355 4075 813 4158 inclinantur,
853 4097 988 4147 non
1021 4076 1303 4148 caducis
1333 4075 1660 4145 humanis
1694 4072 2044 4143 favoribus
2119 4070 2477 4163 eputabat)
2501 4091 2663 4140 voce

131 4155 328 4234 libera
375 4164 883 4247 contradicens,
937 4165 1046 4235 his
1091 4187 1252 4235 eum
1300 4162 1870 4255 responsionibus
1927 4159 2173 4252 fregit,
2240 4159 2655 4252 deturpavit,

129 4258 317 4338 atque
361 4252 709 4323 nonnulla
754 4252 840 4323 de
898 4252 1129 4325 futuro
1178 4253 1292 4324 Dei
1332 4253 1601 4342 jndicio
1647 4250 2048 4323 disserendo
2094 4249 2465 4321 deterruit:
2520 4253 2659 4317 «In

126 4425 431 4530 &2133th
464 4438 635 4479 magua
662 4429 916 4471 severitate
942 4428 995 4469 in
1018 4438 1167 4476 rcum,
1193 4430 1371 4480 majore
1399 4429 1448 4470 et
1476 4424 1750 4472 admiranda
1768 4427 1919 4468 utitur
1940 4426 2194 4476 Gregorius
2214 4434 2324 4476 erga
2343 4424 2664 4474 poenitentem
