3327 4999
728 360 814 424 46
1571 376 1650 422 nr.
1700 377 1756 424 s.
1810 374 2048 423 cotan
2097 375 2268 423 vinc.
2858 358 3126 425 MART.
3183 362 3222 425 6

638 461 848 530 veteri
895 463 1186 531 consuto
1233 470 1300 528 et
1334 459 1576 528 crebro
1624 461 1713 528 ab
1760 460 1917 529 aliis
1966 472 2323 550 usurpato,
2357 458 2603 550 partim
2657 472 3085 550 consumpto
3118 461 3220 530 vel

636 548 888 619 lacero.
940 548 1201 618 Accidit
1247 546 1689 635 quandoque,
1743 560 1821 617 ut
1867 560 2148 638 propter
2194 548 2471 639 srIgoris
2521 548 2810 617 nimiam
2862 549 3224 619 acerbita-

637 648 798 718 tem,
838 658 1109 708 sorores
1139 658 1305 727 prae
1333 636 1935 707 commiseratione
1976 637 2252 706 tunicae
2281 637 2432 737 ejus
2473 636 2785 706 manicas
2818 636 2975 727 ipsa
3011 638 3223 729 igno-

637 739 834 795 rante
880 725 1342 816 duplicarent.
1399 724 1473 794 Id
1507 747 1589 793 ea
1637 725 1964 806 sentienS,
2005 725 2388 805 abhorruit,
2423 746 2548 794 nec
2596 728 2676 794 ea
2710 726 2946 794 tunica
3006 748 3223 815 porro

634 813 738 882 uti
788 813 1026 895 voluit,
1079 812 1296 883 donec
1343 824 1521 882 esset
1569 812 1880 884 ablatum
1912 812 1980 882 id
2030 834 2169 900 quo
2220 812 2503 883 suffulta
2550 823 2717 882 erat.
2773 813 3041 884 Calceis
3096 838 3223 884 ne-

630 922 766 989 que
814 924 1024 983 sana,
1079 922 1303 988 neque
1353 923 1599 991 aegra,
1671 923 1895 988 neque
1949 901 2047 971 vel
2100 901 2289 971 domi
2335 902 2437 971 vel
2489 901 2655 970 foris
2702 924 3021 989 unquam
3086 927 3222 974 usa

629 1003 754 1069 est,
809 1010 1083 1080 semper
1119 1001 1184 1059 et
1232 989 1493 1076 ubique
1547 988 1757 1059 nudis
1804 990 2132 1080 gradiens
2179 990 2560 1090 pedibusr
2584 990 2802 1059 immo
2862 1011 2994 1059 nec
3053 992 3217 1083 igni

631 1099 749 1147 eos
795 1077 1101 1148 admovit
1146 1098 1485 1164 unquam,
1524 1078 1973 1163 quantumvis
2012 1090 2302 1147 saeviret
2347 1078 2618 1166 hyemis
2660 1079 3024 1167 asperitaS,
3083 1103 3220 1150 nec

630 1165 887 1256 ignem,
943 1177 1419 1257 praeterquam
1453 1164 1840 1247 candelam,
1898 1165 2074 1235 ferre
2103 1167 2348 1256 potuit,
2392 1165 2495 1235 vel
2546 1166 2878 1256 aspicere.
2932 1167 3106 1237 Vela
3151 1183 3216 1240 et

629 1253 878 1345 capitis
926 1265 1325 1344 tegumenta
1371 1253 1432 1322 ei
1471 1266 1668 1323 erant
1715 1253 2009 1323 humilia
2045 1308 2060 1335 ‚
2129 1254 2482 1345 simplicia
2529 1267 2595 1324 et
2640 1254 2944 1344 abjecta:
3005 1256 3216 1346 plus·

631 1364 768 1430 que.
807 1342 1277 1413 delectabatur
1324 1341 1410 1411 iis
1440 1363 1619 1429 quae
1658 1352 1886 1411 essent
1935 1342 2257 1432 pluribus
2302 1342 2475 1412 locis
2522 1344 2869 1412 resarcita.
2928 1345 3215 1416 Modico

629 1431 962 1500 stramine
1010 1453 1136 1522 pro
1165 1429 1337 1500 lecto
1376 1431 1737 1511 utebatur,
1790 1429 2095 1586 simplici
2151 1432 2454 1517 quodam
2507 1443 2679 1501 tecto
2727 1433 3204 1521 operimento,

628 1520 715 1588 ad
757 1532 966 1610 caput
1011 1519 1234 1610 posito
1283 1518 1560 1590 sacculo
1610 1519 1829 1608 paleis
1876 1539 1921 1608 p
1952 1541 2104 1588 eno.
2160 1525 2238 1588 Et
2301 1532 2528 1588 tamen
2580 1520 2650 1587 in
2702 1519 2813 1588 his
2849 1521 3030 1611 ipsis
3086 1535 3213 1593 aut

630 1629 907 1698 parum,
951 1620 1071 1677 aut
1118 1606 1293 1676 nihil
1332 1608 1685 1695 quiescere
1732 1606 2113 1677 videbatur.
2151 1608 2609 1689 Quantumvis
2642 1621 2875 1677 autem
2929 1610 3040 1678 vel·
3078 1634 3206 1681 ne-

626 1696 936 1777 cessitas,
991 1696 1093 1765 vel
1143 1695 1431 1766 adversa
1460 1695 1779 1764 valetudo
1824 1699 2121 1786 urgeret,
2162 1718 2544 1782 numquam
2595 1697 2665 1764 in
2718 1696 2893 1766 lecto
2939 1698 3213 1770 cubare

627 1783 866 1865 voluit,
921 1805 1046 1854 nec
1080 1784 1184 1854 uti
1218 1784 1599 1874 pulvinari:
1653 1784 1869 1853 immo
1908 1806 2065 1853 vero
2095 1807 2255 1854 cum
2306 1785 2377 1852 iu
2409 1798 2708 1853 extrema
2743 1784 3207 1857 decumbenti

626 1872 1062 1962 aegritudine
1132 1894 1272 1958 qua
1338 1873 1628 1941 Domino
1703 1872 2027 1961 spiritum
2078 1872 2400 1952 reddidit,
2470 1894 2592 1962 pro
2650 1872 2884 1960 aliquo
2933 1874 3209 1947 laboris

626 1959 1085 2031 intolerabilis
1116 1960 1498 2030 levamento
1536 1961 1930 2062 appositum
1986 1960 2228 2031 fuisset
2274 1960 2359 2029 ad
2415 1973 2623 2050 caput
2676 1961 3003 2051 pulvinar
3059 1966 3208 2035 exi-

675 2072 847 2118 uum
899 2061 966 2119 et
1002 2049 1124 2118 illa
1153 2049 1222 2117 id
1275 2048 1600 2121 sensisset
1634 2071 1703 2117 in
1756 2049 2006 2139 spiritu
2051 2049 2323 2139 (oculos
2359 2050 2549 2118 enirn
2599 2050 2876 2138 penitus
2916 2052 3208 2124 clausos

656 2135 979 2228 nabebat)‚
1034 2138 1266 2208 innuit
1302 2138 1673 2219 evidenter,
1726 2150 1803 2207 ut
1851 2138 1917 2206 id
1960 2141 2376 2207 amoverent.
2434 2142 2511 2206 In
2561 2138 2914 2238 plerisque
2960 2152 3204 2211 autern

627 2228 1066 2297 monasteriis
1095 2227 1438 2316 ejusmodi
1476 2238 1673 2295 erant
1719 2238 2026 2296 extructa
2073 2226 2391 2306 oratoria,
2430 2239 2507 2295 ut
2555 2248 2622 2294 in
2656 2227 2742 2296 iis
2771 2228 2880 2295 vix
2913 2250 2986 2298 se
3030 2250 3203 2328 pos—

625 2326 727 2383 set
773 2316 1074 2405 erigere,
1133 2327 1336 2402 atque
1385 2316 1454 2383 in
1503 2315 1589 2385 iis
1654 2314 1776 2383 illa
1833 2313 2162 2385 libentius
2223 2316 2623 2384 morabatur
2684 2328 2751 2384 et
2800 2316 3196 2406 majoribus

623 2400 982 2473 fruebatur
1039 2402 1654 2473 consolationibus
1711 2405 2126 2473 Hortabatur
2183 2415 2413 2472 autem
2477 2425 2779 2484 sorores,
2833 2418 2911 2472 ut
2968 2405 3199 2475 instar

624 2492 899 2562 Domini
945 2498 1112 2561 Jesu
1141 2492 1263 2579 qui
1313 2514 1446 2561 non
1501 2490 1744 2560 habuit
1776 2491 1899 2562 ubi
1929 2504 2138 2582 caput
2173 2491 2537 2561 reclinaret
2576 2515 2810 2575 suum,
2847 2493 3202 2584 simplici·

627 2580 762 2651 bus
807 2593 1036 2651 essent
1073 2591 1432 2650 contentae
1479 2578 2024 2650 habitationibus
2055 2601 2233 2667 quae
2295 2579 2684 2650 necessitati
2744 2580 3150 2653 sufficerent
3179 2639 3195 2660 .

620 2669 1092 2739 curiositatem
1155 2668 1417 2737 nullam
1495 2689 1658 2756 prae
1706 2690 1780 2738 se
1853 2668 2129 2738 ferrent.
2186 2673 2262 2737 Et
2311 2669 2461 2758 ipsa
2520 2691 2796 2756 quoque
2854 2669 3200 2742 libentius

621 2759 946 2828 manebat
980 2758 1048 2825 in
1101 2756 1332 2845 parvis
1363 2757 1800 2826 monasteriis
1825 2758 1991 2826 etin
2026 2757 2223 2848 pagis
2270 2779 2482 2843 quam
2527 2757 2595 2825 in
2630 2757 2887 2848 amplis
2933 2779 3197 2831 coeno-

619 2845 758 2914 biis
810 2857 877 2913 et
914 2843 1232 2913 urbibus.
1288 2844 1358 2913 Si
1402 2855 1580 2915 esset
1627 2845 1699 2914 in
1757 2846 2034 2927 itinere,
2104 2844 2473 2914 molestum
2520 2846 2584 2913 ei
2631 2858 2776 2914 erat
2835 2847 3057 2937 recipi
3121 2850 3195 2918 in

619 2931 947 3002 cubiculo
994 2931 1277 3001 sublimi
1307 2942 1375 3001 et
1403 2931 1581 3002 lato:
1638 2932 1853 3003 immo
1902 2956 2066 3025 prae
2099 2946 2356 3003 terrore
2391 2933 2496 3002 vix
2545 2956 2714 3003 ausa
2748 2948 2893 3003 erat
2926 2937 3192 3006 sustol-

619 3021 760 3090 lere
806 3020 1065 3091 oculos.
1119 3020 1210 3090 Ad
1249 3040 1505 3090 novum
1537 3021 1821 3092 veniens
1853 3022 2347 3092 monasterium
2378 3021 2434 3090 si
2469 3021 2639 3108 quid
2675 3022 2963 3092 vidisset
3011 3045 3196 3115 pau·

617 3109 866 3199 pertati
912 3109 1361 3190 contrarium,
1404 3108 1580 3180 ferre
1630 3132 1766 3179 non
1806 3111 2046 3200 potuit,
2091 3111 2309 3181 donec
2340 3110 2833 3181 destrueretur.
2879 3193 2886 3202 .

702 3200 741 3285 ἓ
794 3201 936 3270 18.
987 3198 1084 3267 Ab
1130 3197 1282 3287 ipsa
1341 3197 1633 3268 infantia
1700 3198 2093 3270 misericors
2138 3212 2205 3268 et
2242 3199 2543 3289 benigna
2610 3197 2737 3268 fuit
2785 3221 2951 3290 erga
3004 3222 3196 3290 pau-

615 3308 816 3378 peres
863 3298 928 3356 et
991 3308 1072 3356 ea
1117 3287 1328 3356 crevit
1401 3308 1560 3356 cum
1639 3286 1803 3369 illa,
1871 3286 2089 3356 donec
2137 3288 2357 3357 abiret
2427 3309 2465 3356 e
2512 3287 2672 3356 vita.
2754 3292 2832 3356 In
2884 3290 3192 3377 pueritia

615 3374 889 3446 scholas
935 3374 1255 3456 visitans,
1320 3374 1756 3465 jentaculum
1814 3398 1855 3444 a
1905 3376 2307 3466 parentibus
2357 3375 2490 3466 ipsi
2554 3375 2820 3456 datum,
2893 3378 3193 3448 caeteris

612 3464 923 3556 parvulis
955 3463 1433 3534 distribuebat.
1489 3469 1567 3532 In
1609 3477 1896 3555 paterna
1934 3465 2140 3533 domo
2175 3464 2233 3535 si
2265 3486 2402 3551 qua
2449 3463 2803 3554 esculenta
2831 3463 3013 3533 clam
3071 3487 3183 3535 re-

613 3552 925 3644 perisset,
964 3553 1185 3640 quoad
1252 3553 1469 3632 licuit,
1527 3553 1953 3644 pauperibus
2000 3553 2345 3645 erogabat.
2418 3557 2784 3640 Postquam
2849 3553 3190 3643 patrimo-

611 3643 811 3711 nium
861 3663 1069 3711 suum
1119 3642 1285 3713 satis
1352 3642 1621 3711 lautum
1671 3653 1737 3712 et
1786 3642 2146 3733 copiosum
2195 3639 2571 3721 distribuit,
2629 3639 2803 3710 nihil
2854 3662 3180 3729 unquam

609 3729 772 3800 inde
820 3730 953 3800 sibi
987 3749 1329 3821 usurpare
1375 3728 1614 3810 voluit,
1671 3729 1805 3801 nisi
1854 3743 2191 3818 quantum
2230 3729 2435 3820 plane
2469 3729 2942 3798 necessarium
2996 3743 3188 3801 esset

605 3819 709 3889 vel
761 3819 1050 3910 tegendo
1101 3818 1511 3909 simpliciter
1555 3820 1854 3909 corpori,
1911 3819 2010 3889 vel
2060 3819 2295 3888 divino
2342 3816 2571 3888 officio
2621 3816 2860 3887 devote
2914 3819 3189 3908 persol-

606 3907 853 3977 vendo,
893 3907 962 3977 Si
1010 3907 1293 3979 vidisset
1352 3906 1596 3976 fratres
1651 3920 1772 3977 aut
1825 3930 2091 3978 sorores
2141 3929 2213 3976 re
2263 3906 2651 3977 necessaria
2701 3905 3041 3997 indigere,
3101 3930 3188 3978 ex

604 3997 715 4078 iis,
768 4018 947 4083 quae
974 3996 1039 4064 ei
1085 3994 1339 4065 donata
1386 4009 1606 4076 erant,
1666 3996 2117 4066 libentissime
2149 3995 2249 4065 eis
2297 3996 2756 4096 impertiebat,
2814 4009 3006 4085 puta,
3071 4018 3186 4065 ve-

604 4097 765 4164 stes,
810 4085 1024 4155 libros
1052 4096 1118 4154 et
1157 4085 1224 4153 id
1271 4106 1494 4175 genus
1533 4083 1709 4154 alia:
1762 4086 1858 4155 ita
1911 4097 1988 4154 ut
2035 4084 2276 4154 crebro
2313 4094 2537 4153 etiam
2582 4084 2895 4154 manicas
2941 4106 2976 4153 a
3031 4085 3188 4154 suis

603 4174 911 4244 vestibus
945 4185 1265 4252 resectaS,
1322 4173 1480 4242 aliis
1513 4174 1738 4245 daret:
1790 4195 2131 4263 reponens
2161 4173 2440 4242 illarum
2496 4171 2644 4241 loco
2674 4171 2847 4242 alias
2888 4172 3182 4241 alterius

605 4261 881 4333 coloris,
918 4261 1096 4330 Adeo
1127 4274 1356 4331 autem
1394 4262 1560 4332 solis
1609 4262 2017 4334 necessariis
2062 4261 2330 4331 volebat
2358 4273 2717 4330 contentos
2763 4282 2914 4330 esse
2946 4275 3010 4329 et
3042 4260 3183 4328 fra—

607 4366 745 4421 tres
773 4362 838 4419 et
873 4371 1163 4429 sororeS,
1216 4363 1295 4419 ut
1348 4351 1575 4438 quoad
1627 4351 1777 4420 fieri
1828 4361 2076 4442 posset,
2142 4350 2295 4439 ipsa
2341 4351 2671 4419 interesse
2740 4348 2962 4428 vellet,
3015 4371 3181 4417 cum

608 4439 1091 4510 scinderentur
1139 4439 1379 4528 panni,
1425 4462 1461 4509 e
1508 4441 1767 4529 quibus
1816 4452 2033 4510 vestes
2085 4438 2362 4508 illorum
2420 4437 2892 4508 conficiendae
2947 4449 3172 4514 crant.
