3327 4999
170 348 404 413 MART.
462 350 501 413 6
1081 366 1158 411 nr:
1208 365 1260 412 s.
1318 363 1551 411 corma
1600 363 1769 410 vnto.
2533 346 2614 410 57

167 450 839 529 vehementissimos,
904 471 1076 536 quos
1126 460 1289 519 tunc
1339 448 1459 517 illa
1511 446 1953 549 perferebat?
2000 451 2076 516 In
2122 446 2272 537 ipsa
2320 446 2506 516 enim
2553 447 2703 538 ejus

165 540 484 608 virtutum
557 538 872 607 studiosa
928 538 1290 638 juventute
1357 536 1676 628 specialis
1742 535 2079 624 quaedam
2132 537 2193 605 ei
2263 536 2510 605 collata
2557 547 2701 605 erat

164 629 372 718 gratia
423 628 613 696 circa
683 626 953 696 Domini
1012 628 1428 717 passionem.
1503 630 1671 694 Cum
1745 626 1927 693 enim
1993 624 2368 710 aliquando
2439 623 2707 693 serven-

163 731 254 786 ter
295 728 360 786 et
412 715 760 806 profunde
809 736 959 784 eam
1018 716 1344 784 meditata
1377 713 1655 793 fuisset,
1715 714 2023 784 Christus
2078 714 2140 782 ei
2199 714 2561 805 apparuit,
2606 714 2708 782 in-

164 807 551 892 dicavitque
601 803 1032 874 familiariter
1078 804 1389 883 modum,
1424 825 1561 890 quo
1595 825 1845 892 passus
1874 813 2072 883 esset,
2110 814 2174 871 et
2205 816 2280 871 ut
2305 803 2374 872 in
2410 802 2514 870 sin
2575 802 2709 871 ulis

167 895 497 964 membris
566 892 715 964 suis
782 892 1170 983 singulares
1246 892 1601 983 pertulerit
1666 892 2015 960 cruciatus
2064 893 2413 961 humanae
2462 914 2533 961 sa
2573 891 2706 960 utis

160 1006 406 1053 amore.
490 982 661 1051 Inde
717 1004 872 1051 vero
934 981 1155 1051 Coleta
1218 981 1900 1050 vehementissimum
1960 980 2333 1067 quemdam
2400 981 2712 1070 concepit

156 1072 381 1143 cordis
432 1071 747 1141 dolorem
797 1083 860 1139 et
928 1071 1365 1160 angustiam:
1419 1092 1500 1139 ac
1551 1069 1768 1139 nihilo
1820 1069 2052 1138 minus
2103 1068 2346 1138 ardore
2405 1070 2707 1156 quodam

155 1162 414 1232 amoris
470 1172 535 1230 et
596 1160 977 1229 devotionis
1041 1182 1205 1250 erga
1271 1159 1517 1228 Christi
1588 1158 1978 1248 passionem
2031 1158 2372 1227 intantum
2427 1160 2710 1227 incensa

156 1251 299 1331 suit,
342 1263 423 1319 ut
479 1249 758 1339 saepius
807 1249 1259 1317 reminiscens
1308 1249 1520 1338 hujus
1567 1247 1852 1316 visionis
1901 1257 1965 1315 et
2012 1246 2397 1315 crudelium
2452 1268 2707 1335 poena-

154 1362 344 1419 rum,
405 1338 677 1424 quibus
724 1338 1042 1405 affectum
1095 1337 1353 1405 viderat
1401 1359 1654 1426 corpus
1703 1336 2352 1405 innocentissimum
2408 1334 2708 1404 Salvato-

152 1428 268 1507 τίς,
325 1428 541 1518 plane
592 1426 1076 1495 destitueretur
1125 1425 1407 1504 viribus,
1453 1425 1766 1511 nihilque
1819 1446 2100 1515 prorsus
2148 1423 2447 1493 exterius
2497 1422 2709 1492 senti-

156 1531 276 1595 ret,
314 1518 391 1585 in
430 1527 694 1585 statum
727 1514 941 1582 alium
983 1513 1478 1583 transformata.
1517 1518 1728 1600 Atque
1761 1513 1855 1582 ita
1894 1512 1962 1580 in
2001 1525 2237 1581 sancta
2277 1511 2711 1581 hebdomada

159 1606 378 1674 multa
426 1605 490 1673 ei
545 1603 883 1672 divinitus
957 1603 1481 1692 praestabantur
1529 1624 1693 1674 sane
1743 1601 2240 1671 memorabilia.
2307 1606 2473 1670 Cum
2525 1601 2712 1670 enim

154 1694 633 1763 recitabantur
681 1692 1035 1782 passiones
1084 1691 1331 1760 Christi
1379 1691 1445 1759 in
1502 1691 1725 1760 Missis
1774 1713 2002 1759 coram
2046 1690 2218 1781 ipsa,
2255 1690 2356 1759 uti
2405 1690 2553 1758 sieri
2605 1712 2712 1759 so-

160 1784 271 1863 let,
307 1783 612 1862 dolore5‚
651 1802 827 1869 quos
863 1802 1106 1870 passus
1144 1791 1245 1849 est
1281 1780 1611 1849 Dominus
1661 1780 1730 1848 in
1782 1802 2064 1870 corpore
2100 1801 2248 1858 suo,
2298 1779 2468 1848 adeo
2517 1800 2713 1848 reno-

163 1872 500 1940 vabantur
549 1870 620 1938 in
672 1868 877 1938 corde
922 1879 985 1937 et
1033 1891 1316 1958 corpore
1367 1868 1576 1949 itlius,
1630 1881 1709 1937 ut
1756 1890 2115 1954 nunquam
2169 1868 2268 1937 sic
2307 1868 2450 1937 visa
2502 1866 2710 1937 fuerit

172 1959 417 2029 mulier
440 1960 759 2029 laborare
794 1958 1257 2048 parturiendo,
1290 1970 1627 2044 quantum
1672 1958 1824 2047 ipsa
1855 1957 2215 2026 videbatur
2246 1956 2703 2025 condolendo,

176 2047 382 2135 Cujus
425 2049 518 2117 rei
569 2047 638 2116 id
688 2046 968 2116 evidens
1015 2047 1505 2116 documentum
1558 2045 1710 2124 fuit,
1748 2046 1932 2132 quod
1984 2046 2172 2114 horis
2222 2044 2360 2114 illis
2410 2044 2711 2114 incredi-

177 2130 301 2203 bili
349 2136 557 2204 animi
603 2158 861 2226 angore
909 2135 1436 2215 lamentabatur,
1495 2133 1962 2221 fundebatque
2013 2134 2356 2233 lacrymas
2390 2147 2454 2203 et
2488 2133 2707 2223 gemi-

182 2234 287 2292 tus
334 2224 734 2304 ineffabiles,
794 2235 869 2292 ut
914 2225 1231 2310 quamvis
1273 2223 1489 2293 ferreo
1541 2234 1829 2313 pectore,
1879 2223 1937 2291 si
1987 2222 2054 2290 id
2106 2222 2423 2302 vidisset,
2465 2222 2713 2313 pietate

174 2324 235 2382 et
279 2313 877 2384 commiseratione
926 2313 1221 2403 potuerit
1272 2335 1405 2381 non
1460 2312 1843 2401 permoveri
1892 2323 1958 2380 et
2004 2310 2324 2379 emolliri.

250 2405 287 2490 ξ
331 2407 481 2474 32.
526 2409 701 2471 Loca
743 2414 1003 2481 sancta,
1059 2423 1237 2487 quae
1286 2401 1595 2471 Christus
1643 2424 1766 2472 sua
1818 2399 2227 2490 praesentia,
2264 2398 2426 2467 olim
2471 2398 2541 2466 in
2580 2411 2712 2469 ter-

169 2492 258 2560 ris
300 2492 589 2584 degens,
648 2490 936 2560 mirifice
985 2491 1276 2561 sacravit
1324 2502 1388 2560 et
1434 2489 1723 2572 ornavit,
1762 2512 1920 2560 cum
1960 2487 2179 2557 multa
2231 2488 2601 2557 reverentia
2648 2499 2715 2557 et

174 2580 524 2653 devotione
570 2581 869 2651 habebat
916 2581 1252 2670 impressa
1299 2580 1489 2649 cordi
1542 2602 1691 2661 suo;
1746 2579 2108 2669 speciatim
2159 2599 2318 2646 vero
2369 2576 2595 2646 locum
2648 2590 2716 2646 et

173 2670 426 2754 urbem,
484 2671 560 2738 in
609 2692 748 2756 qua
797 2691 1045 2760 passus
1092 2683 1214 2737 est.
1252 2674 1329 2737 Et
1371 2669 1690 2755 quamvis
1738 2689 2022 2758 corpore
2070 2665 2320 2734 debilis
2367 2678 2431 2734 et
2483 2678 2715 2733 tenera

166 2773 353 2838 esset,
416 2759 775 2844 multaque
823 2758 892 2827 in
948 2758 1120 2826 mari
1168 2769 1603 2827 occurrerent
1655 2756 1983 2846 pericula,
2039 2768 2106 2824 at
2157 2766 2385 2824 tamen
2437 2774 2711 2822 summo

162 2850 443 2918 ardebat
492 2847 837 2916 desiderio
885 2845 1265 2936 arripiendi
1313 2847 1442 2914 iter
1487 2845 1659 2914 illud
1688 2901 1702 2925 ‚
1745 2845 2028 2931 locaque
2093 2844 2212 2913 illa
2261 2843 2498 2913 devote
2550 2842 2715 2911 visi-

160 2939 393 3018 tandi,
450 2950 659 3023 atque
708 2935 850 3005 illic
907 2935 1245 3003 moriendi
1295 2946 1572 3025 propter
1621 2939 1874 3002 Deum:
1943 2947 2007 3002 et
2061 2945 2241 3001 certe
2287 2954 2367 3002 eo
2417 2930 2719 3023 profecta

158 3024 445 3108 fuisset,
505 3027 565 3094 si
627 3024 699 3093 id
769 3025 831 3093 ei
891 3024 1309 3114 permissum
1372 3034 1570 3092 esset.
1627 3026 1810 3091 Inter
1857 3022 2028 3091 alias
2077 3034 2305 3091 autem
2354 3020 2707 3107 reliquiaS,

156 3136 332 3202 quae
383 3127 630 3184 sancta
678 3112 976 3183 Ecclesia
1008 3112 1100 3181 ita
1148 3124 1224 3181 ut
1274 3134 1397 3201 par
1429 3124 1530 3181 est
1576 3124 1961 3191 veneratur,
2009 3109 2348 3200 singulari
2399 3131 2715 3179 reveren-

161 3205 251 3273 tia
306 3204 859 3296 prosequebatur
906 3201 1175 3290 lignum
1227 3214 1502 3270 sanctae
1550 3201 1808 3280 Crucis,
1863 3199 1946 3267 aci
1996 3221 2203 3286 quam
2256 3198 2564 3268 Christus
2613 3196 2715 3265 af-

159 3291 277 3384 figi
329 3292 580 3363 voluit.
649 3291 838 3360 Sicut
884 3302 1111 3359 autem
1165 3309 1391 3358 veram
1443 3289 1692 3358 Christi
1741 3293 2022 3357 Crucem
2076 3287 2388 3377 piissime
2435 3307 2716 3354 venera-

160 3384 370 3451 batur
419 3394 488 3450 et
532 3379 823 3460 colebat,
879 3379 971 3448 ita
1019 3379 1225 3448 etiam
1274 3400 1437 3469 erga
1484 3377 1638 3464 ejus
1672 3377 1954 3466 signum
1988 3375 2320 3466 peculiari
2353 3374 2569 3443 animi
2603 3374 2717 3442 de-

168 3472 440 3540 votione
469 3469 922 3539 afficiebatur.
970 3468 1178 3558 Cujus
1207 3468 1411 3536 etiam
1446 3466 1692 3536 virtute
1722 3466 1904 3556 signi
1936 3465 2197 3535 meritis
2230 3464 2381 3554 ejus
2413 3462 2718 3553 plurima
2760 3473 2768 3504 ¹

163 3561 504 3629 Dominus
552 3558 847 3650 patravit
896 3555 1254 3636 miracula,
1308 3578 1344 3625 e
1391 3555 1645 3641 quibus
1688 3553 2024 3624 nonnulla
2073 3554 2183 3622 hic
2233 3552 2709 3643 subjiciemus.

162 3652 237 3716 In
286 3648 576 3717 exordio
616 3647 797 3716 enim
853 3647 1025 3735 ejus,
1079 3667 1291 3732 quam
1342 3666 1543 3733 saepe
1583 3643 1912 3723 diximuS,
1959 3641 2505 3721 reformationis,
2569 3663 2721 3731 per-

160 3737 367 3805 multi
420 3735 691 3827 parvuli
739 3735 801 3803 ei
848 3733 1059 3803 oblati
1100 3732 1312 3815 suere,
1366 3732 1656 3802 diversis
1704 3732 1943 3801 afflicti
2012 3731 2338 3801 morbis:
2367 3729 2719 3798 conaban-

162 3835 416 3912 turque
462 3833 782 3916 parentes
829 3823 929 3892 vel
981 3822 1189 3892 amici
1221 3843 1461 3891 eorum
1510 3822 1826 3892 obscuris
1874 3820 2295 3907 quibusdam
2345 3829 2411 3888 et
2450 3817 2716 3887 Coletae

169 3911 425 4002 ignotis
471 3913 700 3983 modis
745 3934 897 3982 eam
949 3932 1363 4003 permovere,
1418 3922 1497 3979 ut
1545 3911 1868 3979 manibus
1923 3908 2080 3977 illos
2130 3919 2457 4000 tangeret,
2511 3920 2576 3976 et
2624 3907 2720 3976 si·-

172 4023 387 4091 gnum
419 4003 650 4072 crucis
683 4001 751 4070 in
782 4023 896 4071 eos
925 4001 1358 4090 exprimeret:
1384 3999 1569 4087 quod
1595 4022 1758 4069 cum
1788 3998 1909 4067 illa
1938 3997 2230 4078 fecisset,
2257 3996 2709 4066 curabantur.

253 4093 291 4176 ἓ
338 4095 493 4162 38.
548 4097 628 4161 In
679 4090 1092 4159 monasterio
1140 4088 1441 4176 quodam
1507 4088 1823 4158 Coletano
1890 4086 2233 4175 quaedam
2284 4107 2477 4155 soror
2526 4094 2712 4154 tanto

176 4179 543 4249 vexabatur
588 4179 833 4270 capitis
881 4178 1134 4258 dolore,
1169 4191 1247 4248 ut
1294 4201 1366 4248 se
1406 4189 1677 4269 putaret
1724 4177 2155 4247 morituram.
2196 4175 2374 4244 Adiit
2406 4196 2570 4265 ergo
2601 4178 2721 4242 Co-

181 4263 383 4363 letam
432 4281 717 4338 matrem
746 4323 765 4348 ‚
820 4267 1182 4358 explicavit
1227 4268 1291 4337 ei
1342 4267 1724 4336 molestiam
1784 4287 1982 4336 suam
2021 4320 2036 4346 ‚
2092 4265 2286 4355 petiit
2336 4286 2459 4334 suo
2505 4260 2719 4351 capiti

189 4355 524 4444 imprimis
590 4356 868 4447 signum
940 4356 1197 4426 Crucis.
1268 4355 1394 4425 Illa
1470 4355 1668 4423 valde
1734 4354 1978 4424 dolens
2024 4352 2243 4423 vicem
2295 4352 2495 4442 erS,
2562 4349 2720 4419 fecit

191 4457 260 4510 ut
304 4446 494 4534 petiit
542 4467 758 4517 soror:
811 4457 877 4514 et
921 4465 1079 4515 ecce
1137 4443 1314 4534 fugit
1362 4443 1671 4526 morbus,
1725 4465 1918 4513 soror
1980 4444 2058 4512 fit
2105 4441 2390 4512 omnino
2430 4461 2598 4511 sana
2655 4450 2720 4507 et
