3327 4999
691 357 820 423 342
1400 378 1477 425 nr
1526 379 1582 427 s.
1634 378 1915 427 annino
1962 376 2360 428 conmissonn
2755 361 2999 427 MART.
3058 363 3146 428 ⁴6

596 456 1062 548 virginitatis?
1112 457 1237 527 Ubi
1267 469 1369 528 est
1421 458 1557 528 vita
1597 460 1791 529 cruci
1839 458 2091 530 affixa?
2140 460 2265 530 Ubi
2313 469 2415 531 est
2460 458 2604 530 laer
2655 483 2767 530 ma
2813 482 3168 561 compun—

596 546 896 616 ctionis?
944 546 1299 629 Quomodo
1348 558 1703 618 tantarum
1754 549 2084 619 virtutum
2164 548 2529 619 altitudine
2635 549 3000 620 escendisu
3068 551 3164 620 ad

594 634 921 704 ultimum
973 635 1379 705 barathrum
1428 637 1901 727 deceptionis?
1948 642 2082 707 Cur
2121 638 2296 707 mihi
2322 659 2456 707 non
2489 638 2715 707 statim
2746 639 3164 730 significasti

596 736 894 793 atrocem
937 723 1129 794 illam
1229 747 1491 815 ugnam
1548 726 1862 795 inimici?
1919 730 2054 796 Cur
2116 747 2252 795 non
2305 726 2389 796 de
2435 727 2626 817 gravi
2700 726 2818 796 illo
2865 726 3071 818 lapsu
3119 750 3160 797 e

595 812 881 904 vestigio
932 813 1189 904 triump
1246 814 1425 883 asti?
1472 814 1768 884 Omnino
1838 838 1965 906 ego
2011 826 2077 885 et
2133 814 2586 885 charissimus
2634 816 2973 906 Ephraem
3043 817 3153 887 la-

594 903 852 990 crymis
897 915 963 971 et
1004 903 1324 993 precibus
1376 924 1498 994 pro
1571 914 1633 972 te
1694 905 1880 995 apud
1930 909 2142 973 Deum
2192 903 2840 976 intercessissemus.
2902 909 3036 975 Cur
3085 917 3154 975 te

596 1002 861 1060 tantum
911 991 1243 1082 elongasti
1275 1015 1315 1061 a
1365 991 1564 1061 nobis
1589 1004 1655 1061 et
1701 1014 1828 1062 cur
1868 1016 1909 1063 a
1941 1006 2003 1062 te
2039 994 2361 1062 oblivioni
2387 993 2586 1062 datus
2615 1016 2787 1074 sum,
2823 1004 3163 1085 tanquam

592 1089 895 1149 mortuus
942 1104 987 1150 a
1032 1082 1225 1150 corde
1250 1081 1389 1171 (Ps.
1443 1080 1593 1169 30)?
1639 1086 1773 1151 Cur
1821 1093 1882 1151 te
1928 1081 2098 1151 adeo
2145 1081 2326 1171 cepit
2373 1080 2779 1172 desperatio,
2831 1104 3007 1170 quae
3038 1096 3151 1152 est

596 1168 885 1260 maligni
936 1170 1186 1239 hamus
1219 1170 1658 1252 inevitabilis,
1711 1182 1789 1240 ut
1838 1192 1960 1240 nec
2012 1170 2132 1239 tibi
2179 1170 2458 1257 quidem
2510 1170 2898 1261 peperceris
2946 1171 3149 1240 dein-

596 1279 780 1346 ceps,
836 1257 951 1329 sed
990 1258 1446 1327 inverecunde
1492 1257 1734 1329 seceris
1773 1281 1852 1329 ea
1906 1281 2083 1347 quae
2115 1272 2281 1328 sunt
2318 1259 2721 1349 turpissima
2760 1271 2826 1329 et
2873 1259 3150 1330 inimici

595 1345 821 1436 plagis
854 1359 1006 1417 tuas
1052 1346 1421 1437 adjeceris:
1450 1358 1634 1418 'cum
1685 1350 2024 1439 oporteret
2069 1348 2298 1439 potius
2343 1369 2695 1449 exurgere,
2740 1359 2807 1417 et
2856 1361 3139 1440 propter

591 1456 672 1505 ea
717 1457 895 1523 quae
941 1436 1360 1518 admiseraS,
1412 1459 1738 1528 magnam
1788 1436 2143 1506 ostendere
2185 1437 2719 1525 poenitentiam?
2767 1442 2910 1507 Non
2953 1437 3142 1508 nosti

594 1524 711 1592 Dei
759 1525 830 1593 in
880 1545 1004 1594 nos
1062 1524 1346 1604 viscera,
1398 1537 1462 1594 et
1508 1525 2094 1612 quemadmodum
2137 1525 2352 1594 nostri
2397 1547 2634 1595 curam
2685 1526 2860 1615 gerit
2907 1527 3136 1616 magis

591 1632 804 1700 quam
855 1626 1093 1694 mater,
1155 1627 1233 1684 ut
1278 1614 1399 1700 qui
1453 1637 1576 1684 nos
1645 1614 1804 1684 velit
1868 1635 2285 1705 congregare
2315 1613 2343 1703 (
2373 1613 2580 1702 idque
2627 1636 2788 1683 cum
2838 1615 3138 1705 saepe'a

590 1701 791 1771 nobis
838 1713 1351 1783 contemnatur,
1404 1716 1467 1772 et
1513 1702 1979 1792 despiciatur)
2028 1725 2160 1772 non
2211 1725 2410 1773 secus
2466 1726 2547 1772 ac
2595 1702 2855 1792 gallina
2903 1702 3141 1794 pullos

591 1812 754 1860 suos
786 1790 916 1860 sub
964 1790 1139 1862 alis?
1185 1796 1545 1881 Propterea
1607 1813 1770 1881 ergo
1818 1814 1981 1883 rogo
2028 1802 2128 1872 te,
2186 1791 2285 1859 ini
2343 1791 2522 1859 viam
2571 1812 2749 1877 quae
2804 1792 2995 1862 ducit
3043 1792 3137 1861 ad

504 1889 513 1896 ’
589 1877 897 1948 meliora.
935 1884 1144 1969 Rogo,
1190 1880 1501 1966 inquam,
1558 1902 1682 1969 per
1729 1903 1916 1950 meos
1961 1901 2193 1961 canos,
2240 1901 2361 1980 per
2408 1880 2674 1949 labores
2775 1892 3001 1970 roptcr
3068 1894 3135 1950 te

588 1980 944 2059 susceptos
991 1981 1055 2037 et
1102 1968 1257 2038 illas
1306 1968 1768 2038 intolerabiles
1816 1968 2029 2038 animi
2083 1967 2571 2060 aegritudineS,
2623 1980 2689 2036 et
2742 1991 2905 2038 iunc
2934 1990 3131 2038 moe-

587 2078 812 2126 rorem
861 2069 926 2126 et
972 2057 1488 2139 confusionem,
1542 2057 1690 2126 redi
1736 2057 1822 2127 ad
1873 2058 2171 2148 priorem
2221 2057 2490 2127 vivendi
2541 2058 2896 2127 rationem.
2958 2063 3139 2127 Con-

588 2145 754 2215 cede
786 2145 984 2227 mihi,
1030 2157 1107 2216 ut
1139 2145 1500 2236 paululum
1553 2147 1906 2237 respirem,
1951 2158 2017 2216 et
2062 2168 2147 2215 ne
2176 2169 2336 2216 cum
2388 2145 2622 2216 dolore
2660 2167 2885 2215 meam
2934 2168 3137 2216 sene-

589 2247 842 2304 ctutem
882 2235 1303 2304 transmittas
1349 2234 1434 2304 ad
1485 2234 1810 2305 inferos»

676 2325 712 2410 ξ
764 2326 907 2394 2¹2.
960 2328 1139 2394 Haec
1187 2323 1371 2393 filiae
1435 2323 1663 2395 fratris
1726 2324 1962 2393 dicens
2036 2322 2431 2404 Abramius‚
2485 2322 2847 2392 videbatur
2912 2324 3134 2393 surdo

586 2433 854 2480 canere.
909 2417 1235 2482 Deorsum
1285 2413 1470 2481 enim
1529 2413 1602 2479 in
1653 2425 1901 2481 terram
1951 2411 2282 2481 inclinata
2328 2410 2501 2480 facie
2548 2424 2612 2480 et
2663 2433 2824 2502 prae
2874 2434 2984 2481 ma
3044 2435 3135 2484 no

586 2499 706 2569 illo
754 2502 1017 2602 pudore
1063 2501 1212 2592 ejus
1257 2523 1420 2571 voce
1466 2506 1801 2592 repressa,
1838 2504 2060 2571 stabat
2099 2513 2346 2570 terram
2381 2501 2696 2571 intuens:
2749 2523 2830 2570 ex
2875 2502 2994 2588 qui
3054 2525 3141 2573 us

589 2589 1111 2680 significabatur
1148 2612 1366 2682 angor
1411 2602 1476 2659 et
1521 2590 1738 2659 animi
1795 2590 2237 2679 perturbatio,
2292 2590 2751 2672 Quamobrem
2803 2590 2918 2659 ille
2979 2613 3135 2661 eam

585 2678 684 2748 sic
707 2678 1065 2749 confusam
1097 2700 1436 2760 recreanS,
1473 2701 1633 2748 cum
1671 2701 1921 2769 magna
1955 2678 2230 2748 lenitate
2275 2692 2340 2748 et
2376 2677 2874 2748 moderatione:
2915 2685 3124 2761 «Cur,

585 2767 834 2854 inquit,
873 2789 913 2836 o
952 2767 1118 2848 filia,
1171 2778 1245 2836 tu
1280 2767 1451 2836 mihi
1491 2788 1626 2835 non
1678 2767 2097 2858 respondes?
2142 2768 2372 2837 Nescis
2420 2781 2699 2858 propter
2746 2781 2808 2836 te
2860 2779 3133 2837 tantum

582 2855 713 2925 iter
757 2878 904 2925 esse
951 2855 1393 2946 ingressum?
1449 2855 1681 2925 Nescis
1730 2878 1838 2925 me
1895 2867 2171 2946 propter
2219 2868 2282 2925 te
2327 2868 2393 2925 et
2440 2869 2717 2946 propter
2782 2869 2969 2926 tuam
3022 2879 3132 2927 sa—

586 2943 797 3013 lutem
848 2944 1015 3013 haec
1053 2944 1286 3014 omnia
1335 2944 1733 3025 simulasse,
1795 2958 2046 3015 vestem
2099 2943 2491 3025 militarem,
2531 2966 2860 3025 amorem,
2925 2966 3123 3015 esum

585 3032 926 3113 carnium,
961 3054 1168 3118 quem
1207 3033 1343 3103 scis
1373 3032 1547 3102 nihil
1575 3032 1765 3102 aliud
1800 3055 2023 3114 nosse,
2110 3047 2325 3103 raeter
2352 3032 2594 3102 cellam
2645 3045 2710 3102 et
2745 3033 3136 3103 silentium?

589 3125 733 3190 Non
780 3131 883 3190 est
937 3121 1162 3190 ullum
1213 3135 1570 3213 peccatum
1634 3122 2020 3191 humanum
2093 3178 2108 3204 ,
2164 3144 2287 3213 pro
2333 3144 2470 3209 quo
2516 3122 2881 3212 desperare
2927 3144 3133 3213 opor—

587 3219 743 3278 teat.
816 3208 1097 3278 Nullum
1144 3224 1246 3280 est
1292 3211 1563 3280 animae
1625 3211 1882 3282 vulnus
1940 3210 2109 3280 adeo
2172 3210 2681 3281 immedicabile
2727 3211 2912 3297 quod
2986 3232 3132 3280 nou

584 3310 885 3378 curetur,
941 3310 1174 3368 ustum
1224 3300 1516 3390 pulchro
1549 3299 1709 3391 igne
1757 3300 2234 3400 poenitentiae.
2290 3304 2511 3389 Super
2557 3322 2665 3368 me
2713 3301 2801 3368 sit
2840 3311 2957 3368 tua
2990 3298 3135 3369 ini-

579 3386 833 3473 quitaS,
874 3409 914 3456 o
962 3387 1127 3457 lilia.
1168 3393 1304 3478 Ego
1338 3411 1460 3479 pro
1509 3399 1571 3458 te
1619 3388 1883 3459 Christo
1929 3388 2214 3458 reddam
2267 3388 2626 3458 rationem.
2682 3388 2916 3457 Solum
2966 3390 3126 3457 veni

580 3496 880 3557 mecum,
932 3488 998 3544 et
1044 3476 1127 3546 ad
1180 3476 1573 3548 solitudinis
1614 3489 2038 3547 revertamur
2084 3476 2632 3546 habitaculum.»
2664 3477 2757 3545 Ad
2800 3477 2968 3546 haec
3001 3476 3128 3548 ina

578 3563 688 3631 vix
736 3563 1001 3633 humile
1046 3565 1405 3657 quippiam
1453 3578 1520 3636 et
1568 3565 1757 3637 triste
1803 3579 1868 3636 et
1914 3566 2123 3636 veluti
2179 3565 2609 3656 aegritudine
2639 3565 2855 3634 animi
2901 3587 3134 3634 emor-

578 3661 779 3722 tuum
811 3654 1155 3724 submisse
1202 3654 1543 3742 loquitur:
1597 3678 1632 3721 «
1668 3660 1835 3725 Cum
1883 3655 1968 3724 ad
2012 3667 2074 3725 te
2102 3666 2168 3724 et
2214 3654 2479 3724 vultum
2533 3666 2727 3723 tuum
2764 3675 2850 3723 ne
2887 3652 3136 3725 oculos

574 3740 855 3828 quidem
905 3742 1198 3813 habeam
1245 3744 1364 3831 qui
1431 3743 1698 3835 possint
1745 3744 2035 3827 intueri,
2088 3767 2127 3814 o
2177 3742 2559 3812 venerande
2609 3753 2819 3833 pater,
2872 3755 2949 3812 ut
2995 3744 3131 3830 qui

576 3829 716 3898 sint
763 3831 919 3900 tecti
990 3845 1265 3923 propter
1312 3845 1578 3902 tantum
1628 3833 2007 3924 pudorem,
2082 3831 2427 3919 quomodo
2493 3841 2723 3922 potero
2770 3830 2856 3900 ad
2909 3837 3137 3902 Deum

575 3918 920 4001 accedere,
973 3942 1014 3989 a
1061 3922 1366 4012 maligno
1413 3921 1710 4013 graviter
1738 3920 1971 3990 animo
2001 3920 2307 3990 sauciata
2337 3932 2402 3989 et
2449 3932 2719 3991 scatens
2766 3934 2902 3988 tarn
2948 3918 3139 3989 mul-

571 4005 660 4076 tis
707 4020 1143 4099 peccatorum
1175 4010 1602 4080 ulceribus?»
1627 4009 1750 4079 Ille
1780 4021 2009 4079 autem
2044 4009 2247 4079 verba
2275 4008 2426 4097 ejus
2462 4008 2831 4099 excipiens:
2856 4011 3133 4098 «Super

569 4116 702 4177 me,
748 4096 994 4185 inquit,
1047 4119 1087 4168 o
1120 4099 1286 4178 filia,
1319 4099 1408 4168 sit
1453 4099 1784 4187 iniquitas
1833 4109 1971 4177 tua,
2007 4111 2074 4168 et
2097 4120 2277 4169 onus
2308 4097 2484 4169 collo
2531 4119 2681 4167 meo
2728 4107 2932 4168 erunt
2963 4109 3134 4168 tuae

569 4185 895 4256 actiones:
948 4186 1173 4258 solum
1223 4199 1645 4257 revertamur
1690 4185 1774 4256 ad
1814 4187 2073 4276 priores
2102 4200 2368 4256 nostras
2416 4186 2895 4256 habitationes.
2947 4190 3125 4256 Ecce

567 4274 753 4343 enim
803 4275 1297 4346 dilectissimus
1341 4297 1616 4364 quoque
1665 4275 2028 4365 Ephraem,
2084 4275 2345 4366 pudore
2389 4287 2665 4366 propter
2713 4288 2776 4344 te
2823 4272 3133 4345 afficitur

572 4373 641 4433 et
684 4364 903 4434 animi
951 4365 1407 4455 aegritudine.
1462 4364 1766 4435 Concede
1823 4386 1985 4455 ergo
2053 4363 2288 4447 nobiS‚
2340 4376 2418 4434 ut
2464 4364 2889 4455 respiremus
2935 4375 3001 4432 et
3037 4364 3133 4434 ab

623 4484 653 4513 ⁸
682 4486 952 4537 sperandae
975 4485 1229 4527 criminum
1249 4494 1336 4536 per
1354 4485 1698 4536 poenitentiam
1718 4486 1884 4528 venite
1903 4487 2194 4536 arguments.
