3327 4999
677 255 808 319 590
1410 272 1493 319 nr.
1538 273 1596 320 s.
1648 271 1959 320 nmuuco
2004 269 2302 320 muscoro
2713 251 3047 318 EXJUL.
3101 251 3144 317 4

575 356 962 428 visceribus
992 356 1266 447 pietatis
1299 356 1573 447 plenus,
1625 370 1692 427 et
1739 356 2244 448 indulgentiam
2281 376 2402 445 pro
2444 354 2693 425 Christi
2741 376 2980 425 amore
3010 337 3148 424 tr'i·

575 446 729 517 huit
775 460 841 516 et
873 469 911 514 a
957 445 1292 515 daemone
1338 446 1734 528 liberatum,
1785 446 1871 515 ad
1925 445 2203 536 propria
2237 443 2458 514 redire
2493 444 2827 533 permisit.

576 594 582 601 .
665 535 696 623 ἓ
742 539 887 607 11.
942 541 1207 605 Interea
1253 535 1421 603 dum
1471 535 1815 604 contentio
1846 535 2025 605 inter
2062 539 2368 605 Ottonem
2408 539 2922 622 Imperatorem,
2965 553 3142 622 pro-

577 635 730 715 pter
777 622 1054 692 fratrem
1107 623 1332 714 ipsius
1377 623 1777 706 H-mricum,
1831 635 1906 693 ut
1952 645 2165 714 supra
2222 623 2527 692 diximus
2574 634 2640 690 et
2675 620 3133 710 Ludolphum

573 725 831 793 exorta,
887 711 1228 782 intantum
1278 712 1704 792 accrevisset,
1758 723 1832 782 ut
1894 734 2030 781 non
2078 711 2275 781 aliter
2339 710 2470 780 nisi
2536 709 2715 778 {erro
2766 709 2953 778 liniri
3005 732 3136 800 po-

574 801 844 881 tuisset,
890 801 1175 888 jamque
1213 801 1358 870 acie
1394 801 1757 889 utriusque
1805 802 2017 890 partis
2063 800 2403 881 ordinata,
2454 808 2532 867 ut
2566 797 2889 868 cominus
2937 820 3140 867 com-

573 889 753 958 mitti
802 889 1078 960 deberet
1154 911 1389 980 pugna
1423 944 1438 971 ‚
1493 889 1747 958 athleta
1799 888 1911 958 Dei
1987 889 2391 960 UdalricuS.
2445 887 2674 959 sciens
2720 887 2887 974 quia
2941 887 3132 957 beati

571 991 738 1048 sunt
773 979 980 1068 pedes
1029 1000 1265 1068 pacem
1317 991 1686 1068 portanteS,
1738 990 1804 1047 et
1838 977 2023 1065 quod
2086 979 2234 1068 ipse
2284 977 2616 1046 Dominus
2648 975 2721 1044 in
2761 976 3127 1066 evangelio

571 1066 713 1137 ait:
764 1070 963 1137 Beati
1001 1069 1290 1159 pacifici,
1343 1068 1660 1159 quoniam
1706 1068 1842 1155 ficii
1896 1069 2017 1135 Dei
2042 1068 2457 1136 vocabuntur
2502 1064 2788 1154 (Manli.
2841 1064 2954 1153 v):
3005 1087 3128 1136 as-

573 1169 852 1257 sumpto
893 1157 1288 1237 Hartberto,
1342 1156 1688 1226 curiensis
1745 1153 2072 1225 ecclesiae
2120 1154 2452 1245 Episcopo
2522 1152 2863 1252 religioSO,
2918 1175 2995 1223 se
3047 1154 3121 1222 in

572 1245 884 1313 medium
923 1245 1194 1336 injecit:
1233 1266 1312 1313 ac
1355 1256 1577 1314 tantae
1614 1254 1738 1312 ‘eos
1786 1254 1928 1312 arte
1976 1242 2314 1314 suadendi
2363 1263 2670 1333 aggressi
2722 1251 2910 1320 sunt,
2978 1243 3128 1332 spi-

574 1332 715 1402 ritu
764 1334 979 1424 patris
1026 1334 1096 1403 in
1145 1335 1509 1403 amborum
1559 1354 1675 1402 ore
1713 1332 2052 1419 loquente,
2110 1342 2183 1401 ut
2230 1330 2429 1400 facile
2466 1329 2552 1398 ad
2607 1328 2795 1420 pacis
2843 1329 3125 1401 foedera

572 1435 991 1505 revocarent,
1034 1434 1103 1492 et
1144 1443 1342 1491 verae
1386 1421 1741 1491 charitatis
1778 1421 2040 1490 donum
2074 1420 2276 1490 firma
2324 1419 2689 1489 stabilitate
2720 1419 2791 1486 in
2833 1418 3123 1490 illorum

569 1511 970 1667 pectoribus
1018 1510 1549 1581 consolidarent.
1601 1515 1744 1579 Non
1795 1508 1991 1579 aliter
2054 1522 2219 1578 tunc
2283 1512 2431 1579 Otto
2482 1506 2938 1598 poenitentem
2994 1513 3123 1577 Lu-

620 1598 681 1668 ol
695 1600 934 1689 phum,
972 1621 1181 1687 qnam
1215 1599 1329 1668 ille
1375 1598 1812 1690 evangelicus
1869 1611 2061 1689 pater
2096 1597 2262 1667 olim
2324 1597 2627 1685 suscepit
2661 1609 3109 1667 revertentem

569 1687 823 1758 filiurn.
882 1694 1172 1776 Uterque
1217 1687 1399 1757 enim
1451 1687 1640 1757 filius
1706 1700 2020 1756 mortuus
2067 1686 2319 1767 fuerat,
2374 1697 2439 1754 et
2486 1686 2765 1754 revixit:
2825 1686 3120 1775 perierat

567 1788 637 1846 et
680 1777 1001 1849 inventus
1033 1788 1156 1847 est.
1214 1777 1314 1846 Fit
1345 1776 1680 1867 gaudium
1724 1775 1971 1866 ingens
2015 1788 2081 1845 et
2113 1774 2435 1845 exultatio
2487 1774 2555 1842 in
2605 1774 2910 1844 exercitu
2952 1796 3118 1844 cun·

568 1877 701 1935 cto.
760 1872 935 1936 Laus
988 1878 1054 1936 et
1150 1866 1480 1934 ratiarum
1540 1865 1717 1934 actio
1764 1878 2037 1935 resonat
2082 1864 2153 1934 in
2213 1885 2328 1933 ore
2373 1863 2724 1934 omnium:
2775 1864 2946 1949 quia
3000 1885 3118 1953 per

571 1975 805 2024 servos
843 1976 1008 2026 suos
1057 1954 1104 2023 li
1155 1953 1369 2023 eravit
1416 1954 1747 2023 Dominus
1795 1952 2131 2044 populum
2169 1975 2402 2023 suum.

658 2045 696 2131 ξ
743 2048 886 2117 15.
940 2044 1263 2129 Sequenti
1317 2065 1474 2112 vero
1525 2063 1748 2123 ann0,
1815 2042 1883 2110 id
1953 2055 2077 2124 est,
2159 2041 2554 2111 Dominicae
2615 2039 3112 2109 incarnationis

568 2133 1091 2222 nongentesimo
1164 2130 1982 2222 quinquagesimoquinto
2013 2184 2029 2210 ,
2124 2152 2294 2220 gens
2356 2136 2845 2221 Hungarorum
2922 2129 3114 2197 omni

566 2219 801 2290 bellua
836 2220 1206 2301 crudelior,
1240 2221 1437 2311 juxta
1483 2218 1666 2306 quod
1708 2218 1851 2288 viro
1918 2219 2029 2286 Dei
2077 2217 2363 2287 caelitus
2411 2232 2568 2287 ante
2635 2215 2859 2286 fuerat
2926 2238 3112 2285 reve-

566 2307 811 2389 latum,
889 2331 1048 2379 cum
1105 2307 1595 2378 innumerabili
1636 2307 2106 2376 -multitudine
2150 2306 2400 2395 erupit,
2452 2326 2871 2392 omnemque
2917 2306 3113 2375 Nori-

566 2418 806 2467 corum
855 2399 1207 2489 regionem
1255 2420 1297 2467 a
1343 2397 1655 2468 Danubio
1694 2417 1915 2483 usque
1970 2395 2056 2465 ad
2124 2395 2192 2463 ni
2247 2417 2392 2463 ram
2442 2395 2732 2484 sylvam,
2785 2415 2967 2480 quae
3025 2393 3111 2463 ad

566 2497 894 2557 montana
929 2486 1239 2579 pertinet,
1293 2499 1359 2557 et
1420 2498 1682 2578 partem
1734 2483 2123 2576 provinciae
2158 2489 2205 2553 Α
2235 2505 2694 2553 amannorum
2728 2504 2955 2570 usque
2995 2484 3116 2552 Hi-

567 2575 783 2645 laram
836 2577 1152 2657 fluvium,
1206 2575 1622 2645 devastando
1653 2574 2035 2663 occupavit.
2088 2577 2275 2655 Quae
2312 2572 2545 2643 Licum
2588 2573 2957 2654 transiens,
2995 2594 3112 2642 ec-

563 2663 847 2734 clesiam
898 2677 1173 2734 sanctae
1204 2663 1395 2733 Afrae
1427 2665 1584 2755 igne
1628 2662 2032 2744 combussit,
2086 2674 2291 2748 atque
2343 2661 2682 2731 civitatem
2733 2664 3116 2748 Augustam

560 2753 921 2823 obsidione
966 2751 1445 2823 circumdedit.
1491 2757 1781 2821 Sanctus
1827 2764 2057 2822 autem
2113 2751 2226 2820 Dei
2289 2749 2587 2840 pontifex
2637 2770 3106 2837 nequaquam,

559 2842 728 2911 visis
761 2854 854 2912 tot
895 2840 1102 2932 lupis,
1158 2841 1375 2910 instar
1425 2839 1854 2920 mercenarii,
1909 2841 2019 2911 sui
2066 2839 2296 2930 gregis
2344 2838 2728 2908 custodiam
2780 2837 3113 2928 fugiendo

562 2928 952 3016 dereliquit,
991 2930 1109 3000 sed
1159 2951 1239 2998 ex
1267 2928 1550 2998 adverso
1589 2949 1662 2998 se
1694 2930 2039 3019 opposuit,
2078 2951 2157 2997 ac
2207 2941 2414 2997 totam
2477 2949 2759 2997 causam
2815 2927 3108 2996 Domino

559 3018 1091 3090 commendavit.
1123 3022 1200 3087 At
1237 3017 1574 3087 militibus
1619 3017 2163 3104 circumquaque
2239 3038 2313 3085 er
2348 3038 2628 3086 murum
2662 3028 2727 3084 et
2758 3025 2917 3084 ante
2951 3037 3113 3106 por-

560 3119 699 3177 tam
749 3107 996 3177 acriter
1041 3119 1276 3177 contra
1324 3107 1552 3178 hostes
1591 3106 2109 3187 dimicantibuS,
2146 3105 2188 3173 il
2224 3127 2260 3174 e
2290 3127 2501 3196 super
2537 3126 2795 3190 equum
2830 3102 3103 3186 sedenS,

560 3219 700 3272 non
734 3195 975 3286 clypeo
1024 3207 1370 3287 protectus
1416 3206 1535 3265 aut
1580 3194 1800 3286 galea,
1842 3195 1960 3265 sed
1992 3194 2166 3265 stola
2218 3194 2528 3274 indutuS,
2570 3193 2748 3262 intra
2789 3192 3108 3284 lapidum

561 3308 641 3356 ac
691 3286 1094 3377 sagittarum
1156 3284 1414 3354 imbres
1476 3283 1834 3353 incedebat
1879 3306 2190 3354 securus.
2244 3283 2522 3352 Videres
2579 3303 2833 3351 novum
2889 3288 3107 3352 Josue

557 3396 791 3444 arcam
828 3373 1096 3444 Domini
1134 3372 1579 3444 circumferre
1608 3373 1662 3453 *,
1711 3373 2026 3444 buccinis
2056 3394 2503 3463 concrepare:
2558 3371 2694 3441 nisi
2753 3371 2936 3457 quod
2982 3377 3102 3440 Jo-

559 3486 682 3534 sue
711 3476 898 3533 extra
934 3485 1166 3534 muros
1197 3460 1393 3533 urbis
1438 3461 1737 3542 Jericho,
1785 3462 1911 3532 iste
1953 3483 2108 3531 vero
2155 3461 2345 3531 intus
2401 3473 2547 3530 erat
2576 3480 2739 3529 cum
2804 3459 2921 3528 Dei
2980 3483 3111 3549 po-

555 3552 745 3653 pulo.
802 3553 929 3622 Sed
980 3552 1220 3622 merito
1288 3564 1521 3621 noster
1583 3556 1817 3631 Josue,
1872 3551 2019 3641 jam
2067 3561 2476 3620 coruscante
2537 3547 2758 3639 gratia
2805 3547 3102 3631 Christi,

554 3653 745 3711 intus
778 3641 847 3710 in
897 3641 1101 3710 domo
1150 3640 1388 3710 Rahab
1418 3640 1502 3709 ad
1541 3644 1752 3709 Deum
1803 3661 2192 3721 conversae,
2234 3639 2363 3708 boc
2393 3650 2518 3716 est,
2558 3635 2920 3717 Ecclesiae,
2961 3658 3109 3705 ma-

554 3729 760 3799 nebat
791 3743 856 3799 et
886 3730 1226 3799 civitatem
1261 3729 1518 3799 diaboli
1560 3727 1724 3799 soris
1756 3741 2142 3798 manentem
2183 3729 2644 3818 expugnabat.
2680 3731 2891 3795 Josue
2924 3725 3108 3795 duce

554 3819 1028 3891 sacerdotibus
1060 3818 1179 3906 qui
1229 3840 1460 3888 arcam
1520 3817 1790 3886 Domini
1832 3816 2160 3896 ferebant,
2218 3816 2531 3887 buccinis
2586 3813 3100 3905 clangentibuS,

552 3931 633 3977 ac
682 3909 950 3978 cunctis
1001 3907 1276 3998 populis
1307 3906 1774 3977 clamantibus
1821 3905 2312 3975 vociferatione
2366 3904 2687 3984 maxima,
2745 3902 2926 3972 muri
2983 3909 3107 3972 Je-

553 3996 744 4066 richo
791 3996 1108 4066 funditus
1138 4007 1568 4066 corruerunt.
1627 4000 1763 4064 Isto
1802 4017 2033 4064 arcam
2089 3993 2357 4063 Domini
2403 3992 2471 4062 in
2525 4003 2793 4077 pectore
2836 3991 3104 4061 mundo

603 4097 831 4154 erente
892 4099 958 4155 et
1015 4109 1175 4155 oum
1245 4084 1721 4155 sacerdotibus
1780 4107 1860 4154 ac
1923 4083 2167 4153 Levitis
2224 4081 2431 4163 tubis,
2479 4082 2718 4161 idest,
2778 4079 3096 4170 psalmiS,

554 4110 836 4265 {ymnis
883 4186 948 4243 et
1001 4174 1289 4244 canticis
1356 4173 1789 4263 spiritalibus
1851 4172 2300 4251 sonantibuS,
2364 4171 2770 4257 cunctisque
2819 4168 3102 4259 populis

555 4264 857 4334 maxima
899 4284 1094 4354 prece
1127 4262 1211 4332 ad
1257 4268 1467 4331 Deum
1528 4275 1594 4332 et
1632 4262 1718 4331 ad
1773 4263 1922 4352 ejus
1986 4274 2293 4332 sanctam
2350 4259 2749 4350 genitricem
2810 4257 3100 4327 Mariam

606 4387 634 4414 ‘¹'
661 4387 794 4428 Jom
808 4386 852 4428 C.
872 4386 947 4428 VI.
976 4387 1115 4428 Sacer
1136 4385 1315 4427 Christi
1332 4386 1471 4427 mnes
1485 4386 1706 4436 precibus
1724 4386 1934 4429 armatus
1955 4394 2009 4427 so
2025 4385 2179 4427 vietor
2196 4392 2305 4426 oum
2325 4383 2471 4428 Josue
2490 4381 2808 4433 comp-ratur.
