3327 4999
191 391 297 459 Ex
343 389 517 458 OCT.
571 390 653 456 44
723 407 804 455 nn
848 406 909 454 n.
960 405 1193 457 ucono
1239 404 1576 455 Amnum
1621 404 1767 454 om).
1822 402 2188 454 PRAEDICAT.
2505 390 2620 454 691

192 495 435 589 agebat
461 504 788 581 quartum
818 503 1022 580 atque
1049 492 1505 584 trigesimum,
1544 490 1823 579 quando
1868 492 2318 562 monasticam
2375 491 2586 562 vitam
2621 493 2725 561 in-

188 607 470 677 gressus
517 594 640 653 est.
697 581 828 665 Qui
875 604 1036 651 cum
1085 583 1262 652 inter
1308 581 1479 652 alias
1509 580 1727 651 animi
1760 580 2097 672 plurimas
2135 580 2326 660 dotes
2401 582 2722 673 raecipue

195 674 384 745 mitis
433 695 512 743 ac
553 683 957 742 mansuetus
1002 682 1200 752 esset,
1238 672 1607 741 consistere
1655 670 1727 738 in
1777 669 2172 740 humillimo
2207 694 2327 762 gra
2383 694 2428 742 u
2476 671 2715 753 voluit,

190 776 255 834 et
295 786 375 833 ex
422 784 659 833 eorum
693 782 842 830 esse
872 782 1079 851 grege
1108 761 1228 848 qui
1276 759 1593 831 Conversi
1642 759 1847 850 vulgo
1893 773 2412 850 nuncupantur.
2455 760 2581 831 Sed
2612 783 2724 830 ex-

195 865 437 944 ceptus
483 863 584 923 est
633 851 809 920 mira
854 850 1166 919 omnium
1218 849 1512 930 laetitia,
1564 848 1765 936 quasi
1815 849 2436 940 praesagientium‚
2498 849 2726 938 qualis

193 956 636 1031 quantusque
673 938 950 1041 juvenis
1015 939 1130 1008 ille
1192 961 1527 1010 evasurus
1591 950 1807 1020 esset,
1877 960 2002 1007 nec
2059 939 2431 1026 quicquam
2490 937 2726 1009 fefellit

185 1032 444 1124 opinio.
501 1028 853 1117 Siquldem
893 1029 1221 1099 continuo
1250 1041 1466 1099 totum
1517 1049 1588 1098 se
1640 1033 1771 1097 Deo
1823 1026 2127 1110 tradidit,
2175 1050 2298 1098 nec
2346 1027 2721 1117 quicquam

191 1122 464 1202 omisit,
519 1118 705 1207 quod
752 1117 838 1187 ad
890 1140 1128 1188 verum
1176 1118 1365 1188 illius
1424 1116 1756 1188 cultorem
1814 1117 2200 1207 pertineret.
2256 1118 2576 1210 Magistro
2616 1132 2720 1208 ty-

190 1214 464 1291 ronum,
495 1230 669 1296 quos
696 1206 986 1277 novitios
1015 1207 1388 1299 appellant,
1424 1205 1794 1297 praecipue
1823 1207 2136 1276 vacabat:
2171 1228 2376 1294 quem
2409 1207 2728 1296 frequen-

195 1313 294 1370 ter
344 1298 634 1390 supplex
664 1298 923 1380 orabat,
974 1309 1051 1368 ut
1098 1320 1169 1367 se
1215 1297 1602 1378 instrueret,
1638 1317 1718 1365 ac
1747 1316 1828 1364 ea
1866 1295 2137 1366 doceret
2165 1318 2343 1384 quae
2367 1298 2500 1368 sibi
2529 1320 2724 1389 prae—

192 1411 268 1460 ce
323 1400 387 1458 ta
436 1386 787 1478 religionis
819 1408 898 1456 ac
947 1387 1259 1457 instituta
1307 1397 1579 1478 patrum
1629 1384 2030 1475 panderent.
2071 1390 2218 1469 Quo
2267 1386 2494 1458 studio
2523 1399 2727 1475 atque

195 1410 471 1550 sofertia
517 1475 703 1579 brevi
752 1477 924 1546 mire
989 1476 1292 1568 proiecit,
1353 1475 1745 1563 charusque
1791 1474 2120 1546 omnibus
2165 1488 2230 1547 et
2289 1476 2726 1548 admirabilis

195 1590 347 1637 esse
393 1588 514 1637 coe
565 1576 638 1637 1t.

284 1658 321 1746 ξ
377 1660 455 1728 2.
507 1589 686 1726 {deo
719 1665 944 1725 autem
978 1653 1187 1735 mitis,
1238 1652 1408 1724 adeo
1456 1662 1861 1724 mansuetus
1906 1666 2072 1737 erat,
2109 1665 2188 1725 ut
2214 1676 2376 1725 cum
2403 1656 2728 1726 omnibus

195 1745 499 1817 sanctior
535 1756 735 1827 esset,
787 1744 1113 1815 omnibus
1161 1764 1232 1813 se
1262 1742 1667 1813 deteriorem
1697 1756 2006 1835 putaret:
2058 1765 2236 1832 quae
2267 1766 2373 1813 res
2413 1757 2560 1816 tum
2587 1768 2730 1815 ma-

198 1836 384 1906 xime
432 1834 675 1926 patuit‚
737 1857 893 1904 cum
944 1832 1234 1902 decurso
1271 1832 1420 1921 jam
1467 1854 1673 1914 ann0‚
1719 1833 1804 1903 de
1854 1846 2126 1924 patrum
2165 1833 2433 1923 judicio
2488 1856 2568 1905 ac
2616 1856 2729 1904 vo-

204 1926 470 1995 luntate
515 1923 873 1993 dubitavit.
911 1927 1078 1992 Nam
1127 1920 1213 1991 ad
1253 1943 1480 2011 genua
1524 1921 1958 2012 singulorum
1988 1922 2412 2013 provolutus,
2448 1923 2733 2015 rogabat

209 2036 297 2084 ne
344 2013 493 2083 suis
539 2011 779 2082 offensi
826 2010 1261 2091 criminibUS,
1297 2033 1338 2080 a
1370 2033 1496 2081 suo
1544 2011 1992 2082 contubernio
2039 2024 2105 2082 et
2151 2013 2469 2083 societate
2503 2035 2575 2082 se
2624 2034 2730 2082 re-

210 2101 567 2194 pellerent.
620 2100 834 2171 Verba
864 2111 1089 2171 autem
1132 2100 1274 2181 illa,
1316 2100 1569 2186 quibus
1616 2100 1718 2170 uti
1779 2100 2171 2192 profitentes
2219 2102 2462 2172 initam
2523 2102 2732 2171 vitam

209 2192 455 2273 solent,
492 2190 661 2261 adeo
694 2189 1019 2261 tenaciter
1065 2190 1275 2259 menti
1308 2189 1496 2260 illius
1533 2188 2009 2271 adhaeserant,
2046 2203 2121 2261 ut
2169 2190 2362 2262 nulla
2407 2190 2545 2261 diei
2591 2191 2733 2260 ela-

208 2283 487 2353 beretur
534 2281 723 2362 hora,
759 2279 829 2349 in
862 2302 1001 2368 qua
1044 2300 1284 2349 eorum
1312 2300 1448 2349 non
1482 2278 2059 2351 reminisceretur.
2096 2284 2281 2363 Quae
2314 2293 2542 2351 autem
2576 2300 2733 2372 pro-

202 2369 463 2441 fitendo
521 2371 945 2462 promiserat,
1008 2380 1143 2437 tam
1191 2379 1440 2449 exacte,
1499 2379 1774 2456 tamque
1819 2380 2210 2440 constanter
2264 2370 2598 2452 servabat,
2653 2380 2732 2439 ut

138 2468 145 2472 ’
202 2459 521 2530 mirabile
552 2459 879 2531 omnibus
906 2457 1355 2549 obedientiae,
1394 2456 1818 2549 paupertatis
1843 2481 1921 2529 ac
1951 2459 2315 2549 patientiae
2341 2481 2531 2530 exem
2588 2459 2733 2529 lum

198 2549 370 2620 foret
404 2550 462 2619 ⁴³.
517 2548 925 2619 Pudicitiam
975 2569 1193 2635 usque
1240 2547 1325 2618 ad
1382 2547 1638 2617 exitum
1680 2548 1857 2617 vitae
1913 2549 2225 2631 servavit,
2272 2561 2348 2620 ut
2393 2549 2543 2619 nihi
2609 2548 2731 2619 illo

198 2640 448 2730 purius
494 2662 574 2710 ae
624 2636 957 2709 mundius
986 2637 1518 2728 conspiceretur.
1560 2642 1728 2707 Nam
1777 2649 2252 2738 praeterquam
2303 2638 2485 2726 quod
2523 2660 2730 2709 suum

190 2728 692 2819 corpusculum
741 2726 1117 2818 asperrime
1162 2726 1602 2806 dormitabat,
1656 2725 1911 2818 vigiliis
1986 2749 2234 2816 uoque,
2271 2726 2725 2809 orationibuS,

181 2818 479 2910 jejuniis
512 2829 578 2887 et
607 2817 764 2888 aliis
815 2816 1051 2887 multis
1099 2816 1487 2887 macerabat
1525 2814 1783 2885 modis:
1837 2837 1968 2886 ocu
1997 2838 2074 2886 os
2133 2838 2294 2888 suos
2342 2816 2734 2909 diligentis-

193 2908 371 2977 sime
416 2905 863 2987 custodiebat,
909 2927 993 2975 ne
1039 2905 1207 2992 quid
1257 2906 1642 2975 intueretur
1687 2904 1869 2992 quod
1928 2904 2015 2975 ad
2078 2904 2442 2977 libidinem
2495 2927 2736 2998 provo-

190 3008 402 3078 caret,
462 3008 666 3084 atque
711 2996 799 3065 ob
845 3017 997 3065 eam
1047 3016 1190 3063 rem
1226 3016 1607 3082 numquam
1655 2994 1916 3066 otiosus
1963 3006 2134 3065 erat.
2196 3000 2588 3082 Numquam
2649 2994 2734 3064 il-

191 3086 345 3156 lum
376 3084 523 3155 sine
555 3084 826 3176 negotio
871 3084 1043 3165 dies,
1078 3105 1460 3172 numquam
1511 3105 1643 3153 nox
1692 3083 2103 3155 inveniebat.
2138 3083 2334 3167 Quod
2367 3084 2735 3173 siquando

188 3173 430 3261 egredi
463 3173 534 3244 in
572 3174 928 3265 publicum
976 3173 1369 3263 cogebatur,
1413 3173 1725 3263 impense
1775 3178 1989 3244 Deum
2037 3174 2345 3265 rogabat,
2385 3186 2463 3245 ut
2509 3196 2582 3244 se
2616 3195 2738 3244 cu-

192 3261 503 3344 stodiret,
546 3274 611 3333 et
658 3283 821 3332 suos
872 3272 1200 3333 averteret
1243 3261 1503 3342 oculoS,
1548 3283 1633 3331 ne
1695 3263 2063 3333 vanitatem
2113 3274 2494 3346 cernerent,
2547 3261 2730 3351 quod

192 3352 458 3424 sciebat
521 3351 739 3421 solere
806 3372 924 3442 per
989 3350 1317 3420 fenestras
1375 3362 1662 3420 mortem
1724 3350 2018 3443 ingredi.
2073 3351 2267 3434 Quod
2329 3352 2390 3423 si
2456 3351 2739 3441 quando

191 3440 565 3532 vestigium
613 3438 891 3528 aliquod
953 3438 1123 3508 forte
1180 3439 1556 3509 libidinum
1617 3440 2081 3522 excitabatur,
2148 3441 2477 3512 continuo
2539 3440 2740 3512 Chri-

192 3530 290 3603 sti
356 3529 703 3601 cruciatus
766 3527 1259 3598 inenarrabiles
1314 3527 1400 3597 ad
1472 3528 1877 3598 memoriam
1942 3531 2337 3600 revocabat:
2407 3552 2545 3621 quo
2587 3530 2741 3618 qui-

197 3620 365 3722 dem
416 3630 742 3777 tassquam
806 3617 1034 3689 subito
1092 3617 1312 3687 imbre
1348 3673 1363 3700 ,
1433 3615 1610 3687 illud
1676 3618 2006 3708 quicquid
2074 3630 2218 3691 erat
2279 3620 2587 3691 incendii
2637 3642 2742 3690 re-

200 3722 344 3783 stm
447 3730 484 3777 e
534 3719 711 3778 atur.

295 3731 473 3886 §gg
529 3795 657 3867 Sed
704 3796 882 3866 inter
926 3794 1265 3889 plurimas
1290 3794 1598 3877 virtuteS,
1650 3795 1910 3883 quibus
1938 3796 2331 3880 excellebat,
2372 3797 2749 3891 praecipua

190 3899 351 3961 erat
395 3885 784 3958 obedientia
828 3885 920 3955 ’‘*.
976 3884 1489 3957 Recordabatur
1539 3884 1727 3955 enim
1796 3907 2069 3977 semper
2130 3887 2479 3958 Christum
2527 3910 2750 3977 usque

195 3978 297 4052 ad
348 3987 637 4048 mortem
686 3974 943 4046 factum
988 3997 1136 4047 esse
1165 3974 1619 4045 obedientem.
1651 3979 1837 4058 Quae
1864 3998 1971 4046 res
1999 3976 2283 4063 quidem
2315 3976 2484 4048 adeo
2515 4000 2751 4070 prom-

193 4081 403 4163 ptum
455 4064 778 4136 reddebat
836 4064 1038 4134 illum
1086 4064 1170 4135 ad
1223 4063 1630 4155 parendum,
1699 4076 1777 4135 ut
1825 4065 2233 4156 saepissime
2287 4066 2488 4156 jussa
2553 4089 2751 4158 prae-

198 4156 493 4236 veniret,
546 4167 613 4225 et
680 4153 992 4225 nondum
1054 4154 1228 4224 bene
1275 4153 1532 4224 auditis
1578 4175 1757 4241 quae
1805 4154 1936 4223 sibi
1997 4154 2531 4235 mandabantur,
2600 4168 2752 4226 tan-

193 4268 415 4338 quam
448 4244 843 4325 audivisset,
896 4242 1016 4313 illa
1071 4243 1397 4314 continuo
1444 4244 1688 4331 exequi
1726 4241 2099 4315 festinaret.
2138 4245 2426 4315 Afferam
2460 4246 2754 4336 hujusce

195 4333 483 4407 virtutis
557 4332 1005 4406 memorabile
1071 4333 1489 4426 exemplum.
1553 4332 1938 4404 Praefectus
2003 4334 2401 4408 monasterii
2467 4334 2749 4405 Michael

256 4500 288 4527 ¹⁸
321 4498 426 4546 Qua
452 4497 698 4549 diligenti&
724 4498 1003 4548 pudicitiam
1030 4497 1248 4539 servan-st.

275 4551 330 4575 ’³
359 4550 543 4601 Quanta
558 4552 786 4596 claruerit
801 4549 1084 4595 chamoam.
