3327 4999
607 298 739 365 606
1353 315 1435 362 na
1482 316 1539 362 s.
1592 314 1885 363 msmono
1930 268 2234 364 *nrlscoro
2647 294 2754 362 Ex
2797 296 2971 362 JUL.
3007 299 3070 362 .3

517 412 825 493 praestes
873 398 1525 488 impedimentum.»
1559 399 1756 479 Dixit,
1793 411 1861 468 et
1892 421 2049 470 mox
2087 398 2329 489 lingua
2363 397 2480 467 illo
2509 416 2696 468 nexu
2721 392 3062 488 expedita,

518 488 883 559 articulate
913 488 1267 557 humanas·
1284 486 1718 576 deprompsit
1756 508 1976 567 voces
2012 487 2406 578 gratiasque
2436 486 2578 575 egit
2610 491 2738 555 Deo
2776 499 2843 556 et
2870 487 3072 556 beato

517 576 866 646 Disibbd0.
903 575 1192 646 Oblatus
1229 587 1332 643 est
1368 575 1573 643 etiam
1625 575 1772 645 viro
1821 576 1938 644 Dei
1977 574 2403 664 hydropicus
2431 574 2718 660 quidam
2758 575 3072 644 mire-in·

518 665 749 745 flatuS,
786 685 944 734 cum
997 662 1238 733 multis
1272 661 1600 746 lacrymis
1647 663 1941 733 salutem
1983 676 2218 753 petens
2264 663 2352 731 ab
2399 684 2502 732 eo.
2550 662 2676 733 Sed
2731 662 2849 733 illo
2897 684 3072 733 non-

517 753 693 821 nihil
730 751 1131 832 haesitante,
1182 762 1250 820 et
1298 772 1369 820 se
1415 750 1785 840 indignum
1826 750 2218 820 affirmante
2274 750 2397 838 qui
2457 771 2604 820 rem
2654 764 2916 821 tantam
2959 752 3072 820 ἰα-

517 854 720 920 ceret,
755 839 961 908 amici
995 838 1299 908 hominis
1330 838 1536 907 etiam
1564 860 1727 907 suas
1746 840 2042 928 ,iunxere
2078 860 2351 940 preces:
2386 839 2645 925 quibus
2671 837 2788 908 ille
2819 841 3066 921 victu&

517 929 1059 1017 omnipotentem
1111 931 1321 996 Deum
1373 948 1498 1016 pro
1548 927 1799 995 misero
1862 939 2146 1017 rogavit,
2189 948 2489 1012 eumque
2535 927 2866 997 manibus
2913 928 3065 998 suis

520 1028 835 1107 tangens,
870 1015 1244 1094 benedixit,
1288 1014 1710 1101 morbusque
1755 1014 1991 1084 divina
2025 1026 2270 1105 agente
2299 1015 2521 1103 gratia
2550 1014 2888 1104 paulatim
2917 1037 3075 1085 eva-

519 1105 696 1173 nuit.
750 1109 1090 1193 Leprosus
1135 1123 1413 1189 quoque
1460 1103 1633 1172 mire
1679 1101 2009 1172 deformis
2047 1116 2111 1172 et
2139 1102 2487 1184 horridus»,
2523 1102 2607 1171 ad
2644 1124 2802 1171 eum
2835 1124 3072 1173 acces-

519 1192 631 1272 sit,
684 1204 751 1261 et
800 1192 1023 1281 primo
1068 1190 1351 1277 quidem
1400 1191 1923 1291 deprecabatur,
1977 1203 2057 1260 ut
2104 1191 2343 1260 morbo
2375 1190 2599 1280 ipsius
2649 1191 3063 1261 mederetur:

522 1279 773 1349 deinde
818 1279 1023 1350 etiam
1076 1279 1303 1349 minas
1350 1279 1617 1348 addidit
1699 1279 1937 1349 dicens
1984 1300 2058 1348 se
2107 1300 2489 1366 numquam
2543 1279 2632 1347 ab
2681 1278 2801 1347 illo
2848 1287 3071 1350 reces-

523 1390 793 1450 surum,
830 1367 968 1436 nisi
1018 1366 1212 1457 prius
1243 1367 1537 1456 depulsa
1587 1368 1799 1457 lepra.
1857 1372 1950 1436 Ea
1997 1367 2519 1454 importunitate
2568 1366 2847 1436 tandem
2880 1390 3070 1438 coin-

521 1468 752 1526 motus
784 1456 888 1523 vir
938 1457 1072 1535 Dei,
1115 1455 1497 1524 introduxit
1539 1476 1699 1524 eum
1733 1456 1803 1523 in
1858 1454 2292 1524 domicilium
2344 1476 2576 1536 suum,
2614 1467 2680 1524 et
2728 1455 3073 1543 aliquam-

520 1543 645 1613 diu
693 1544 994 1614 retinens
1031 1564 1188 1613 eum
1224 1543 1409 1633 apud
1460 1565 1555 1624 se,
1613 1544 2122 1630 Dominumque
2170 1543 2545 1612 identidem
2608 1564 2729 1632 pro
2779 1543 2899 1613 illo
2959 1564 3071 1614 ro—
3124 1599 3130 1603 .

567 1654 714 1711 ans,
753 1653 911 1701 eum
963 1652 1132 1700 sana
1168 1630 1327 1720 jam·
1374 1643 1442 1700 et
1492 1630 1791 1721 eleganti
1837 1631 2148 1721 corporis
2205 1643 2362 1701 cute
2406 1630 2850 1722 gaudentem,
2903 1654 2944 1701 a
2991 1654 3070 1702 se

518 1654 804 1799 dimisit,
852 1741 924 1788 re
973 1719 1123 1810 ipsa
1169 1717 1498 1788 omnibus
1554 1719 1908 1819 prodente,
1969 1718 2140 1806 quid
2190 1719 2261 1787 in
2325 1741 2405 1789 eo
2452 1718 2788 1789 divinitus
2810 1731 3070 1790 actum

515 1820 716 1878 esset.
770 1807 973 1877 Plura
1031 1807 1166 1876 alia
1216 1828 1338 1906 per
1384 1807 1736 1876 hommem
1792 1807 1900 1876 Dei
1959 1806 2139 1877 facta
2186 1818 2353 1876 sunt
2402 1807 2742 1876 miracula
2787 1808 2860 1876 in
2909 1830 3064 1877 cae-

515 1896 652 1975 cis,
708 1894 1019 1976 claudis,
1081 1893 1468 1975 debilibuS,
1520 1895 2030 1976 daemoniaciS,
2100 1907 2168 1964 et
2211 1895 2334 1981 qui
2396 1895 2758 1964 noxiorum
2820 1895 3070 1966 humo·

515 2004 673 2053 rum
722 1983 1157 2053 infestatione
1191 1982 1479 2051 rationis
1521 2005 1660 2052 usu
1707 1985 2074 2053 carebant:
2135 1984 2258 2070 qui
2313 2005 2555 2053 omnes
2583 1995 2652 2052 et
2688 2005 2768 2053 ex
2818 1984 3068 2055 vicinis

514 2072 907 2227 alrewas
956 2070 1125 2141 locis
1156 2071 1242 2139 ad
1273 2091 1434 2140 eum
1488 2071 1824 2162 perducti,
1858 2071 2287 2141 curabantur
2332 2071 2580 2141 virtute
2610 2070 2845 2141 divina
2884 2093 3068 2158 quae

514 2181 533 2227 ι
598 2181 694 2227 ia
750 2172 916 2229 erat.

602 2250 639 2334 ἓ
685 2252 828 2319 15.
884 2247 1101 2316 Duxit·
1139 2258 1370 2316 autem
1421 2247 1524 2315 vir
1571 2259 1854 2318 sanctus
1898 2247 2078 2316 inter
2125 2268 2288 2317 suos
2344 2247 2555 2316 vitam
2601 2247 3058 2330 eremiticam,

512 2356 690 2421 quae
735 2348 838 2405 est
888 2335 1081 2405 radix
1119 2336 1295 2404 vitae
1328 2335 1753 2406 monasticae
1790 2334 1893 2403 vel
1943 2336 2432 2405 coenobiticae.
2469 2336 2634 2425 Ejus
2662 2337 2849 2405 enim
2889 2337 3067 2407 vitae

510 2422 813 2493 cultores
859 2445 900 2492 a
949 2423 1211 2492 mundo
1251 2444 1537 2514 prorsus
1585 2424 1881 2515 separati
1928 2435 1996 2491 et
2041 2423 2392 2504 abstracti,
2433 2425 2500 2492 in
2539 2423 2915 2494 solitudine
2943 2425 3067 2493 de-

504 2526 708 2668 gunt.
760 2511 1094 2603 angelicis
1143 2512 1472 2582 laudibus
1519 2513 1836 2602 occupati
1875 2536 1890 2575 :
1941 2525 2182 2598 estque
2228 2534 2308 2581 ea
2356 2512 2493 2581 vita
2541 2525 2682 2581 tam
2731 2513 2954 2583 ardua
3000 2526 3068 2584 et

561 2600 856 2681 ifficilis,
910 2614 986 2669 ut
1052 2600 1379 2691 permulti
1438 2622 1603 2690 prae
1650 2600 1871 2669 animi
1915 2612 1983 2669 et
2027 2601 2338 2690 corporis
2384 2600 2860 2670 imbecillitate
2907 2624 3065 2671 eam

505 2687 682 2757 ferre
732 2711 867 2758 non
920 2689 1211 2779 possint,
1266 2688 1324 2757 si
1373 2701 1651 2778 repente
1698 2703 1763 2757 et
1809 2687 2206 2758 inconsulto
2253 2711 2333 2758 ac
2383 2702 2638 2759 temere
2687 2688 2879 2758 illam
2941 2712 3066 2760 su-

505 2777 830 2866 scipiant.
914 2780 1123 2846 Porro
1183 2788 1467 2846 sanctus
1518 2789 1710 2866 pater
1768 2776 2139 2846 Disibbdus
2189 2778 2261 2846 in
2309 2776 2654 2866 ejusmodi
2704 2777 3064 2847 severitate

503 2865 780 2944 vivenS,
828 2863 1143 2935 subditos
1191 2885 1356 2934 suos
1400 2863 1485 2932 ad
1536 2885 1743 2933 omne
1787 2887 1967 2953 opus
2015 2864 2278 2934 bonum
2332 2866 2560 2934 verbis
2612 2877 2680 2934 et
2723 2864 3061 2954 exemplis

504 2953 871 3032 animavit,
923 2964 1001 3021 ut
1049 2953 1294 3032 solent,
1349 2953 1470 3037 qui
1525 2952 1756 3042 ignem
1796 2952 1946 3042 jam
1993 2953 2352 3022 ardentem
2403 2953 2721 3043 apposita
2771 2953 3063 3022 materia

505 3040 732 3130 magis
766 3040 973 3109 etiam
1024 3040 1264 3109 ardere
1303 3038 1590 3109 faciunt.
1646 3044 1858 3125 Atque
1904 3043 1985 3109 ea
2022 3044 2276 3122 causa,
2330 3041 2596 3111 vivente
2642 3040 2788 3121 ino,
2841 3040 3062 3110 alium

505 3129 922 3218 magistrum
957 3149 1092 3197 non
1132 3127 1605 3214 requirebant,
1644 3129 1943 3198 maxime
1980 3149 2141 3197 cum
2190 3129 2343 3216 ejus
2364 3129 2575 3218 jussu
2606 3141 2673 3198 et
2712 3129 3062 3198 voluntate

506 3215 676 3284 tales
725 3215 906 3285 inter
965 3238 1035 3287 se
1083 3216 1417 3286 haberent
1451 3271 1467 3297 ,
1518 3216 1640 3304 qui
1703 3217 1893 3317 ipsos
1959 3217 2109 3286 sine
2157 3217 2539 3287 offensione
2584 3230 2650 3287 et
2701 3237 3064 3286 murmure

503 3325 628 3394 per
665 3304 795 3373 iter
828 3317 1088 3374 rectum
1123 3304 1523 3395 dirigerent.
1570 3306 1900 3374 Habitum
1943 3319 2174 3373 autem
2215 3305 2700 3384 monasticum,
2733 3326 2871 3391 quo
2908 3306 3062 3394 ejus

502 3414 757 3482 congre
808 3393 1060 3462 ationis
1126 3392 1367 3465 fratres
1425 3393 1837 3474 utebantur,
1906 3393 2054 3482 ipse
2119 3415 2252 3462 non
2322 3393 2576 3462 induit.
2650 3394 3063 3461 Permiserat

500 3480 690 3550 enim
738 3416 879 3550 iltis
926 3482 1149 3550 vivere
1195 3481 1278 3550 ad
1334 3482 1837 3571 praescriptum
1890 3481 2169 3571 regulae
2211 3481 2439 3550 Sancti
2482 3481 2851 3562 Benedicti,
2897 3503 3063 3549 cum

500 3568 650 3658 ipse
718 3570 1026 3641 severius
1073 3583 1138 3639 et
1201 3570 1423 3660 magis
1484 3568 1784 3639 arduum
1837 3568 2013 3638 vitae
2044 3582 2740 3658 genussequeretur.
2795 3569 3064 3638 Idcirco

498 3669 731 3727 autem
778 3658 1092 3729 habitum
1143 3658 1343 3727 illum
1407 3678 1683 3727 sumere
1731 3657 1984 3738 noluit,
2041 3679 2126 3725 ne
2178 3657 2235 3727 si
2285 3656 2616 3727 fratribus
2667 3657 2910 3726 habitu
2960 3656 3060 3725 si-

498 3746 688 3815 milis
720 3760 919 3827 esset,
979 3768 1100 3815 nec
1150 3757 1378 3815 tamen
1428 3746 1806 3833 quicquam
1859 3745 2230 3815 remitteret
2277 3745 2362 3814 de
2412 3768 2578 3816 suae
2643 3745 2816 3815 vitae
2864 3766 3063 3834 aspe-

497 3834 696 3902 ritate
751 3848 816 3903 et
866 3835 1088 3925 rigore
1142 3835 1212 3902 in
1255 3834 1577 3925 jejuniis,
1634 3834 1934 3924 vigiliis,
1986 3834 2414 3920 caeterisque
2486 3833 2683 3903 carni
2749 3833 3060 3903 molestis

495 3922 862 4001 exercitiis,
919 3924 1230 4012 ipsorum
1287 3923 1598 3992 instituto
1647 3921 1812 3991 dero
1864 3943 2000 4002 are,
2035 3940 2101 3991 et
2131 3921 2403 3990 vivendi
2434 3942 2878 3990 communem
2909 3942 3064 3990 mo-

492 4009 662 4078 dum
698 4024 994 4079 evertere
1032 4010 1399 4079 videretur.
1436 4015 1603 4079 Nam
1636 4033 1816 4096 quoa
1894 4010 2077 4089 vixit,
2113 4009 2450 4078 vilissimo
2480 4009 2835 4089 aliment0‚
2867 4008 3058 4096 quod

492 4098 766 4187 corpori
815 4099 1266 4167 sustentando
1303 4100 1409 4167 vix
1441 4098 1807 4179 sufficeret,
1848 4110 1912 4166 et
1949 4120 2194 4187 aspero
2243 4096 2558 4183 dui-oque
2609 4097 3047 4177 indumentO,

492 4186 674 4255 sicut
713 4209 751 4255 e
789 4209 916 4256 sua
952 4200 1130 4256 terra
1217 4186 1740 4276 eregrinaturus
1772 4186 2048 4266 exierat,
2085 4185 2479 4273 frequenter
2511 4187 2854 4265 utebatur,
2893 4185 3056 4253 imi-

494 4286 647 4343 tans
698 4275 975 4344 beatum
1031 4282 1170 4344 Pau
1205 4298 1324 4345 um
1376 4275 1683 4365 primum
1734 4274 2116 4355 eremitam,
2168 4274 2463 4361 ejusque
2505 4273 2772 4342 similes
2822 4285 3056 4363 patres

441 4363 615 4462 'qui
687 4363 758 4432 in
827 4363 1040 4458 sylvis
1104 4363 1334 4454 potius
1402 4384 1612 4450 quam
1663 4362 1849 4432 villis
1897 4362 2106 4432 vitam
2155 4363 2426 4453 exigere
2488 4361 2786 4431 voluere.
2842 4366 3057 4431 Porro
