3327 4999
243 322 499 387 MART.
557 323 601 386 6
1178 341 1256 386 nn
1305 339 1360 387 s.
1414 338 1652 386 comm
1706 338 1871 386 vmo.
2646 322 2730 385 37

236 425 434 494 intus
466 434 535 492 et
566 422 736 492 foris
787 422 1266 513 turpissimam
1300 436 1365 493 et
1398 423 1810 493 vilissimam
1847 446 1918 492 se
1946 423 2386 493 existimavit.
2433 425 2820 514 Apparebat

234 513 307 581 in
360 513 520 603 ejus
569 512 746 581 facie
793 511 1040 582 albedo
1090 512 1339 582 rubore
1389 513 1747 602 permixta,
1802 511 1921 581 sed
1974 512 2190 581 multo
2240 524 2546 603 tempore
2583 512 2651 581 id
2699 513 2820 583 illa

229 601 615 691 ignoravit.
674 601 802 669 Ubi
849 613 1080 670 autem
1132 600 1199 669 id
1243 601 1302 670 ei
1349 600 1734 670 indicatum
1774 613 1898 681 est,
1938 600 2136 669 valde
2177 600 2422 682 doluit,
2458 602 2816 688 oravitque

232 697 455 759 Deum
494 746 509 769 ,
565 702 649 758 ut
705 710 855 757 eam
926 688 1470 789 pulcritudinem
1524 690 1811 760 tolleret.
1867 689 2202 758 Exaudita
2251 703 2354 761 est
2402 713 2443 759 a
2497 691 2806 771 Domino,

226 792 295 848 et
325 778 607 848 rubedo
638 779 994 848 abscessit:
1029 792 1099 846 at
1129 791 1357 847 tamen
1393 794 1806 847 cunctorum
1842 779 2068 847 oculis
2101 790 2294 869 grata
2328 779 2480 859 fuit,
2514 792 2579 847 et
2604 800 2817 866 quam

224 889 488 938 omnes
541 866 775 935 videre
821 879 887 936 et
933 866 1176 935 audire
1222 879 1577 957 cuperent.
1635 866 2064 936 Mirabantur
2112 880 2343 936 autem
2397 867 2598 936 multi
2641 868 2817 938 insi-

224 978 410 1047 gnes
459 955 789 1024 homines
836 967 1105 1024 tantum
1162 956 1473 1045 corporis
1520 955 1842 1025 decorem
1891 978 2050 1025 cum
2105 967 2242 1025 tam
2286 956 2645 1025 excellenti
2677 956 2818 1025 vir-

226 1057 381 1114 tute
432 1045 507 1112 in
561 1043 831 1113 tantilla
884 1043 1117 1135 puella
1164 1066 1523 1134 appa-rere.

320 1136 363 1219 ξ
410 1137 506 1203 3.
568 1138 891 1202 Parentes
937 1131 1216 1219 quidem
1270 1132 1443 1224 ejus,
1482 1131 1683 1200 valde
1719 1131 2062 1200 studiosis
2116 1132 2387 1222 pietatis
2427 1143 2492 1202 et
2525 1154 2815 1223 operum

221 1222 765 1291 misericordiae
795 1276 809 1301 ,
862 1242 1023 1290 cum
1084 1220 1301 1290 filiam
1351 1242 1550 1305 suam
1602 1221 1888 1290 unicam
1938 1221 2243 1290 didicere
2293 1233 2433 1289 tam
2495 1234 2812 1291 sanctam

217 1312 491 1379 ducere
539 1310 753 1377 vitam
787 1365 802 1390 ‚
856 1322 1062 1396 atque
1110 1309 1181 1377 in
1231 1331 1311 1377 ea
1362 1331 1839 1400 perseverare,
1890 1331 2026 1378 non
2081 1309 2522 1379 mediocriter
2571 1311 2809 1379 obstu-

216 1420 482 1490 puere,
538 1412 606 1466 et
656 1419 779 1487 pro
827 1410 1014 1466 tanto
1060 1398 1212 1487 ejus
1263 1398 1598 1468 beneficio
1650 1398 1891 1466 laudes
1940 1398 2003 1467 ei
2071 1410 2137 1468 et
2184 1399 2442 1489 gratias
2492 1411 2808 1489 egerunt:

218 1503 439 1574 atque
488 1485 688 1554 illius
737 1486 1000 1556 crebris
1064 1486 1658 1555 exhortationibus
1708 1486 2029 1568 incitati,
2085 1509 2227 1556 uno
2276 1487 2511 1556 animo
2562 1487 2819 1557 consti-

221 1587 521 1645 tuerunt
589 1574 957 1664 diligenter
1033 1575 1243 1644 vitare
1293 1575 1628 1661 quicquid
1679 1575 2051 1644 offenderet
2115 1580 2354 1657 Deum,
2401 1576 2817 1663 animaeque

220 1686 650 1734 conservare
700 1663 1093 1753 puritatem,
1144 1686 1224 1732 ac
1271 1664 1357 1733 de
1405 1665 1652 1733 virtute
1701 1664 1774 1732 in
1827 1664 2148 1733 virtutem
2205 1664 2551 1754 progredi.
2599 1666 2814 1734 Ambo

227 1768 473 1822 autem
547 1752 661 1821 isti
709 1753 997 1821 comiter
1044 1752 1531 1841 permittebant
1583 1752 1912 1843 parvulae
1961 1752 2146 1821 filiae
2197 1753 2461 1821 Coletae
2508 1765 2586 1822 ut
2636 1754 2816 1822 face-

229 1856 362 1922 ret,
416 1840 758 1928 quicquid
808 1840 1097 1911 coelitus
1147 1841 1277 1930 ipsi
1328 1855 1506 1910 esset
1553 1841 1999 1932 inspiratum.
2039 1841 2167 1910 Sed
2216 1864 2375 1911 cum
2430 1842 2660 1921 multi,
2705 1864 2818 1911 sa-

229 1935 401 2000 tana
449 1951 571 1998 eos
620 1930 1016 2029 instigante,
1057 1940 1420 2019 carperent
1468 1930 1596 1999 hoe
1650 1931 1930 1999 nomine
1968 1943 2286 2020 parentes
2328 1930 2645 2020 virginis,
2703 1930 2813 1998 di-

228 2030 612 2104 cerentque
655 2018 961 2087 tantillae
1002 2018 1271 2107 puellae
1322 2017 1391 2085 id
1444 2019 1984 2117 permittendum
2023 2040 2161 2087 non
2195 2041 2369 2101 esse,
2420 2032 2611 2109 pater
2661 2019 2815 2109 ejus

232 2129 373 2175 non
428 2107 642 2175 semel
694 2118 1088 2174 constanter
1135 2107 1530 2196 respondlt:
1570 2128 1604 2171 «
1641 2106 1850 2175 Plane
1889 2106 2063 2175 mihi
2115 2108 2522 2196 persuadeo,
2583 2108 2801 2175 filiam

233 2217 464 2264 meam
520 2195 696 2263 nihil
748 2195 1110 2274 facturam,
1166 2195 1299 2264 nisi
1357 2195 1541 2281 quod
1593 2195 1856 2264 bonum
1908 2196 2088 2263 sit.»
2138 2196 2361 2265 Coleta
2412 2218 2568 2265 vero
2618 2196 2812 2265 dole-

228 2284 351 2353 bat
402 2296 543 2351 tam
590 2283 882 2356 multam
940 2282 1114 2370 patri
1161 2306 1286 2352 suo
1335 2288 1423 2353 ob
1473 2294 1776 2353 staturae
1825 2306 1993 2352 suae
2036 2284 2440 2371 parvitatem
2489 2283 2807 2354 exhiberi

226 2372 653 2441 molestiam.
717 2377 955 2457 ltaque
1020 2372 1091 2439 in
1144 2373 1694 2463 peregrinatione
1755 2372 2057 2458 quadam
2126 2394 2334 2441 orans
2383 2373 2455 2440 in
2508 2373 2793 2463 templo,

224 2461 411 2530 inter
450 2460 590 2529 alia
640 2460 739 2530 sic
786 2460 981 2529 dixit:
1010 2459 1167 2531 «Vis
1202 2482 1285 2529 ne
1320 2462 1603 2531 Domine
1638 2466 1838 2540 Deus,
1877 2483 2151 2551 semper
2185 2482 2294 2530 me
2342 2474 2481 2530 tam
2518 2482 2801 2530 manere

228 2571 525 2641 corpore
558 2548 921 2639 pusillam?
952 2571 986 2614 »
1021 2549 1261 2620 Finitis
1295 2551 1639 2640 precibus,
1679 2551 2040 2620 contestim
2094 2550 2309 2620 sensit
2358 2550 2623 2637 aliquid
2669 2549 2807 2620 sibi

227 2638 314 2706 ad
363 2638 923 2728 magnitudinem
973 2638 1368 2719 accessisse,
1410 2640 1883 2728 majoremque
1914 2639 2200 2708 rediisse
2234 2637 2549 2718 domum,
2588 2658 2804 2724 quam

227 2726 476 2796 fuisset
525 2737 683 2796 ante
733 2737 1124 2815 susceptam
1180 2728 1829 2817 peregrinationem.
1887 2733 2088 2796 Facta
2136 2749 2294 2796 vero
2344 2737 2446 2796 est
2496 2725 2657 2794 inde
2706 2738 2805 2795 et-
2909 2787 2920 2798 .

226 2815 366 2883 iam
438 2815 677 2883 animo
753 2815 1136 2894 robustior,
1206 2816 1303 2884 ita
1368 2827 1442 2884 ut
1493 2816 1696 2906 plane
1744 2828 2071 2885 statueret
2120 2816 2414 2905 gratiam
2467 2814 2805 2883 divinitus

226 2904 365 2973 sibi
411 2903 735 2972 collatam
783 2904 993 2972 etiam
1032 2904 1129 2990 ‚ad
1178 2903 1477 2973 aliorum
1532 2904 1900 2974 utilitatem
1947 2902 2283 2973 conferre.
2318 2905 2639 2974 Permisit
2671 2903 2804 2994 igi-

228 3004 345 3060 tur
394 2991 693 3060 liberum
768 2990 853 3059 ad
905 3013 978 3061 se
1025 3013 1382 3061 accessum
1437 2992 1802 3093 permultis
1852 2993 2073 3062 bonae
2125 2993 2382 3063 indolis
2436 2992 2691 3083 puellis
2744 3002 2809 3060 et

228 3079 626 3170 virginibus
675 3092 880 3167 atque
912 3080 1119 3148 etiam
1171 3092 1497 3170 spectatis
1549 3081 1986 3162 mulieribus,
2042 3103 2206 3150 eum
2255 3082 2515 3168 quibus
2567 3081 2808 3167 loque-

230 3167 441 3237 batur
487 3168 576 3236 de
625 3168 833 3239 rebus
883 3167 1329 3250 salutaribus,
1367 3169 1451 3237 de
1486 3168 1981 3259 perfectissimo
2021 3191 2096 3237 er
2148 3192 2185 3238 a
2228 3192 2351 3238 nos
2387 3170 2500 3237 Dei
2540 3189 2803 3246 amore,

230 3256 320 3325 de
370 3255 918 3345 profundissima
970 3257 1456 3347 benignissimi
1494 3257 1863 3328 Salvatoris
1899 3258 2096 3327 humi
2132 3259 2315 3338 itate,
2354 3257 2440 3325 de
2470 3256 2809 3325 ineffabili

230 3346 582 3434 passionis
628 3356 694 3413 et
743 3345 985 3414 mortis
1034 3346 1185 3432 ejus
1233 3346 1651 3415 acerbitate:
1710 3347 2250 3433 hortabaturque
2315 3368 2431 3415 eas
2481 3359 2811 3415 accurate

229 3445 298 3501 et
341 3433 756 3514 efficaciter,
808 3434 1063 3502 servire
1135 3439 1262 3503 Deo
1311 3435 1570 3504 animis
1639 3434 1982 3525 promptis
2031 3448 2236 3521 atque
2285 3434 2548 3503 devotis
2584 3489 2599 3513 ‚
2653 3433 2811 3522 ejus

230 3535 601 3611 praecepta
647 3543 958 3602 servare,
1018 3522 1405 3591 mortiferas
1451 3522 1565 3592 cul
1623 3546 1699 3592 as
1748 3545 1990 3595 omnes
2041 3546 2328 3614 prorsus
2378 3523 2594 3592 vitare
2629 3576 2644 3603 ,
2700 3520 2813 3589 fu-

230 3630 390 3766 ffire
440 3631 617 3679 vana
666 3610 910 3679 mundi
951 3610 1232 3700 gaudia,
1282 3633 1321 3680 a
1369 3632 1579 3680 carna
1615 3611 1773 3682 ibus
1821 3611 2346 3681 oblectamentis
2395 3611 2800 3690 abhorrere,

318 3720 449 3784 que
496 3698 823 3768 execrari.
877 3704 1192 3781 Quantus
1241 3710 1474 3768 autem
1522 3699 1868 3790 ejusmodi
1909 3701 2352 3770 sermonibus
2384 3710 2811 3771 consecutus

235 3785 328 3856 sit
372 3786 663 3866 fructus,
718 3787 823 3856 vel
872 3786 1033 3856 inde
1080 3788 1248 3857 satis
1284 3788 1521 3875 liquet,
1559 3788 1743 3875 quod
1795 3789 2053 3858 multae
2092 3789 2399 3879 virgines
2433 3800 2499 3856 et
2532 3788 2811 3867 viduae,

230 3874 644 3965 contemptis
694 3874 1160 3958 facultatibuS,
1199 3877 1654 3947 monasticam
1707 3878 1918 3946 vitam
1953 3877 2352 3968 complexae
2403 3890 2591 3946 sunt.
2657 3875 2812 3945 Ple-

231 3982 481 4050 raeque
509 3964 715 4033 etiam
755 3963 1040 4055 junctae
1092 3965 1560 4045 matrimonio,
1592 3965 1679 4034 ad
1726 3966 2082 4035 meliorem
2118 3987 2268 4036 sese
2313 3965 2586 4056 frugem
2623 3986 2817 4034 rece-

236 4064 507 4139 perunt,
542 4053 614 4120 in
664 4074 743 4122 eo
784 4065 969 4122 statu
1014 4052 1313 4125 fideliter
1364 4066 1431 4122 et
1478 4054 1852 4123 salubriter
1886 4075 2034 4125 sese
2085 4055 2415 4144 deinceps
2464 4065 2810 4145 gerentes.

330 4147 367 4219 ἓ
407 4145 491 4212 -Ι,
542 4142 841 4210 Virtutes
889 4142 1153 4229 absque
1202 4141 1598 4211 humilitate
1661 4164 1917 4213 nomen
1968 4165 2176 4213 suum
2230 4143 2408 4213 tueri
2459 4164 2597 4211 non
2654 4162 2819 4231 pos·-

238 4239 421 4296 sunt:
459 4250 582 4298 nec
619 4229 927 4316 aliquam
976 4229 1259 4299 animae
1297 4251 1533 4300 coram
1573 4236 1705 4301 Deo
1753 4232 2054 4301 afferunt
2087 4232 2525 4333 dignitatem,
2569 4230 2628 4300 si
2666 4230 2809 4298 sint

240 4312 626 4386 humilitate
671 4318 1064 4387 destitutae.
1103 4323 1296 4387 Hanc
1344 4318 1561 4409 igitur
1594 4320 1917 4390 virtutem
1967 4333 2035 4390 et
2081 4321 2420 4391 altissime
2462 4319 2711 4387 habuit
2739 4318 2807 4385 in

247 4422 379 4470 suo
422 4405 624 4475 corde
670 4406 965 4477 defixam
1018 4407 1244 4476 Coleta
1284 4408 1499 4498 virgo,
1536 4419 1602 4478 et
1632 4407 1704 4477 in
1753 4409 1906 4500 ejus
1945 4409 2150 4479 dictis
2198 4421 2403 4497 atque
2454 4406 2653 4477 factis
2695 4426 2820 4495 per
