3327 4999
709 273 795 337 88
1495 289 1575 335 m:
1622 289 1678 335 s,
1732 288 1943 335 mom
1989 287 2306 344 Aornum-1⁴:
2818 266 3054 332 MART.
3100 267 3133 332 7

619 391 901 443 sursum
938 367 1022 438 ad
1074 372 1284 437 Deum
1334 367 1576 438 erectis
1628 369 1974 449 manibus,
2011 368 2331 468 spiritum
2365 387 2569 435 suum
2607 364 2921 456 piissimo
2966 387 3137 435 com-

617 457 955 528 mendans
983 456 1299 542 Creatori,
1335 455 1733 526 felicissime
1765 456 2268 528 obdormlvitin
2301 455 2611 536 DominO,
2658 454 2829 523 hora
2875 454 3135 541 quidem

619 547 986 625 matutina,
1041 546 1209 635 ipsis
1250 545 1458 616 Nonis
1515 545 1781 627 Martii,
1838 545 2010 615 vitae
2065 557 2291 614 autem
2343 566 2509 613 suae
2556 543 3133 633 quinquagesimo.

618 636 750 705 Illo
798 636 1186 716 decedente,
1240 656 1276 703 e
1308 633 1597 704 diversis
1643 634 2077 705 monasteriis
2124 632 2724 704 Dominicanorum
2790 631 2990 701 multi
3033 629 3138 698 ad·

619 736 816 794 erant
864 724 1106 794 fratres
1153 722 1274 810 qui
1320 722 1406 792 ad
1455 744 1610 792 eum
1662 723 2022 796 visendum
2073 723 2576 792 confluxerant:
2628 720 2917 790 aderant
2957 721 3137 788 etiam

619 835 758 883 non
812 813 1012 905 pauci
1058 812 1518 881 Franciscani.
1571 817 1778 883 Porro
1817 812 2039 882 Abbas
2087 833 2247 881 cum
2298 811 2445 880 suis
2492 809 2825 879 fratribus
2870 808 3137 894 aliisque

621 901 989 994 permultis
1037 900 1378 992 religiosis
1424 911 1489 970 et
1536 901 1887 971 nobilibus
1935 901 2099 972 viris
2150 914 2384 969 sancto
2432 899 2698 969 Doctori
2747 896 3138 968 honorificas

617 992 1048 1060 celebravere
1095 990 1439 1077 exequias
1497 989 1740 1060 Aderat
1784 990 1963 1058 inter
2009 989 2180 1059 alios
2228 989 2430 1058 etiam
2473 988 2856 1079 Episcopus
2894 985 3138 1055 Taraci-

619 1079 883 1151 nensis.
923 1079 1154 1170 Neptis
1199 1079 1401 1148 etiam
1436 1079 1654 1148 sancti
1695 1079 1846 1160 viri,
1900 1078 2182 1148 domina
2240 1077 2600 1148 Francisca
2646 1099 2724 1145 eo
2775 1075 3133 1146 advolavit:

615 1168 735 1238 sed
786 1190 946 1238 cum
998 1173 1224 1239 Canon
1273 1167 1697 1237 monasticus
1747 1190 1881 1238 non
1932 1168 2269 1248 admittat,
2324 1177 2399 1235 ut
2441 1165 2760 1236 foeminis
2814 1175 3031 1254 pateat
3074 1185 3135 1230 a·

615 1257 805 1327 ditus
844 1257 917 1325 in
963 1257 1483 1336 monasterium,
1542 1257 1693 1346 ipsa
1748 1256 2045 1326 multum
2094 1256 2524 1346 deprecante,
2579 1277 2859 1323 sacrum
2912 1271 3137 1341 corpus

615 1346 698 1416 ad
735 1345 914 1415 fores
965 1345 1361 1415 monasterii
1406 1357 1834 1434 exportatum
1880 1358 2001 1424 est,
2057 1358 2132 1415 ut
2182 1357 2404 1434 posset
2450 1346 2537 1414 ab
2586 1343 2706 1412 illa
2756 1341 2996 1411 videri.
3051 1338 3130 1408 lbi

617 1456 777 1504 vero
826 1434 1054 1504 luctus
1104 1435 1347 1525 ingens
1394 1435 1675 1504 obortus
1723 1445 1845 1515 est,
1899 1433 2275 1503 dolentium
2343 1432 2510 1503 tanti
2560 1432 2685 1500 viri
2732 1431 2954 1500 obitu.
3006 1433 3135 1526 Fer-

615 1538 729 1593 tur
776 1523 1015 1592 eodem
1067 1535 1368 1614 ternpore
1425 1522 1657 1596 mulus
1688 1544 1825 1609 quo
1873 1536 2153 1593 sanctus
2193 1522 2295 1591 vir
2333 1521 2567 1591 sedere
2615 1520 2902 1600 solebat,
2939 1529 3135 1607 ruptis

618 1611 785 1681 loris
833 1634 867 1680 e
909 1611 1178 1682 stabulo
1225 1611 1606 1682 accurrisse
1653 1612 1736 1680 ad
1773 1611 2007 1692 funus,
2052 1612 2329 1698 visoque
2368 1610 2632 1691 feretro,
2685 1619 2969 1698 repente
3005 1626 3134 1674 cor-

614 1701 842 1771 ruisse
888 1700 1247 1781 exanimi8‚
1303 1699 1604 1769 utetiam
1647 1701 1931 1770 brutum
1980 1700 2235 1770 animal
2266 1700 2635 1769 extinctum
2689 1698 2866 1766 illud
2930 1694 3135 1764 Eccle-

618 1789 761 1859 siae
801 1789 1034 1859 lumen
1071 1789 1336 1879 plorare
1380 1789 1746 1858 videretur.
1800 1788 1893 1858 Ad
1943 1801 2319 1858 extremum
2382 1788 2651 1857 illatum
2713 1802 2819 1856 est
2884 1803 3133 1854 sacrum

614 1900 870 1968 corpus
901 1877 972 1947 in
1022 1878 1356 1968 templum
1405 1889 1469 1947 et
1507 1890 1662 1947 ante
1710 1877 1922 1947 altare
1967 1901 2124 1948 cum
2177 1877 2395 1947 multa
2442 1875 2879 1946 veneratione
2928 1887 3133 1942 tumu-

621 1966 869 2036 latum.
1256 2029 1262 2035 .

698 2058 734 2142 ἓ
785 2059 952 2127 20.
1006 2060 1210 2125 Porro
1258 2053 1464 2124 frater
1502 2055 1948 2146 ReginaldUS‚
1988 2055 2190 2145 cujus
2238 2055 2386 2143 jam
2435 2054 2674 2124 crebro
2715 2052 2975 2124 mentio
3027 2048 3128 2116 ha-

612 2143 752 2213 bita
786 2155 909 2224 est,
948 2143 1034 2212 ad
1082 2166 1318 2213 eorum
1355 2144 1475 2231 qui
1522 2144 1827 2225 aderant,
1881 2143 2449 2224 aedificationem,
2510 2143 2727 2214 sancti
2773 2140 2904 2210 viri
2954 2139 3128 2207 inno·

610 2232 873 2301 centiae
901 2243 964 2301 et
1013 2233 1295 2321 puritati
1325 2232 1598 2323 insigne
1646 2247 1790 2303 tum
1838 2233 2135 2302 reddidit
2182 2233 2674 2313 testimonium,
2713 2232 2809 2301 ita
2860 2230 3124 2322 dicens:

612 2325 794 2421 «Ego
842 2321 1061 2390 sancti
1111 2321 1414 2392 Doctoris
1447 2321 1661 2408 hujus
1695 2334 1759 2391 et
1786 2321 1991 2390 vitam
2032 2334 2097 2390 et
2120 2322 2606 2392 conscientiam
2648 2322 2911 2411 optime
2956 2334 3123 2384 novi:

610 2430 867 2499 quippe
893 2409 1014 2496 qui
1060 2422 1124 2480 et
1172 2432 1373 2501 saepe
1420 2410 1707 2479 antehac
1755 2423 1819 2478 et
1855 2409 2001 2499 jain
2060 2411 2263 2479 etiarn
2332 2411 2462 2478 sub
2509 2410 2682 2479 vitae
2732 2411 2944 2478 finem
2997 2403 3127 2491 ejus

608 2498 1107 2570 confessionem
1157 2498 1542 2591 generalem
1593 2499 1857 2589 recepi:
1913 2511 2253 2587 testorque
2308 2492 2674 2569 Dominum
2723 2506 2985 2574 Jesum‚
3037 2509 3126 2560 me

606 2609 758 2658 eam
807 2611 1078 2678 semper
1125 2589 1194 2657 in
1244 2587 1362 2688 illo
1413 2587 1775 2688 puritatem
1829 2589 2245 2677 comperisse
2292 2611 2430 2675 qua
2478 2587 2696 2659 solent
2743 2610 2896 2657 esse
2943 2579 3123 2670 quin-

605 2698 740 2764 que
769 2699 1106 2747 annorum
1142 2699 1361 2767 puer13
1397 2698 1520 2745 nec
1577 2698 1761 2745 enim
1822 2700 2130 2763 unquam
2176 2678 2387 2747 sensit
2420 2677 2649 2746 carnis
2698 2699 2867 2748 suae
2913 2690 3123 2743 corru-

604 2766 882 2856 ptelam,
938 2788 1061 2835 nec
1108 2765 1324 2835 ullius
1379 2765 1710 2834 mortiferi
1761 2767 2019 2855 peccati
2068 2766 2307 2835 habuit
2365 2766 2436 2833 in
2472 2766 2823 2836 voluntate
2850 2777 3122 2833 consen-

604 2876 836 2923 sum.»
886 2859 950 2922 Is
997 2853 1420 2943 Reginaldus
1467 2852 1595 2923 fuit
1640 2853 2045 2924 individuus
2075 2860 2140 2924 S.
2168 2856 2463 2924 'rhomae
2511 2855 2764 2936 sociuS,
2810 2855 3004 2939 eique
3037 2841 3123 2944 os-

604 2942 838 3013 ficiose
874 2953 938 3010 et
969 2941 1204 3011 sedule
1237 2943 1306 3011 in
1332 2943 1682 3025 omnibus,
1719 2943 1904 3013 haud
1938 2966 2136 3027 secus
2170 2967 2247 3013 ac
2291 2944 2465 3035 patri
2494 2943 2704 3024 filius,
2761 2937 3115 3027 inservivit,

605 3035 772 3099 Cum
820 3030 1004 3099 enim
1052 3031 1138 3100 ad
1187 3031 1502 3101 coelestia
1538 3031 1639 3101 vir
1684 3032 2039 3124 angelicus
2074 3055 2273 3122 saepe
2304 3045 2681 3121 raperetur,
2723 3032 2911 3103 socio
2962 3018 3118 3095 fidel!

602 3139 779 3219 opus
828 3119 1117 3188 habebat
1165 3119 1286 3207 qui
1333 3120 1487 3209 ejus
1532 3142 1771 3190 curam
1820 3132 2104 3212 gereret,
2163 3144 2246 3190 ne
2293 3121 2459 3208 quid
2510 3122 2572 3190 ei
2639 3121 2982 3190 accideret
3022 3106 3119 3179 ad·

602 3229 805 3279 versi.
860 3209 1101 3279 Paucis
1130 3209 1376 3279 diebus
1423 3223 1579 3279 ante
1624 3231 1834 3296 quam
1888 3232 1923 3278 e
1969 3232 2253 3299 corpore
2300 3210 2403 3279 vir
2452 3210 2691 3279 beatus
2738 3209 3112 3297 emigraret,

600 3296 792 3367 visus
845 3309 947 3366 est
993 3301 1295 3369 Cometes
1349 3299 1468 3386 qui
1531 3298 1701 3385 quid
1754 3298 2221 3386 portenderet,
2278 3321 2349 3368 re
2396 3300 2545 3390 ipsa
2603 3298 2771 3368 satis
2823 3292 3120 3390 indicant

605 3385 886 3472 quando
935 3386 1256 3475 spiritum
1306 3387 1629 3458 reddente
1678 3387 1822 3456 viro
1871 3387 2009 3468 Dei,
2063 3387 2211 3478 ipse
2244 3388 2495 3479 pariter
2540 3387 2808 3457 defecit.
2864 3385 2954 3455 Ea
3000 3374 3123 3466 ips&

606 3474 1038 3575 autem-hora
1073 3498 1209 3561 qua
1249 3488 1566 3547 mortuus
1595 3488 1698 3546 est
1744 3476 1848 3544 vir
1877 3488 2179 3559 sanctuS,
2219 3482 2447 3547 Frater
2482 3476 2730 3546 Paulus
2760 3470 3116 3563 Aquilinus

604 3585 870 3654 insigni
919 3564 1257 3654 probitate
1303 3576 1368 3635 et
1413 3564 1937 3646 existimatione,
1993 3564 2062 3633 in
2107 3566 2433 3636 coenobio
2465 3564 2904 3655 Neapolitano
2949 3559 3013 3627 in
3044 3570 3123 3617 Vl·

599 3650 794 3722 sione
844 3652 1258 3743 imaginaria
1305 3653 1472 3722 vidit
1521 3653 1721 3722 illum
1762 3653 2038 3743 Neapoli
2075 3653 2145 3724 in
2196 3652 2531 3740 frequenti
2561 3653 2903 3723 auditorio
2948 3659 3120 3737 prae-

603 3740 940 3841 legentem
971 3755 1036 3811 et
1083 3741 1477 3832 Apostolum
1509 3741 1799 3812 Paulum
1846 3764 2004 3811 cum
2057 3741 2275 3812 multa
2324 3755 2717 3814 sanctorum
2767 3740 3123 3826 frequentia

602 3829 1102 3919 ingredientem
1157 3831 1226 3900 in
1278 3829 1573 3901 scholas.
1610 3835 1781 3901 Cum
1815 3844 2047 3901 autem
2097 3843 2376 3901 sanctus
2410 3832 2702 3902 Thomas
2739 3852 2775 3900 e
2821 3818 3113 3901 cathedra

597 3917 1064 3999 descenderet,
1121 3920 1402 3991 honoris
1447 3923 1660 3990 causa
1708 3920 1779 3990 in
1829 3920 1978 4010 ejus
2026 3941 2395 3990 occursum
2446 3939 2917 4011 processuruS,
2968 3916 3117 3997 ΑΡΟ-

599 4006 816 4077 stolus
854 4007 1067 4097 jussit
1098 4030 1258 4079 eum
1308 4031 1589 4100 pergere
1637 4009 1707 4078 in
1759 4008 2217 4099 praelectione
2264 4023 2604 4099 suscepta.
2660 4002 3117 4098 sciscitabatur

598 4117 754 4165 vero
802 4118 882 4166 ex
932 4096 1050 4167 illo
1097 4098 1413 4179 Thomas,
1466 4121 1627 4167 cum
1683 4098 1890 4187 probe
1936 4109 2297 4169 assecutus
2336 4110 2512 4167 esset
2552 4110 2849 4167 mentem
2881 4095 3113 4181 Epistoj

599 4184 828 4253 larum
875 4185 1050 4274 ejus.
1105 4187 1222 4256 Cui
1272 4186 1630 4277 Apostolus
1682 4186 2070 4277 respondit:
2111 4192 2503 4269 «Quantum
2554 4185 2833 4273 quidem
2867 4185 3109 4258 assequ¹

597 4285 818 4364 potest
845 4274 1192 4364 quispiam
1227 4274 1295 4343 in
1339 4275 1610 4359 mortali
1657 4296 2014 4365 corpore3»
2045 4285 2110 4344 et
2140 4275 2489 4346 subdidit:
2515 4298 2551 4341 «
2587 4280 2665 4344 At
2696 4296 2878 4345 nunc
2908 4272 3103 4337 tamen

597 4384 677 4434 eo
719 4375 781 4434 te
827 4362 1293 4454 perducturus
1324 4387 1505 4448 sum,
1559 4363 1685 4434 ubi
1715 4364 1917 4455 longe
1964 4363 2208 4453 majori
2257 4363 2626 4436 instrueris
2668 4359 3034 4455 cognitione
3057 4350 3113 4410 θῑ
