3327 4999
629 302 758 367 574
2824 296 3087 363 MART.

661 520 1309 687 tAMENTATlo
1389 521 2066 622 BEATlSSlMAE
2140 521 2301 621 DEl
2376 516 2957 620 GENITRlClS

1286 740 1552 807 PROPE
1611 741 1936 807 CRUCEM
2002 741 2334 807 STANTIS

1107 930 1242 977 PER
1313 930 1548 977 DIVUM
1616 927 1969 977 EPHRAEM
2042 928 2523 977 nnssssznmt.

624 1105 661 1190 ἕ
707 1109 784 1175 1.
841 1108 1038 1173 Stans
1085 1102 1270 1194 apud
1322 1106 1605 1172 Crucem
1677 1103 2055 1193 purissima
2100 1102 2343 1193 Virgo,
2404 1102 2961 1190 Salvatoremque
3009 1104 3095 1173 in

538 1192 728 1283 ligno
776 1214 1191 1283 suspensum
1233 1192 1648 1281 suspiciam,
1708 1192 1946 1283 plagas
1995 1194 2347 1283 reputans,
2383 1191 2659 1262 intuens
2706 1204 2771 1260 et
2818 1192 3087 1273 clavoS,

536 1280 875 1368 querelaS,
927 1279 1292 1372 colaphoS,
1349 1304 1428 1350 ac
1477 1279 2054 1372 flagellationem,
2116 1303 2274 1350 cum
2327 1282 2657 1372 gravibus
2702 1282 3031 1371 suspiriis
3071 1338 3090 1364 ,

532 1392 691 1440 cum
745 1370 909 1439 fletu
956 1369 1262 1461 ingenti,
1323 1392 1484 1439 cum
1535 1370 1857 1439 lamentis
1902 1369 2442 1439 dolorosissimis
2489 1369 2919 1451 exclamavit,
2977 1371 3095 1440 di-

534 1481 733 1530 cens:
789 1459 875 1527 Mi
923 1457 1022 1528 fili
1071 1457 1497 1539 dulcissime,
1542 1458 1993 1528 dilectissime
2041 1459 2176 1539 fili,
2232 1459 2579 1546 quomodo
2626 1464 2911 1529 Crucem
2970 1482 3097 1530 su-

536 1549 798 1619 stines?
837 1548 923 1616 Mi
973 1547 1070 1615 fili
1118 1560 1184 1616 et
1233 1547 1326 1616 mi
1387 1553 1587 1626 Deus,
1642 1548 1989 1634 quomodo
2037 1561 2262 1637 sputa,
2330 1547 2558 1619 clavos
2604 1562 2673 1616 et
2733 1547 3105 1631 lanceam,.

534 1637 881 1725 quomodo
927 1636 1180 1727 pateris
1242 1634 1501 1725 alapas,
1545 1637 1749 1718 risuS,
1805 1635 2118 1725 injurias,
2158 1636 2466 1725 spineam
2518 1658 2870 1716 coronam,
2918 1660 3091 1727 pur-

537 1747 822 1816 puream
871 1738 1149 1805 vestem,
1204 1726 1592 1815 spongiam,
1628 1724 2069 1806 arundinem,
2120 1725 2206 1793 fel
2238 1736 2303 1793 et
2350 1726 2673 1795 acetum‘?
2718 1727 3087 1808 Quomodo

533 1814 843 1905 pendens
890 1813 958 1882 in
1011 1818 1219 1884 Cruce
1258 1813 1673 1893 denudatuS,
1729 1814 1820 1881 mi
1850 1815 1978 1895 fili,
2015 1815 2136 1900 qui
2179 1812 2444 1884 coelum
2493 1814 2799 1884 nubibus
2847 1831 3091 1885 conte-

532 1903 690 1994 gis?
736 1902 1091 1986 Quomodo
1153 1902 1334 1971 sitim
1388 1900 1522 1971 fers
1568 1902 1689 1990 qui
1737 1924 1810 1972 es
1873 1902 2121 1992 opifex,
2172 1904 2430 1990 quique
2490 1925 2676 1971 mare
2742 1916 2807 1972 et
2863 1925 3089 1990 aquas

534 2014 774 2062 omnes
821 1993 1118 2061 creasti?
1165 1991 1527 2072 Quomodo
1564 1991 1851 2060 moreris
1900 1991 2139 2062 insons
2188 1993 2256 2061 in
2312 1990 2538 2060 medio
2587 1990 3085 2061 scelestorum?

534 2081 878 2163 Quidnam
929 2080 1388 2148 commisisti?
1435 2084 1579 2163 Qua
1632 2081 1702 2148 in
1756 2103 1849 2161 re,
1928 2080 2028 2153 fili
2093 2080 2211 2162 mi,
2283 2076 2625 2150 Hebraeos
2672 2080 3085 2151 offendisti?

535 2174 612 2239 Et
659 2193 787 2239 cur
823 2191 985 2259 ergo
1037 2182 1096 2237 te
1129 2169 1242 2238 isti
1292 2168 1496 2239 simul
1549 2168 1796 2256 iniqui,
1852 2167 2057 2240 simul
2114 2170 2390 2260 ingrati,
2449 2169 2643 2239 Cruci
2694 2168 3087 2260 suffigunt?

536 2264 838 2341 Quorum
914 2257 1200 2327 claudos
1245 2270 1310 2326 et
1378 2258 1755 2347 permultos
1823 2257 2360 2327 valetudinarios
2431 2258 2715 2337 sanasti,
2772 2272 3087 2328 mortuos

532 2346 914 2429 vivificasti,
970 2347 1452 2436 paralyticum,
1506 2346 1573 2415 id
1623 2360 1747 2428 est,
1805 2347 2134 2416 membris
2165 2347 2491 2416 omnibus
2540 2347 2869 2427 laxatum,
2914 2369 3087 2416 con·

535 2436 867 2517 solidasti,
923 2436 1020 2505 mi
1068 2434 1168 2505 fili
1220 2434 1686 2526 pientissime:
1740 2435 1859 2523 qui
1924 2436 2009 2506 ab
2059 2449 2251 2506 utero
2302 2458 2582 2507 caecum
2637 2435 3080 2520 illuminasti,

535 2525 631 2595 mi
681 2524 1027 2606 Salvator,
1108 2526 1356 2595 viduae
1405 2525 1625 2595 filium
1710 2525 2079 2604 suscitasti,
2135 2548 2174 2595 o
2223 2525 2538 2596 omnium
2590 2526 2776 2594 vita:
2829 2527 2954 2612 qui
3007 2527 3087 2594 fi-

534 2613 696 2683 liam
750 2620 1142 2684 Cananaeae
1211 2615 1536 2694 servasti,
1592 2615 2023 2684 Centurionis
2075 2614 2293 2683 filium
2366 2637 2407 2683 a
2476 2628 2691 2683 morte
2740 2614 3079 2685 liberasti.

532 2706 770 2774 Arena.
824 2702 1270 2789 quantumvis
1342 2725 1732 2784 numerosa,
1788 2725 2183 2773 mensuram
2239 2704 2487 2774 habere
2529 2717 2786 2793 potest,
2842 2718 2911 2773 at
2963 2717 3086 2774 tua

533 2791 894 2873 miracula,
947 2791 1070 2872 fili,
1109 2809 1383 2861 omnem
1425 2813 1708 2881 prorsus
1757 2792 2036 2861 modum
2072 2792 2433 2861 excedunt.
2468 2797 2794 2862 Lazarum
2847 2815 2884 2861 a
2938 2815 3087 2861 rno-

533 2895 865 2950 numento
914 2880 1300 2951 suscitasti:
1338 2880 1425 2948 Mi
1461 2885 1728 2961 Lazare,
1774 2880 2116 2967 inquien5‚
2152 2882 2255 2950 exi
2306 2881 2391 2950 de
2440 2879 2758 2970 sepulcro
2793 2904 2807 2948 :
2851 2894 2917 2949 et
2953 2904 3084 2952 vox

534 2979 651 3038 tua
700 2991 858 3038 eum
910 2968 1113 3037 traxit
1157 2970 1245 3038 ab
1298 2968 1534 3037 inferis
1578 2982 1648 3037 et·
1690 2969 1773 3037 ad
1825 2970 2062 3040 vitales
2100 2991 2307 3039 auras
2358 2969 2715 3039 revocavit.
2771 2975 2868 3039 Tu
2919 2992 3081 3040 vero

532 3058 880 3145 quomodo
928 3057 1207 3135 interis,
1280 3056 1376 3126 fili
1431 3058 1525 3127 mi
1573 3056 1995 3141 dulcissime,
2068 3058 2510 3149 magnanime
2563 3062 2778 3127 Deus?
2829 3058 3082 3128 Deficio

532 3159 594 3216 te
641 3145 1031 3237 suspiciens
1092 3146 1162 3215 in
1221 3145 1407 3238 ligno
1449 3168 1890 3236 suspensum,
1943 3147 2463 3229 conclavatum,
2518 3147 2881 3239 plagisque
2930 3148 3081 3238 ple-

533 3257 729 3317 num,
772 3235 865 3302 mi
917 3234 1037 3304 fili.

619 3326 655 3411 ἓ
721 3330 808 3395 2.
862 3327 912 3394 Ο
959 3323 1204 3394 Judaei
1254 3323 1491 3414 illeges
1536 3335 1603 3393 et
1650 3324 1897 3393 Christi
1948 3324 2436 3407 interfectores,
2474 3324 2697 3411 iniqui
2746 3325 2819 3392 in
2863 3329 3080 3395 Deum

526 3424 593 3482 et
639 3413 707 3481 in
760 3426 1134 3482 creatorem
1177 3408 1502 3484 'vestrum
1540 3413 1815 3504 ingrati,
1876 3436 2101 3483 nonne
2154 3417 2413 3483 manna
2451 3435 2569 3482 vos
2599 3412 2772 3482 aluit
2812 3414 2882 3482 in
2933 3416 3081 3482 ere-

530 3505 686 3570 mo?
732 3506 967 3571 Nonne
999 3524 1187 3572 mare
1235 3524 1357 3593 per
1391 3507 1685 3591 Moysem
1724 3502 2051 3572 diremit?
2098 3509 2332 3573 Nonne
2377 3502 2675 3571 traduxit
2708 3503 2777 3570 in
2824 3516 3079 3571 terram

525 3591 1055 3681 promissionis?
1102 3598 1178 3660 At
1240 3605 1335 3672 tu,
1403 3590 1657 3683 popule
1708 3614 2029 3678 nequam,
2083 3605 2147 3661 et
2205 3592 2447 3663 Christi
2499 3591 2899 3682 abnegator,
2957 3612 3081 3681 pro

522 3679 906 3749 commodis
954 3692 1019 3748 et
1065 3679 1265 3751 bonis
1306 3680 1650 3749 contraria
1712 3680 2013 3771 reponis,
2070 3702 2192 3771 pro
2255 3703 2511 3750 manna
2558 3680 2670 3760 fel,
2728 3702 2849 3770 pro
2898 3702 3081 3766 aqua

522 3781 818 3838 acetum.
872 3769 1319 3838 Amarissima
1370 3783 1430 3838 te
1474 3770 1747 3859 potione
1795 3783 2121 3860 potarunt
2157 3770 2379 3859 impii,
2430 3769 2527 3838 mi
2576 3769 2699 3837 sili.
2755 3769 3078 3854 Quinque

523 3858 826 3948 panibus
873 3857 1108 3927 aluisti
1147 3858 1457 3945 quinque
1505 3858 1866 3928 hominum
1918 3858 2168 3927 millia:
2221 3858 2554 3928 Judaeam
2608 3857 2746 3927 tuis
2796 3857 3081 3927 concio-

523 3947 733 4015 nibus
784 3946 1108 4037 implesti,
1167 3946 1260 4015 mi
1312 3947 1433 4016 fili.
1491 3948 1616 4017 Ubi
1662 3969 1845 4016 nunc
1897 3947 2343 4037 pulchritudo
2387 3961 2525 4028 tua,
2565 3946 2712 4014 fili?
2747 3947 2875 4015 Ubi
2918 3960 3082 4015 tuus

524 4035 729 4105 modo
777 4035 1032 4105 decor?
1078 4035 1435 4119 Quomodo
1500 4037 1568 4105 in
1634 4042 1843 4106 Cruce
1890 4038 2230 4105 extinctus
2295 4058 2409 4117 ες,
2467 4036 2561 4104 mi
2623 4034 2721 4104 fili
2783 4049 2850 4103 et
2899 4039 3081 4103 Deus

523 4127 763 4193 meus?
811 4125 919 4193 Sol
971 4124 1205 4194 lumen
1256 4148 1459 4196 suum
1511 4126 1905 4194 obscuravit
1937 4138 2001 4194 et
2050 4124 2229 4194 alius
2262 4124 2482 4194 sactus
2529 4138 2652 4203 est,
2709 4122 3080 4213 splendida

526 4211 692 4282 luna
741 4212 810 4280 in
863 4213 1178 4283 tenebras
1228 4215 1529 4293 evanuit,
1585 4229 1813 4304 petrae
1863 4227 2024 4283 sunt
2093 4212 2467 4304 perfractae
2514 4225 2579 4282 et
2626 4225 3079 4281 monumenta

521 4315 780 4390 aperta,
837 4302 1211 4393 templique
1262 4303 1487 4371 velum
1540 4303 1607 4370 in
1660 4303 1799 4372 duo
1848 4316 1948 4372 est
2015 4303 2417 4373 discissum.
2501 4308 2859 4371 Creaturae
2906 4322 3079 4400 con-3

525 4390 814 4461 ditorem
865 4414 1070 4461 suum
1120 4404 1186 4462 et
1216 4392 1535 4482 opificem
1585 4407 2105 4482 cognoverunt:
2159 4406 2224 4463 et
2274 4392 2350 4460 hi
2395 4390 2696 4483 perversi
2741 4403 2807 4459 et
2838 4389 3077 4459 miseri
