3327 4999
719 283 843 349 664
2103 310 2116 329 ν
2696 280 2799 348 Ex
2843 282 3018 349 01:1⁸.
3079 282 3153 347 Η

918 449 1149 549 vm
1222 412 1896 550 SyBRUNONJS
1966 448 2438 551 incunte.
2513 447 2858 549 coron.

716 707 994 783 Aflcroaa
1040 705 1366 754 nomentio
1416 705 1856 765 ΒΕΝΕυιοΤιΝο,
1910 706 2017 762 om
2066 704 2329 755 CLARUIT
2376 704 2546 752 ΑΝΝο
2585 703 2834 753 cmusrl
2868 686 3064 752 4040.

961 886 1182 941 Natus
1226 899 1401 942 anno
1446 888 1566 963 925
1609 915 1684 925 —
1728 885 1912 942 obiit
1941 838 2076 942 Ι965
2118 916 2194 924 —-
2233 886 2387 942 Nat.
2433 884 2831 941 Germanus.

714 1089 750 1172 ξ
814 1088 891 1154 1.
946 1087 1379 1172 compertum
1414 1095 1515 1153 est
1555 1104 1841 1172 nupera
1893 1081 2212 1172 plurimis
2252 1080 2320 1150 in
2373 1079 2744 1151 venerabili
2793 1079 3157 1150 coloniens

629 1174 723 1244 sis
778 1169 1115 1241 Ecclesiae
1172 1171 1409 1241 Archie
1463 1171 1694 1262 iscnpo
1745 1176 2057 1242 Brunone
2106 1171 2258 1262 piae
2318 1169 2710 1251 memoriae,
2763 1181 2828 1239 et
2888 1169 3056 1240 satis
3132 1195 3163 1239 a

633 1259 1189 1353 prudentioribus
1250 1260 1410 1330 intel
1445 1274 1693 1342 ectum,
1751 1260 1952 1330 horno
2007 1259 2268 1330 homini
2330 1259 2496 1349 quid
2561 1269 2876 1351 praestet.
2948 1259 3163 1350 Cujus

634 1351 938 1442 plerique
985 1349 1160 1419 dicta
1211 1364 1275 1419 et
1335 1371 1539 1441 opera
1586 1350 1708 1437 qui
1754 1349 2165 1420 familiarius
2212 1371 2366 1419 eum
2434 1361 2780 1430 noverant,
2835 1349 3001 1419 satis
3039 1349 3160 1418 ad·

634 1440 865 1509 mirari
919 1439 1314 1526 nequibant.
1370 1444 1573 1508 Erant
1610 1438 1795 1508 enim
1832 1440 1900 1508 in
1951 1439 2066 1507 illo
2114 1462 2252 1509 uno
2299 1438 2578 1508 homine
2626 1459 2735 1508 res
2778 1437 2975 1508 valde
3021 1438 3165 1508 dis·

632 1529 932 1601 similes:
1001 1527 1333 1596 natalium
1410 1528 1766 1608 nobilitaS,
1825 1529 2156 1598 honorum
2223 1528 2525 1616 dignitas
2582 1540 2786 1614 atque
2834 1527 3162 1598 scientiae

629 1641 803 1707 quae
853 1617 1091 1686 inflare
1139 1617 1329 1695 solet,
1386 1629 1566 1686 tanta
1628 1616 2042 1698 sublimitas,
2098 1624 2173 1685 ut'
2222 1617 2390 1686 nihil
2442 1638 2678 1707 supra:
2732 1616 2948 1685 animi
3002 1639 3160 1687 vero

630 1721 693 1777 et
743 1706 1016 1776 habitus
1087 1705 1489 1786 humilitaS‚
1541 1718 1876 1792 quantum
1926 1728 1966 1774 a
2035 1706 2504 1796 sagacioribus
2551 1705 2851 1777 discerni
2907 1705 3154 1796 potuit,

628 1808 704 1867 ut
736 1796 907 1866 nihil
940 1794 1118 1864 infra
1150 1807 1445 1885 putares:
1487 1794 1733 1875 media,
1784 1794 2110 1865 charitate
2139 1807 2481 1865 constrata
2512 1805 2697 1864 sunt.
2749 1794 3155 1866 Arridebant

626 1888 688 1956 ei
736 1885 967 1955 omnia
1012 1905 1187 1971 quae
1218 1884 1301 1951 ad
1340 1883 1589 1953 fastum
1640 1896 2096 1975 suppeterent,
2151 1905 2325 1971 quae
2355 1906 2392 1952 a
2444 1907 2514 1953 se
2571 1906 2712 1954 sem
2767 1905 2842 1953 er
2888 1883 3155 1953 studio-

630 1975 900 2045 sissime
951 1972 1258 2063 vigilanti
1300 1995 1511 2042 manu
1550 1972 1980 2042 discretionis
2029 1974 2367 2063 abegerat;
2423 1973 2516 2042 ita
2549 1972 2694 2042 aliu
2778 1972 2863 2042 ad
2913 1973 3161 2044 oculos

630 2064 1015 2144 hominum,
1068 2061 1257 2133 aliud
1314 2061 1399 2130 ad
1466 2075 1700 2134 testem
1746 2062 2056 2131 cordium
2105 2062 2486 2131 exhibebat.
2535 2062 2742 2153 Cujus
2788 2083 3158 2132 conversa-

635 2153 835 2224 tionis
891 2151 1201 2240 exemplo
1262 2151 1596 2241 plurimos
1658 2150 2023 2221 salubriter
2086 2151 2352 2221 institui
2403 2172 2599 2242 posse
2644 2151 3020 2232 credimus,
3097 2151 3158 2223 si

628 2242 940 2312 eamdem
973 2239 1261 2310 strictim
1298 2262 1338 2309 a
1388 2239 1678 2331 pueritia
1727 2254 2134 2330 repetamus.
2191 2241 2455 2310 Habent
2500 2240 2685 2310 enim
2738 2240 2807 2309 in
2843 2240 2961 2310 illa
3013 2263 3157 2309 me-

630 2332 894 2401 diocres
947 2341 1013 2399 et
1060 2328 1357 2399 humiles
1389 2386 1404 2411 ,
1470 2328 1655 2398 unde
1702 2330 2214 2400 convalescant:
2269 2329 2425 2399 elati
2474 2341 2710 2399 contra
2764 2343 2829 2401 et
2875 2329 3148 2411 diviteS‚

629 2421 814 2491 unde
859 2418 1367 2512 obstupescant.
1444 2423 1801 2490 Atavorum
1851 2420 2001 2512 ejus
2047 2419 2272 2502 atavi,
2336 2441 2553 2508 usque
2635 2420 2720 2488 ad
2788 2420 3153 2490 hominurn

632 2509 1057 2591 memoriam,
1096 2532 1334 2580 omnes
1380 2508 1831 2579 nobilissimi:
1894 2508 2126 2580 nullus
2174 2509 2243 2578 in
2283 2530 2523 2579 eorum
2571 2509 2782 2600 stirpe
2830 2510 3149 2602 ignotus,

631 2600 867 2670 nullus
912 2600 1207 2690 degener
1252 2598 1448 2668 facile
1509 2598 1862 2687 reperitur.
1918 2599 2038 2668 Hic
2094 2611 2318 2668 tamen
2371 2620 2628 2679 omnes,
2692 2598 2881 2669 salva
2929 2603 3157 2687 Augu-

630 2704 887 2759 storum
939 2700 1003 2757 et
1049 2694 1309 2779 Regum
1350 2687 1770 2766 excellentia,
1826 2689 2106 2757 omnino
2138 2687 2732 2779 perspicacissime
2782 2687 3159 2757 lineamen-

631 2792 853 2848 torum
895 2776 1136 2867 gratia‚
1181 2777 1434 2846 artium
1485 2778 1700 2866 gloria
1740 2788 1804 2845 et
1851 2776 2219 2866 omnigena
2265 2777 2482 2845 animi
2522 2776 2895 2867 superabat
2946 2774 3160 2845 indu-

629 2868 817 2938 stria:
872 2879 1071 2935 natus
1126 2888 1203 2934 eo
1252 2878 1551 2955 tempore
1582 2887 1718 2951 quo
1770 2876 1955 2955 pater
1999 2866 2146 2954 ejus
2195 2866 2531 2936 Henricus
2558 2865 2667 2954 (a)
2716 2870 2853 2934 Rex
2910 2862 3166 2956 glorio·

630 2979 768 3032 sus,
838 2953 1211 3043 perdomita
1280 2954 1727 3023 barbarorum
1779 2955 2078 3034 saevitia,
2154 2975 2462 3043 represso
2521 2954 2724 3024 etiam
2793 2952 3159 3025 intestinae

627 3043 843 3114 cladis
878 3042 1202 3133 periculo,
1241 3042 1467 3111 diruta
1500 3065 1749 3133 magno
1782 3040 2009 3112 studio
2039 3043 2533 3125 reaedificabat,
2569 3056 2634 3113 et
2671 3042 3004 3113 volentem
3045 3063 3165 3132 po-

634 3133 873 3222 pulum
932 3131 1238 3221 justitiae
1288 3131 1495 3201 frenis
1539 3132 1603 3199 in
1658 3131 1995 3201 tutissima
2068 3144 2131 3201 et
2177 3132 2603 3224 optatissima
2662 3132 2943 3203 demum
3044 3154 3169 3201 ace

630 3221 924 3311 regebat.
979 3224 1077 3289 Ita
1110 3220 1477 3290 nativitatis
1507 3220 1655 3307 ejus
1689 3234 1958 3312 tempus
1997 3222 2142 3311 jam
2176 3222 2375 3310 quasi
2407 3220 2637 3290 futura
2666 3221 2886 3291 bonae
2919 3242 2996 3292 vo
3029 3243 3162 3290 un-

634 3311 786 3380 tatis
833 3310 981 3399 eJus
1033 3308 1329 3399 insignia
1363 3308 1800 3399 praeferebat.
1858 3316 2019 3382 Nam
2071 3333 2229 3381 cum
2278 3332 2479 3381 omne
2506 3309 2689 3397 quod
2742 3311 3005 3380 bonum
3055 3332 3166 3379 es-

636 3412 757 3480 set,
803 3397 1229 3468 vivacissime
1278 3419 1547 3490 semper
1593 3412 1959 3490 appeteret,
1998 3400 2188 3491 pacis
2236 3399 2495 3469 donum
2529 3399 2726 3487 quasi
2779 3400 3164 3469 nutrimen-

636 3502 776 3557 tum
837 3500 902 3558 et
947 3501 1429 3557 ornamentum
1492 3488 1840 3576 quoddam
1917 3501 2338 3560 caeterarum
2401 3488 2769 3570 virtutum,
2826 3488 3164 3560 solicitius

630 3577 947 3668 expetivit
994 3577 1173 3664 quod
1226 3576 1424 3647 bonis
1472 3579 1796 3648 omnibus
1882 3577 2265 3648 rofuturum
2326 3577 2709 3670 praescivit.
2751 3575 3166 3666 Tranquilli-

635 3667 791 3736 tatis
838 3667 1022 3734 enim
1074 3678 1376 3756 tempore
1425 3668 1675 3736 nutriri
1751 3601 1996 3737 debent
2044 3681 2108 3737 et
2156 3667 2434 3738 solidari
2511 3667 2838 3750 virtutes,
2892 3680 2969 3737 ut
3014 3688 3168 3757 per-

638 3756 1027 3826 turbatione
1092 3755 1393 3843 qualibet
1444 3757 1826 3847 ingruente,
1882 3779 1921 3825 a
1968 3768 2187 3827 status
2245 3756 2353 3827 sui
2405 3757 2636 3847 vigore
2698 3756 3044 3827 hominem
3095 3776 3169 3825 e-

638 3844 893 3914 molliri
944 3866 1077 3913 non
1131 3845 1381 3914 sinant.

720 3937 754 4020 §
807 3938 892 4004 2.
935 3938 1025 4002 Eo
1074 3944 1379 4024 tempore
1426 3956 1753 4024 generosa
1786 3939 2047 4025 Regum
2085 3934 2307 4026 proles
2341 3940 2589 4016 Bruno,
2627 3956 2843 4004 annos
2894 3934 3169 4005 circiter

631 4035 926 4109 quatuor
974 4023 1256 4104 habens,
1314 4022 1715 4094 liberalibus
1772 4023 2122 4094 literarum
2175 4023 2424 4094 studiis
2499 4024 2950 4105 imbuenduS,
3013 4023 3168 4093 Bal-

633 4113 823 4181 drico
866 4112 1234 4181 venerabili
1285 4113 1615 4204 Episcopo
1663 4113 1785 4199 qui
1817 4113 2044 4182 adhuc
2093 4126 2425 4204 superest,
2472 4113 2849 4204 Trajectum
2905 4112 3167 4183 missus

687 4317 744 4358 ((ι)
774 4310 924 4350 Filius
946 4311 1139 4350 Othonis
1162 4311 1384 4351 saxoniae
1403 4312 1537 4351 ducis
1556 4313 1603 4352 et
1619 4312 1659 4351 S.
1683 4312 1922 4352 Mathucus
1942 4311 2038 4362 (vel
2059 4312 2360 4359 Mechtildts);
2385 4312 2466 4362 qui
2486 4312 2543 4352 sb
2564 4313 2721 4352 avium
2741 4313 3059 4361 annulumque
3074 4322 3167 4352 ma-

632 4365 1106 4461 {hmssaggffggabnur'
1126 4367 1288 4415 Auceps
1306 4365 1633 4406 denominatus
1655 4366 1743 4406 est.
1774 4367 1872 4407 Hoc
1891 4366 2117 4416 principe,
2135 4375 2434 4406 romanorum
2455 4366 2704 4416 imperium
2723 4375 2749 4405 ι
2762 4366 2955 4407 Rauola
2969 4365 3161 4406 transiit
