3327 4999
250 296 499 362 MART.
556 296 638 361 ⁴9
1002 314 1079 359 ne
1127 313 1218 361 ss.
1271 312 1637 361 LANDOALno
1685 314 1761 361 m·
1808 315 2089 363 AnANrto
2578 300 2705 366 359

256 410 533 469 coactus
578 422 618 468 a
665 420 822 488 rege
867 408 933 468 et
986 397 1482 478 sacerdotibus,
1535 398 1902 490 episcopus
1950 399 2036 469 ad
2087 399 2660 490 praedicandum,
2714 414 2794 474 ut

256 501 422 558 tunc
456 487 667 557 moris
699 498 865 568 erat,
901 498 1003 556 est
1039 487 1417 575 ordinatus.
1460 487 2010 575 circumquaque
2054 488 2307 559 etenim
2355 512 2790 590 paganorum

258 598 488 646 errore
535 577 765 646 adbuc
813 576 1286 676 impendente,
1340 597 1615 647 necesse.
1680 590 1824 646 erat
1887 589 2025 647 tam
2075 578 2414 670 religioffls
2464 580 2798 671 principi-

256 665 393 735 bus
427 721 442 747 ,
493 687 701 753 quam
754 665 1023 734 Domini
1070 665 1543 737 sacerdotibus
1577 719 1594 746 ,
1645 665 1816 736 alios
1863 667 1951 736 ad
2001 668 2284 738 verbum
2336 668 2611 738 Domini
2674 690 2801 738 an-

254 753 766 833 nunciandum,
831 752 1462 844 baptizandumque
1509 754 1847 845 populum
1879 809 1895 837 ,
1947 767 2013 826 et
2059 755 2621 827 confirmandum
2688 780 2799 828 or-

252 843 525 914 dinare.

345 935 382 1019 §
436 937 524 1002 ὓ.
608 920 801 1015 Ουόἀ
850 941 926 1001 ut
972 930 1234 1000 nemini
1284 930 1595 1001 videatur
1640 931 2050 1023 ambiguum
2085 987 2100 1013 ‚
2155 933 2346 1003 testis
2393 945 2495 1003 est
2541 938 2820 1004 Taxan-·

249 1020 433 1103 dria,
486 1034 639 1111 post
689 1020 940 1091 multos
988 1021 1148 1090 hinc
1216 1042 1434 1089 annos
1480 1043 1517 1088 a
1567 1025 1638 1089 B.
1693 1021 2049 1091 Lamberto
2098 1021 2438 1092 idolorum
2501 1022 2800 1093 culturis

249 1111 572 1201 stirpitus
619 1110 925 1179 liberata.
979 1109 1511 1178 Brachbantium
1551 1131 1846 1196 quoque,
1903 1109 2141 1180 multis
2186 1112 2540 1182 erroribus
2579 1113 2800 1202 genti-

250 1199 433 1269 lium
475 1200 836 1279 irretitum‚
884 1200 970 1268 ab
998 1200 1149 1289 ejus
1183 1218 1574 1268 successore
1608 1202 1673 1268 S.
1708 1199 2010 1269 Huberto
2042 1221 2122 1268 ex
2161 1213 2350 1290 parte
2382 1212 2793 1271 correctum:

255 1288 626 1358 Germania
671 1288 875 1357 etiam
929 1310 1097 1378 pene
1145 1298 1302 1368 tota,
1360 1287 1620 1356 noviter
1654 1308 1788 1356 non
1839 1287 2065 1357 solum
2115 1310 2467 1370 conversa,
2524 1290 2641 1359 sed
2694 1302 2796 1358 et-

254 1377 398 1446 iam
450 1378 645 1446 novis
690 1377 1058 1467 episcopiis
1104 1388 1169 1445 et
1215 1375 1523 1445 ecclesiis
1570 1376 1910 1446 illustrata
1978 1378 2231 1466 pariter
2276 1389 2341 1447 et
2398 1378 2634 1449 ditata.
2708 1384 2802 1449 Ex

259 1466 348 1536 iis
389 1466 561 1536 alios
610 1465 924 1535 novimus
973 1464 1464 1556 praedicationi
1510 1487 1732 1552 usque
1781 1465 1862 1533 ad
1904 1466 2167 1535 obitum
2218 1467 2570 1548 institisse,
2626 1467 2802 1538 alios

259 1556 669 1626 vacantibus
716 1555 1083 1655 episcopiis
1130 1565 1249 1624 aut
1294 1554 1589 1626 abbatiis
1650 1566 1881 1654 postea
1930 1556 2335 1647 subrogatos
2382 1577 2553 1638 esse,
2628 1555 2802 1626 alios

262 1645 461 1713 novis
506 1643 837 1723 ecclesiis,
891 1644 1240 1733 episcopia
1288 1665 1461 1713 nova
1509 1643 1912 1713 instituisse.
1950 1650 2195 1716 Beatus
2243 1667 2400 1715 vero
2447 1645 2803 1716 Amandus

260 1733 567 1801 officium
618 1744 1013 1822 susceptum
1064 1746 1340 1801 strenue
1387 1732 1695 1822 implevit
1740 1733 2194 1803 circumcirca
2241 1734 2507 1824 positis,
2549 1740 2798 1804 Vacce-

254 1822 431 1912 jam,
485 1821 551 1889 id
602 1833 724 1905 est,
780 1821 1182 1890 Vasconiam
1240 1834 1306 1889 et
1353 1821 1741 1892 Danubium
1793 1822 1976 1891 ultra
2021 1836 2447 1913 perreptanS,
2510 1824 2801 1893 verbum

265 1910 538 1980 Domini
572 1909 1026 1990 annuntiavit,
1094 1908 1310 1978 donec
1357 1910 1533 1978 vires
1574 1933 1736 1980 suas
1783 1911 1868 1979 ad
1918 1933 2093 2001 opus
2141 1923 2280 1980 tam
2344 1911 2644 1981 arduum
2698 1912 2801 1980 vi-

269 1998 439 2067 dens
478 2020 614 2068 non
662 1998 996 2079 sufficere,
1036 2003 1323 2067 Romam
1383 1998 1781 2068 deliberavit
1827 2000 2064 2069 iterato
2121 2000 2334 2070 adire.
2407 2006 2800 2069 Romanum

268 2087 724 2159 universalem
777 2087 1252 2157 Pontificatum
1291 2088 1620 2156 Martinus
1669 2092 1850 2178 Papa
1900 2102 2042 2157 tum
2091 2089 2642 2158 administrabat.
2676 2088 2804 2157 Cui

268 2181 343 2245 B.
398 2176 740 2245 Amandus
785 2188 1041 2257 votum,
1085 2176 1286 2265 cujus
1340 2177 1622 2246 obtentu
1670 2188 1965 2256 venerat,
2019 2177 2491 2268 exprompsit:
2545 2177 2668 2263 qui
2727 2188 2805 2247 ut

264 2265 403 2334 sibi
449 2265 533 2333 ad
575 2265 641 2333 id
684 2287 858 2355 opus
907 2264 1374 2355 peragendum
1427 2264 1779 2355 suppetias
1814 2265 2266 2347 mitterentur,
2313 2267 2644 2356 poposcit.
2682 2269 2805 2334 De-

264 2354 497 2424 stinati
548 2366 708 2423 sunt
745 2354 808 2422 ei
849 2353 1102 2444 plureS,
1137 2375 1432 2440 quorum
1484 2354 1769 2423 nomina
1812 2353 2233 2433 exciderunt,
2273 2354 2645 2444 adjutores.
2686 2359 2802 2424 In·

262 2454 369 2514 ter
415 2466 587 2531 quos
627 2448 691 2512 S.
732 2443 1166 2513 Landoaldus
1214 2442 1794 2534 Archipresbyter‚
1833 2442 2189 2513 Amantius
2223 2444 2583 2514 Diaconus:
2624 2465 2799 2531 quos

263 2533 470 2603 etiam
532 2534 892 2602 comitatae
954 2544 1116 2602 sunt
1162 2545 1435 2602 sanctae
1492 2532 1829 2602 foeminae
1886 2533 2214 2602 Vinciana
2261 2546 2326 2602 et
2373 2532 2788 2613 AdeltrudiS‚

268 2645 428 2691 cum
480 2620 635 2691 aliis
671 2622 833 2690 viris
862 2634 927 2690 et
959 2621 1367 2691 mulieribus
1398 2634 1682 2711 septem.
1722 2628 1846 2691 Per
1876 2621 2056 2691 idem
2093 2620 2230 2690 fere
2260 2635 2528 2711 tempus
2556 2627 2802 2691 Beatus

265 2710 562 2780 Joannes
594 2711 1099 2800 Tungrensium
1136 2711 1234 2779 vel
1269 2711 1803 2801 Trajectensium
1836 2710 2125 2780 feliciter
2156 2733 2398 2802 regens
2439 2711 2800 2801 pontifica-

266 2810 440 2881 tum,
495 2812 782 2868 mortem
831 2799 1177 2869 occubuit.

353 2891 392 2975 ξ
437 2892 529 2959 3.
577 2888 993 2979 Dagobertus
1040 2911 1178 2968 rex,
1215 2888 1336 2977 qui
1388 2899 1573 2978 patre
1620 2887 1940 2958 defuncto
1982 2910 2211 2958 rerum
2263 2888 2520 2979 potitus
2566 2886 2810 2976 auspi«

261 2977 580 3046 cabiliter
637 2991 1079 3059 successerat,
1134 2982 1205 3047 B.
1257 2978 1643 3047 Amandum
1708 2978 2042 3051 evocavit.
2098 2978 2637 3069 TraJcctensium
2686 2999 2802 3045 ca-

264 3065 548 3135 thedrae
597 3066 982 3155 praesidere
1016 3068 1193 3135 fecit.
1247 3067 1382 3149 Qui
1423 3089 1543 3157 per
1591 3067 1965 3136 triennium
2008 3067 2192 3136 vicos
2238 3080 2304 3136 et
2348 3079 2598 3146 castra,
2651 3087 2804 3133 ver-

263 3155 439 3225 bum
487 3155 661 3223 vitae
722 3156 1224 3237 annuntiandO,
1277 3157 1613 3225 circuivit:
1669 3156 1786 3225 sed
1830 3155 1926 3223 nil
1979 3177 2050 3226 se
2100 3157 2428 3246 prolicere
2477 3175 2796 3234 cernenS,

269 3244 655 3315 sacerdotes
704 3244 990 3334 insuper
1050 3257 1114 3313 et
1162 3245 1422 3314 Levitas
1468 3243 1802 3314 insultare
1848 3245 1981 3312 sibi
2028 3244 2311 3325 dolens,
2368 3245 2453 3314 ad
2504 3243 2643 3313 alia
2688 3243 2807 3311 de-

267 3332 508 3423 inceps
556 3331 705 3402 loca
743 3332 1171 3423 demigravit.
1226 3337 1738 3424 Incompertum
1787 3346 1888 3402 est
1934 3333 2205 3417 deinde,
2241 3344 2498 3420 quanta
2542 3346 2807 3422 tempo-

270 3421 370 3490 ris
408 3422 919 3511 intercapedine
967 3421 1160 3500 plebs
1208 3423 1741 3512 Trajectensium
1791 3421 1993 3491 fuerit
2032 3445 2253 3509 usque
2299 3422 2385 3490 ad
2435 3427 2508 3490 B.
2553 3427 2806 3491 Rema-

270 3509 460 3581 clum
503 3512 649 3581 sine
699 3505 1022 3601 pastorali
1069 3511 1562 3592 benedictione,
1624 3511 1757 3581 nisi
1805 3511 1969 3598 quia
2018 3510 2200 3581 fama
2265 3510 2350 3579 ad
2413 3530 2539 3580 nos
2586 3529 2812 3595 usque

269 3599 650 3691 perferente
719 3599 1136 3690 accepimus.
1192 3606 1261 3669 B.
1317 3599 1788 3669 Landoaldum
1854 3599 1997 3669 illic
2055 3595 2511 3679 rema‘nsisse,
2565 3609 2631 3667 et
2737 3618 2812 3666 er

270 3710 517 3758 novem
583 3709 801 3757 annos
863 3689 1043 3760 vices
1157 3689 1456 3758 ontificis
1502 3688 2045 3759 administrasse.
2101 3689 2223 3758 Cui
2269 3686 2585 3778 opinioni
2631 3685 2676 3755 il
2716 3685 2809 3755 ud

269 3799 401 3847 nos
461 3775 660 3846 facile
707 3775 867 3846 facit
914 3799 1072 3848 acce
1125 3799 1258 3859 ere,
1310 3778 1477 3864 quia
1527 3775 1816 3847 refertur
1865 3777 2045 3846 idem
2078 3783 2149 3846 Β.
2187 3775 2623 3847 Landoaldus
2655 3796 2814 3867 spe-

268 3866 517 3937 cialem
569 3876 937 3956 patronum
986 3878 1296 3936 nostrum
1325 3920 1341 3948 ‚
1394 3878 1710 3936 sanctum
1762 3865 2022 3936 scilicet
2068 3865 2533 3944 Lambertum‚
2583 3864 2814 3955 prima

269 3953 573 4047 pueritia
623 3953 1015 4025 nutrivisse.
1053 3960 1333 4045 Propter
1391 3954 1576 4041 quod
1624 3967 1690 4023 et
1735 3954 2027 4024 illustris
2088 3955 2192 4023 vir
2236 3960 2433 4045 Aper,
2500 3954 2814 4044 ejusdem

270 4044 475 4135 pueri
523 4054 738 4134 pater,
792 4043 1152 4133 praedium
1199 4043 1533 4113 vocabulo
1567 4044 2154 4125 wentershovum,
2190 4065 2400 4135 super
2426 4042 2647 4112 Archa
2681 4042 2816 4111 ssu-

272 4134 464 4203 vium
513 4132 842 4224 positum,
894 4133 1117 4202 eidem
1156 4133 1240 4203 ad
1282 4133 1813 4202 inhabitandum
1865 4144 1930 4202 et
1974 4132 2337 4202 ecclesiam
2400 4144 2818 4201 construen-

278 4220 434 4291 dam
535 4233 817 4312 erpetuo
859 4220 1018 4308 jure
1066 4222 1444 4302 concessit,
1498 4234 1563 4292 et
1608 4220 1927 4291 eumdem
1988 4243 2307 4311 puerum,
2361 4220 2617 4291 divinis
2689 4219 2817 4288 do-

327 4310 488 4381 mati
542 4334 627 4384 us
660 4310 1142 4391 imbuendum,
1191 4333 1351 4380 cum
1400 4332 1478 4380 eo
1527 4331 1803 4380 manere
1850 4309 2224 4381 constituit.
2263 4311 2388 4379 Ubi
2437 4310 2605 4379 dum
2657 4307 2821 4376 arti-

330 4421 440 4470 ces
488 4400 681 4491 operi
728 4399 1079 4488 insistunt,
1131 4410 1196 4469 et
1241 4421 1494 4487 aquam
1529 4454 1544 4481 ,
1597 4410 1832 4490 utpote
1877 4398 1963 4469 de
2010 4399 2386 4491 paludibus
2433 4395 2811 4477 turbidam,
