3327 4999
665 320 795 386 232
1470 338 1548 384 nn
1596 337 1654 384 s.
1708 336 2019 385 caesonio
2069 335 2231 383 rArA
2746 316 2990 382 MART.
3047 319 3168 384 ⁴2,

574 417 799 488 ruinis
845 416 1479 498 crebrescentibus,
1537 416 1690 508 ipsa
1735 409 2011 505 quoque
2057 417 2208 506 ejus
2254 415 2518 485 destrui
2567 414 2884 489 aedificia
2929 416 3131 488 vide-

575 510 784 579 mus?
853 507 1041 576 Unde
1085 518 1242 595 apte
1289 507 1373 574 de
1420 506 1691 576 civitate
1730 508 1875 594 jam
1927 528 2141 575 vacua
2188 504 2551 576 subditur:
2624 504 3011 575 Incalescat
3055 519 3127 577 et

570 594 881 683 liquefiat
927 618 1042 665 aes
1070 596 1242 686 ejus.
1276 600 1431 664 Jam
1472 596 1656 665 enim
1690 607 1755 665 et
1792 595 1942 685 ipsa
1981 594 2118 664 olla
2149 594 2608 673 consumitur,
2651 594 2720 662 in
2753 616 2890 681 qua
2929 596 3129 684 prius

568 706 815 755 carnes
861 686 1453 755 consumebantur
1496 695 1562 753 et
1608 706 1802 753 ossa:
1856 683 2019 771 quia
2069 696 2430 773 postquam
2467 682 2865 753 defecerunt
2897 682 3129 753 bomi-

566 795 714 854 neS,
769 773 973 842 etiam
1074 775 1322 842 arietes
1370 773 1655 843 cadunt.
1695 773 1821 842 Ubi
1859 772 2045 841 enim
2082 785 2267 853 sunt,
2302 771 2525 859 quiin
2558 772 2710 842 e'us
2742 771 3124 858 aliquando

567 862 789 953 gloria
838 860 1010 931 laeta
1065 865 1312 931 antur?
1364 861 1506 931 ‘Ubi
1553 884 1794 931 eorum
1845 865 2139 952 pompa?
2207 862 2332 931 Ubi
2381 883 2590 951 super
2641 860 2756 930 ia?
2807 860 2934 931 Ubi
2981 860 3122 931 fre-

567 972 791 1038 quens
842 962 906 1020 et
953 950 1483 1021 immoderatum
1536 951 1924 1041 gaudium?
1953 949 2322 1041 Impletum
2355 962 2458 1020 est
2488 950 2560 1020 in
2592 971 2694 1029 ea,
2742 949 2926 1035 quod
2959 972 3124 1021 con-

570 1051 673 1108 tra
722 1040 1139 1109 destructam
1192 1040 1498 1109 Ninivem
1537 1061 1659 1131 per
1688 1040 2090 1130 prophetam
2125 1038 2416 1109 dicitur:
2475 1041 2595 1127 Ubi
2630 1050 2724 1109 cst
2765 1040 3122 1108 habitacu-

572 1132 713 1198 lum
768 1132 1054 1208 leonum,
1110 1140 1176 1198 et
1211 1152 1477 1219 pascua
1525 1133 1906 1199 catulorum
1957 1130 2272 1198 leonum?
2316 1129 2616 1217 (Nahum
2662 1131 2768 1209 ιι).
2821 1133 2919 1197 An
2966 1128 3119 1218 ejus

570 1217 784 1288 duces
835 1240 913 1286 ac
954 1217 1303 1307 principes
1338 1218 1566 1287 leones
1602 1240 1737 1288 non
1779 1230 1996 1299 erant,
2033 1218 2156 1304 qui
2188 1239 2308 1307 per
2340 1216 2646 1286 diversas
2676 1216 2924 1285 mundi
2958 1238 3119 1306 pro-

574 1305 834 1377 vincias
881 1306 1377 1388 discurrentes,
1442 1306 1767 1396 praedam
1823 1305 2185 1376 saeviendo
2240 1317 2306 1375 et
2354 1305 2831 1376 interficiendo
2890 1305 3119 1394 rapie-

568 1394 784 1464 bant?
833 1396 1007 1464 Hinc
1039 1395 1317 1464 leonum
1351 1395 1562 1464 catuli
1593 1396 2033 1464 inveniebant
2066 1416 2365 1484 pascua:
2411 1395 2575 1482 quia
2615 1394 2835 1485 pueri,
2880 1393 3115 1463 adole-

569 1495 858 1563 scentes,
907 1484 1220 1573 juvenes‚
1275 1483 1619 1554 seculares
1665 1496 1731 1554 et
1778 1483 2197 1553 secularium
2247 1484 2376 1552 filii
2424 1484 2560 1553 huc
2607 1483 2916 1570 undique
2953 1504 3116 1552 con-

568 1574 963 1653 currebant,
1016 1596 1174 1642 cum
1229 1573 1560 1663 prolicere
1610 1574 1680 1641 in
1730 1573 1859 1642 hoc
1890 1573 2151 1641 mundo
2183 1572 2582 1644 voluissent.
2630 1571 2755 1641 Sed
2790 1593 2947 1641 ecce
2967 1572 3118 1661 jam

570 1659 898 1742 desolata,
952 1682 1108 1730 ecce
1156 1662 1472 1742 contrita,
1526 1682 1686 1731 ecce
1734 1661 2103 1751 gemitibus
2150 1684 2479 1752 oppressa
2524 1672 2649 1730 est.
2712 1665 2866 1729 Jam
2918 1681 3118 1729 nemo

570 1748 656 1819 ad
705 1771 854 1818 eam
906 1751 1162 1831 currit,
1216 1761 1293 1819 ut
1341 1751 1409 1819 in
1462 1751 1590 1819 boc
1639 1750 1904 1819 mundo
1968 1750 2312 1840 proficiat:
2378 1752 2524 1840 jam
2586 1747 2825 1818 nullus
2879 1760 3119 1839 potens

569 1850 635 1907 et
678 1837 1025 1909 violentus
1073 1839 1406 1909 remansit
1434 1893 1451 1937 Ζ
1504 1839 1624 1926 qui
1675 1838 2131 1930 opprimendo
2179 1840 2502 1930 praedam
2553 1837 2856 1928 diripiat.
2926 1838 3121 1907 Dica-

572 1949 731 1996 mus
777 1949 981 2018 ergo:
1055 1928 1179 1997 Ubi
1229 1939 1331 1997 est
1376 1927 1850 1997 habitaculum
1903 1926 2177 1997 leonum
2209 1983 2224 2008 ‚
2287 1942 2353 1997 et
2406 1949 2665 2019 pascua
2729 1924 3152 1995 catulorum.

572 2014 851 2085 leonum
875 2022 904 2082 ’Β
953 2015 1245 2106 Contigit
1289 2016 1376 2096 ei,
1431 2017 1614 2102 quod
1655 2016 1741 2085 de
1772 2016 2034 2086 Judaea
2067 2018 2388 2087 novimus
2420 2039 2543 2108 per
2573 2015 2975 2108 prophetam
3012 2015 3122 2083 di—

571 2116 806 2174 ctum:
859 2107 1093 2174 Dilata
1152 2107 1503 2175 calvitium
1554 2117 1741 2175 tuum
1805 2108 1978 2175 sicut
2039 2108 2278 2196 aquila
2337 2107 2565 2195 (Mich.
2626 2104 2703 2193 1).
2759 2103 3120 2173 calvitium

573 2194 834 2284 quippe
885 2194 1210 2275 hominis,
1268 2195 1334 2262 in
1370 2195 1515 2265 solo
1545 2195 1767 2286 capite
1800 2195 1948 2265 fieri
1979 2194 2194 2263 solet:
2238 2194 2590 2264 calvitium
2635 2214 2790 2262 vero
2820 2191 3114 2278 aquilae,

571 2283 645 2351 in
678 2297 814 2352 toto
845 2283 919 2351 fit
949 2305 1270 2375 corpore:
1304 2285 1468 2370 quia
1493 2305 1652 2352 cum
1686 2282 1882 2352 valde
1907 2284 2233 2365 senuerit,
2263 2284 2543 2375 plumae
2571 2282 2722 2372 ejus
2745 2302 2824 2350 ac
2858 2302 3124 2371 pennae

574 2394 655 2440 ex
704 2372 1030 2441 omnibus
1078 2372 1269 2441 illius
1320 2373 1652 2442 membris
1701 2373 1982 2441 cadunt.
2022 2372 2378 2442 calvitium
2414 2394 2574 2463 ergo
2607 2392 2808 2440 suum
2844 2371 3024 2439 sicut
3051 2392 3122 2438 a-

572 2460 766 2548 quila
815 2465 1028 2530 Roma
1077 2461 1340 2544 dilatat,
1393 2461 1559 2548 quia
1607 2460 1886 2551 plumas
1934 2460 2253 2552 perdidit,
2308 2461 2476 2532 dum
2527 2459 2821 2552 populos
2859 2458 3115 2530 amisit.

572 2550 848 2619 Alarum
900 2551 1159 2641 quippe
1208 2572 1476 2641 pennae
1522 2550 1940 2632 ceciderunt,
1995 2573 2153 2621 cum
2205 2552 2461 2639 quibus
2507 2550 2733 2620 volare
2781 2549 2863 2618 ad
2926 2569 3124 2640 prae-

571 2639 734 2708 dam
784 2651 1275 2709 consueverat:
1356 2641 1520 2725 quia
1565 2660 1806 2710 omnes
1854 2640 2005 2730 ejus
2053 2653 2362 2731 potentes
2408 2640 2686 2711 extincti
2736 2651 2947 2719 sunt,
3001 2659 3125 2728 per

571 2751 745 2814 quos
794 2727 1021 2797 aliena
1069 2727 1400 2817 rapiebat.

663 2819 698 2903 ξ
748 2821 917 2888 5⁰.
974 2822 1140 2885 Item
1192 2816 1631 2906 Dialogorum
1681 2816 1857 2886 libro
1906 2818 2210 2888 secundo
2255 2819 2359 2908 (C.
2424 2817 2583 2907 xv):
2647 2842 2683 2883 «
2741 2823 3108 2897 Praeterea,

568 2905 839 2992 inquit,
893 2904 1178 2973 antistes
1236 2905 1621 2975 Canusinae
1683 2905 2011 2975 ecclesiae
2075 2908 2159 2976 ad
2213 2907 2654 2976 Benedictum
2707 2905 2972 2976 Domini
3020 2903 3119 2973 fa-

571 2992 841 3062 mulum
886 2993 1115 3061 venire
1163 3007 1629 3076 consueverat,
1683 3016 1887 3081 quem
1940 2996 2043 3064 vir
2088 2994 2203 3064 Dei
2255 3018 2376 3086 pro
2424 2995 2598 3064 vitae
2661 3017 2827 3064 suae
2874 2994 3115 3063 merito

571 3081 768 3150 valde
801 3080 1153 3171 diligebat.
1194 3108 1219 3146 n
1261 3088 1328 3153 Is
1374 3083 1604 3170 itaque
1651 3083 1823 3152 dum
1872 3105 2032 3153 cum
2084 3084 2202 3153 illo
2250 3085 2335 3154 de
2382 3084 2703 3174 ingressu
2759 3084 2941 3174 regis
2987 3089 3115 3152 To-

572 3170 730 3239 tilae
759 3182 822 3239 et
856 3174 1204 3240 Romanae
1236 3172 1430 3243 urbis
1465 3171 1848 3261 perditione
1894 3173 2318 3261 colloquium
2348 3173 2652 3254 haberet,
2692 3173 2886 3241 dixit:
2931 3196 2958 3234 ι
2990 3177 3119 3241 Per

570 3259 758 3329 bunc
800 3281 1026 3350 regem
1077 3259 1318 3330 civitas
1365 3261 1495 3330 ista
1542 3260 1956 3343 destruetur,
2009 3275 2085 3332 ut
2123 3263 2270 3352 jam
2322 3262 2628 3352 amplius
2668 3283 2804 3330 non
2840 3261 3118 3331 inhabi-

572 3360 772 3418 tetur.
839 3371 874 3414 »
924 3348 1045 3417 Cui
1095 3349 1196 3417 vir
1243 3349 1513 3419 Domini
1564 3350 1952 3440 respondit:
2010 3374 2045 3417 «
2080 3357 2296 3420 Roma
2354 3373 2394 3420 a
2441 3351 2763 3442 gentibus
2811 3372 2947 3419 non
2997 3371 3119 3419 ex-

572 3437 1097 3518 terminabitur,
1152 3437 1270 3508 sed
1321 3439 1887 3528 tempestatibu5‚
1963 3440 2312 3520 corusciS,
2371 3440 2772 3510 turbinibus·
2839 3460 2919 3508 ac
2986 3450 3119 3508 ter-

573 3538 885 3595 raemotu
932 3525 1257 3616 fatigata,
1311 3539 1687 3597 marcescet
1754 3529 1822 3596 in
1883 3529 2272 3617 semetipsa.
2335 3551 2371 3595 »
2435 3531 2645 3620 Cujus
2717 3527 3118 3618 prophetiae

571 3615 899 3708 mysteria
948 3615 1146 3685 nobis
1187 3614 1331 3702 jam
1382 3616 1560 3685 facta
1625 3630 1789 3686 sunt
1849 3615 2001 3687 luce
2069 3617 2405 3698 clariora,
2462 3618 2584 3704 qui
2647 3618 2712 3685 in
2767 3617 2894 3686 bac
2941 3617 3118 3686 urbe

571 3703 904 3772 dissoluta
948 3704 1240 3784 moenia,
1281 3726 1551 3775 eversas
1584 3704 1851 3785 domos,
1891 3706 2273 3777 destructas
2309 3706 2635 3776 ecclesias
2666 3705 2941 3776 turbine
2965 3727 3119 3775 cer-

571 3793 831 3873 nimuS‚
883 3793 1169 3882 ejusque
1216 3793 1553 3876 aedificia,
1592 3794 1799 3885 longo
1833 3795 2021 3865 senio
2058 3796 2330 3876 lassata,
2373 3796 2537 3882 quia
2569 3796 2790 3868 ruinis
2837 3794 3116 3864 crebre-

570 3881 922 3950 scentibus
972 3893 1525 3970 prosternantur,
1572 3884 1908 3954 videmus,
1950 3908 1978 3949 ›

656 3971 693 4057 §
753 3975 897 4042 51.
973 3972 1203 4041 Tantis
1267 3994 1593 4041 curarum
1644 3972 2059 4043 tumultibus
2117 3994 2242 4063 pro
2288 3972 2680 4043 animarum
2730 3972 2986 4062 pariter
3034 3994 3118 4043 ac

567 4057 861 4128 civitatis
907 4060 1222 4129 custodia
1269 4060 1637 4150 Gregorius
1670 4062 2105 4151 gravabatur,
2157 4073 2234 4131 ut
2279 4062 2348 4130 in
2399 4063 2532 4131 coli
2583 4060 2932 4132 molestias
2965 4083 3120 4131 cor·

567 4168 802 4228 ruens,
836 4170 969 4216 non
1022 4147 1272 4230 solum,
1310 4149 1489 4220 sicut
1536 4163 2009 4241 proposuerat,
2045 4172 2167 4241 per
2212 4151 2522 4221 ordinem
2557 4150 2930 4222 Ezechielis
2965 4172 3121 4240 my-

502 4280 515 4289 ·
570 4235 777 4306 steria
824 4237 1110 4307 minime
1140 4250 1603 4328 pertractaret,
1643 4261 1879 4308 verum
1912 4239 2116 4308 etiam
2153 4239 2521 4310 hostilibus
2561 4239 3113 4321 incursionibuS,

571 4325 945 4412 multisque
991 4326 1298 4416 corporis
1335 4326 1807 4397 debilitatibus
1843 4341 2277 4420 aggravatuS,
2316 4352 2357 4398 a
2390 4328 2619 4400 studio
2667 4329 3118 4419 expositionis

571 4414 855 4484 omnino
901 4414 1276 4497 desisteret,
1329 4427 1394 4485 et
1440 4415 1526 4486 ad
1576 4415 1725 4486 dies
1783 4415 1942 4487 illos
1987 4439 2060 4488 se
2101 4417 2492 4509 pervenisse
2538 4418 2842 4499 defleret,
2902 4431 3116 4505 atque
