3327 4999
245 320 490 386 MART.
543 320 629 385 26
1121 339 1199 385 DE
1249 340 1303 386 s.
1359 338 1646 387 runcano
1697 338 1896 387 muse.
2575 324 2703 389 503

248 415 701 509 potestatibus
731 417 1259 490 sublimioribus
1290 419 1751 499 subdendam,
1769 421 1966 511 juxta
1995 419 2295 520 Apostoli
2323 434 2790 513 praeceptum,

248 519 505 577 nosset:
573 520 799 576 tamen
850 507 937 576 ad
965 529 1142 589 ,eum
1196 508 1420 599 prima
1480 510 1870 578 evocatione
1921 531 2148 578 venire
2225 509 2516 580 distulit.
2573 510 2791 579 Semel

243 595 413 682 quip
466 618 502 665 e
555 609 989 685 praegustata
1041 598 1456 666 monasticae
1482 598 2023 668 conversationis
2052 597 2370 677 dulcedO,
2413 598 2601 668 aliud
2635 622 2791 668 eum

241 685 386 752 desi
440 705 631 753 erare
684 706 816 752 non
873 685 1326 773 permittebat.
1387 686 1575 755 Unde
1616 686 2009 777 intelligens
2038 691 2419 776 Imperator
2466 687 2594 755 hoc
2626 710 2787 756 eum

241 773 445 842 modo
485 794 615 841 non
660 771 858 842 facile
892 796 931 841 a
981 773 1395 843 monasterio
1435 773 1634 843 avelli
1701 796 1922 864 posse,
1977 774 2192 844 literis
2252 796 2409 843 eum
2476 776 2793 865 magistri

242 860 593 948 quondam
645 860 751 929 sui
812 860 1079 929 Alcuini
1130 861 1212 929 ad
1267 884 1339 931 se
1399 861 1666 931 evocari
1741 862 1921 931 fecit.
1977 862 2167 944 Quod
2230 885 2387 931 cum
2435 862 2628 950 juxta
2682 887 2795 932 vo-

245 949 576 1019 luntatem
620 970 819 1018 suam
893 951 1335 1039 processisset
1395 962 1462 1019 et
1507 951 1594 1020 ab
1654 971 1733 1019 eo
1794 950 1923 1020 sibi
1974 962 2163 1020 esset
2196 964 2671 1041 praesentatus
2733 964 2797 1020 et

237 1037 785 1106 commendatus·
812 1042 1187 1118 «Duorum,
1232 1039 1476 1124 inquit,
1521 1039 2090 1108 monasteriorum
2133 1039 2481 1129 optionem
2521 1040 2608 1110 do
2643 1040 2789 1109 tibi:

236 1127 450 1195 unius
501 1125 804 1215 majoris,
860 1126 929 1193 in
980 1148 1116 1212 quo
1165 1127 1725 1196 sanctimoniales
1790 1128 2177 1196 habentur:
2236 1125 2522 1199 alterius
2575 1130 2794 1197 mino-

239 1216 359 1294 riS,
419 1213 486 1283 in
519 1234 684 1303 ‘quo
732 1214 1226 1284 canonicorum
1277 1216 1718 1305 congregatio
1752 1215 2038 1284 Domino
2087 1213 2534 1284 famulatur.»
2568 1221 2645 1286 At
2676 1217 2792 1285 illc

237 1303 405 1372 satis
456 1302 827 1392 prudenter
868 1303 1117 1391 majori
1178 1304 1435 1393 majora
1468 1326 1743 1390 quoque
1776 1304 2180 1373 discrimina
2232 1303 2585 1373 inhaerere
2634 1328 2794 1374 con-

237 1390 574 1471 siderans,
629 1391 946 1476 quamvis
1006 1404 1247 1461 neutro
1305 1414 1374 1462 se
1426 1392 1725 1461 habilem
1764 1405 1828 1462 et
1876 1392 2205 1483 dignum,
2264 1393 2512 1461 minori
2564 1404 2789 1477 tamen

238 1502 309 1549 se
358 1478 878 1548 convenientius
943 1479 1114 1550 dixit
1181 1502 1730 1569 praesessurum:
1801 1482 2000 1570 plura
2049 1503 2126 1548 ex
2200 1479 2518 1549 foeminis
2575 1493 2791 1551 tenta-

237 1579 465 1637 menta
518 1568 769 1647 venire,
828 1567 1060 1655 plures
1116 1570 1203 1638 ab
1265 1569 1420 1637 aliis
1484 1570 1939 1639 detractiones
2005 1581 2413 1640 secuturas:
2466 1568 2789 1640 'virorum

234 1657 363 1726 sibi
404 1656 645 1756 magis,
693 1667 924 1745 utpote
965 1657 1179 1745 virge,
1234 1657 1707 1746 gubernacula
1739 1670 2125 1749 competere
2164 1680 2375 1743 quam
2413 1658 2780 1747 virginum.

235 1744 429 1827 Quod
477 1766 629 1833 ejus
677 1765 1088 1834 responsum
1151 1768 1311 1814 cum
1381 1768 1494 1814 rex
1543 1746 1836 1815 libenter
1910 1746 2285 1815 admodum
2364 1748 2786 1837 accepisset,

232 1833 582 1920 quoddam
631 1833 690 1900 ei
744 1833 812 1900 in
877 1834 1210 1902 Bracbent
1262 1834 1295 1867 ²*
1345 1835 1838 1904 monasterium
1915 1834 2100 1922 quod
2152 1840 2401 1903 Lotusa
2454 1849 2783 1916 vocatur,

234 1921 594 1990 concessit.
650 1920 772 1991 Ille
803 1921 929 1990 hoc
966 1943 1100 1990 non
1143 1933 1280 1990 tam
1335 1922 1418 1991 ad
1457 1944 1618 1991 suas
1668 1922 1998 1991 utilitates
2046 1944 2257 2008 quam
2309 1921 2395 1989 ad
2446 1924 2789 2012 subjecto-

234 2034 390 2079 rum
440 2010 852 2096 obsequium
888 2022 1136 2099 putans
1166 2010 1429 2091 datum,
1473 2012 1902 2081 Dominicum
1947 2010 2122 2079 illud
2160 2011 2353 2096 sequi
2397 2011 2784 2101 exemplum

237 2098 560 2187 cupiebat
596 2119 733 2185 quo
780 2098 1075 2167 dicitur:
1130 2100 1351 2167 Filius
1410 2100 1696 2168 hominis
1746 2122 1875 2169 non
1940 2101 2119 2167 venit
2195 2100 2608 2178 ministrari,
2674 2102 2792 2169 sed

233 2190 645 2265 ministrare,
691 2192 768 2256 Et
828 2186 1025 2255 item:
1087 2187 1221 2265 Qui
1255 2189 1475 2277 major
1499 2198 1617 2268 cst,
1657 2187 1907 2273 inquit,
1952 2197 2270 2267 vestrum,
2322 2190 2446 2256 erit
2487 2190 2791 2257 minister

230 2285 448 2345 vester
476 2276 742 2364 (naeth.
800 2275 929 2363 xx).
976 2281 1074 2344 Ita
1111 2275 1432 2364 prodesse
1482 2274 1642 2357 inis,
1690 2297 1825 2344 non
1881 2297 2196 2365 praeesse
2232 2276 2522 2345 studens
2570 2290 2635 2344 et
2680 2277 2787 2345 di-

236 2363 359 2453 ligi
419 2363 641 2453 magis
687 2385 892 2450 quam
967 2363 1189 2432 timeri
1250 2362 1586 2453 gaudens,
1655 2363 1830 2432 nulli
1897 2385 2202 2449 unquam
2257 2365 2787 2435 commissorum

235 2452 531 2522 arduum
582 2451 841 2538 aliquid
885 2451 1096 2541 jussit
1128 2452 1309 2539 quod
1364 2452 1510 2553 ipse
1561 2453 1754 2542 prius
1807 2473 1938 2521 non
1996 2451 2369 2542 implesset.
2429 2458 2589 2522 Vere
2628 2452 2789 2522 felix

232 2553 299 2610 et
331 2540 519 2610 omni
554 2541 756 2610 laude
787 2540 1246 2630 dignissimus
1294 2563 1412 2628 qui
1463 2540 1636 2611 illud
1689 2540 2151 2631 Apostolicum
2200 2542 2428 2610 dicere
2478 2555 2776 2632 poterat:

235 2632 615 2699 Imitatores
651 2631 788 2699 mei
818 2641 1040 2709 estote,
1094 2632 1266 2698 sicut
1326 2641 1388 2700 et
1428 2653 1546 2719 090
1605 2631 1860 2701 Christi
1904 2632 2182 2730 (Philip.
2245 2630 2371 2718 111).

322 2722 358 2804 ξ
426 2722 563 2790 u.
620 2718 738 2788 His
776 2718 914 2787 fere
962 2718 1208 2792 diebus
1255 2719 1564 2806 quinque
1597 2719 1665 2785 in
1704 2718 1920 2787 Frisia
1970 2741 2152 2809 pagi,
2189 2718 2599 2798 Huhmerki‚
2638 2724 2782 2789 Hu-

237 2828 479 2893 nusga,
527 2806 808 2896 Fivilga,
865 2807 1162 2896 Emisga,
1219 2805 1592 2897 Federitga‚
1632 2812 2050 2875 Francorum
2093 2818 2333 2896 sponte
2383 2806 2627 2874 ditioni
2664 2830 2777 2875 ac-

232 2908 608 2964 cesserunt.
665 2897 795 2977 Qui
843 2916 999 2963 cum
1044 2895 1344 2981 aliquem
1410 2896 1566 2977 sibi,
1622 2896 1825 2985 cujus
1887 2894 2232 2982 loquelam
2291 2894 2776 2982 intelligerent,

232 2982 580 3052 docendae
629 2982 1158 3052 Christianitatis
1185 2983 1428 3072 gratia,
1470 3006 1509 3051 a
1544 3005 1703 3073 rege
1732 2983 2011 3052 concedi
2047 2996 2342 3061 orarent,
2393 2983 2784 3073 Ludgerum

232 3072 331 3141 eis
378 3093 538 3139 cum
614 3092 865 3160 magno
938 3071 1252 3139 omnium
1315 3071 1570 3160 gaudio
1649 3071 2013 3158 praefecit,
2074 3071 2308 3141 addita
2359 3071 2647 3161 insuper
2702 3071 2785 3140 ad

237 3159 623 3247 praedictos
669 3180 882 3248 pagos
932 3157 1162 3227 insula
1208 3164 1348 3226 una
1395 3179 1573 3245 quae
1648 3165 1817 3229 Bant
1864 3159 2293 3250 appellatur.
2350 3159 2640 3229 Proinde
2689 3160 2791 3229 vir

239 3248 376 3325 Dei,
406 3247 604 3334 juxta
649 3246 1120 3336 evangelicum
1184 3246 1702 3327 documentum,
1768 3248 1993 3316 sciens
2044 3248 2159 3317 cui
2209 3247 2367 3337 plus
2414 3247 2789 3318 committi-

239 3348 372 3414 tur,
432 3332 589 3423 plus
644 3335 846 3403 etiam
912 3334 998 3403 ab
1047 3357 1125 3402 eo
1187 3335 1485 3421 requlx'i:
1531 3334 1721 3402 omni
1792 3337 2042 3405 virium
2107 3335 2554 3424 possibilitate
2602 3336 2789 3406 circa

236 3421 649 3490 commissae
701 3422 919 3510 plebis
967 3422 1327 3491 utilitatem
1403 3421 1765 3513 invigilare
1810 3422 2054 3513 coepit.
2114 3429 2279 3492 Nam
2329 3437 2393 3492 et
2441 3424 2780 3493 idolorum

236 3511 396 3578 sana
432 3509 766 3579 destruxit
822 3522 886 3579 et
937 3532 1057 3599 pro
1116 3511 1215 3579 eis
1264 3512 1593 3581 ecclesias
1637 3512 2042 3592 construxit,
2098 3524 2163 3580 et
2200 3513 2406 3601 ipSOS,
2452 3526 2787 3598 quantum

237 3598 398 3668 fidei
458 3598 848 3666 rudimenta
890 3599 1345 3688 patiebantur,
1386 3599 1679 3700 perfecte
1736 3600 1803 3667 in
1845 3600 2348 3668 christianitate
2416 3599 2783 3669 instruxit:

233 3689 323 3756 ita
361 3686 771 3777 generaliter
803 3709 966 3777 erga
998 3709 1238 3755 omnes
1269 3701 1332 3756 et
1381 3701 1474 3756 lta
1520 3687 1909 3777 specialiter
1956 3709 2117 3775 erga
2167 3686 2482 3786 singulos
2536 3711 2776 3778 agens,

236 3776 374 3845 acsi
413 3774 726 3864 singulos
768 3775 912 3865 ipse
961 3775 1335 3865 genuisset.
1393 3776 1615 3864 Hujus
1658 3775 1815 3844 fidei
1866 3774 1965 3843 vel
2008 3774 2389 3843 industriae
2428 3776 2521 3844 vel
2561 3778 2782 3845 chari-

239 3865 395 3933 tatis
442 3876 646 3934 testes
707 3877 866 3934 sunt
924 3885 1142 3949 usque
1182 3863 1385 3932 hodie
1448 3863 1683 3952 populi
1735 3862 2036 3952 regionis
2096 3863 2432 3950 ejusdem,
2486 3887 2659 3950 quos
2719 3866 2784 3933 in

238 3953 502 4022 Christo
549 3958 716 4020 Jesu
766 3974 886 4042 pei·
928 3951 1358 4041 evangelium
1418 3964 1482 4020 et
1528 3950 1966 4041 baptismatis
2014 3951 2305 4040 gratiam
2347 3975 2709 4042 generans,
2751 3977 2789 4020 a

233 4042 458 4131 prisco
490 4062 717 4109 errore
765 4040 847 4108 ad
907 4040 1206 4109 veritatis
1236 4040 1653 4108 nonnionem
1704 4039 2061 4108 revocavit.
2100 4045 2326 4108 Testes
2365 4063 2639 4127 quoque
2674 4064 2785 4110 ec—

233 4129 480 4199 clesiae
509 4150 684 4215 quas
726 4151 846 4218 per
880 4129 1027 4197 loca
1078 4093 1354 4217 singula
1399 4128 1825 4197 construxit:
1874 4138 2075 4197 testes
2127 4140 2191 4197 et
2246 4132 2377 4197 Deo
2440 4129 2787 4197 famulan-

236 4217 407 4286 tium
466 4218 1032 4308 congregationes
1069 4271 1083 4297 ,
1150 4239 1323 4304 quas
1371 4216 1725 4303 aliquibus
1772 4216 2104 4285 adunavit
2169 4217 2237 4284 in
2319 4215 2526 4285 locis:
2584 4228 2784 4286 testes

236 4305 437 4375 etiam
490 4305 632 4386 alii,
673 4306 931 4393 quibus
987 4328 1121 4374 non
1167 4305 1588 4386 necessitate,
1636 4305 1753 4374 sed
1806 4305 2151 4374 voluntate
2200 4305 2481 4375 verbum
2518 4305 2790 4373 Domini

290 4433 314 4456 ’¹¹
344 4433 399 4472 ln
418 4433 690 4475 Brabantia.
