3327 4999
685 341 816 406 2546
1174 353 1254 399 ΒΕ
1302 352 1394 399 ss,
1447 349 1637 407 som,
1684 346 2063 395 BAuAcmsto
2112 347 2189 393 Er
2237 344 2410 395 socc,
2462 347 2579 394 nu.
2768 328 3018 395 MART.
3076 331 3177 396 29

596 460 957 528 nunquam
1008 438 1275 527 negabo
1319 435 1685 504 Dominum
1727 453 1956 500 meum
2005 437 2244 500 Jesum
2297 430 2642 501 Christum
2690 431 3031 502 viventem
3086 432 3173 501 in

598 530 857 600 secula.
912 528 1019 595 Sic
1079 526 1263 594 enim
1318 522 1515 592 nobis
1565 519 1917 611 pollicitus
1991 533 2126 589 est:
2199 523 2435 599 Amen,
2503 541 2731 599 amen,
2797 519 3162 606 inquienS,

598 618 755 687 dico
827 615 1068 695 vobiS,
1147 610 1468 699 quisquis
1531 631 1638 676 me
1699 608 2046 698 negaverit
2104 630 2340 678 coram
2397 606 2562 676 filiis
2620 608 3013 688 hominum,
3096 620 3173 679 et

596 729 724 797 ego
771 704 1037 794 negabo
1111 723 1271 769 eum
1349 720 1583 779 coram
1662 701 1857 764 Patre
1925 717 2116 777 meo,
2180 696 2302 782 qui
2360 696 2429 764 in
2482 695 2692 765 coelis
2738 709 2863 765 est.
2920 697 3173 801 Vepiet

595 796 780 865 enim
832 793 902 860 in
957 790 1264 859 nubibus
1310 787 1505 865 coeli,
1543 786 1612 852 in
1648 783 1868 873 gloria
1907 784 2126 853 Patris
2173 785 2324 864 sui,
2360 797 2438 853 ut
2468 785 2853 871 unicuique
2884 785 3168 854 homini

596 881 840 951 reddat
886 877 1268 949 secundum
1320 895 1528 965 opera
1576 872 1824 962 ipsius.
1862 876 2049 953 Quae
2087 893 2247 941 cum
2292 871 2385 942 ita
2432 873 2595 942 sint.
2632 872 2833 941 facite
2884 872 2955 941 in
3008 896 3151 952 me,

594 969 780 1056 quod
833 964 1025 1036 vobis
1074 964 1481 1033 mandatum
1532 972 1656 1029 est:
1714 982 1936 1047 neque
1983 961 2167 1029 enim
2271 960 2509 1040 utetis,
2553 982 2679 1030 nos
2709 960 3000 1030 domum
3042 964 3161 1031 Dei

597 1056 986 1133 relicturos,
1040 1066 1161 1122 aut
1208 1053 1294 1121 ab
1342 1072 1421 1120 eo
1472 1049 1640 1116 ullis
1690 1048 2068 1118 terroribus
2117 1048 2202 1116 de
2234 1061 2532 1119 ecturos.
2573 1072 2610 1115 »

688 1147 725 1231 ἓ
772 1150 860 1215 ὅ.
907 1147 1087 1211 Haec
1136 1163 1296 1209 cum
1349 1137 1779 1207 audivissent
1819 1142 2173 1226 Magorum
2229 1137 2600 1237 principes,
2640 1136 2744 1204 ira
2792 1137 3148 1234 concitati,

590 1232 978 1322 jusserunt,
1022 1241 1100 1299 ut
1145 1229 1294 1318 lege
1341 1226 1614 1295 Persica
1667 1225 2065 1294 vinciretur.
2111 1225 2418 1314 Trajecta
2455 1226 2671 1315 igitur
2728 1226 2920 1315 virga
2969 1226 3155 1295 inter

601 1341 856 1388 manus
903 1331 967 1386 et
1013 1339 1240 1396 crura,
1295 1316 1480 1383 iners
1529 1313 1728 1381 humi
1766 1314 2042 1403 jacebat
2080 1312 2186 1380 vir
2232 1326 2514 1382 sanctus
2565 1327 2892 1399 tanquam
2945 1313 3154 1403 lapiS.

601 1407 897 1476 Ministri
953 1418 1180 1474 autem
1232 1425 1390 1471 eum
1443 1401 1656 1489 virgis
1695 1422 1731 1468 e
1783 1401 1964 1469 malo
2016 1400 2268 1489 punica
2320 1401 2624 1490 spinosis
2671 1401 3154 1483 verberabant,

599 1517 727 1564 nec
770 1494 964 1584 prius
1011 1493 1444 1570 destiterunt,
1481 1511 1691 1575 quam
1744 1490 1898 1576 ejus
1948 1489 2243 1558 lacerata
2278 1502 2440 1557 sunt
2488 1488 2723 1557 latera.
2791 1494 2945 1580 lpse
2994 1512 3158 1559 vero

599 1583 767 1652 dum
807 1581 1206 1671 vapularet,
1253 1600 1387 1647 non
1455 1561 1930 1667 repugnabat,
1995 1577 2114 1645 sed
2164 1582 2378 1646 Deum
2431 1576 2772 1657 laudans,
2827 1577 3105 1648 dicebat
3128 1603 3151 1646 -:

599 1693 638 1737 «
669 1670 897 1740 Gloria
947 1669 1113 1747 tibi,
1158 1673 1335 1736 Deus
1386 1678 1659 1756 patrum
1712 1678 2104 1734 nostrorum
2135 1719 2149 1745 ,
2203 1665 2323 1751 qui
2372 1665 2670 1735 eduxisti
2713 1687 2839 1735 nos
2887 1687 2969 1734 ex
3021 1666 3152 1735 hoc

599 1758 888 1838 mund0,
942 1770 1008 1826 et
1049 1756 1377 1845 dignatus
1424 1777 1498 1822 cs
1547 1775 1675 1820 nos
1734 1753 1817 1821 ad
1862 1774 2169 1822 amorem
2219 1764 2284 1821 et
2332 1752 2538 1821 fidem
2592 1765 2903 1824 sanctam
2957 1767 3151 1823 tuam

602 1846 970 1914 adducere.
1037 1849 1112 1912 Et
1160 1866 1381 1923 nunc,
1439 1841 1747 1919 Domine,
1801 1841 1891 1909 da
1954 1841 2155 1909 nobis
2203 1840 2646 1930 patientiam,
2700 1853 2777 1910 ut
2826 1842 3154 1932 perficia-

601 1956 761 2002 mus
808 1932 1066 2012 omnia,
1099 1934 1288 2017 'quae
1337 1931 1536 1998 nobis
1588 1929 1885 2018 Spiritus
1935 1934 2226 1997 Sanctus
2275 1941 2436 1998 tuus
2479 1931 2868 2018 praecepit:
2926 1952 3049 2017 per
3077 1953 3156 2000 os

601 2022 817 2111 patris
876 2021 1087 2105 nostri
1140 2019 1435 2088 Davidis:
1479 2022 1694 2085 Unam
1750 2017 1910 2106 petii
1951 2040 1990 2085 a
2057 2017 2368 2095 Domino,
2424 2016 2602 2086 hanc
2655 2018 3027 2105 requiram,
3084 2018 3152 2087 id

600 2123 726 2189 est,
779 2122 856 2178 ut
905 2103 1177 2176 sem'er
1224 2108 1353 2175 sim
1407 2118 1634 2174 tecum
1667 2160 1682 2184 ‚
1737 2105 2045 2174 Domine.
2094 2109 2234 2174 Hoc
2286 2105 2483 2183 mihi,
2539 2110 2749 2187 Deus,
2803 2107 2988 2193 quod
3041 2128 3157 2174 ex-

603 2209 800 2287 pecto
847 2131 1176 2283 quotidie,
1232 2218 1352 2284 per
1386 2193 1793 2281 martyrium
1830 2193 2144 2282 elargire.
2184 2216 2219 2258 ι)
2248 2198 2429 2262 Haec
2464 2199 2529 2262 S.
2581 2200 2794 2262 Jonas
2840 2216 3002 2263 cum
3047 2194 3155 2263 di-

603 2285 835 2365 xisset,
891 2306 1143 2372 magna
1195 2304 1352 2351 vore
1419 2287 1772 2371 Magorum
1839 2281 2299 2370 principibus:
2343 2308 2367 2341 α
2406 2287 2567 2372 Eg0‚
2605 2282 2871 2369 inquit,
2906 2306 2947 2351 a
2996 2305 3157 2374 rege

535 2416 549 2427 -
603 2386 827 2442 vestro
879 2386 1251 2461 peccatore,
1291 2383 1356 2438 et
1394 2369 1722 2439 omnibus
1770 2369 2015 2437 amicis
2060 2370 2233 2449 e‘us,
2292 2370 2718 2456 quicumque
2764 2371 2903 2439 sint
2957 2371 3156 2459 (sunt

606 2462 793 2530 enim
827 2482 1067 2530 omnes
1119 2473 1395 2530 satanae
1445 2456 1829 2549 principes)
1874 2458 2061 2527 disce
2115 2479 2176 2537 o,
2230 2468 2296 2527 et
2342 2460 2806 2550 omneffiipsos
2854 2460 3149 2551 abnego:

606 2561 672 2618 et
719 2573 758 2618 a
809 2549 971 2630 sole,
1013 2572 1090 2617 ac
1141 2548 1331 2628 luna,
1367 2561 1431 2617 et
1479 2546 1720 2627 stellis,
1773 2561 1976 2632 atque
2024 2547 2205 2636 igne.
2247 2558 2312 2614 et
2341 2552 2547 2633 aqua,
2600 2570 2775 2634 quos
2804 2570 2954 2618 esse
2987 2549 3155 2618 deos

603 2639 930 2717 asseritis,
989 2637 1258 2706 alienus
1309 2659 1489 2716 sum,
1533 2657 1653 2702 nec
1705 2634 1848 2702 ullo
1897 2634 2102 2703 modo
2153 2634 2308 2703 illos
2355 2635 2591 2705 adoro:
2647 2636 2762 2705 sed
2818 2637 3026 2705 credo
3080 2638 3150 2706 in

602 2731 865 2794 Patrem
909 2738 974 2793 et
1009 2725 1255 2792 Filium
1307 2738 1372 2792 et
1422 2723 1753 2812 Spiritum
1807 2728 2160 2804 Sanctum,
2217 2744 2441 2791 veram
2495 2724 2918 2806 Trinitatem,
2973 2747 3155 2811 quae

603 2827 824 2882 servat
890 2813 1233 2881 mundum
1293 2812 1738 2888 universum,
1792 2811 2085 2897 fecitque
2134 2811 2297 2880 deos
2344 2811 2552 2881 etiam
2605 2826 2909 2893 vestrOS,
2969 2836 3148 2899 quos

601 2903 803 2970 nobis
853 2922 974 2989 per
1021 2901 1159 2967 vim
1213 2900 1602 2967 adorandos
1649 2900 1968 2970 censetis.
2008 2922 2044 2965 »

689 2991 726 3074 ξ
775 2993 868 3057 6.
923 2994 1103 3056 Haec
1137 2988 1495 3056 audientes
1531 2993 1882 3073 Magorum
1928 2988 2300 3078 principes,
2325 2988 2692 3077 jusserunt
2729 3001 2806 3059 ut
2841 3011 2965 3078 pes
2995 2989 3150 3079 ejus

598 3073 915 3144 funiculo
966 3077 1361 3154 vinciretur,
1417 3087 1618 3160 atque
1670 3075 1760 3142 ita
1811 3077 1879 3142 in
1935 3077 2257 3164 pruinam
2308 3088 2373 3145 et
2420 3077 2711 3166 glaciem
2762 3078 3151 3147 extrahere-

598 3175 734 3243 tur,
783 3164 1018 3249 ibique
1052 3176 1258 3231 totam
1299 3176 1563 3231 noctem
1600 3163 1859 3249 jaceret
1885 3164 2060 3252 (erat
2106 3164 2290 3233 enim
2326 3164 2601 3252 hyems)
2628 3168 3149 3235 observaretur-

598 3272 756 3337 que,
809 3252 972 3337 quid
1027 3251 1304 3341 frigoris
1351 3274 1560 3319 causa
1610 3252 1881 3319 faceret.
1939 3252 2230 3322 Ministri
2288 3252 2597 3322 fecerunt
2645 3254 3030 3354 imperata,
3085 3265 3149 3323 ot

598 3338 744 3408 illic
792 3346 951 3407 eum
1002 3361 1222 3425 usque
1271 3339 1352 3407 ad
1409 3351 1803 3424 sequentem
1857 3339 2036 3408 diem
2074 3340 2523 3426 reliquerunt,
2558 3363 2717 3410 cum
2755 3343 2978 3428 miqui
3014 3344 3149 3412 Ju-

599 3427 788 3496 dices
838 3449 1116 3496 rursum
1167 3428 1604 3496 considentes
1655 3429 1723 3495 in
1762 3427 2119 3506 tribunali,
2161 3442 2474 3497 sanctum
2511 3430 2986 3500 Barachisium
3022 3431 3147 3499 ad-

598 3513 759 3583 duci
812 3515 1264 3604 imperarunt.
1306 3520 1452 3596 Quo
1501 3515 1824 3596 adducto,
1869 3531 1934 3584 et
1965 3537 2198 3585 coram
2233 3516 2406 3605 ipsis
2437 3519 2878 3587 consistente:
2918 3519 3143 3600 «Quid

596 3603 791 3692 agis,
848 3604 1222 3690 inquiunt,
1280 3604 1682 3672 Barac-hisi?
1745 3604 2206 3685 Immolasne,
2258 3618 2322 3672 et
2372 3605 2594 3674 Solem
2654 3619 2859 3692 atque
2908 3612 3153 3697 Ignem

594 3703 660 3759 et
697 3696 957 3778 Aquam
1009 3691 1256 3761 adoras
1297 3704 1360 3759 et
1411 3692 1779 3762 veneraris:
1817 3693 2404 3778 quemadmodum
2456 3705 2521 3762 et
2571 3693 2778 3763 frater
2827 3708 2990 3764 tuus
3017 3696 3146 3764 Jo-

595 3801 722 3847 nas
757 3833 772 3859 ,
828 3791 1089 3848 mutato
1164 3780 1504 3860 consiliO,
1561 3780 1765 3860 fecit,
1820 3804 1906 3848 an
1974 3794 2469 3850 tormentorum
2522 3798 2868 3852 certamen
2920 3784 3024 3852 vis
3074 3784 3148 3852 in

594 3888 880 3957 corpore
932 3880 1048 3937 tuo
1098 3870 1484 3959 suscipere?
1518 3891 1551 3933 »
1585 3869 1963 3956 Respondit
2003 3882 2284 3938 sanctus
2315 3870 2755 3940 Baracliisius
2782 3895 2796 3934 ε
2825 3895 2860 3937 «
2897 3876 3150 3954 Quem-

599 3955 983 4024 admodum
1036 3957 1243 4024 frater
1278 3980 1474 4026 meus
1505 3957 1835 4037 adoravit,
1873 3957 1971 4025 sic
2004 3979 2129 4044 ego
2160 3958 2394 4038 adom,
2429 3971 2496 4027 et
2525 3981 2831 4038 veneror,
2870 3974 2934 4029 et
2966 3960 3143 4029 colo.

581 4048 712 4112 Vos
760 4044 844 4112 de
902 4045 1053 4134 ipso
1114 4046 1364 4113 falsum
1419 4045 1776 4114 retulistis.
1826 4051 1989 4114 Nam
2045 4047 2309 4115 Veritas
2357 4068 2490 4115 non
2546 4049 2882 4136 permisit,
2942 4061 3020 4116 ut
3064 4049 3135 4116 id

585 4130 861 4200 faceret.
916 4135 1086 4215 Quis
1133 4134 1314 4201 enim
1372 4148 1669 4201 mentem
1719 4133 1871 4202 e‘us
1932 4155 2291 4202 excaecare
2341 4134 2707 4224 potuisset,
2772 4148 2849 4204 ut
2902 4137 3144 4205 relicto

585 4242 688 4302 ρο,
729 4244 766 4289 a
816 4243 954 4306 quo
1005 4223 1151 4311 ipse
1191 4234 1460 4290 creatus
1508 4233 1630 4302 est,
1687 4245 1723 4289 a
1779 4235 2001 4289 oraret
2056 4244 2136 4290 ea
2183 4245 2360 4310 quae
2408 4237 2634 4292 creata
2680 4237 2841 4293 sunt
2889 4237 2967 4293 ut
3017 4225 3142 4293 ho-

588 4309 904 4378 minibus
937 4311 1268 4377 serviant?
1317 4311 1380 4378 Si
1435 4310 1786 4378 adoranda
1837 4322 2083 4393 essent,
2140 4334 2275 4381 non
2327 4313 2658 4381 servirent
2708 4313 3139 4395 hominibuS,

589 4398 708 4469 sed
761 4397 1080 4466 homines
1127 4397 1267 4467 illis
1317 4398 1750 4468 inservirent.
1792 4400 2097 4471 Dedecus
2146 4402 2329 4469 enirn
2380 4413 2556 4470 esset
2603 4400 2773 4490 igni,
2826 4401 2886 4470 si
2936 4401 3143 4471 nobis
