3327 4999
701 318 827 383 736
1289 337 1368 383 ns
1416 337 1472 382 s.
1524 335 1794 392 amomo
1842 323 2082 384 Anatim
2131 335 2440 386 Lanuuio.
2548 341 2552 346 ·
2719 319 2824 386 EX
2873 320 3055 386 DEC.
3112 317 3155 386 3

699 423 735 508 ξ
798 424 888 493 3.
930 419 1237 503 Quadam
1294 442 1451 490 vero
1497 421 1609 491 die
1648 443 1808 491 cum
1858 422 2205 512 operarios
2245 422 2315 491 in
2367 422 2635 492 vineam
2698 423 3146 502 conduceret,

612 533 697 598 ao
738 509 1179 600 operantibus
1230 508 1546 592 adstaret,
1605 510 1788 586 venit
1831 512 2112 598 quidam
2146 511 2414 601 ejulans
2447 525 2512 581 et
2541 512 2876 583 clamans:
2932 518 3155 584 «Heu

613 621 722 670 me
771 600 1123 680 miserum,
1166 620 1321 668 ecce
1378 599 1597 668 filium
1650 622 1880 670 meum
1945 601 2256 683 unicum,
2322 623 2527 689 quem
2576 623 2655 672 ex
2702 625 2899 674 sacro
2960 603 3155 674 fonte

611 689 790 778 aqua
835 688 1263 790 baptismatis
1293 687 1597 769 abluisti,
1654 689 1724 758 in
1759 689 1961 760 domo
2003 712 2156 760 mea
2188 690 2590 761 semivivum
2639 691 2929 780 reliqui:
2991 716 3157 764 suc·

611 801 812 849 curre
844 777 969 858 illi,
997 776 1299 857 obsecro,
1337 798 1525 847 serve
1556 778 1696 859 Dei,
1734 791 1799 848 et
1829 800 1984 848 eum
2014 779 2335 870 adjuva.»
2357 784 2660 867 Cumque
2697 803 2857 851 eum
2900 783 3159 852 leniter

609 867 1096 947 consolaretur,
1148 866 1332 953 quod
1380 889 1458 936 ex
1491 866 1619 937 hac
1670 867 2066 937 infirmitate
2112 889 2249 937 non
2305 883 2481 939 esset
2541 870 2943 952 morituruS‚
2987 893 3153 941 ecce

610 970 827 1026 mater
856 955 1051 1047 pueri
1076 976 1467 1036 occurrens,
1504 955 1697 1025 dixit:
1722 956 1923 1026 «Noli
1959 958 2317 1027 molestare
2347 959 2569 1028 virum
2607 959 2744 1039 Dei,
2789 960 2921 1029 'am
2954 960 3147 1034 enim

609 1044 797 1115 filius
829 1056 1057 1158 nossr
1094 1056 1403 1115 mortuus
1433 1056 1607 1114 est.»
1650 1046 1840 1127 Quod
1874 1046 1977 1115 vir
2013 1046 2127 1116 Dei
2156 1046 2469 1129 audiam,
2509 982 2917 1139 Evangelica
2939 1051 3150 1119 verba

609 1133 935 1224 profudit,
980 1133 1239 1203 dicens:
1288 1134 1570 1205 «Docuit
1618 1157 1744 1205 nos
1779 1136 2107 1206 Dominus
2144 1158 2262 1227 spe
2309 1136 2666 1207 obtinendi
2714 1159 2932 1218 orare,
2972 1138 3146 1208 dum

607 1224 723 1293 ait:
763 1225 999 1294 Omnia
1045 1246 1498 1314 quaecumque
1537 1236 1800 1294 orantes
1822 1227 2077 1315 petc'tz'S,
2118 1226 2362 1309 credite
2392 1229 2555 1317 quia
2586 1229 2949 1318 accipietis.
2985 1233 3145 1296 Cre·

606 1312 745 1382 dite
775 1307 983 1403 igitur
1013 1325 1077 1381 et
1124 1311 1497 1382 fundamus
1545 1311 1626 1381 ad
1699 1318 1908 1382 Deum
1969 1335 2202 1403 preces
2248 1327 2313 1384 et
2361 1315 2643 1405 recipiet
2691 1317 3136 1387 sanitatem.»

607 1405 913 1489 Cumque
955 1401 1245 1471 orationi
1297 1401 1503 1471 simul
1562 1401 2065 1483 incumberent,
2118 1425 2272 1473 ecce
2327 1426 2496 1494 puer
2556 1426 2767 1476 sanus
2825 1405 3135 1484 effectus,

608 1512 729 1559 seu
778 1489 1004 1581 potius
1064 1489 1428 1570 redivivu5‚
1496 1491 1675 1559 venit
1721 1490 1803 1560 ad
1871 1489 2098 1561 locum
2163 1493 2286 1561 ubi
2354 1506 2632 1562 sanctus
2699 1494 2812 1563 Dei
2870 1495 3138 1564 orabat.

610 1579 832 1661 Quem
881 1601 1039 1649 cum
1077 1579 1390 1648 viderunt
1433 1591 1744 1669 parentes
1774 1580 1947 1670 ejus,
2034 1581 2239 1651 ratias
2275 1586 2405 1651 Deo
2429 1594 2738 1672 egerunt,
2770 1583 2892 1670 qui
2925 1583 3149 1653 salvat

605 1679 958 1759 sperantes
1006 1668 1075 1737 in
1124 1691 1219 1738 se.
1275 1668 1482 1738 Multa
1512 1669 1794 1755 quidem
1827 1680 1892 1738 et
1937 1690 1974 1737 a
2013 1671 2072 1739 ia
2107 1682 2270 1739 sunt
2321 1692 2497 1757 quae
2537 1692 2658 1762 per
2712 1692 2869 1741 eum
2905 1673 3145 1743 Domi-

608 1780 740 1828 nus
799 1757 1125 1848 dignatus
1164 1769 1265 1825 est
1296 1758 1588 1847 operari,
1626 1778 1802 1845 quae
1842 1756 2188 1830 brevitatis
2219 1781 2293 1829 er
2342 1781 2380 1828 o
2423 1760 2631 1831 missa
2680 1758 3001 1831 facimus.

696 1848 733 1934 ξ
780 1850 864 1919 4.
923 1845 1141 1936 Igitur
1186 1846 1666 1917 sanctissimus
1728 1845 1840 1915 Dei
1896 1845 2200 1918 famulus
2255 1848 2620 1936 quuius,
2690 1849 2862 1919 vitae
2925 1871 3149 1921 cursu

608 1934 899 2005 fideliter
938 1945 1230 2024 peracto,
1298 1935 1596 2025 repletus
1646 1935 1959 2005 omnium
2008 1936 2348 2007 bonorum
2395 1958 2682 2039 operum
2731 1937 2989 2020 fructu,
3058 1938 3144 2007 ad

606 2023 774 2094 coeli
832 2023 1108 2114 gaudia,
1159 2024 1354 2093 tertia
1384 2023 1495 2093 die
1530 2023 1918 2095 Decembris
1955 2024 2284 2095 ascendit.
2345 2030 2552 2116 Cujus
2599 2047 2852 2117 corpus
2911 2027 3151 2118 sepul-

606 2125 752 2182 tum
801 2110 927 2182 fuit
977 2133 1018 2182 a
1063 2110 1386 2182 fidelibus
1444 2112 1515 2182 in
1565 2112 1865 2200 quodam
1917 2114 2334 2197 monticulo,
2378 2115 2579 2204 juxta
2635 2137 2961 2206 aggerem
3015 2137 3151 2207 pu·

604 2201 865 2272 blicum
914 2221 1123 2292 super
1160 2201 1515 2272 fluviolum
1551 2201 1831 2271 nomine
1880 2206 2306 2284 Sommeron;
2342 2204 2465 2274 ubi
2513 2216 2745 2295 postea
2776 2204 3144 2275 aedificata

606 2302 707 2362 est
738 2288 1052 2360 aedicula
1082 2312 1292 2381 super
1324 2291 1634 2362 tumbam
1691 2290 1866 2381 ejus,
1908 2303 2181 2383 propter
2209 2292 2450 2363 crebra
2492 2292 2828 2364 miracula
2877 2293 3141 2365 ibidem

606 2392 902 2450 ostensa.

692 2471 729 2558 ξ
793 2472 881 2542 ὅ.
921 2474 1249 2562 Tempore
1282 2468 1603 2540 Ludovici
1636 2469 2076 2572 Imperatoris
2127 2471 2375 2542 mulier
2405 2470 2745 2559 quaedam
2805 2471 3147 2544 Ricbildis

609 2558 911 2640 nomine,
947 2557 1071 2628 diu
1108 2581 1332 2641 caeca,
1379 2558 1465 2629 ad
1513 2559 1874 2630 ecclesiam
1928 2560 2078 2649 ejus
2136 2561 2438 2642 venienS,
2508 2561 2737 2631 statim
2777 2561 2864 2631 ad
2904 2561 3147 2653 sepul-

606 2669 802 2720 crum
834 2647 987 2737 ejus
1020 2648 1407 2719 illuminata
1445 2659 1569 2718 est.
1609 2648 1754 2718 Alia
1809 2649 2087 2719 nomine
2138 2649 2529 2722 Herlefreda
2595 2672 2819 2729 caeca,
2876 2662 2944 2721 et
2983 2651 3144 2723 totis

609 2759 973 2808 nervorum
1008 2737 1460 2828 compagibus
1493 2737 1850 2819 dissoluta,
1900 2737 2063 2808 illuc
2129 2739 2502 2830 deportata,
2557 2739 2708 2830 ipsa
2756 2739 2868 2810 die
2899 2739 3138 2809 videns

576 2840 670 2896 ‚et
717 2850 907 2909 sana,
951 2837 1052 2896 est
1084 2847 1414 2917 regressa.
1458 2826 1602 2896 Alia
1651 2827 1930 2898 nomine
1965 2831 2360 2910 Germuara,
2405 2850 2525 2918 per
2564 2850 2829 2899 annum
2863 2840 3134 2898 contra-

606 2927 786 2986 ctam
832 2915 1094 2987 habens
1143 2937 1427 2985 manum
1480 2914 1850 2996 dexteram,
1905 2915 2161 2987 ibidem
2201 2929 2302 2988 est
2357 2929 2616 2988 curata.
2672 2916 2817 2987 Alia
2857 2917 3142 2987 nomine

606 3004 958 3074 Gertrudis
1005 3004 1089 3073 de
1136 3026 1311 3095 pago
1360 3004 1767 3087 HasbanicO,
1807 3004 2039 3075 dextro
2089 3006 2352 3077 lumine
2400 3007 2685 3097 privata,
2742 3006 3002 3078 ibidem
3063 3005 3148 3076 il·

606 3092 941 3163 luminata
978 3091 1128 3162 fuit.

690 3183 726 3268 ξ
800 3187 891 3253 θ.
936 3186 1103 3251 Cum
1140 3204 1301 3273 ergo
1342 3182 1766 3272 temporibus
1839 3184 2037 3274 Regis
2099 3189 2514 3254 Francorum
2565 3184 2880 3256 Odonis*
2917 3183 3144 3276 pluri-

608 3292 756 3340 mae
802 3269 1041 3341 fierent
1106 3270 1647 3359 circumquaque
1696 3283 1953 3362 strages
2017 3273 2557 3344 Christianorum
2605 3296 2686 3344 ex
2733 3272 3143 3344 crudelitate

607 3365 972 3441 Danorum‚
1029 3382 1108 3429 ac
1145 3359 1359 3428 multa
1407 3360 1724 3431 incendia
1755 3361 2203 3432 ecclesiarum
2238 3384 2317 3432 ac
2358 3362 2676 3433 villarum
2715 3374 3138 3464 agerentur:

606 3450 825 3519 sancti
873 3448 1136 3537 Eloquii
1173 3449 1424 3540 pariter
1476 3461 1776 3520 cremata
1819 3464 1919 3522 est
1971 3450 2280 3521 ecclesia.
2327 3457 2562 3523 Postea
2601 3475 2715 3522 sae
2771 3474 2879 3522 ius
2930 3453 3001 3520 in
3065 3473 3144 3521 eo

606 3538 753 3609 loco
793 3538 1374 3608 atranseuntibus
1434 3538 1709 3609 auditae
1756 3552 1917 3610 sunt
1965 3562 2158 3609 voces
2206 3541 2506 3611 suaviter
2558 3541 2704 3631 psal
2737 3542 3032 3621 entium,
3081 3553 3146 3609 et

608 3627 977 3698 luminaria
1027 3627 1337 3697 ardentia
1393 3628 1476 3698 de
1526 3640 1720 3698 nocte
1766 3629 2391 3719 conspiciebantur.
2449 3634 2616 3700 Cum
2677 3651 2831 3699 vero
2886 3629 3141 3719 hujus-

605 3716 793 3787 modi
855 3717 1211 3807 signorum
1284 3715 1468 3786 fama
1531 3717 2069 3806 circumquaque
2133 3720 2653 3809 percrebuisset,
2710 3742 2789 3789 ac
2841 3718 3145 3788 maxime

605 3805 786 3894 quod
823 3818 1100 3876 sanctus
1139 3806 1246 3875 Dei
1275 3805 1535 3893 absque
1581 3806 2040 3877 ecclesiastico
2080 3808 2273 3878 cultu
2313 3810 2442 3879 sub
2500 3808 2613 3878 dio
2645 3820 2710 3879 ct
2757 3808 2827 3876 in
2873 3807 3145 3877 deserto

609 3895 756 3965 loco
795 3894 983 3965 solus
1020 3896 1302 3985 jaceret:
1356 3895 1775 3966 Hardericus
1823 3896 2256 3968 venerandus
2298 3903 2535 3967 Comes
2576 3919 2734 3968 cum
2771 3896 3154 3966 Heresinde

608 3984 900 4085 conjuge
948 4006 1073 4053 sua
1137 3984 1543 4065 clarissima,
1617 3996 2055 4055 accesserunt
2101 3986 2185 4055 ad
2229 3986 2719 4057 Rodobardum
2760 3998 2926 4055 tunc
2980 3998 3152 4054 tem·

609 4095 797 4166 poris
829 4071 1354 4163 Laudunensem
1396 4074 1835 4165 Episcopum,
1883 4086 2183 4165 petentes
2218 4087 2294 4144 ut
2322 4074 2666 4145 licentiam
2702 4074 2894 4145 daret
2934 4073 3149 4145 alior-

612 4183 768 4233 sum
808 4182 1061 4252 corpus
1089 4160 1264 4232 illud
1314 4173 1630 4232 sanctum
1665 4162 2052 4244 transferre,
2106 4163 2230 4233 ubi
2261 4163 2740 4235 honorabilius
2780 4163 3000 4254 possit
3032 4186 3154 4235 cu·

609 4251 870 4324 stodiri.
925 4256 1069 4335 Quo
1126 4273 1473 4333 concess0,
1549 4251 1856 4323 delatum
1922 4265 2023 4324 est
2071 4252 2288 4322 sancti
2352 4252 2477 4322 viri
2524 4274 2774 4343 corpus
2836 4252 2923 4322 ad
2968 4251 3150 4323 hanc

611 4416 688 4518 ω*
717 4416 1015 4519 Ιέοξειιᾱῗδωιθ
1027 4415 1171 4520 τοι-εἶε
1261 4415 1569 4465 Temporibus
1601 4416 1757 4458 Caroli
1786 4416 2037 4467 Simplicis,
2065 4415 2353 4459 Francorum
2373 4425 2570 4468 regnum
2605 4415 2966 4457 amintam-aute
2988 4415 3152 4458 odone

660 4479 713 4509 us
759 4480 790 4511 u
813 4480 894 4511 ore
1019 4479 1057 4510 ο.
1084 4479 1113 4511 x
