3327 4999
194 328 441 394 MART.
498 328 572 392 2⁴
1032 345 1112 392 nc
1159 346 1215 392 s.
1268 344 1613 393 eenamcro
1659 344 1904 392 ΑΒΒΑΤΕ
2527 329 2659 393 449

200 436 539 505 tenuerat,
587 424 659 491 in
710 445 960 509 aquam
1011 423 1287 492 incaute
1320 422 1758 503 submittens,
1806 423 1953 512 ipse
1983 443 2257 509 quoque
2286 424 2595 493 cadendo
2644 446 2752 494 se-

196 526 459 599 quutus
519 524 644 581 est.
715 516 927 593 Quem
983 532 1137 579 mox
1186 511 1374 580 unda
1422 511 1676 601 rapuit,
1732 523 1799 579 et
1848 510 2152 600 penead
2205 511 2417 580 unius
2465 513 2752 603 sagittae

197 623 512 682 cursum,
566 621 722 668 eum
768 621 807 666 a
858 610 1032 668 terra
1082 598 1425 668 introrsus
1475 598 1698 668 traxit.
1732 599 1846 667 Vir
1874 609 2106 669 autem
2141 599 2256 667 Dei
2290 599 2470 668 intra
2498 600 2745 669 cellam

196 689 489 780 posituS,
525 688 655 756 hoc
703 687 1023 776 protinus
1068 688 1368 776 agnovit,
1405 697 1471 755 et
1520 693 1834 755 Maurum
1864 685 2107 754 festine
2137 687 2422 767 vocavit,
2458 688 2696 760 dicens
2727 711 2742 757 :

197 800 235 843 «
266 782 497 844 Frater
545 781 797 853 Maure,
840 796 1065 853 curre,
1104 774 1267 861 quia
1318 796 1490 864 puer
1537 773 1677 855 ille,
1715 775 1837 860 qui
1872 773 1959 842 ad
2002 774 2455 844 hauriendam
2492 797 2748 861 aquam

196 875 608 954 perrexerat,
663 863 732 930 in
786 862 1014 931 lacum
1057 862 1327 933 cecidit:
1382 863 1671 950 Jamque
1717 884 1877 931 eum
1927 861 2206 952 longius
2243 863 2436 932 unda
2467 864 2746 933 trahit.»

198 958 332 1021 Res
383 951 580 1030 mira,
633 962 699 1019 et
746 964 900 1038 post
945 954 1220 1019 Petrum
1270 950 1667 1040 Apostolum
1719 950 2073 1020 inusitata.
2126 951 2607 1020 Benedictione
2653 964 2754 1019 et-

166 1040 383 1109 ·enim
434 1038 775 1127 postulata
825 1051 1032 1123 atque
1074 1052 1413 1127 percepta,
1467 1037 1552 1107 ad
1607 1038 1821 1127 patris
1869 1038 1981 1106 sui
2029 1036 2402 1128 imperium
2437 1038 2751 1108 concitus

198 1127 496 1217 perrexit
545 1131 846 1206 MauruS,
898 1139 1105 1212 atque
1141 1147 1364 1212 usque
1410 1126 1496 1194 ad
1545 1147 1706 1194 eum
1745 1126 2000 1205 locum,
2055 1146 2193 1212 quo
2256 1126 2343 1195 ab
2391 1127 2585 1196 unda
2632 1125 2754 1196 de-

196 1213 583 1283 ducebatur
634 1235 825 1302 puer,
864 1234 986 1302 per
1045 1225 1295 1282 terram
1346 1235 1419 1283 se
1468 1214 1567 1282 ire
1612 1213 2042 1293 existimans,
2081 1236 2295 1303 super
2339 1236 2593 1301 aquam
2627 1237 2752 1283 cu-

197 1302 442 1380 currit,
497 1322 796 1386 eumque
848 1322 967 1389 per
1013 1300 1303 1390 capillos
1356 1313 1616 1381 tenens,
1655 1323 1869 1369 cursu
1902 1301 2146 1389 rapido
2178 1301 2402 1370 rediit.
2440 1302 2570 1384 Qui
2597 1323 2756 1370 mox

197 1403 277 1459 ut
327 1403 575 1457 terram
629 1388 869 1478 tetigit,
923 1387 1010 1456 ad
1060 1410 1131 1459 se
1178 1411 1516 1469 reversus,
1569 1401 1725 1478 post
1773 1400 1872 1457 ter
1924 1410 2040 1456 um
2091 1390 2408 1479 respexit,
2462 1401 2527 1459 et
2587 1390 2755 1474 quia

199 1499 414 1577 super
459 1498 676 1561 aquas
727 1476 1186 1555 cucurrisset,
1240 1476 1552 1566 agnovit:
1606 1489 1673 1544 et
1720 1498 1857 1562 quo
1956 1497 2395 1565 praesumere
2444 1499 2582 1545 non
2635 1498 2757 1565 po-

199 1576 448 1634 tuisset
497 1576 571 1633 ut
622 1564 832 1640 fieret,
890 1563 1183 1632 miratus
1229 1564 1595 1632 extremuit
1641 1563 1924 1632 factum.
1987 1568 2325 1635 Reversus
2371 1564 2600 1651 itaque
2660 1562 2748 1633 ad

251 1665 471 1721 atrem
506 1706 520 1732 ,
580 1673 721 1720 rem
773 1662 1033 1738 gestam
1096 1651 1350 1721 retulit.
1405 1651 1520 1719 Vir
1564 1663 1793 1719 autem
1867 1651 2278 1719 venerabilis
2344 1652 2755 1721 Benedictus

253 1762 336 1809 oc
387 1760 523 1808 non
575 1739 721 1807 suis
769 1737 1057 1816 meritis,
1111 1738 1225 1807 sed
1287 1738 1477 1806 illius
1525 1738 1955 1807 obedientiae
1994 1738 2326 1827 deputare
2372 1740 2619 1830 coepit.
2672 1743 2750 1807 At

202 1840 445 1895 contra
496 1832 774 1897 Maurus
813 1847 934 1914 pro
982 1824 1127 1894 solo
1159 1827 1310 1915 ejus
1355 1826 1647 1914 imperio
1695 1825 1951 1895 factum
2002 1826 2295 1895 dicebat:
2343 1850 2552 1913 seque
2590 1848 2755 1896 con-

199 1916 425 1983 scium
478 1915 548 1981 in
600 1912 718 1981 illa
760 1914 1005 1982 virtute
1053 1935 1190 1982 non
1229 1935 1403 1993 esse,
1438 1935 1645 1999 quam
1700 1914 1977 1982 nescius
2024 1913 2315 1984 fecisset.
2359 1916 2487 1984 Sed
2520 1915 2588 1983 in
2625 1914 2754 1982 hac

198 2000 619 2071 humilitatis
692 2014 930 2069 mutua
977 2014 1043 2070 et
1099 2001 1322 2070 amica
1390 2000 1827 2071 contentione
1878 2002 2167 2070 accessit
2215 2003 2470 2071 arbiter
2529 2024 2747 2092 puer,

200 2090 324 2176 qui
359 2100 635 2178 ereptus
665 2100 788 2156 est:
823 2109 1123 2174 namque
1171 2089 1472 2176 dicebat:
1501 2113 1536 2155 «
1560 2094 1699 2189 Ego
1748 2110 1907 2158 cum
1943 2110 2022 2157 ex
2057 2111 2236 2175 aqua
2270 2091 2596 2170 traherer,
2634 2112 2754 2158 su-

200 2198 325 2267 per
362 2188 571 2265 caput
605 2196 832 2244 meum
889 2177 1202 2245 melotem
1255 2176 1532 2247 Abbatis
1581 2176 1922 2255 videbam,
1976 2189 2182 2263 atque
2229 2178 2460 2267 ipsum
2513 2198 2621 2245 me
2670 2198 2752 2245 ex

203 2264 408 2350 aquis
456 2264 748 2333 educere
795 2264 1348 2335 considerabam.
1394 2292 1416 2325 »
1642 2338 1651 2343 ‚

290 2355 327 2437 ,ξ
376 2358 508 2422 11.
590 2356 754 2419 Cum
798 2352 942 2439 ,iam
999 2352 1146 2420 loca
1211 2352 1447 2420 eadem
1501 2351 1570 2419 in
1621 2370 1926 2419 amorem
1993 2352 2262 2420 Domini
2314 2352 2529 2423 nostri
2581 2358 2750 2421 Jesu

202 2438 477 2518 Christi,
521 2438 722 2528 longe
757 2438 1025 2525 lateque
1074 2438 1545 2520 fervescerent,
1594 2451 1659 2509 et
1699 2439 2076 2509 secularem
2130 2440 2334 2510 vitam
2388 2439 2590 2510 multi
2641 2461 2747 2508 re-

206 2528 624 2612 linquerent,
676 2539 743 2594 et
808 2528 943 2598 sub
991 2527 1121 2596 levi
1185 2528 1662 2616 Redemptoris
1702 2528 1876 2618 jugo
1924 2529 2259 2596 cervicem
2308 2527 2538 2598 cordis
2585 2527 2750 2596 edo-

202 2627 505 2683 marent:
560 2615 741 2683 sicut
785 2636 935 2682 mos
993 2637 1360 2705 pravorum
1419 2628 1542 2696 est,
1598 2615 1903 2685 invidere
1935 2615 2091 2684 aliis
2140 2616 2411 2684 virtutis
2460 2615 2747 2695 bonum,

197 2702 383 2789 quod
436 2702 570 2792 ipsi
621 2701 872 2769 habere
922 2724 1057 2770 non
1110 2715 1465 2792 appetunt:
1522 2702 1786 2771 vicinae
1818 2702 2146 2770 ecclesiae
2194 2703 2568 2792 presbyter,
2606 2702 2754 2769 Flo-

199 2790 465 2859 rentius
512 2790 814 2868 nomine,
874 2788 1091 2875 hujus
1140 2790 1353 2860 nostri
1403 2790 1814 2859 subdiaconi
1862 2789 2183 2858 Florentii
2232 2812 2437 2869 avuS,
2477 2789 2753 2876 antiqui

197 2878 415 2947 hostis
469 2876 729 2945 malitia
791 2897 1189 2966 percussuS,
1235 2877 1458 2946 sancti
1518 2878 1646 2945 viri
1703 2876 1954 2947 studiis
2006 2878 2230 2966 coepit
2291 2877 2610 2955 emulari,
2672 2898 2750 2944 e-

188 2967 452 3054 jusque
500 2964 1004 3036 conversationi
1054 2965 1407 3055 derogare,
1464 2986 1776 3051 quosque
1829 2965 2034 3034 etiam
2096 2978 2358 3054 posset,
2423 2966 2511 3035 ab
2568 2963 2757 3033 illius

195 3052 595 3121 visitatione
647 3074 1110 3141 compescere.
1174 3059 1482 3138 Cumque
1525 3053 1668 3138 jam
1730 3074 1802 3120 se
1857 3053 2286 3142 conspiceret
2332 3052 2483 3141 ejus
2531 3051 2757 3142 profe-

198 3141 435 3210 ctibus
471 3139 746 3208 obviare
777 3161 912 3207 non
952 3161 1185 3229 posse,
1223 3152 1290 3208 et
1332 3140 1871 3209 conversationis
1921 3139 2111 3210 illius
2165 3140 2564 3229 opinionem
2608 3160 2756 3206 cre-

204 3249 419 3307 scere,
475 3240 678 3312 atque
742 3226 999 3296 multos
1055 3227 1136 3295 ad
1202 3238 1453 3296 statum
1506 3226 1684 3296 vitae
1745 3227 2052 3296 melioris
2101 3227 2252 3316 ipso
2289 3248 2563 3313 quoque
2607 3225 2760 3315 opi-

205 3316 441 3384 nionis
490 3315 642 3403 ejus
692 3315 1058 3403 praeconio
1107 3315 1577 3383 indesinenter
1605 3315 1874 3383 vocari:
1911 3313 2210 3383 invidiae
2241 3315 2508 3384 facibus
2537 3313 2759 3412 magis

207 3403 575 3491 magisque
647 3422 1061 3482 sucos-RSUS,
1115 3403 1411 3471 deterior
1470 3402 1700 3471 fiebat:
1771 3403 1932 3488 quia
1984 3402 2523 3471 conversationis
2570 3400 2760 3472 illius

200 3490 567 3579 appetebat
617 3489 871 3557 babere
921 3489 1222 3570 laudem,
1280 3490 1397 3558 sed
1430 3489 1684 3558 habere
1726 3490 2148 3559 laudabilem
2197 3489 2406 3558 vitam
2457 3487 2751 3556 nolebat.

205 3578 340 3660 Qui
389 3577 702 3665 ejusdem
756 3576 1057 3646 invidiae
1105 3577 1407 3646 tenebris
1455 3591 1795 3658 coecatuS,
1834 3577 1917 3645 ad
1965 3577 2094 3645 hoc
2123 3598 2347 3663 usque
2383 3575 2761 3666 perductus

198 3678 325 3740 est.
382 3677 461 3733 ut
509 3685 703 3733 servo
752 3665 1244 3753 omnipotentis
1294 3664 1410 3732 Dei
1458 3663 1786 3733 infectum
1821 3686 2084 3733 veneno
2117 3686 2365 3753 panem
2398 3663 2599 3750 quasi
2635 3682 2759 3753 pro

206 3752 690 3823 benedictione
727 3752 1238 3822 transmitteret.
1294 3757 1506 3833 Quem
1561 3753 1666 3819 vir
1699 3752 1816 3820 Dei
1850 3774 2009 3820 cum
2064 3751 2443 3840 gratiarum
2494 3751 2763 3820 actione

146 3861 158 3872 ·
208 3840 560 3930 suscepit:
615 3839 733 3909 sed
782 3860 978 3920 eum,
1030 3861 1207 3925 quae
1257 3839 1468 3929 pestis
1522 3838 1758 3918 lateret
1806 3840 1875 3906 in
1929 3861 2128 3928 pane,
2184 3861 2320 3907 non
2383 3838 2606 3908 latuit.
2657 3836 2757 3905 Ad

208 3929 451 3998 horam
497 3949 654 3996 vero
704 3927 1095 3995 refectionis
1145 3927 1336 3998 illius
1376 3949 1455 3995 ex
1492 3927 1720 3995 vicina
1768 3926 1959 4015 sylva
2008 3948 2256 3996 corvus
2304 3927 2536 3996 venire
2593 3946 2762 3995 con-

201 4027 545 4095 sueverat,
600 4028 668 4084 et
716 4036 964 4104 panem
1013 4016 1099 4083 de
1148 4037 1366 4084 manu
1413 4015 1564 4103 ejus
1612 4014 1949 4102 accipere.
2004 4014 2134 4096 Qui
2182 4036 2342 4083 cum
2393 4034 2583 4083 more
2640 4035 2753 4082 so-

203 4104 327 4173 lito
377 4103 697 4184 venisset,
753 4124 1030 4202 panem,
1082 4123 1286 4187 quem
1345 4102 1703 4191 presbyter
1749 4101 2246 4182 transmiserat,
2284 4103 2398 4169 vir>
2442 4101 2557 4170 Dei
2601 4111 2762 4168 ante

205 4213 490 4260 corvum
525 4190 834 4279 projecit,
870 4190 1071 4275 eique
1101 4191 1469 4279 praecepit,
1510 4190 1786 4258 dicens:
1830 4214 1854 4253 α
1894 4194 1967 4257 In
2005 4189 2287 4258 nomine
2313 4195 2480 4258 Jesu
2511 4186 2761 4256 Christi

208 4278 484 4348 Domini
535 4277 750 4347 nostri
800 4277 960 4346 tolle
1008 4277 1196 4346 hunc
1245 4299 1520 4376 panem,
1559 4289 1624 4346 et
1675 4277 1791 4345 tali
1840 4299 1996 4346 eum
2036 4277 2103 4344 in
2141 4277 2289 4346 loco
2325 4277 2602 4367 projice,
2637 4272 2762 4342 ubi

206 4387 246 4434 a
295 4366 492 4436 nullo
541 4365 905 4434 hominum
972 4365 1185 4454 possit
1242 4365 1563 4433 inveniri.
1634 4387 1671 4432 »
1731 4370 1922 4435 Tunc
1988 4386 2237 4435 corvus
2296 4375 2530 4455 aperto
2595 4382 2753 4442 ore,
