3327 4999
615 324 744 389 620
823 352 829 359 ·
1346 340 1426 389 ne
1474 339 1531 385 5.
1583 336 1899 387 menovio
1942 337 2237 386 muscoro
2583 321 2690 386 EX
2734 320 2920 389 ΑΗΘ.
2976 323 3062 401 16,

522 437 623 498 est
674 424 960 495 reddita.
1015 424 1439 495 Habitatores
1488 444 1643 492 vero
1690 423 1839 513 ejus
1890 423 2077 492 mille
2129 422 2353 494 modis
2400 423 2799 493 morborum
2847 424 3056 495 devo-

527 514 692 597 tati,
746 514 865 585 alii
915 514 1382 583 membrorum
1453 511 1806 582 debilitate
1845 534 1965 582 coe
2016 526 2218 583 erunt
2264 511 2620 594 contrahi,
2686 512 2806 582 alii
2865 512 3060 605 lepra

523 603 978 691 squalebant,
1054 601 1172 671 alii
1224 601 1373 670 visu
1430 622 1501 670 se
1552 600 1805 691 privari
1881 600 1970 673 do
1998 604 2245 671 ebant:
2322 600 2433 670 isti
2499 602 2640 670 oris
2706 599 2930 672 officio
2985 625 3063 673 se

521 692 825 774 destitui,
864 691 999 760 alii=
1030 712 1100 760 se
1147 690 1390 760 auditu
1411 688 1856 847 dplangebant
1902 689 2226 759 diminui.
2281 694 2409 760 Nec
2458 690 2711 778 aliquis
2739 705 2884 761 erat
2911 715 3061 761 om·
3142 702 3154 712 “

523 782 719 851 nium
768 780 889 868 qui
937 779 1246 849 coelestis
1294 779 1405 846 vin
1465 779 1633 849 ictae
1658 779 1987 870 effugeret
2003 779 2380 870 judicium.
2420 779 2718 848 Tandem
2763 802 2882 870 per
2909 781 3060 850 cul-

525 893 651 962 pae
697 869 1072 938 vindictam
1119 880 1605 955 cognoscentes
1653 889 1805 936 sero
1849 868 2129 958 culpam
2165 890 2388 949 suam,
2423 890 2546 937 nec
2578 867 2898 950 volenteS,
2932 891 3060 939 nec

524 960 825 1030 valentes
872 957 1054 1027 ultra
1100 959 1386 1027 sufferre
1433 956 1937 1029 maledictionis
1993 970 2060 1026 et
2105 955 2389 1027 ultionis
2420 957 2828 1038 molestiam,
2866 980 3060 1028 com-

528 1047 881 1117 municato
926 1045 1215 1116 consilio
1260 1045 1832 1125 deliberaverunt,
1886 1069 1927 1115 a
1973 1059 2211 1125 sancto
2262 1046 2402 1114 viro
2454 1046 2721 1115 veniam
2774 1046 3060 1116 humili-

527 1149 626 1205 ter
673 1135 1065 1225 implorare.
1120 1135 1322 1203 Missa
1370 1133 1603 1221 itaque
1646 1134 1731 1203 ad
1766 1157 1925 1204 eum
1978 1134 2337 1225 legatione,
2383 1150 2674 1223 poscunt
2705 1156 2864 1205 cum
2900 1157 3056 1204 cor-
3144 1163 3152 1169 ·

525 1225 634 1294 dis
665 1224 1094 1302 contritione,
1145 1237 1220 1293 ut
1266 1223 1712 1293 absolvantur
1756 1224 1843 1293 ab
1873 1223 2064 1292 illata
2094 1223 2594 1303 maledictione,
2640 1223 3060 1313 spondentes

524 1314 581 1383 si
622 1335 737 1382 eos
785 1313 1189 1403 dignaretur
1234 1312 1361 1381 sua
1409 1312 1814 1393 reversione,
1869 1312 2194 1401 deinceps
2234 1334 2306 1382 se
2352 1313 2412 1381 ei
2462 1313 3055 1397 obtemperaturos

523 1403 673 1471 sine
719 1400 954 1488 aliqua
1001 1401 1560 1472 contradictione.
1614 1406 1887 1470 Amator
1938 1402 2205 1491 pietatis
2252 1414 2316 1470 et
2364 1401 2878 1471 misericordiae
2914 1408 3054 1472 Ma-

523 1490 808 1571 cloviuS,
864 1490 982 1560 ubi
1045 1491 1526 1579 poenitentiam
1583 1489 1858 1559 illorum
1908 1490 2192 1579 accepit,
2247 1512 2593 1559 summam
2652 1490 2927 1561 consilii
2965 1491 3055 1561 ad

524 1579 877 1649 Leontium
933 1578 1385 1648 venerabilem
1437 1579 1728 1648 detulit:
1793 1580 2112 1650 Leontius
2169 1579 2349 1647 hanc
2412 1579 2496 1647 ad
2550 1579 2776 1668 ipsum
2843 1585 3061 1651 Deum
3122 1646 3128 1652 .

430 1672 433 1681 '
525 1668 958 1738 referendum
995 1668 1286 1737 censuit.
1342 1674 1633 1755 Uterque
1681 1667 1939 1737 indicto
1968 1668 2100 1737 sibi
2138 1668 2456 1737 triduano
2478 1667 2745 1756 jejunio
2776 1682 3063 1739 exorant

526 1758 661 1827 sibi
711 1756 993 1826 revelari
1026 1780 1064 1825 a
1113 1757 1421 1838 Domino,
1472 1756 1641 1842 quid
1692 1778 1901 1845 super
1935 1756 2061 1825 boc
2090 1757 2222 1825 sibi
2268 1769 2446 1826 esset
2491 1778 2668 1846 opus
2714 1755 2913 1828 fact0.
2950 1763 3065 1827 In-

528 1857 627 1916 ter
673 1846 1011 1915 orandum
1064 1845 1361 1936 Angelus
1415 1845 1681 1914 Domini
1732 1845 2055 1914 Maclovio
2120 1845 2354 1926 astitit,
2406 1844 2607 1932 eique
2652 1867 2734 1914 ex
2776 1867 2892 1916 ore
2943 1847 3061 1917 Dei
3151 1848 3160 1857 ‘

529 1935 696 2005 haec
730 1934 1106 2025 suggessit:
1158 1964 1181 1996 a
1213 1938 1487 2024 Oportet
1526 1948 1610 2013 te,
1651 1955 1691 2003 o
1721 1935 1939 2003 amice
1957 1934 2095 2013 Dei,
2121 1934 2539 2002 Britanniam
2569 1935 2882 2015 revisere,
2908 1958 3061 2004 om-

525 2045 682 2092 nem
736 2023 1283 2093 maledictionem
1335 2022 1625 2101 auferre,
1683 2023 1995 2093 homines
2042 2023 2393 2093 salutifera
2444 2023 2916 2093 benedictione
2945 2045 3062 2094 sa-

530 2134 718 2193 nare,
775 2127 988 2181 terrae
1038 2112 1412 2180 ubertatem
1464 2112 1842 2181 restituere.
1917 2112 2250 2202 Deinceps
2296 2112 2503 2181 debes
2553 2115 2889 2182 Santonas
2952 2135 3063 2181 re-

530 2215 780 2292 petere,
822 2201 983 2287 quia
1021 2199 1161 2268 illic
1211 2200 1421 2270 habes
1466 2200 1860 2290 propediem
1903 2200 2116 2270 obire.
2177 2228 2201 2264 ι

616 2292 651 2376 ξ
722 2296 865 2361 21.
931 2294 1221 2359 Sanctus
1279 2288 1507 2375 itaque
1555 2289 1657 2357 vir
1706 2288 2086 2358 secundum
2137 2292 2229 2357 An
2284 2288 2527 2358 elicam
2578 2289 3061 2360 revelationem

528 2378 964 2469 repatriavit,
1029 2391 1275 2447 terram
1348 2378 1798 2464 hominesque
1859 2399 1982 2446 sua
2047 2376 2220 2447 bene
2275 2379 2519 2448 ictione
2578 2378 3054 2459 sanctificavit,

528 2472 797 2554 Deoque
846 2467 1153 2558 largitori
1200 2467 1511 2537 omnium
1549 2466 1885 2537 bonorum
1913 2489 2028 2537 eos
2057 2467 2317 2537 orando
2353 2468 2881 2538 commendavit.
2919 2468 3059 2538 Sic·
3125 2524 3133 2529 .

527 2578 661 2643 que
709 2557 938 2627 omnis
988 2572 1157 2626 terra
1208 2556 1463 2646 repleta
1528 2568 1629 2625 est
1699 2556 1950 2646 dapsili
2014 2557 2320 2626 ubertate
2384 2579 2502 2647 per
2565 2558 2716 2645 ejus
2773 2557 3060 2628 benedi-

525 2646 821 2716 ctionem
871 2668 1047 2733 quae
1093 2658 1292 2714 antea
1339 2644 1663 2714 damnata
1694 2644 1912 2713 fuerat
1960 2668 2080 2734 per
2125 2646 2275 2736 ejus
2325 2645 2900 2715 maledictionem.
2954 2651 3060 2717 Ita

529 2733 785 2804 factum
834 2750 936 2804 est
972 2735 1297 2803 omnibus
1398 2732 1579 2803 alam
1628 2733 1811 2821 quod
1863 2734 2160 2823 pontifex
2202 2734 2359 2824 pius
2410 2735 2585 2803 hanc
2634 2735 3064 2805 maledictio—

529 2845 687 2893 nem
742 2846 873 2892 non
908 2823 1139 2892 intulit
1172 2844 1288 2911 per
1312 2845 1349 2890 a
1384 2823 1612 2909 iquam
1647 2822 2159 2893 malevolentiae
2189 2823 2812 2912 intemperantiam,
2846 2825 3067 2895 immo

528 2934 650 3002 per
711 2912 948 2981 utilem
1009 2910 1385 2980 severitatis
1435 2910 2001 2992 benevolentiam,
2062 2924 2139 2981 ut
2191 2934 2308 3002 per
2355 2912 2533 2982 hanc
2586 2913 3061 2983 necessitatem

527 2999 766 3070 saltem
819 2999 1014 3068 inviti
1063 2999 1495 3068 traherentur
1522 2999 1609 3067 ad
1646 2999 2156 3088 poenitentiam.
2196 3001 2499 3070 Britanni
2537 3001 2837 3089 denique
2865 3023 3056 3071 com-

524 3102 714 3179 potes
764 3089 894 3157 voti
945 3087 1056 3158 sui
1100 3087 1319 3156 effecti
1354 3142 1368 3169 ,
1443 3100 1577 3156 tam
1633 3089 1954 3179 princeps
1999 3101 2065 3158 et
2111 3091 2473 3175 optimates
2524 3090 2764 3180 regni,
2834 3113 3047 3177 quam

524 3178 758 3247 Clerus
803 3189 869 3245 et
918 3176 1234 3265 Episcopi
1285 3176 1352 3245 in
1403 3197 1623 3244 unum
1673 3177 2050 3267 conjuncti,
2105 3177 2368 3248 felicem
2417 3179 2639 3248 virum
2687 3181 3060 3268 poscebant

519 3265 784 3345 cernui,
835 3278 912 3334 ut
961 3265 1303 3352 reliquum
1363 3265 1536 3333 vitae
1586 3288 1751 3335 suae
1799 3266 2203 3357 dignaretur
2250 3290 2481 3338 secum
2531 3289 2757 3357 agere,
2810 3280 2888 3338 ut
2940 3291 3060 3356 per

518 3357 669 3445 ejus
703 3353 1118 3431 convictum,
1174 3353 1288 3423 Dei
1335 3354 1626 3443 gratiam
1684 3370 2106 3426 mererentur
2150 3356 2529 3442 acquirere.
2572 3356 2692 3425 Ille
2740 3357 2868 3426 hoc
2903 3357 3059 3427 fieri

520 3464 720 3534 posse
766 3443 1030 3523 abnuit,
1069 3455 1134 3511 et
1180 3442 1390 3512 simul
1444 3442 2021 3532 impossibilitatis
2068 3467 2233 3514 suae
2280 3466 2561 3514 causam
2614 3444 2715 3516 eis
2763 3445 3060 3515 humili-

522 3546 623 3602 ter
688 3532 928 3622 aperit,
982 3543 1050 3602 et
1096 3531 1470 3601 vocationis
1519 3553 1685 3601 suae
1736 3544 2008 3622 tempus
2056 3533 2188 3603 sibi
2238 3532 2634 3623 impendere
2686 3534 3047 3624 praedixit,

519 3634 585 3691 et
634 3621 760 3690 hoc
807 3620 996 3711 apud
1055 3624 1392 3690 santonas
1447 3620 1578 3690 sibi
1628 3642 1780 3690 esse
1826 3643 1867 3690 a
1917 3627 2047 3691 Deo
2092 3621 2649 3703 determinatum,
2702 3644 2781 3691 ex
2831 3624 3061 3695 verbis

520 3709 756 3800 Angeli
792 3731 864 3779 se
915 3708 1238 3779 didicisse
1269 3709 1457 3777 dixit.
1496 3709 1804 3779 Britanni
1852 3710 2112 3791 ssenteS,
2150 3724 2216 3780 et
2272 3710 2588 3781 timentes
2619 3710 2854 3782 adbuc
2901 3735 3064 3782 coe-

524 3797 712 3869 lestis
762 3798 903 3868 irae
951 3798 1236 3889 vestigia
1287 3810 1563 3880 restare,
1615 3797 1736 3884 qui
1785 3821 1910 3868 nec
1958 3800 2027 3868 in
2079 3800 2214 3869 vita
2264 3821 2387 3868 nec
2440 3800 2509 3869 in
2581 3815 2796 3871 morte
2861 3800 3062 3892 digni

521 3899 751 3958 essent
797 3886 998 3957 talem
1053 3902 1417 3989 patronum
1471 3886 1744 3969 habere,
1806 3910 1963 3957 cum
2015 3888 2269 3979 gaudio
2318 3889 2507 3978 pacis
2553 3902 2618 3958 et
2663 3888 3056 3960 dilectionis

526 3997 683 4044 eum
738 3991 1102 4066 prosecuti,
1154 3977 1261 4045 vix
1311 3975 1587 4044 tandem
1636 3975 1822 4065 passi
1864 3977 2136 4048 suntab
2167 3999 2248 4046 eo
2277 3978 2607 4066 separari.
2644 3977 2858 4068 Igitur
2888 3982 3062 4048 San-

514 4076 714 4135 tonas
763 4087 1136 4156 regressuS,
1195 4076 1401 4134 noctu
1447 4077 1512 4133 et
1560 4064 1864 4134 interdiu
1908 4065 2087 4135 eoin
2123 4067 2230 4138 sui
2277 4067 2662 4137 custodiam
2697 4066 3054 4154 laborabat

518 4152 918 4242 vigilantius
964 4175 1100 4240 quo
1153 4153 1518 4223 Dominum
1576 4153 1646 4221 in
1699 4154 2009 4253 proximo
2054 4176 2204 4225 esse
2259 4154 2596 4225 didicerat
2641 4155 2920 4236 certius,
2974 4167 3054 4225 ut

515 4263 955 4330 quacumque
1006 4242 1173 4311 hora
1237 4241 1515 4321 veniret,
1578 4242 1873 4332 vigilans
1918 4255 1985 4312 et
2033 4255 2311 4332 paratus
2371 4242 2675 4333 pulsanti
2721 4244 3042 4333 aperiret.

517 4330 650 4413 Qui
695 4330 880 4399 enim
931 4342 1070 4400 tam
1113 4328 1318 4421 longo
1364 4331 1601 4400 aetatis
1652 4343 1956 4422 tempore
1983 4332 2240 4402 bonum
2273 4345 2615 4403 certamen
2649 4344 3045 4414 certaverat,

517 4432 583 4489 et
631 4419 906 4490 tandem
946 4440 1232 4491 cursum
1264 4419 1819 4502 consummabat,
1871 4420 1957 4489 de
2003 4421 2333 4511 religione
2369 4443 2697 4491 coronam
2735 4421 3051 4512 justitiae
