3327 4999
664 271 793 336 7t2
1375 286 1452 333 nr.
1500 287 1557 335 s.
1610 281 1883 336 tantm«)
1930 286 2324 336 rusnmao
2643 268 2750 336 EX
2795 268 2986 337 NOV.
3047 269 3136 334 ⁴2

664 372 701 455 ἓ
759 373 911 441 16.
969 372 1043 437 In
1093 387 1271 436 urna
1317 367 1698 457 repositum
1748 389 2002 458 corpus
2051 366 2444 438 reconditur
2503 388 2666 437 cum
2713 366 2945 438 debita
2997 367 3138 437 ho-

577 456 1005 527 norificentia
1040 456 1108 523 in
1158 455 1445 525 ecelesia
1489 467 1727 545 portus
1779 455 2283 527 Daventriensis
2329 456 2384 525 *.
2441 456 2563 525 Cui
2612 455 2759 525 loco
2818 456 2951 526 hoc
3015 456 3130 524 in·

574 546 794 614 ditum
844 555 1109 614 constat
1153 543 1564 614 vocabulum
1594 565 1633 611 a
1665 548 1933 613 Davone
1963 543 2290 631 quodam,
2333 543 2708 614 honorifico
2739 566 2818 612 ac
2855 544 3128 634 potenti

577 635 717 702 viro
780 638 844 702 S.
893 632 1217 711 Lebuino,
1250 631 1417 701 dum
1469 631 1699 700 adhuc
1747 633 2019 712 viveret,
2052 632 2620 704 familiarissimo.
2661 632 2965 701 Ecclesia
2994 655 3134 701 au·

574 735 705 791 tem
759 722 906 811 ipsa
956 721 1043 788 ab
1091 719 1327 788 eodem
1380 731 1616 789 sancto
1670 720 1812 790 viro
1859 733 1923 790 et
1981 720 2400 807 quibusdam
2452 720 2801 800 fidelibus,
2846 733 2925 790 ut
2965 721 3130 811 jam

573 810 918 889 diximuS,
974 820 1388 889 constructa,
1458 808 1575 877 sed
1643 809 1730 877 ab
1785 808 2189 879 infidelibus
2237 819 2513 889 exusta,
2570 810 2958 895 iterumque
3017 822 3134 879 est

574 897 1030 967 reaedificata.
1070 900 1365 966 Decursa
1398 897 1630 987 igitur,
1685 910 2064 983 utcumque
2113 898 2491 998 potuimUS,
2545 897 2629 966 de
2676 897 2885 987 gestis
2946 902 3131 988 Apo-

575 986 799 1056 stolici
845 985 973 1054 viri
1033 985 1315 1054 Lebuini
1369 986 1784 1054 narrationis
1832 987 2027 1067 serie,
2095 985 2254 1056 hbet
2320 1007 2543 1076 pauca
2590 984 2675 1054 de
2723 985 3132 1056 inventione

574 1075 724 1165 ejus
773 1074 1198 1144 subnectere.

663 1165 699 1249 ἓ
756 1166 890 1235 ίθ.
949 1167 1102 1233 Post
1151 1161 1418 1232 felicem
1453 1161 1643 1231 illius
1676 1162 1763 1231 ad
1814 1163 2131 1233 coelestia
2181 1163 2571 1242 transitum,
2626 1162 2938 1253 contigit,
2996 1167 3127 1232 Sa-

573 1272 806 1331 xones,
840 1272 1136 1338 quorum
1189 1252 1485 1320 maxima
1534 1273 1697 1341 pars
1729 1252 2077 1322 adhucfin
2128 1250 2532 1321 infidelitate
2579 1250 2896 1332 durabat,
2935 1250 3130 1321 basi-

575 1340 804 1419 licam,
845 1361 983 1426 qua
1032 1362 1306 1410 sacrum
1357 1361 1611 1429 corpus
1649 1341 1929 1432 jacebat
1959 1340 2348 1420 humatum,
2387 1341 2638 1410 iterum
2670 1339 3124 1419 succendere,

573 1440 638 1496 et
686 1441 935 1498 cuncta
981 1427 1525 1514 circumquaque
1571 1441 1860 1500 vastare.
1901 1433 1977 1497 Et
2023 1450 2184 1498 cum
2219 1449 2339 1529 per
2387 1428 2696 1498 triduum
2727 1429 2879 1519 ejus
2911 1451 3130 1516 quae-

576 1529 800 1585 rerent
849 1515 1273 1606 sepulcrum,
1343 1521 1474 1585 Deo
1536 1518 1958 1607 providente,
2024 1538 2323 1607 reper1re
2371 1517 2853 1604 nequiverunt.
2926 1517 3126 1591 Unde

575 1603 847 1686 accidit,
886 1617 965 1675 ut
1011 1604 1195 1674 idem
1244 1605 1439 1675 locus
1471 1603 1596 1674 diu
1644 1606 2089 1675 solitudinem
2142 1617 2510 1695 pateretur.

662 1695 699 1780 ξ
762 1696 900 1766 18.
958 1698 1217 1762 Interea
1268 1693 1592 1782 Gregorio
1637 1693 2015 1763 venerabili
2063 1695 2338 1775 Abbate,
2392 1695 2595 1783 cujus
2654 1715 2868 1783 supra
2918 1716 3123 1764 men-

576 1781 829 1850 tionem
870 1780 1184 1862 fecimus,
1238 1781 1323 1850 ab
1373 1782 1501 1850 hac
1540 1782 1848 1853 instabili
1900 1781 2318 1851 habitatione
2368 1782 2438 1850 in
2487 1783 2777 1852 domum
2824 1783 3130 1852 aeterni-

575 1869 732 1938 tatis
772 1869 1132 1959 migrante,
1184 1872 1748 1959 consanguineus
1801 1872 1951 1958 ejus
1998 1871 2314 1941 Albricus
2361 1870 2768 1961 dignitatem
2807 1893 3012 1941 susce
3072 1873 3128 1942 it

574 1957 1026 2046 Trajectensis
1054 1958 1440 2027 cathedrae.
1497 1960 1624 2041 Qui
1666 1981 1830 2028 cum
1856 1959 2133 2028 haberet
2165 1959 2538 2046 quemdam
2592 1961 2815 2029 virum
2852 1964 2986 2030 Deo
3072 1961 3124 2029 i·

573 2067 816 2135 gnum,
857 2046 986 2115 sibi
1023 2046 1305 2137 speciali
1330 2047 1578 2116 affectu
1607 2047 2027 2128 devinctum,
2066 2048 2345 2116 nomine
2386 2047 2805 2137 Ludgerum,
2830 2047 2901 2081 *⁴*
2931 2061 3126 2138 post·

512 2177 521 2182 -
575 2135 858 2202 modum
920 2134 1297 2224 pontificali
1346 2135 1605 2204 honore
1652 2136 2129 2216 sublimatum,
2168 2136 2267 2206 sic
2297 2135 2545 2205 affatus
2593 2148 2695 2205 est
2741 2157 2929 2204 eum:
2983 2138 3126 2206 «Mi

573 2221 780 2290 frater
827 2221 1235 2292 charissime
1284 2224 1616 2312 Ludgere,
1670 2245 1832 2293 cum
1882 2224 2189 2292 noverim
2218 2236 2280 2293 te
2310 2246 2390 2292 ea
2437 2245 2617 2310 quae
2663 2222 2749 2292 ad
2801 2223 3124 2295 divinam

574 2310 919 2409 pertinent
965 2311 1391 2401 religionem,
1447 2312 1753 2382 studiose
1799 2312 2178 2398 exquirere,
2233 2312 2467 2381 hortor
2498 2334 2579 2381 ac
2629 2311 2927 2401 postule,
2973 2312 3129 2384 loco

573 2398 699 2478 illi,
753 2420 890 2484 quo
949 2421 1225 2468 sacrum
1276 2421 1529 2490 corpus
1591 2399 1876 2470 Lebuini
1942 2399 2191 2469 Christi
2255 2399 2629 2470 sacerdotis
2677 2399 3123 2470 reconditum

571 2485 722 2568 fuit,
779 2499 840 2556 te
886 2509 1127 2557 curam
1178 2488 1597 2579 impendere,
1651 2499 1715 2558 et
1763 2501 1839 2558 ut
1887 2511 1928 2557 a
1967 2501 2051 2569 te,
2094 2493 2224 2558 Deo
2256 2487 2619 2569 revelante,
2667 2488 2968 2559 inveniri
2999 2512 3121 2559 va·

572 2575 746 2654 leat,
814 2597 1228 2665 magnopere
1299 2578 1696 2657 elaborare,
1773 2589 1978 2663 atque
2023 2576 2111 2646 ad
2173 2576 2639 2647 concinendas
2692 2581 2825 2647 Deo
2874 2578 3129 2649 laudes

572 2665 908 2753 templum
958 2665 1134 2733 inibi
1183 2687 1389 2755 super
1421 2665 1594 2734 illud
1645 2665 2032 2734 aedificare.
2080 2665 2318 2747 Qualis
2365 2665 2620 2735 etenim
2668 2678 3126 2767 quantusque

571 2754 673 2821 vir
720 2754 944 2831 fuerit,
987 2764 1100 2821 tua
1148 2752 1537 2824 fraternitas
1584 2775 1622 2823 o
1678 2754 1841 2821 time
1875 2755 2081 2823 novit.
2123 2778 2152 2819 »
2183 2754 2301 2822 His
2334 2755 2782 2840 acquiescens
2833 2756 3130 2826 monitis

567 2842 887 2931 egregius
922 2842 1298 2930 Ludgerus,
1325 2842 1513 2911 omni
1542 2841 1624 2909 ad
1657 2842 1851 2909 libita
1890 2840 2352 2923 solicitudine,
2385 2864 2658 2932 agrum,
2699 2842 2769 2910 in
2797 2865 2936 2929 quo
2970 2843 3125 2913 the-

571 2953 822 3000 saurus
875 2929 987 2997 ille
1034 2942 1179 2998 erat
1225 2929 1696 3009 abscondituS,
1732 2927 1975 2997 excolit
2035 2951 2156 3019 pro
2198 2930 2483 3010 viribus,
2539 2930 2791 3000 similis
2841 2932 3129 3001 homini

570 3020 819 3089 bonam
857 3018 1297 3106 margaritam
1322 3018 1677 3104 quaerenti
1704 3016 2104 3086 studiosius.
2142 3023 2219 3086 Et
2249 3018 2567 3103 quamvis
2610 3019 2900 3088 minime
2931 3021 3130 3107 quod

571 3106 1024 3186 desiderabat,
1070 3105 1321 3174 valeret
1367 3105 1698 3184 invenire,
1756 3117 2060 3175 moestus
2109 3107 2388 3206 oppid0‚
2430 3118 2660 3175 tamen
2723 3105 2906 3177 intra
2956 3131 3128 3199 spa-

572 3195 741 3263 tium
794 3193 947 3273 loci,
1003 3214 1139 3279 quo
1189 3196 1562 3285 putabatur
1609 3193 1980 3273 contineri,
2035 3208 2260 3283 coepit
2304 3194 2669 3264 basilicam
2718 3195 3124 3267 aedificare.

573 3282 697 3351 Sed
758 3282 937 3352 bono
986 3282 1129 3351 viro
1177 3284 1356 3352 bona
1403 3282 1759 3369 quaerenti
1825 3303 1959 3351 non
2010 3282 2227 3353 defuit
2277 3281 2737 3353 manifestatio
2787 3284 3129 3355 bonitatis

574 3371 865 3439 Domini.
929 3370 1163 3439 Visum
1213 3372 1511 3459 denique
1557 3371 1619 3439 ei
1668 3382 1771 3440 est
1828 3371 1895 3438 in
1948 3371 2235 3451 somniS,
2294 3370 2815 3441 sanctissimum
2866 3373 3129 3444 Christi

572 3460 993 3528 sacerdotem
1046 3460 1430 3530 Lebuinum
1467 3481 1699 3530 secum
1736 3458 1947 3545 loqui,
2002 3471 2068 3529 et
2114 3460 2225 3529 sui
2258 3458 2571 3550 detegere
2603 3459 2833 3529 locum
2885 3462 3128 3552 sepul-

571 3549 694 3627 cri,
745 3570 952 3635 seque
1005 3548 1099 3617 ita
1155 3550 1391 3618 affari:
1448 3547 1889 3626 «Laudabile,
1929 3547 2177 3635 inquit,
2218 3569 2300 3617 ac
2350 3552 2480 3617 Deo
2531 3547 2862 3637 placitum
2919 3562 3126 3620 tuum

571 3638 878 3727 approbo
945 3637 1280 3719 studium,
1336 3637 1432 3705 mi
1466 3636 1675 3705 frater
1721 3636 2196 3705 amantissime
2248 3636 2578 3727 Ludgere,
2623 3636 2808 3723 quod
2860 3637 2942 3706 ad
2999 3638 3126 3707 ho-

571 3747 807 3795 norem
848 3725 1149 3793 nominis
1187 3726 1299 3794 Dei
1350 3725 1686 3813 templum
1728 3724 1874 3812 jam
1905 3724 2069 3791 olim
2106 3724 2415 3793 dirutum
2448 3725 2722 3793 conaris
2752 3737 3122 3797 restruere.

571 3814 695 3881 Mei
750 3836 902 3882 vero
956 3815 1263 3882 membra
1294 3811 1689 3902 corpusculi
1743 3812 2040 3900 reperies
2090 3826 2348 3882 remoto
2399 3814 2565 3897 hoc,
2619 3835 2827 3900 quem
2877 3815 3119 3906 erigis,

574 3902 826 3991 pariete
867 3901 1233 3971 Australi.»
1261 3909 1333 3970 At
1372 3923 1608 3971 servus
1654 3901 1916 3969 Domini
1975 3899 2328 3992 Ludgerus
2361 3902 2454 3969 nil
2495 3902 2842 3972 haesitans
2892 3903 2980 3971 de
3030 3905 3130 3973 vi·

572 3991 786 4068 sione,
841 3993 1209 4089 aggregata
1245 3990 1418 4058 Cleri
1468 3987 1824 4078 plebisque
1873 3989 2172 4077 plurima
2208 3991 2558 4070 concione,
2593 4002 2798 4076 atque
2829 3992 3129 4061 subruto

570 4099 773 4164 quem
818 4078 1121 4166 erigebat
1159 4080 1440 4177 pariete,
1500 4078 1565 4145 in
1622 4077 1769 4146 loco
1801 4076 1932 4144 sibi
1966 4090 2404 4166 praeostenso
2436 4079 2618 4165 quod
2652 4077 3119 4160 desiderabat,

572 4187 644 4235 se
691 4166 968 4257 gavisus
1006 4178 1106 4235 est
1156 4167 1518 4236 invenisse.
1575 4163 1815 4233 Oblata
1862 4166 2091 4250 itaque
2141 4171 2305 4246 De0‚
2360 4179 2435 4236 ut
2481 4166 2773 4257 dignum
2823 4179 2994 4246 erat,
3054 4169 3123 4237 in

578 4254 856 4343 hymnis
927 4266 992 4333 et
1056 4253 1343 4344 psalmis
1418 4253 1799 4342 gratiarum
1870 4253 2176 4345 actione,
2248 4254 2522 4324 dilatari
2592 4253 2748 4325 fecit
2814 4256 3125 4346 spatium

689 4373 794 4410 Dew
822 4378 955 4411 enter.
1303 4371 1357 4399 ’θ’
1386 4371 1539 4419 Episc.
1566 4370 1784 4411 sanctum
1804 4370 1861 4411 de
1880 4379 1974 4420 quo
1993 4380 2137 4420 supra
2159 4382 2199 4421 p.
2222 4373 2315 4412 495.
