3327 4999
685 320 815 387 530
1401 336 1482 386 nt
1527 338 1585 386 S.
1636 308 1897 386 isacio*
1935 335 2332 388 cantassem:
2744 318 2993 385 MART.
3024 320 3137 386 ‹27

595 421 764 492 illuc
811 420 1253 509 conjicerent,
1307 444 1444 509 quo
1492 422 1821 492 interiret.
1861 426 2107 492 Verum
2156 442 2321 492 cum
2369 420 2439 490 in
2487 419 2728 512 spinas
2778 422 3137 512 conjectus

595 523 822 592 esset,
878 511 972 581 ita
1021 510 1320 581 molliter
1355 512 1675 601 jacebat,
1725 524 1805 581 ut
1850 512 1909 581 si
1958 511 2029 580 in
2095 510 2345 580 lectulo
2391 511 2943 597 conquiesceret,
3006 532 3139 581 nec

593 600 741 670 ullo
789 600 991 670 modo
1056 598 1286 669 laesus
1332 611 1454 670 est.
1531 604 1838 687 Cumque
1903 604 2282 691 Imperator
2325 621 2484 669 cum
2534 598 2836 668 exercitu
2878 599 3145 670 disces·-

595 690 816 768 sisset,
854 702 1294 758 accesserunt
1342 700 1476 757 tres
1523 689 1650 756 viri
1685 686 2003 760 candidis
2051 687 2475 758 vestimentis
2522 688 2769 769 induti,
2816 709 2989 774 quos
3031 689 3139 757 vir

590 777 835 847 beatus
882 799 1017 847 non
1069 777 1526 868 agnoscebat,
1578 787 1645 847 et
1690 798 1848 846 eum
1912 777 2334 847 incolumem
2381 789 2866 857 extraxerunt,
2922 798 3138 864 seque

591 866 679 936 ab
733 867 884 957 ejus
930 866 1151 935 oculis
1200 866 1714 948 subduxerunt,
1769 877 1847 935 ut
1893 887 2027 935 non
2072 878 2301 957 posset
2345 864 2727 955 intelligere
2761 919 2776 947 ,
2836 865 3129 952 quinam

588 968 840 1024 essent.
912 954 1039 1025 Sed
1088 976 1249 1024 cum
1300 955 1369 1023 in
1431 976 1502 1024 se
1550 976 1866 1025 reversus
1920 954 2201 1035 fuisset,
2253 955 2572 1046 cognovit
2629 975 2779 1025 esse
2842 954 3128 1046 angelos

590 1043 756 1113 Dei:
806 1054 871 1113 et
925 1043 1117 1113 flexis
1164 1044 1479 1134 genibus,
1533 1044 1789 1134 gratias
1850 1043 1990 1135 egit
2038 1043 2354 1125 Domine,
2420 1043 2537 1113 cui
2594 1063 2803 1112 curae
2864 1056 3027 1113 sunt
3077 1043 3126 1113 ii

587 1132 711 1219 qui
759 1132 1001 1202 timent
1045 1153 1229 1201 eum.
1269 1138 1576 1219 Cumque
1620 1132 1744 1202 diu
1783 1128 2294 1222 precationibus
2325 1131 2778 1211 incubuisset,
2813 1144 2880 1200 et
2908 1136 3122 1201 Deum

589 1220 977 1301 laudasset,
1033 1221 1372 1290 surrexit:
1425 1235 1491 1290 et
1538 1221 1797 1313 Spiritu
1863 1225 2107 1291 Sancto
2153 1220 2676 1302 corroboratus,
2730 1241 2853 1311 per
2911 1220 3121 1289 aliam

586 1308 769 1378 viam
818 1310 1118 1379 occurrit
1164 1310 1588 1399 Imperatori,
1641 1323 1708 1380 et
1743 1309 2049 1380 constitit
2092 1309 2163 1378 in
2207 1309 2359 1399 ejus
2404 1321 2803 1400 conspectu.
2857 1314 2934 1377 At
2979 1314 3124 1378 Im-

589 1410 861 1488 perator
911 1420 1070 1468 eum
1121 1398 1507 1487 aspiciens,
1551 1398 1936 1468 admiratus
1982 1410 2105 1479 est,
2174 1411 2240 1467 et
2284 1397 2411 1466 viri
2468 1398 2688 1468 sancti
2738 1396 3125 1489 praesentia

586 1486 686 1557 sic
733 1487 1111 1577 obstupuit,
1145 1498 1224 1555 ut
1270 1485 1455 1574 loqui
1505 1509 1629 1558 nec
1687 1500 1935 1578 posset.
1989 1492 2143 1578 Ipse
2207 1507 2365 1556 vero
2412 1507 2572 1556 cum
2624 1485 2917 1555 fiducia:
2959 1510 2986 1550 ι
3018 1491 3122 1557 Tu

585 1575 867 1663 quidem
918 1596 1050 1657 me,
1090 1575 1334 1662 inquit,
1387 1575 1826 1646 interiturum
1876 1576 1947 1644 in
1997 1575 2220 1665 spinis
2256 1576 2683 1656 existimasti,
2724 1596 2959 1644 verum
3011 1595 3155 1643 me-

587 1669 768 1734 Deus
815 1686 938 1754 per
981 1663 1262 1755 angelos
1311 1686 1472 1734 suos
1513 1665 1740 1733 vivum
1782 1664 2091 1734 servavit.
2128 1663 2584 1747 Quamobrem
2616 1663 3120 1741 audi·me,1m-

636 1764 883 1835 erator,
930 1766 994 1822 et
1040 1775 1078 1820 a
1131 1752 1229 1821 eri
1277 1752 1611 1822 Ecclesias
1656 1753 2215 1832 orthodoxorum,
2267 1765 2333 1822 et
2378 1752 2805 1822 adversarios
2834 1773 3118 1841 supera-

584 1775 717 1924 fiis,
770 1855 835 1911 et
881 1864 1039 1910 cum
1119 1841 1296 1910 aude
1341 1854 1404 1911 et
1451 1842 1668 1933 gloria
1717 1844 2093 1913 reverteris.
2133 1868 2158 1903 ι
2206 1847 2605 1931 Imperator,
2660 1842 2786 1911 etsi
2837 1840 3113 1909 liberta-

587 1942 720 2001 tem
762 1942 828 1999 et
873 1929 1136 1999 vultum
1173 1930 1472 2000 hominis
1502 1931 1999 2011 admirabatur,
2037 1952 2170 1999 non
2205 1943 2429 1999 tamen
2466 1930 2715 2021 paruit.
2752 1934 2907 1998 Erat
2926 1928 3113 1998 enim

583 2037 703 2089 cor
745 2020 898 2109 ejus
943 2033 1373 2088 excaecatum
1425 2031 1490 2088 et
1537 2019 1842 2089 alienum
1892 2042 1931 2089 a
1981 2025 2133 2088 Deo,
2172 2018 2299 2089 Sed
2347 2019 2621 2089 duobus
2670 2018 3112 2087 Senatoribus

585 2109 952 2177 Saturnino
976 2120 1041 2177 et
1064 2107 1306 2177 Victori
1333 2107 1554 2178 virum
1587 2121 1899 2178 sanctum
1933 2108 2236 2178 tradidit.
2264 2113 2506 2177 «Hunc
2536 2107 2731 2187 mihi,
2767 2105 3107 2193 inquienS‚

584 2196 1112 2267 custodiendum
1160 2209 1413 2277 curate,
1466 2197 1682 2267 donec
1730 2208 2027 2267 revertar
2071 2196 2140 2265 in
2188 2218 2377 2286 pace:
2430 2209 2495 2265 et
2542 2208 2705 2265 tunc
2735 2196 2887 2286 ejus
2924 2217 3112 2263 arro-

586 2285 892 2374 gantiam
942 2284 1205 2356 meritis
1257 2286 1492 2374 poenis
1553 2285 1875 2356 afficiam.
1935 2312 1959 2349 ι
2014 2291 2091 2355 At
2149 2297 2431 2355 sanctus
2490 2284 2793 2355 Isaacius
2854 2289 2897 2353 S
2950 2283 3112 2353 iritu

586 2378 831 2442 Sancto
879 2373 1168 2464 plenus,
1221 2387 1297 2443 ut
1344 2374 1505 2443 olim
1555 2375 1885 2444 adversus
1938 2374 2171 2443 *Achab
2226 2395 2452 2462 regem
2513 2372 2717 2442 Israel
2772 2373 2900 2441 Mic
2954 2393 3110 2443 aeas

583 2463 940 2553 Propheta,
993 2462 1088 2532 ita
1141 2462 1513 2553 respondit:
1556 2488 1581 2526 ι
1623 2463 1688 2533 Si
1740 2485 2051 2534 reversus
2100 2462 2167 2531 in
2223 2484 2386 2552 pacc
2428 2461 2659 2543 fueris,
2695 2462 2866 2532 scito
2898 2462 2965 2531 in
3001 2482 3111 2531 me

581 2573 719 2620 non
774 2552 1075 2622 locutum
1125 2574 1273 2622 esse
1319 2553 1687 2621 Dominum
1738 2558 1975 2622 Deum.
2052 2559 2150 2620 Tu
2196 2551 2475 2638 quidem
2526 2573 2809 2620 manum
2862 2572 3107 2621 conse-

581 2660 728 2719 reS‚
783 2640 900 2709 sed
952 2661 1085 2709 non
1137 2639 1390 2729 poteris
1439 2640 1752 2710 hostibus
1798 2641 2150 2721 resistere,
2206 2653 2270 2709 et
2316 2640 2403 2709 ab
2449 2660 2687 2710 eorum
2728 2652 3109 2729 conspectu

583 2726 663 2797 fu
714 2728 834 2798 ies,
889 2734 1175 2798 Demum
1225 2729 1540 2817 capieris,
1592 2742 1656 2797 et
1702 2730 1898 2799 vivus
1947 2730 2103 2820 igne
2150 2729 2631 2819 conflagrabis.
2674 2751 2712 2795 »

664 2752 710 2903 ἕ
761 2821 847 2888 ὅ.
902 2818 1171 2887 Tradito
1217 2817 1429 2908 igitur
1474 2818 1618 2886 viro
1667 2830 1902 2887 sancto
1947 2817 2375 2899 custodibus,
2430 2817 2743 2889 discessit
2792 2820 3105 2904 Impera-

576 2917 701 2984 tor,
754 2905 978 2974 verbis
1028 2906 1178 2995 ejus
1228 2918 1608 2976 commotus
1655 2928 1736 2977 ac
1784 2908 2243 2997 perturbatus.
2300 2911 2376 2975 Et
2422 2928 2580 2976 cum
2631 2916 2808 2977 esset
2842 2904 3104 2975 bellum

574 2994 899 3072 initurus,
946 2996 1013 3062 in
1064 2994 1396 3083 oppidum
1446 2994 1794 3082 quoddam
1846 2995 2156 3064 Danubio
2204 2995 2670 3085 propinquum
2717 2995 3096 3084 ingressus,

572 3081 944 3151 exercitum
989 3082 1321 3162 lustravit,
1363 3082 1685 3170 diemque
1722 3085 1976 3174 praelio
2008 3085 2201 3153 dixit.
2243 3088 2548 3170 Cumque
2583 3083 2824 3172 paucis
2857 3082 3107 3151 diebus

571 3171 961 3257 quievisset,
1002 3172 1200 3328 signa
1245 3171 1533 3241 contulit
1569 3183 1773 3259 atque
1818 3173 2145 3242 conflixit.
2201 3173 2329 3242 Sed
2377 3170 2965 3257 quemadmodum
3000 3172 3101 3238 vir

574 3271 857 3329 sanctus
905 3281 1065 3350 prae
1120 3259 1350 3339 ixerat‚
1386 3259 1688 3333 hostium
1735 3262 2072 3350 impetum
2120 3261 2458 3331 sustinere
2506 3282 2638 3329 non
2694 3259 2934 3349 potuit.
2968 3264 3100 3327 Ita-

571 3370 707 3435 que
754 3371 826 3418 se
874 3347 1074 3439 fugae
1105 3349 1471 3428 commisit,
1516 3362 1581 3418 et
1627 3349 1699 3417 in
1749 3372 2019 3440 agrum,
2080 3350 2151 3419 in
2202 3370 2338 3436 quo
2387 3347 2737 3418 stabulum
2788 3360 2931 3416 erat
2982 3371 3103 3437 pa-

573 3437 836 3506 learum
889 3437 1194 3527 plenum,
1237 3439 1561 3527 pervenit,
1615 3439 1849 3525 ibique
1893 3461 2051 3508 cum
2107 3436 2468 3517 Praefect0‚
2526 3459 2644 3527 per
2691 3457 2897 3523 quem
2952 3457 3101 3504 cor-

572 3540 821 3627 ruptus
859 3526 1099 3607 suerat,
1154 3549 1225 3596 se
1253 3527 1634 3597 abscondit.
1690 3528 1969 3598 Barbari
2025 3548 2179 3596 vero
2226 3526 2346 3613 qui
2394 3525 2880 3612 sequebantur,
2934 3547 3098 3594 cum

572 3615 715 3685 illic
761 3637 918 3685 eum
971 3616 1233 3685 latitare
1279 3616 1816 3706 comperissent,
1880 3615 2039 3706 igne
2085 3614 2530 3702 circumjecto
2587 3614 2937 3683 stabulum
2989 3613 3098 3680 in-

568 3705 969 3773 cenderunt.
1024 3708 1233 3791 Atque
1282 3705 1375 3773 ita
1425 3705 1632 3775 miser
1677 3705 2101 3785 combustus,
2155 3704 2479 3794 spiritum
2530 3703 2848 3772 reddidit.
2894 3707 3099 3770 Totus

567 3805 796 3861 autem
846 3793 997 3882 ejus
1043 3793 1379 3862 exercitus
1446 3793 1996 3864 Thessalonicam
2058 3815 2130 3863 se
2187 3792 2522 3870 contulit,
2583 3804 2648 3861 et
2695 3791 3100 3862 Gratianum

567 3886 1054 3972 Imperatorem
1118 3887 1502 3952 Romanum
1563 3883 1959 3972 expectavit.
2014 3881 2145 3964 Qui
2210 3904 2373 3952 cum
2438 3880 2524 3949 ad
2574 3902 2760 3958 eum,
2820 3885 2950 3948 Deo
2998 3878 3100 3948 fa-

564 3984 781 4050 vente,
826 3969 1263 4058 pervenisset,
1296 3970 1586 4040 alterum
1620 3972 1719 4042 eis
1751 3976 2262 4060 Imperatorem,
2298 3970 2577 4039 nomine
2610 3968 3093 4048 Theodosium,

563 4058 787 4126 virum
840 4059 1111 4128 fidelem
1163 4060 1703 4150 gloriosumque,
1738 4071 1804 4129 et
1847 4058 2260 4128 orthodoxae
2312 4058 2470 4127 fidei
2505 4056 3094 4128 studiosissimum

561 4148 934 4217 constituit.
989 4152 1200 4234 Atque
1247 4149 1342 4217 ita
1391 4154 1675 4217 Romam
1727 4149 2093 4219 Gratianus
2154 4170 2465 4217 reversus
2512 4159 2635 4216 est.
2684 4145 2926 4214 Milites
2974 4167 3100 4213 au-

566 4250 724 4317 tem,
771 4259 968 4307 susce
1024 4250 1088 4305 to
1136 4242 1551 4326 Imperatore
1588 4236 1986 4318 Theodosio,
2025 4235 2181 4307 laeti
2229 4259 2386 4306 cum
2425 4236 2574 4326 ipso
2625 4234 3101 4304 Constantino-

564 4326 777 4417 polim
839 4348 958 4415 pro
985 4326 1114 4395 'ecti
1175 4339 1360 4396 sunt.
1424 4327 1836 4395 Saturninus
1891 4347 2048 4396 vero
2107 4339 2172 4394 et
2218 4326 2461 4404 Victor,
2500 4324 2758 4411 quibus
2814 4334 3098 4392 sanctus

567 4415 868 4486 Isaacius
897 4414 1390 4485 custodiendus
1415 4415 1705 4485 traditus
1735 4414 1976 4498 suerat,
2012 4414 2097 4484 ad
2133 4419 2617 4506 Imperatorem
2651 4410 3097 4483 salutandum
