3327 4999
200 285 448 353 MART.
506 287 590 350 ⁴2
1102 305 1182 351 ΒΕ
1229 306 1286 352 s.
1341 304 1654 353 (zanconio
1704 305 1866 352 rArA
2548 287 2676 352 247

201 383 597 454 calumniae
712 382 985 455 rimitus
1041 383 1558 473 responderem.
1614 383 1742 453 Sed
1794 383 1854 453 si
1903 384 2183 470 quando
2229 383 2607 469 quemlibet
2643 385 2771 456 mi-

202 483 514 572 grantem
571 470 636 538 vi
690 470 904 550 eritiS,
963 473 1445 571 compatimini
1498 473 1663 541 sorti
1711 472 2095 551 communi,
2152 483 2217 540 et
2267 472 2476 541 nolite
2539 472 2625 542 de
2690 495 2772 543 eo

189 559 513 651 judicare
560 559 682 645 qui
738 559 822 627 ad
877 571 1014 628 tam
1065 559 1361 630 districti
1398 560 1667 650 judicis
1714 582 1876 628 cum
1925 559 2369 629 criminatore
2417 583 2547 630 suo
2570 560 2770 651 judi-

197 649 389 718 cium
442 647 703 716 vadit.»
736 648 858 717 His
892 646 1204 737 expletis,
1250 662 1538 718 cunctos
1558 647 1760 738 jubet
1790 648 2183 727 abscedere,
2227 648 2451 718 solum
2487 650 2777 739 presby-

198 750 427 806 terum
460 736 584 822 qui
632 735 767 805 sibi
817 749 1106 805 mortem
1160 736 1801 826 praenunciaverat,
1842 757 2077 805 secum
2122 749 2393 805 tenens:
2429 738 2550 823 qui
2582 737 2775 808 solus

196 845 562 894 remanere
611 845 1010 912 pavescens,
1060 823 1355 894 alterum
1412 847 1649 894 secum
1695 824 1935 904 tenuit,
1976 825 2287 893 hortatus
2335 836 2413 893 ut
2459 847 2770 903 causam,

197 934 328 1069 Ero
376 935 519 999 qua
566 907 989 992 conflixerat,
1046 911 1286 982 saltem
1334 912 1470 982 sibi
1520 912 1824 1002 pandere
1874 934 2010 980 non
2049 912 2340 982 timeret.
2381 917 2456 982 At
2506 911 2621 982 ille
2667 936 2781 981 ve·-

251 1012 561 1070 ementer
608 1000 973 1090 ingemuit,
1012 1013 1078 1069 et
1125 1022 1456 1071 converso
1487 1001 1575 1069 ad
1627 1001 1956 1091 parietem
1997 1002 2245 1090 capite,
2283 1000 2631 1071 clamabat
2660 1001 2769 1069 di-

201 1110 409 1158 cens:
467 1092 576 1158 «Ο
626 1088 917 1170 Andrea,
955 1088 1249 1169 Andrea,
1306 1089 1434 1159 hoc
1482 1111 1668 1158 anno
1717 1111 1958 1189 pereas
2010 1089 2132 1174 qui
2176 1110 2292 1158 me
2352 1111 2560 1178 pravo
2609 1111 2779 1160 con-

203 1176 362 1246 silio
413 1176 499 1245 ad
553 1176 942 1267 periculum
994 1176 1467 1266 compulisti.»
1518 1178 1858 1268 Evestigio
1906 1177 2267 1246 Zacharias
2296 1177 2607 1248 medicus
2653 1177 2779 1264 qui

205 1286 389 1333 anno
442 1265 806 1354 praeterito
854 1263 937 1332 ad
991 1287 1177 1345 suOS,
1238 1265 1553 1335 videlicet
1602 1270 2002 1345 Saracenos,
2048 1266 2501 1355 apostatando
2552 1288 2777 1335 rever-

204 1374 326 1422 sus
373 1364 502 1433 est,
542 1353 763 1434 affuit,
822 1353 1156 1438 tactisque
1205 1354 1634 1443 temporibus
1673 1354 1916 1443 jurare
1981 1353 2228 1443 coepit,
2289 1355 2776 1443 presbyterum

204 1462 285 1509 ex
332 1441 577 1509 eadem
629 1440 1023 1509 valetudine
1072 1441 1362 1509 minime
1397 1441 1840 1511 moriturum.
1881 1446 2098 1523 Quem
2141 1440 2518 1531 languidus
2548 1456 2625 1511 ut
2649 1464 2778 1511 au-

205 1528 398 1610 divit,
457 1551 619 1599 cum
663 1528 929 1619 ingenti
960 1528 1561 1599 animadversione
1597 1530 1873 1621 repulit,
1911 1529 2190 1598 dicens:
2247 1535 2594 1611 «FratreS,
2624 1530 2776 1620 jam

202 1639 412 1686 omne
466 1639 722 1707 corpus
770 1638 1001 1686 meum
1036 1629 1138 1686 est
1188 1631 1569 1698 mortuum,
1625 1619 1695 1686 in
1746 1618 2071 1688 extremis
2097 1616 2416 1687 faucibus
2448 1618 2776 1708 spiritum

202 1705 627 1795 permissum
672 1705 957 1786 retineo,
993 1705 1323 1775 continuo
1372 1707 1780 1777 moriturus,
1809 1731 1844 1773 »
1895 1712 2189 1775 Tantum
2232 1705 2527 1795 psallite,
2561 1718 2639 1775 ut
2671 1728 2778 1775 re·-

202 1792 477 1863 videam
529 1793 813 1883 angelos
844 1815 1020 1879 quos
1069 1793 1413 1876 videbam,
1466 1807 1532 1863 et
1581 1795 1884 1864 innuens
1933 1794 2127 1863 vobis
2174 1794 2560 1863 ostendam.
2606 1794 2776 1877 Qui-

201 1880 337 1952 bus
384 1882 748 1950 orantibus
798 1894 979 1951 totus
1026 1882 1254 1972 coepit
1302 1895 1613 1963 tremere,
1685 1882 2097 1973 pallescere,
2154 1904 2435 1952 sursum
2502 1883 2777 1952 deside-

201 1981 437 2039 ranter
483 1970 816 2058 aspicere.
875 1974 1044 2039 Cum
1094 1970 1324 2039 subito
1373 1972 1661 2060 spiritus
1722 1971 2091 2040 adventare
2148 1970 2612 2060 conspiciens,
2666 1991 2774 2038 re·

202 2057 457 2128 volutis
521 2058 916 2127 terribiliter
971 2058 1219 2139 oculis,
1286 2060 1647 2128 monachis
1697 2057 1951 2138 innuit,
1987 2070 2052 2127 et
2099 2058 2472 2128 abscessit:
2516 2079 2775 2143 eosque

203 2156 395 2245 tanto
462 2158 717 2246 terrore
784 2146 1142 2236 perculsos
1201 2145 1510 2228 dimisit,
1580 2160 1658 2217 ut
1726 2146 1965 2215 multis
2037 2146 2359 2215 noctibus
2406 2144 2504 2214 ibi
2544 2146 2776 2233 jacere

204 2246 592 2304 timuerint.

290 2324 328 2409 ἓ
389 2326 533 2394 u.
587 2322 840 2392 Eodem
898 2322 1033 2402 die,
1098 2321 1279 2391 sicut
1326 2334 1562 2412 postea
1632 2321 2149 2411 deprehensum
2205 2334 2331 2402 est,
2385 2321 2771 2407 eodemque

202 2424 576 2481 momento,
639 2411 918 2497 quando
978 2411 1338 2501 presbyter
1397 2411 1700 2480 moriens
1750 2410 2055 2479 Andreae
2106 2408 2495 2498 periculum
2548 2408 2775 2479 fuerat

201 2497 649 2589 imprecatuS,
696 2498 881 2568 idem
930 2499 1234 2568 Andreas
1274 2498 1475 2569 fundi
1511 2498 1913 2581 Barbiliani,
1968 2498 2172 2589 positi
2221 2496 2483 2567 scilicet
2541 2499 2613 2566 in
2664 2499 2773 2567 via

202 2588 525 2668 Ostiensi,
562 2587 965 2668 conductor,
1004 2587 1075 2656 in
1128 2586 1457 2658 lectulum
1510 2588 1789 2669 decidit,
1824 2589 1894 2655 in
1944 2610 2082 2675 quo
2115 2608 2236 2676 per
2265 2586 2566 2656 multum
2604 2598 2773 2655 tem-

200 2676 392 2765 poris
449 2676 781 2745 continuo
838 2674 1171 2764 languore
1218 2690 1600 2766 correptus,
1666 2677 1761 2746 ita
1811 2688 1992 2746 totus
2041 2676 2402 2752 emarcuit,
2435 2686 2512 2743 ut
2560 2694 2767 2742 omne

198 2786 459 2854 corpus
507 2765 658 2854 ejus
706 2764 1174 2853 particulatim
1208 2765 1556 2834 videretur
1586 2763 1905 2834 dissolui.
1955 2768 2263 2849 Cumque
2295 2762 2767 2831 defluentibus

202 2853 537 2922 carnibus
584 2853 905 2921 consumi
954 2865 1204 2941 posset,
1260 2853 1435 2922 mori
1484 2865 1714 2922 autem
1767 2874 1901 2922 non
1933 2864 2183 2941 posset,
2220 2874 2393 2921 uxor
2421 2873 2600 2937 quae
2626 2849 2771 2918 soe-

202 2951 419 3010 torem
468 2939 834 3009 vulnerum
886 2940 1148 3026 virique
1176 2941 1526 3010 cruciatus
1564 2942 1716 3031 ‚jam
1765 2941 2108 3010 sustinere
2155 2962 2294 3009 non
2347 2953 2630 3028 poterat,
2665 2939 2770 3007 in-

199 3029 457 3098 tellexit
488 3029 659 3097 tanti
700 3028 1059 3118 languoris
1107 3028 1551 3098 incommoda
1598 3029 1748 3098 sine
1796 3028 2072 3097 divinae
2102 3028 2389 3098 ultionis
2422 3026 2767 3097 sententia

199 3116 388 3187 hunc
438 3117 836 3185 nullatenus
885 3117 1304 3186 incurrisse:
1358 3139 1567 3203 quem
1634 3116 1865 3186 ssendo
1926 3116 2194 3185 curavit
2258 3116 2631 3202 inquirere,
2686 3129 2767 3184 ut

200 3204 533 3291 quoniam
580 3226 622 3274 a
670 3205 1003 3274 moriente
1051 3205 1440 3295 praeposito
1490 3205 1747 3275 frustra
1803 3205 2032 3275 vocari
2067 3226 2219 3273 -non
2272 3217 2557 3294 poterat,
2592 3203 2763 3291 quid

201 3316 363 3363 cum
415 3294 571 3382 ipso
616 3293 1078 3371 commiserat,
1141 3305 1219 3362 ut
1268 3294 1630 3363 monachis
1697 3293 2047 3373 revelaret,
2097 3292 2157 3361 si
2205 3291 2376 3361 forte
2427 3294 2766 3361 Dominus

199 3380 351 3471 ejus
399 3379 906 3451 confessionem
956 3381 1323 3471 recipiens,
1377 3403 1539 3450 eum
1588 3404 1629 3450 a
1681 3382 1887 3450 tantis
1935 3380 2361 3450 cruciatibus
2410 3380 2763 3450 liberaret.

199 3473 277 3539 At
323 3468 441 3538 ille
489 3491 913 3560 cognoscens
948 3470 1210 3538 malum
1260 3470 1445 3556 quod
1494 3469 1766 3548 fecerat,
1807 3468 2018 3538 latere
2067 3490 2201 3537 non
2255 3491 2478 3559 posse,
2520 3490 2768 3538 mona-

204 3558 394 3626 sterii
443 3557 822 3627 monachos
867 3558 1233 3627 convocari
1280 3558 1566 3649 rogavit,
1620 3558 1859 3644 eisque
1906 3556 2267 3627 consessus
2298 3569 2422 3638 est,
2463 3578 2624 3626 cum
2655 3578 2772 3626 eo-

199 3645 359 3715 dem
411 3645 798 3736 praeposito
838 3647 1180 3732 quasdam
1218 3646 1618 3716 monasterii
1667 3644 2022 3717 chartulas
2058 3644 2396 3735 rapuisse,
2451 3666 2532 3715 ac
2583 3666 2770 3713 rece-

201 3734 338 3890 ptis
386 3734 661 3823 preciiS,
714 3734 1055 3804 extraneis
1106 3734 1503 3804 tradidisse:
1560 3756 1770 3820 seque
1800 3748 2064 3804 certum
2099 3732 2410 3812 existere,
2447 3732 2611 3819 quia
2645 3753 2770 3822 pro

250 3844 330 3891 oc
378 3823 643 3912 flagitio
695 3823 869 3892 mori
903 3844 1040 3891 non
1092 3835 1345 3913 posset,
1400 3843 1766 3909 quousque
1826 3822 1956 3891 hoc
2001 3843 2236 3891 coram
2285 3820 2615 3890 omnibus
2667 3844 2771 3889 re-

202 3910 476 3981 velaret.
523 3911 719 3993 Quod
767 3910 1084 3981 videlicet
1132 3933 1369 3980 verum
1400 3911 1637 3993 fuisse,
1676 3910 1775 3981 rei
1807 3911 2032 3979 exitus
2061 3909 2411 3978 evidenter
2442 3908 2766 3980 ostendit.

204 4002 367 4068 Nam
410 4021 571 4068 mox
619 4012 694 4069 ut
742 4011 1012 4070 tantum
1059 3998 1333 4071 facinus
1370 3999 1643 4071 cunctis
1683 3998 2010 4078 innotuit,
2045 3997 2107 4067 is
2134 3996 2258 4086 qui
2284 3997 2556 4066 dudum
2591 3998 2770 4066 mori

203 4086 435 4157 volens
485 4110 621 4158 non
676 4100 957 4176 poterat,
1012 4088 1192 4157 inter
1237 4088 1445 4157 verba
1492 4109 1659 4157 suae
1691 4086 2149 4157 confessionis
2198 4086 2525 4175 spiritum
2576 4086 2772 4155 effla-

205 4173 316 4245 vit.
353 4182 575 4259 Quem
605 4176 863 4245 idcirco
910 4176 1348 4266 omnipotens
1390 4181 1567 4245 Deus
1615 4175 1740 4244 diu
1785 4173 2085 4244 cruciari
2138 4174 2372 4256 voluit,
2411 4175 2588 4244 mori
2638 4197 2770 4243 au-

204 4271 362 4346 tem,
416 4265 636 4334 donec
688 4276 953 4335 reatum
1001 4286 1211 4335 suum
1282 4264 1762 4344 confiteretur,
1834 4284 1974 4333 non
2036 4285 2239 4354 posse
2302 4262 2640 4354 permisit,
2694 4274 2773 4330 ut
