3327 4999
156 350 370 416 MART.
422 352 504 417 ⁴2
1004 375 1084 422 na
1132 376 1188 421 s.
1242 345 1561 422 easscotu'o
1609 374 1773 422 ΡΑΡΑ
2458 358 2586 421 ⁴89

152 453 445 535 existere,
496 455 702 545 cujus
751 455 1007 528 laboris
1055 457 1191 538 sit,
1249 459 1457 545 cujus
1504 458 1765 528 doloris
1814 458 1953 539 sit,
2007 470 2231 528 vestra
2284 458 2678 528 fraternitas

153 553 313 613 tanto
334 543 557 612 verius
587 557 828 634 pensat
857 558 1116 632 quanto
1150 567 1281 626 me,
1317 546 1439 633 qui
1472 549 1639 617 haec
1678 546 1897 638 patior
1927 547 2172 637 purius
2202 560 2410 617 amat.
2443 573 2468 612 ι
2506 551 2677 615 Item

151 631 469 701 Anastasio
516 633 950 702 Patriarchae.
985 646 1135 724 post
1172 634 1425 704 multa:
1470 662 1493 698 ιι
1529 640 1717 718 Quae
1748 634 1932 704 mala
1965 657 2006 703 a
2036 635 2247 704 barba
2262 656 2491 703 rorum
2525 634 2679 724 gla-

149 716 301 800 diis,
352 742 526 806 quae
574 744 613 788 a
665 723 1102 810 perversitate
1141 723 1494 812 judicium
1547 724 1899 813 patimur,
1956 721 2368 792 beatitudini
2416 735 2679 791 vestrae

149 827 397 878 narrare
444 808 749 899 refugio:
804 831 890 878 ne
936 812 1089 899 ejus
1136 811 1472 901 gemitum
1525 833 1845 901 augeam,
1899 832 2106 897 quem
2158 812 2471 880 minuere
2508 832 2677 879 con-

152 895 403 964 solando
449 897 854 966 debueram.
898 924 924 961 1
971 903 1138 967 Item
1181 899 1482 968 Palladio
1515 901 1915 990 presbytero
1946 900 2030 969 de
2064 911 2293 968 monte
2327 899 2491 967 Sina
2524 909 2681 988 post

153 982 442 1071 plurima:
489 1012 511 1046 σ
547 990 703 1054 Peto
737 999 812 1054 ut
846 1007 965 1075 pro
985 1009 1093 1055 me
1113 1008 1311 1056 orare
1335 987 1610 1068 debeaS‚
1637 1002 1982 1074 quatenus
2001 988 2441 1077 omnipotens
2470 992 2670 1065 Deus),

151 1083 203 1139 et
240 1095 275 1139 a
318 1072 520 1141 malis
571 1095 679 1142 me
727 1074 1113 1164 spiritibuS‚
1166 1088 1232 1144 et
1278 1099 1319 1145 a
1371 1077 1708 1166 perversis
1751 1077 2152 1146 hominibus
2190 1075 2537 1145 custodire
2576 1074 2682 1142 di-

151 1173 389 1248 gnetur.
443 1161 623 1243 Quia
672 1161 741 1229 in
796 1162 923 1231 hac
973 1163 1148 1232 vitae
1199 1185 1388 1233 meae
1438 1165 1990 1255 peregrinatione
2051 1163 2236 1232 mala
2298 1185 2406 1232 me
2465 1161 2678 1231 simul

151 1260 205 1315 et
242 1249 443 1318 multa
492 1248 971 1319 circumdant:
1025 1252 1119 1320 ita
1167 1265 1244 1321 ut
1289 1275 1450 1322 cum
1500 1253 1865 1322 Psalmista
1902 1253 2063 1342 jure
2110 1252 2379 1322 dicam:
2451 1256 2530 1320 In
2578 1273 2682 1319 me

151 1339 533 1407 trmzsz'erunt
568 1340 716 1407 irae
765 1350 944 1419 tuae,
999 1350 1062 1408 et
1101 1344 1374 1410 terroris
1406 1345 1510 1410 tui
1535 1343 2099 1411 conturbaverunt
2128 1363 2254 1409 me.
2298 1340 2684 1409 Circumde-

149 1424 352 1494 derunt
384 1450 490 1495 me
518 1429 693 1494 sicut
726 1450 909 1517 aqua
940 1438 1079 1496 cota
1113 1430 1243 1509 die,
1279 1431 1860 1499 circumdederunt
1891 1451 1996 1498 me
2024 1431 2232 1497 simul
2265 1450 2301 1493 »
2343 1428 2482 1517 (Pa.
2537 1426 2676 1515 87).

217 1516 249 1613 ᾖ
291 1519 450 1585 88.
505 1515 542 1548 ⁴
589 1520 796 1584 Porro
838 1516 1176 1595 Mamilio,
1218 1531 1381 1586 tunc
1411 1518 1817 1587 avarissimo
1852 1516 2201 1602 simulque
2232 1515 2684 1606 rapacissimo

148 1602 442 1702 principi,
477 1603 1048 1693 suggestionibus
1081 1604 1522 1674 inimicorum
1557 1628 1845 1675 suorum
1881 1603 2425 1674 funestissimam
2462 1604 2685 1693 legem

148 1688 383 1770 serenti,
434 1704 518 1759 ut
569 1691 747 1759 nulli
797 1691 1120 1772 militum,
1173 1694 1298 1779 qui
1347 1693 1659 1763 videlicet
1700 1695 1769 1761 in
1807 1715 2022 1762 manu
2057 1693 2373 1762 sionatus
2407 1691 2677 1770 suisset,

144 1780 420 1848 converti
470 1779 758 1858 liceret,
812 1780 991 1848 inter
1034 1793 1303 1849 caetera
1351 1782 1449 1851 sic
1499 1781 1900 1871 respondit:
1962 1809 1988 1844 ι
2045 1748 2160 1850 Αᾶ5
2193 1782 2319 1849 hoc
2383 1792 2685 1870 potestas

147 1886 330 1957 super
374 1888 625 1937 omnes
673 1867 991 1936 homines
1038 1868 1273 1958 pietati
1320 1869 1762 1938 dominorum
1815 1891 2125 1938 meorum
2177 1867 2467 1939 coelitus
2527 1867 2689 1935 data

145 1967 249 2033 est,
299 1967 375 2023 ut
420 1955 547 2043 qui
599 1955 779 2023 hona
827 1968 1184 2046 appetunt,
1237 1957 1676 2047 adjuventur,
1733 1971 1811 2027 ut
1857 1958 2205 2026 coelorum
2257 1957 2369 2025 via
2415 1955 2686 2045 largius

147 2055 370 2131 pateat,
424 2057 507 2112 ut
558 2056 872 2112 terrestre
920 2066 1211 2134 regnum
1262 2045 1540 2115 coelesti
1587 2067 1801 2136 regno
1849 2045 2245 2114 famuletur.
2302 2050 2380 2113 Et
2416 2066 2573 2113 ecce
2611 2065 2687 2111 a-

146 2144 318 2218 perta
363 2154 533 2201 voce
580 2131 858 2210 dicitur,
911 2146 988 2201 ut
1034 2133 1120 2213 ei,
1177 2134 1298 2219 qui
1348 2133 1557 2202 semel
1609 2134 1679 2202 in
1731 2146 1998 2202 terrena
2057 2133 2308 2202 militia
2369 2133 2687 2222 signatus

148 2215 354 2298 fuerit,
406 2219 549 2288 nisi
599 2232 719 2288 aut
765 2220 1031 2309 expleta
1083 2222 1353 2302 militia,
1406 2234 1526 2290 aut
1559 2244 1683 2311 pro
1723 2220 2072 2290 debilitate
2110 2220 2419 2310 corporis
2459 2218 2689 2309 repul-

147 2328 301 2388 sus,
352 2307 626 2377 Christo
675 2307 973 2376 militare
1022 2330 1156 2377 non
1208 2310 1431 2379 liceat.
1513 2310 1605 2378 Ad
1659 2309 1828 2378 haec
1875 2330 2032 2378 ecce
2083 2330 2204 2399 per
2252 2330 2362 2377 me
2411 2328 2690 2378 servum

144 2394 451 2464 ultimum
506 2418 714 2465 suum
766 2408 832 2466 et
879 2409 1176 2466 vestrum
1228 2398 1598 2489 respondet
1657 2397 2013 2478 Cbristu5,
2083 2397 2355 2466 dicens:
2428 2401 2567 2486 Ego
2627 2405 2691 2463 te

145 2481 220 2552 de
266 2485 533 2555 notario
579 2484 900 2554 comitem
933 2486 1438 2567 excubitorum,
1476 2486 1561 2556 de
1592 2486 1843 2556 comite
1878 2490 2256 2565 Caesarem,
2291 2485 2377 2555 de
2408 2488 2691 2554 Caesare

145 2576 654 2672 Imperatorem,
707 2586 775 2644 et
821 2595 957 2643 non
1010 2574 1236 2644 solum
1288 2576 1442 2655 hoc,
1481 2576 1597 2644 sed
1635 2576 1841 2644 etiam
1878 2588 2142 2666 patrem
2179 2579 2691 2664 Imperatorum

143 2659 280 2729 lect.
334 2662 739 2732 Sacerdotes
788 2684 977 2730 meos
1027 2677 1181 2731 tuae
1231 2664 1472 2733 manui
1520 2662 1865 2742 commisi,
1919 2675 1985 2733 et
2032 2674 2108 2733 tu
2155 2685 2194 2731 a
2235 2684 2386 2730 meo
2416 2660 2694 2729 servitio

136 2750 374 2819 milites
424 2765 582 2820 tuos
631 2751 1036 2821 subtrahis?
1096 2757 1227 2820 Res
1278 2752 1481 2830 onde,
1534 2774 1720 2842 rog0,
1782 2751 2094 2842 piissime
2143 2751 2451 2828 Domine,
2498 2769 2692 2819 servo

139 2848 265 2917 tuo,
317 2838 490 2925 quid
545 2838 846 2907 venienti
892 2851 959 2907 et
1005 2839 1173 2909 haec
1221 2774 1478 2909 Ξίοθηιί
1530 2861 1995 2929 responsurus
2043 2862 2116 2910 es
2164 2841 2232 2908 in
2260 2838 2532 2928 judicio
2567 2842 2698 2904 Do-

144 2926 317 2996 mino
368 2930 541 2998 tuo?
598 2953 623 2990 ι
682 2931 759 2995 Et
810 2940 958 3016 post
993 2950 1254 3017 pauca:
1300 2954 1323 2989 ι
1364 2928 1694 3014 Requirat
1724 2950 1799 2996 er
1847 2950 1887 2996 o
1917 2927 2247 2997 dominus
2283 2948 2501 3007 meus,
2590 2925 2702 2994 uis

143 3015 313 3101 prior
360 3021 753 3105 Imperator
794 3014 994 3083 talem
1036 3015 1251 3106 legem
1289 3016 1577 3096 dederit,
1612 3029 1681 3085 et
1713 3039 1796 3085 su
1851 3016 2042 3086 tilius
2074 3016 2410 3094 aestimet,
2456 3015 2515 3085 si
2596 3013 2700 3081 ari

142 3099 467 3173 debuerit.
534 3129 557 3166 ι
616 3108 784 3171 Item
836 3104 1188 3174 Theodoro
1239 3104 1506 3173 medico
1555 3117 1709 3195 post
1757 3103 2030 3190 aliqua:
2099 3129 2123 3167 ι
2181 3101 2526 3183 PeccatiS,
2591 3102 2697 3170 in-

141 3191 296 3274 quit,
350 3191 530 3261 meis
571 3190 1008 3272 facientibu5‚
1043 3215 1123 3261 ex
1156 3214 1452 3278 quorum
1491 3192 1936 3283 suggestione
1970 3192 2070 3261 vel
2104 3191 2396 3262 consilio
2433 3190 2692 3270 nesci0,

143 3276 330 3349 talem
380 3281 457 3349 in
509 3279 872 3369 republica
919 3303 1047 3349 sua
1096 3281 1314 3371 legem
1367 3281 1654 3371 protulit
1703 3285 2107 3371 Imperator,
2153 3292 2230 3349 ut
2267 3278 2533 3358 nullus,
2572 3278 2695 3364 qui

139 3368 465 3462 actionem
520 3367 876 3457 publicam
928 3370 1088 3459 egit,
1144 3369 1384 3437 nullus
1431 3370 1551 3456 qui
1591 3369 1803 3459 optio,
1848 3368 1951 3438 vel
1991 3391 2206 3437 manu
2237 3368 2552 3458 signatus
2590 3365 2694 3434 vel

142 3466 303 3525 mter
351 3456 614 3525 milites
662 3455 941 3525 habitus
988 3470 1133 3537 est,
1186 3458 1249 3525 ei
1300 3457 1372 3525 in
1424 3458 1843 3528 monasterio
1891 3456 2195 3527 converti
2245 3456 2494 3537 liceat,
2557 3453 2696 3523 nisi

139 3539 292 3612 forte
340 3544 596 3613 militia
642 3544 795 3632 ejus
843 3544 1046 3613 fuerit
1093 3544 1383 3636 expleta.
1440 3550 1661 3627 Quam
1714 3545 1932 3636 legem
1985 3546 2335 3634 primum,
2392 3543 2573 3612 sicut
2622 3541 2696 3610 hi

141 3627 410 3713 dicunt,
468 3632 592 3718 qui
642 3631 826 3720 leges
872 3646 1130 3704 veteres
1180 3636 1426 3702 novere
1472 3633 1809 3703 Julianus
1860 3633 2167 3724 protulit.
2238 3636 2329 3700 De
2375 3652 2513 3717 quo
2561 3629 2698 3702 sci-

140 3736 283 3789 mus
329 3741 604 3800 omnes,
657 3731 994 3806 quantum
1052 3727 1182 3790 Deo
1231 3720 1564 3792 adversus
1612 3721 1845 3791 fuerit.
1907 3746 1934 3785 ›

216 3810 250 3892 ἓ
286 3812 451 3881 81.
498 3807 933 3877 confortabat
966 3808 1309 3878 insaniam
1343 3809 1667 3896 judicum
1704 3810 1846 3879 sive
1876 3809 2142 3879 fovebat
2169 3814 2495 3889 Joannes,
2533 3819 2700 3877 tunc

142 3912 210 3961 ex
256 3896 603 3965 monacho
651 3896 879 3987 regiae
927 3898 1123 3966 urbis
1170 3899 1481 3978 antistes,
1523 3898 1645 3984 qui
1676 3919 1756 3966 eo
1792 3912 2120 3988 tempore,
2158 3919 2297 3983 quo
2328 3896 2702 3997 Gregorius

148 3998 188 4076 a
220 3984 494 4074 Pelagio
543 3985 865 4074 praesule
914 3985 1302 4056 destinatus
1351 3986 1845 4076 apocrisariuS,
1886 4007 2095 4075 penes
2130 3990 2708 4086 Constantinopo-

153 4061 255 4135 ltm
306 4073 736 4152 morabatur,
793 4071 1029 4162 sugere
1076 4096 1148 4145 se
1196 4096 1555 4161 summum
1607 4074 2070 4144 sacerdotium
2112 4074 2312 4161 quasi
2348 4072 2703 4142 humiliter

156 4152 352 4228 fiuxit.
411 4161 540 4230 Sed
592 4183 672 4229 eo
722 4174 1064 4252 suscept0‚
1117 4184 1339 4249 usque
1388 4163 1558 4232 adeo
1599 4163 1669 4231 in
1715 4163 2110 4252 superbiam
2145 4162 2422 4233 dolosae
2456 4161 2704 4230 mentis

157 4248 456 4328 excrevit,
513 4260 591 4319 ut
620 4270 944 4319 excausa
982 4250 1120 4320 alia
1150 4251 1549 4322 occasiones
1599 4273 1966 4339 quaerenS,
2022 4252 2369 4342 synodum
2422 4249 2696 4329 faceret,

197 4456 222 4484 ⁸
244 4456 465 4503 lauritio
478 4464 758 4514 nuper-tort
775 4464 1033 4516 pessimun
1051 4465 1203 4518 tegam
1222 4466 1398 4510 rotanti
1414 4467 1623 4512 virtuter
1641 4467 1938 4513 contrabit.
