3327 4999
237 337 343 403 Ex
392 335 617 401 SEPT.
666 334 706 400 3
1064 353 1145 399 1)ss
1190 351 1247 398 s,
1300 350 1585 400 anneto
1632 348 1931 398 srxscoro
2555 336 2684 405 623

237 433 744 505 celeberrimas:
777 454 814 501 e
841 431 1100 519 quibus
1126 430 1306 502 duae
1333 443 1495 501 sunt
1522 430 1955 521 metropoles,
1988 450 2129 499 una
2159 430 2687 523 Burdegalensis
2715 432 2771 514 ⁸¹,

238 547 350 594 ma
408 522 513 592 nis
543 543 815 612 semper
847 523 1013 591 viris
1050 520 1468 612 conspicua:
1521 520 1735 590 altera
1783 518 2228 591 Bituricensis
2275 520 2366 602 *ξ
2401 521 2604 612 cujus
2632 534 2776 592 tum

235 616 362 683 Arc
419 610 809 701 iepisc‘opus
840 609 970 681 suit
999 621 1281 680 sanctus
1328 609 1843 700 AustregisiluS‚
1877 621 1944 677 et
1984 608 2227 679 beatus
2275 609 2613 700 Sulpitius
2661 618 2778 680 Ar-

235 700 711 780 chidiaconuS‚
748 698 1177 790 Austregisili
1225 698 1294 766 in
1343 698 1746 789 episcopatu
1794 702 2286 767 successor.1n
2318 720 2613 785 quorum
2655 722 2778 791 pa-

236 790 459 861 roecia
509 810 632 879 per
667 787 736 856 id
789 801 1063 878 tempus
1111 786 1477 857 Remaclus
1522 785 1593 855 in
1647 787 1828 856 hanc
1883 785 2107 855 lucem
2160 785 2387 857 editus
2424 801 2548 869 est,
2589 802 2779 879 patre

236 877 534 958 albutio,
583 876 898 946 Matrima
940 889 1188 945 matre:
1241 876 1362 964 qui
1409 876 1614 945 ambo
1667 897 1788 965 pro
1836 873 2052 944 seculi
2098 874 2466 965 dignitate,
2517 888 2582 945 et
2628 877 2776 967 opi-

236 968 371 1038 bus
401 979 468 1037 et
505 965 778 1057 generis
830 965 1180 1034 nobilitate
1229 964 1601 1056 pollebant.
1654 969 2017 1033 Testantur
2063 962 2132 1031 id
2175 986 2468 1055 magnae
2511 987 2779 1067 posses-

234 1056 469 1128 siones
513 1055 687 1142 eiua,
741 1067 880 1123 tam
921 1066 1192 1123 nostrae
1228 1052 1580 1136 ecclesiae,
1632 1073 1842 1140 quam
1897 1064 2114 1122 vestro
2165 1066 2601 1136 monasterio,
2639 1054 2781 1124 sive

235 1147 324 1215 ab
386 1146 561 1235 ipso,
617 1143 758 1213 sive
805 1164 846 1212 a
905 1141 1277 1232 Majoribus
1323 1142 1519 1232 ejus,
1598 1141 1702 1211 vel
1752 1141 1954 1211 etiam
2007 1163 2046 1209 a
2102 1141 2290 1231 regia
2349 1142 2776 1213 sublimitate

235 1234 568 1304 donatae:
633 1230 1221 1319 quemadmodum
1275 1230 1507 1300 doceri
1568 1243 1789 1331 potest
1842 1251 1921 1299 ex
1982 1228 2243 1311 literis,
2301 1253 2479 1318 quae
2536 1231 2780 1302 etiam-

239 1344 408 1392 num
471 1322 541 1390 in
599 1321 961 1407 utriusque
1014 1319 1343 1390 ecclesiae
1404 1319 1705 1390 archivis
1750 1330 2215 1389 asservantur.

325 1414 361 1497 ξ
409 1414 503 1481 8.
559 1409 902 1478 Educatus
950 1430 1107 1477 vero
1139 1421 1242 1477 est
1281 1408 1502 1479 bonae
1535 1408 1788 1479 indolis
1821 1429 1991 1497 puer
2021 1407 2386 1479 Remaclus
2417 1410 2549 1480 sub
2583 1410 2779 1480 beato

242 1499 559 1591 Sulpitio,
613 1497 683 1566 in
735 1498 939 1587 cujus
988 1498 1314 1567 honorem
1365 1511 1633 1567 constat
1680 1498 1768 1567 ab
1815 1496 2052 1565 eodem
2103 1510 2340 1569 sancto
2369 1497 2513 1566 viro
2549 1512 2779 1588 postea

240 1587 623 1679 permultas
656 1586 725 1655 in
776 1599 1008 1655 nostra
1039 1584 1335 1655 dioecesi
1364 1585 1693 1656 ecclesias
1720 1586 2005 1655 dicatas.
2044 1584 2167 1653 Ubi
2195 1600 2421 1656 autem
2455 1585 2770 1667 adolevit,

235 1690 301 1746 et
353 1689 554 1767 prout
600 1694 680 1744 ea
729 1673 985 1745 ferebat
1031 1688 1238 1754 aetas,
1297 1675 1504 1745 totius
1550 1673 1963 1765 integritatis
2009 1687 2074 1742 et
2109 1674 2465 1763 probitatis
2504 1674 2773 1745 fructus

238 1764 547 1856 protulit,
595 1763 790 1833 beato
823 1762 1038 1854 Eligio
1069 1763 1594 1833 commendatus
1626 1776 1749 1844 est,
1789 1762 1930 1832 viro
1965 1761 2141 1830 inter
2177 1763 2333 1850 ejus
2375 1765 2613 1835 aetatis
2650 1764 2769 1832 ho-

234 1854 463 1923 mines
514 1853 909 1922 meritorum
954 1853 1172 1943 gratia
1206 1851 1404 1921 facilc
1435 1852 1682 1943 primo.
1721 1857 1786 1921 Is
1820 1850 2069 1920 veroin
2107 1852 2640 1922 solemniacensi
2667 1851 2773 1887 ⁸⁴*

238 1940 701 2023 monasterio,
754 1940 936 2027 quod
988 1943 1137 2030 ipse
1199 1940 1266 2008 in
1330 1963 1457 2010 suo
1526 1941 1743 2010 fundo
1812 1941 2289 2022 construebat,
2340 1962 2498 2010 eum
2563 1941 2776 2013 sacris

236 2031 657 2100 monasticae
715 2029 1129 2120 disciplinae
1204 2029 1754 2100 institutionibus
1809 2041 2038 2099 exacte
2098 2029 2366 2100 imbuit.
2423 2034 2776 2099 Intantum

234 2134 465 2189 autem
522 2119 677 2218 pius
724 2118 1121 2188 adolescens
1168 2118 1317 2209 ejus
1368 2119 1645 2188 monitis
1693 2118 2206 2207 obtemperavit,
2250 2130 2366 2198 ut,
2414 2118 2644 2188 divina
2701 2118 2772 2187 in
2816 2191 2823 2198 ,

236 2229 316 2277 eo
364 2222 583 2297 gratia
632 2207 1068 2289 exuberante,
1120 2207 1448 2277 omnibus
1498 2208 1564 2276 in
1600 2229 1679 2277 eo
1732 2207 2143 2277 monasterio
2173 2207 2436 2277 Christo
2468 2207 2773 2276 militan-

235 2296 444 2376 tibus,
503 2296 863 2386 religiosae
906 2295 1443 2366 conversationis
1488 2296 1574 2367 de
1621 2318 1694 2366 se
1739 2294 2050 2385 exempla
2102 2297 2472 2385 praeberet.
2508 2301 2664 2365 Erat
2702 2296 2773 2365 in

234 2384 493 2475 vigiliis
541 2385 890 2465 assiduus,
944 2386 1015 2454 in
1062 2385 1383 2475 precibus
1433 2406 1711 2475 pernox,
1754 2386 1820 2454 in
1862 2383 2270 2454 abstinentia
2375 2386 2764 2475 raecipuuS,

237 2474 307 2543 in
362 2474 679 2543 universa
732 2495 998 2544 morum
1049 2475 1434 2565 integritate
1484 2474 1903 2566 praeclarus.
1942 2476 2238 2545 Cernens
2285 2408 2364 2542 idj
2405 2473 2644 2545 beatus
2691 2479 2774 2543 E-

237 2562 471 2653 ligius‚
525 2563 639 2632 cui
690 2562 981 2632 traditus
1026 2578 1170 2633 erat
1201 2587 1240 2633 a
1276 2565 1701 2654 parentibuS,
1754 2564 1906 2654 ejus
1955 2561 2287 2653 profectui
2335 2563 2552 2632 animi
2600 2585 2771 2651 qua-

235 2652 392 2721 dam
455 2650 807 2721 alacritate
868 2652 1409 2743 congratulans,
1462 2675 1702 2722 curam
1771 2652 2000 2742 gregis
2068 2650 2202 2721 sibi
2270 2651 2624 2722 commissi
2702 2652 2770 2721 in

231 2763 389 2811 eum
458 2741 844 2823 transtulit,
899 2763 1062 2812 suas
1108 2741 1169 2811 ei
1220 2742 1400 2812 vices
1447 2741 1877 2810 demandans
1906 2794 1921 2820 ‚
1989 2761 2287 2827 eumque
2334 2740 2467 2812 sibi
2516 2740 2773 2810 substi-

230 2843 453 2900 tuens.
510 2830 1059 2921 compellebatur
1104 2830 1286 2900 enim
1341 2830 1562 2901 redire
1609 2831 1696 2899 ad
1757 2830 2086 2921 palatium
2140 2829 2344 2919 Regis
2378 2883 2393 2911 ‚
2445 2841 2510 2898 et
2570 2851 2770 2898 suam

228 2919 288 2988 ei
356 2942 633 3010 operam
702 2942 974 2990 navare.
1054 2925 1290 2991 Postea
1361 2942 1516 2988 vero
1577 2919 1778 3010 longe
1827 2919 2094 3007 lateque
2142 2939 2380 3007 sparsa
2427 2930 2532 2987 est
2584 2915 2772 2987 sama

229 3010 611 3078 sanctitatis
661 3010 832 3078 vitae
879 3008 1054 3097 ejuS,
1090 3022 1155 3077 et
1193 3009 1278 3078 ad
1330 3008 1517 3098 ipsos
1562 3009 1768 3077 etiam
1818 3007 2017 3077 aulae
2066 3009 2379 3097 proceres
2430 3007 2758 3097 pervenit.

232 3101 490 3182 Itaque,
533 3097 761 3166 divina
807 3096 871 3164 id
926 3111 1168 3186 agente
1218 3097 1668 3186 providentia,
1729 3118 1862 3167 non
1909 3097 2126 3188 potuit
2157 3096 2459 3176 lucerna,
2499 3095 2774 3164 divinae

229 3185 488 3273 gratiae
535 3207 819 3255 accensa
872 3184 893 3252 i
947 3185 1176 3266 nibus,
1227 3185 1357 3254 sub
1408 3186 1725 3276 propriae
1771 3185 2341 3256 considerationis
2392 3184 2621 3254 modio
2672 3184 2769 3253 la-

234 3284 392 3340 tere:
440 3271 554 3340 sed
621 3285 695 3341 ut
741 3272 889 3343 desi
941 3295 1015 3344 es
1062 3273 1131 3341 in
1184 3273 1343 3343 fidei
1408 3275 1756 3365 proposito
1802 3274 1890 3344 ab
1936 3297 2012 3344 ea
2064 3275 2298 3344 lumen
2348 3273 2763 3364 acciperent,

231 3359 646 3430 candelabro
680 3361 1000 3452 imposita
1035 3374 1158 3431 est.
1215 3367 1289 3431 In
1339 3362 1501 3431 aula
1548 3368 1641 3431 Re
1697 3362 1753 3431 is
1802 3364 2304 3454 promulgatur,
2351 3375 2618 3432 tantum
2671 3362 2769 3430 vi-

230 3469 386 3516 rum
439 3448 643 3536 Regis
690 3450 1115 3538 praesentiae
1161 3450 1399 3520 deesse
1448 3472 1579 3519 non
1682 3451 1904 3532 ebere,
1951 3465 2028 3521 ut
2070 3453 2221 3541 ejus
2272 3451 2639 3541 prudentia
2672 3472 2765 3520 re·

226 3536 350 3627 gni
398 3537 666 3625 negotia
715 3537 1198 3628 disponantur,
1236 3539 1445 3627 cujus
1495 3552 1629 3608 tam
1685 3539 1979 3609 illustria
2029 3540 2429 3609 meritorum
2468 3539 2771 3630 insignia

224 3639 694 3696 cernerentur.
749 3633 1079 3697 Evocatur
1125 3650 1310 3717 erg0,
1364 3640 1441 3696 ut
1492 3650 1614 3718 par
1644 3640 1813 3707 erat,
1850 3627 2248 3707 honorifice,
2302 3640 2507 3712 atque
2542 3629 2611 3698 in
2645 3635 2770 3698 Re-

224 3714 334 3872 ῇίε
387 3713 715 3803 palatium
771 3715 1256 3798 introducitur,
1301 3738 1555 3807 magno
1586 3716 1937 3807 deinceps,
1986 3728 2062 3786 ut
2092 3715 2188 3786 rei
2221 3728 2459 3807 postea
2487 3731 2770 3789 eventus

273 3803 484 3880 oeuit,
537 3804 867 3874 omnibus
915 3805 1157 3875 solatio
1205 3805 1508 3875 futurus,

312 3895 465 3979 §L
521 3897 645 3961 Per
695 3893 872 3963 idem
911 3894 1123 3963 ferme
1171 3906 1303 3964 tem
1363 3916 1448 3964 us
1499 3893 1741 3964 beatus
1787 3899 2090 3963 Joannes
2122 3893 2627 3995 'tungrensium
2664 3892 2769 3964 vel

222 3982 758 4068 'trajectensium
823 3983 1183 4053 ecclesiam
1252 3916 1538 4053 feliciter
1610 3982 2055 4075 gubernans,
2122 3982 2471 4052 hominem
2551 3985 2763 4053 exuit.

220 4075 428 4139 Porro
472 4071 770 4160 inclytus
819 4094 933 4141 rex
988 4074 1427 4162 DagobertuS,
1483 4072 1603 4160 qui
1663 4072 1838 4163 patri
1901 4071 2190 4142 Clotario
2240 4071 2309 4141 in
2362 4073 2767 4142 monarchia

222 4160 580 4242 successit,
636 4161 908 4231 beatum
946 4161 1358 4242 Amandum,
1410 4163 1531 4249 qui
1570 4162 1651 4230 ad
1710 4160 2277 4252 praedicandum:
2318 4174 2395 4230 ut
2423 4174 2568 4230 tum
2623 4183 2766 4230 mo-

221 4247 316 4317 ris
365 4262 533 4330 erat,
590 4249 811 4319 factus
842 4250 1061 4320 fuerat
1099 4250 1342 4340 Episco
1396 4274 1501 4332 us,
1556 4251 1642 4320 ad
1687 4273 1758 4320 se
1806 4250 2233 4320 accersierat:
2271 4262 2337 4320 et
2382 4251 2544 4337 quia
2596 4273 2760 4319 cum

219 4336 479 4426 injuria
535 4361 691 4408 eum
744 4339 1117 4430 expulerat,
1162 4340 1249 4409 ab
1292 4339 1410 4410 ilo
1438 4340 1525 4409 ob
1563 4340 1901 4428 quaedam
1936 4338 2239 4410 facinora
2279 4339 2758 4431 reprehensus,

271 4464 297 4490 *
326 4464 577 4505 Bor-dean.
1022 4467 1077 4496 *¹*
1105 4468 1315 4520 Bompae.
1766 4468 1850 4497 *υ
1877 4469 1944 4509 De
1961 4469 2180 4520 Soloqnac.
