<?xml version="1.0" encoding="UTF-8"?>
<!DOCTYPE html PUBLIC "-//W3C//DTD XHTML 1.0 Transitional//EN"
    "http://www.w3.org/TR/xhtml1/DTD/xhtml1-transitional.dtd">
<html xmlns="http://www.w3.org/1999/xhtml" xml:lang="en" lang="en">
 <head>
  <title>
</title>
<meta http-equiv="Content-Type" content="text/html;charset=utf-8" />
  <meta name='ocr-system' content='tesseract 3.04.00' />
  <meta name='ocr-capabilities' content='ocr_page ocr_carea ocr_par ocr_line ocrx_word'/>
</head>
<body>
  <div class='ocr_page' id='page_1' title='image "./historiaeseuvit04lippgoog_0521.png"; bbox 0 0 3327 4999; ppageno 0'>
   <div class='ocr_carea' id='block_1_1' title="bbox 237 330 2698 402">
    <p class='ocr_par' dir='ltr' id='par_1_1' title="bbox 237 330 2698 402">
     <span class='ocr_line' id='line_1_1' title="bbox 237 330 2698 402; baseline -0.002 -1"><span class='ocrx_word' id='word_1_1' title='bbox 237 334 482 402; x_wconf 84' lang='lat' dir='ltr'><strong>MART.</strong></span> <span class='ocrx_word' id='word_1_2' title='bbox 538 336 622 400; x_wconf 71' lang='lat'>26</span> <span class='ocrx_word' id='word_1_3' title='bbox 1123 353 1201 398; x_wconf 72' lang='lat' dir='ltr'>nn</span> <span class='ocrx_word' id='word_1_4' title='bbox 1250 350 1305 396; x_wconf 90' lang='lat' dir='ltr'>s.</span> <span class='ocrx_word' id='word_1_5' title='bbox 1361 350 1645 399; x_wconf 62' lang='lat' dir='ltr'>runcano</span> <span class='ocrx_word' id='word_1_6' title='bbox 1696 349 1894 399; x_wconf 76' lang='lat' dir='ltr'>Erisc.</span> <span class='ocrx_word' id='word_1_7' title='bbox 2570 330 2698 396; x_wconf 77' lang='lat'>507</span> 
     </span>
    </p>
   </div>
   <div class='ocr_carea' id='block_1_2' title="bbox 231 429 2791 4499">
    <p class='ocr_par' dir='ltr' id='par_1_2' title="bbox 235 429 2788 1211">
     <span class='ocr_line' id='line_1_2' title="bbox 235 429 2788 534; baseline -0.002 -29"><span class='ocrx_word' id='word_1_8' title='bbox 235 458 393 505; x_wconf 90' lang='lat' dir='ltr'>cum</span> <span class='ocrx_word' id='word_1_9' title='bbox 447 434 828 525; x_wconf 90' lang='lat' dir='ltr'>principem</span> <span class='ocrx_word' id='word_1_10' title='bbox 881 433 1355 534; x_wconf 79' lang='lat' dir='ltr'>Apostolorum</span> <span class='ocrx_word' id='word_1_11' title='bbox 1417 439 1690 502; x_wconf 88' lang='lat' dir='ltr'>Petrum</span> <span class='ocrx_word' id='word_1_12' title='bbox 1759 430 2368 522; x_wconf 81' lang='lat' dir='ltr'>reprehensibilem</span> <span class='ocrx_word' id='word_1_13' title='bbox 2420 429 2634 499; x_wconf 88' lang='lat' dir='ltr'>videri</span> <span class='ocrx_word' id='word_1_14' title='bbox 2690 429 2788 499; x_wconf 89' lang='lat' dir='ltr'>is-</span> 
     </span>
     <span class='ocr_line' id='line_1_3' title="bbox 236 518 2785 609; baseline -0.002 -16"><span class='ocrx_word' id='word_1_15' title='bbox 236 524 391 593; x_wconf 89' lang='lat' dir='ltr'>dem</span> <span class='ocrx_word' id='word_1_16' title='bbox 435 522 690 593; x_wconf 87' lang='lat' dir='ltr'>Paulus</span> <span class='ocrx_word' id='word_1_17' title='bbox 723 522 1105 592; x_wconf 81' lang='lat' dir='ltr'>describat:</span> <span class='ocrx_word' id='word_1_18' title='bbox 1164 522 1436 591; x_wconf 91' lang='lat' dir='ltr'>tandem</span> <span class='ocrx_word' id='word_1_19' title='bbox 1472 520 1573 590; x_wconf 90' lang='lat' dir='ltr'>vel</span> <span class='ocrx_word' id='word_1_20' title='bbox 1624 519 2010 591; x_wconf 78' lang='lat' dir='ltr'>auctoritati</span> <span class='ocrx_word' id='word_1_21' title='bbox 2060 520 2211 609; x_wconf 88' lang='lat' dir='ltr'>ejus</span> <span class='ocrx_word' id='word_1_22' title='bbox 2260 519 2465 588; x_wconf 81' lang='lat' dir='ltr'>cessit</span> <span class='ocrx_word' id='word_1_23' title='bbox 2523 518 2619 586; x_wconf 87' lang='lat' dir='ltr'>vel</span> <span class='ocrx_word' id='word_1_24' title='bbox 2677 540 2785 587; x_wconf 92' lang='lat' dir='ltr'>ra-</span> 
     </span>
     <span class='ocr_line' id='line_1_4' title="bbox 239 606 2781 700; baseline -0.003 -18"><span class='ocrx_word' id='word_1_25' title='bbox 239 613 429 693; x_wconf 86' lang='lat' dir='ltr'>tioni,</span> <span class='ocrx_word' id='word_1_26' title='bbox 482 624 546 681; x_wconf 92' lang='lat' dir='ltr'>et</span> <span class='ocrx_word' id='word_1_27' title='bbox 648 610 1030 680; x_wconf 85' lang='lat' dir='ltr'>ontificium</span> <span class='ocrx_word' id='word_1_28' title='bbox 1069 611 1419 700; x_wconf 75' lang='lat' dir='ltr'>suscipere</span> <span class='ocrx_word' id='word_1_29' title='bbox 1458 609 1827 680; x_wconf 89' lang='lat' dir='ltr'>consensit.</span> <span class='ocrx_word' id='word_1_30' title='bbox 1884 614 2047 677; x_wconf 86' lang='lat' dir='ltr'>Vere</span> <span class='ocrx_word' id='word_1_31' title='bbox 2092 606 2459 693; x_wconf 79' lang='lat' dir='ltr'>utrobique</span> <span class='ocrx_word' id='word_1_32' title='bbox 2518 607 2781 675; x_wconf 88' lang='lat' dir='ltr'>miran-</span> 
     </span>
     <span class='ocr_line' id='line_1_5' title="bbox 236 634 2779 794; baseline -0.003 -25"><span class='ocrx_word' id='word_1_33' title='bbox 236 701 391 779; x_wconf 82' lang='lat' dir='ltr'>duS‚</span> <span class='ocrx_word' id='word_1_34' title='bbox 432 634 797 786; x_wconf 55' lang='lat' dir='ltr'>uiroffique</span> <span class='ocrx_word' id='word_1_35' title='bbox 848 698 1276 768; x_wconf 87' lang='lat' dir='ltr'>laudandus:</span> <span class='ocrx_word' id='word_1_36' title='bbox 1330 699 1450 785; x_wconf 91' lang='lat' dir='ltr'>qui</span> <span class='ocrx_word' id='word_1_37' title='bbox 1480 710 1545 767; x_wconf 90' lang='lat' dir='ltr'>et</span> <span class='ocrx_word' id='word_1_38' title='bbox 1594 698 1971 766; x_wconf 79' lang='lat' dir='ltr'>humanam</span> <span class='ocrx_word' id='word_1_39' title='bbox 2008 696 2282 765; x_wconf 87' lang='lat' dir='ltr'>laudem</span> <span class='ocrx_word' id='word_1_40' title='bbox 2317 696 2458 764; x_wconf 92' lang='lat' dir='ltr'>sive</span> <span class='ocrx_word' id='word_1_41' title='bbox 2488 693 2779 794; x_wconf 79' lang='lat' dir='ltr'>gloriam</span> 
     </span>
     <span class='ocr_line' id='line_1_6' title="bbox 235 783 2780 880; baseline -0.003 -23"><span class='ocrx_word' id='word_1_42' title='bbox 235 788 534 880; x_wconf 80' lang='lat' dir='ltr'>fugienS,</span> <span class='ocrx_word' id='word_1_43' title='bbox 590 787 859 857; x_wconf 87' lang='lat' dir='ltr'>tamdiu</span> <span class='ocrx_word' id='word_1_44' title='bbox 891 810 975 856; x_wconf 91' lang='lat' dir='ltr'>ne</span> <span class='ocrx_word' id='word_1_45' title='bbox 1023 788 1479 866; x_wconf 80' lang='lat' dir='ltr'>ordinaretur,</span> <span class='ocrx_word' id='word_1_46' title='bbox 1519 786 1784 865; x_wconf 83' lang='lat' dir='ltr'>restitit,</span> <span class='ocrx_word' id='word_1_47' title='bbox 1837 797 1901 853; x_wconf 94' lang='lat' dir='ltr'>et</span> <span class='ocrx_word' id='word_1_48' title='bbox 1949 784 2354 874; x_wconf 85' lang='lat' dir='ltr'>cogentibus</span> <span class='ocrx_word' id='word_1_49' title='bbox 2403 783 2560 852; x_wconf 78' lang='lat' dir='ltr'>aliis</span> <span class='ocrx_word' id='word_1_50' title='bbox 2602 783 2780 851; x_wconf 89' lang='lat' dir='ltr'>invi-</span> 
     </span>
     <span class='ocr_line' id='line_1_7' title="bbox 235 871 2781 963; baseline -0.004 -16"><span class='ocrx_word' id='word_1_51' title='bbox 235 886 348 947; x_wconf 83' lang='lat' dir='ltr'>tus</span> <span class='ocrx_word' id='word_1_52' title='bbox 378 876 890 963; x_wconf 86' lang='lat' dir='ltr'>quodammodo</span> <span class='ocrx_word' id='word_1_53' title='bbox 986 888 1281 945; x_wconf 89' lang='lat' dir='ltr'>ostremo</span> <span class='ocrx_word' id='word_1_54' title='bbox 1312 875 1683 944; x_wconf 89' lang='lat' dir='ltr'>consensit.</span> <span class='ocrx_word' id='word_1_55' title='bbox 1740 875 1929 943; x_wconf 88' lang='lat' dir='ltr'>Sicut</span> <span class='ocrx_word' id='word_1_56' title='bbox 1975 874 2159 943; x_wconf 90' lang='lat' dir='ltr'>enim</span> <span class='ocrx_word' id='word_1_57' title='bbox 2210 872 2328 959; x_wconf 88' lang='lat' dir='ltr'>qui</span> <span class='ocrx_word' id='word_1_58' title='bbox 2379 872 2463 940; x_wconf 89' lang='lat' dir='ltr'>ad</span> <span class='ocrx_word' id='word_1_59' title='bbox 2516 871 2781 940; x_wconf 89' lang='lat' dir='ltr'>oblatos</span> 
     </span>
     <span class='ocr_line' id='line_1_8' title="bbox 235 899 2788 1052; baseline -0.003 -18"><span class='ocrx_word' id='word_1_60' title='bbox 235 965 448 1034; x_wconf 90' lang='lat' dir='ltr'>nimis</span> <span class='ocrx_word' id='word_1_61' title='bbox 496 965 814 1033; x_wconf 86' lang='lat' dir='ltr'>ardenter</span> <span class='ocrx_word' id='word_1_62' title='bbox 862 899 1082 1032; x_wconf 82' lang='lat' dir='ltr'>iniiiat</span> <span class='ocrx_word' id='word_1_63' title='bbox 1129 965 1444 1035; x_wconf 89' lang='lat' dir='ltr'>honores.</span> <span class='ocrx_word' id='word_1_64' title='bbox 1499 963 1864 1052; x_wconf 85' lang='lat' dir='ltr'>superbiae</span> <span class='ocrx_word' id='word_1_65' title='bbox 1913 974 2170 1051; x_wconf 89' lang='lat' dir='ltr'>pestem</span> <span class='ocrx_word' id='word_1_66' title='bbox 2207 982 2341 1029; x_wconf 90' lang='lat' dir='ltr'>non</span> <span class='ocrx_word' id='word_1_67' title='bbox 2380 959 2658 1050; x_wconf 86' lang='lat' dir='ltr'>effugit:</span> <span class='ocrx_word' id='word_1_68' title='bbox 2694 960 2788 1028; x_wconf 88' lang='lat' dir='ltr'>ita</span> 
     </span>
     <span class='ocr_line' id='line_1_9' title="bbox 236 1048 2781 1143; baseline -0.003 -20"><span class='ocrx_word' id='word_1_69' title='bbox 236 1066 304 1123; x_wconf 86' lang='lat' dir='ltr'>et</span> <span class='ocrx_word' id='word_1_70' title='bbox 349 1054 469 1140; x_wconf 92' lang='lat' dir='ltr'>qui</span> <span class='ocrx_word' id='word_1_71' title='bbox 521 1053 860 1143; x_wconf 86' lang='lat' dir='ltr'>impositis</span> <span class='ocrx_word' id='word_1_72' title='bbox 898 1052 1331 1142; x_wconf 87' lang='lat' dir='ltr'>pertinaciter</span> <span class='ocrx_word' id='word_1_73' title='bbox 1369 1053 1642 1132; x_wconf 84' lang='lat' dir='ltr'>resistit,</span> <span class='ocrx_word' id='word_1_74' title='bbox 1697 1052 1961 1119; x_wconf 88' lang='lat' dir='ltr'>diversa</span> <span class='ocrx_word' id='word_1_75' title='bbox 2025 1050 2179 1119; x_wconf 87' lang='lat' dir='ltr'>licet</span> <span class='ocrx_word' id='word_1_76' title='bbox 2230 1048 2359 1128; x_wconf 69' lang='lat' dir='ltr'>via,</span> <span class='ocrx_word' id='word_1_77' title='bbox 2416 1048 2781 1138; x_wconf 85' lang='lat' dir='ltr'>superbiae</span> 
     </span>
     <span class='ocr_line' id='line_1_10' title="bbox 242 1140 1364 1211; baseline 0 -1"><span class='ocrx_word' id='word_1_78' title='bbox 242 1141 702 1211; x_wconf 90' lang='lat' dir='ltr'>nihilominus</span> <span class='ocrx_word' id='word_1_79' title='bbox 737 1140 996 1209; x_wconf 86' lang='lat' dir='ltr'>malum</span> <span class='ocrx_word' id='word_1_80' title='bbox 1052 1141 1364 1210; x_wconf 90' lang='lat' dir='ltr'>incurrit.</span> 
     </span>
    </p>

    <p class='ocr_par' dir='ltr' id='par_1_3' title="bbox 231 1223 2791 4410">
     <span class='ocr_line' id='line_1_11' title="bbox 332 1223 2789 1319; baseline -0.003 -20"><span class='ocrx_word' id='word_1_81' title='bbox 332 1232 368 1317; x_wconf 65' lang='grc' dir='ltr'>ξ</span> <span class='ocrx_word' id='word_1_82' title='bbox 436 1233 605 1301; x_wconf 67' lang='lat'>20.</span> <span class='ocrx_word' id='word_1_83' title='bbox 663 1235 1004 1298; x_wconf 88' lang='lat' dir='ltr'>Bonorum</span> <span class='ocrx_word' id='word_1_84' title='bbox 1070 1230 1328 1319; x_wconf 89' lang='lat' dir='ltr'>quippe</span> <span class='ocrx_word' id='word_1_85' title='bbox 1390 1229 1747 1319; x_wconf 88' lang='lat' dir='ltr'>proprium</span> <span class='ocrx_word' id='word_1_86' title='bbox 1798 1239 1921 1307; x_wconf 89' lang='lat' dir='ltr'>est,</span> <span class='ocrx_word' id='word_1_87' title='bbox 1976 1227 2271 1296; x_wconf 90' lang='lat' dir='ltr'>honores</span> <span class='ocrx_word' id='word_1_88' title='bbox 2315 1223 2598 1312; x_wconf 88' lang='lat' dir='ltr'>quidem</span> <span class='ocrx_word' id='word_1_89' title='bbox 2649 1244 2789 1292; x_wconf 91' lang='lat' dir='ltr'>non</span> 
     </span>
     <span class='ocr_line' id='line_1_12' title="bbox 238 1312 2788 1408; baseline -0.003 -21"><span class='ocrx_word' id='word_1_90' title='bbox 238 1330 586 1408; x_wconf 89' lang='lat' dir='ltr'>appetere,</span> <span class='ocrx_word' id='word_1_91' title='bbox 642 1318 758 1387; x_wconf 90' lang='lat' dir='ltr'>sed</span> <span class='ocrx_word' id='word_1_92' title='bbox 811 1329 1033 1386; x_wconf 86' lang='lat' dir='ltr'>tamen</span> <span class='ocrx_word' id='word_1_93' title='bbox 1073 1318 1430 1407; x_wconf 87' lang='lat' dir='ltr'>impositos</span> <span class='ocrx_word' id='word_1_94' title='bbox 1482 1340 1616 1386; x_wconf 89' lang='lat' dir='ltr'>non</span> <span class='ocrx_word' id='word_1_95' title='bbox 1668 1337 2010 1386; x_wconf 90' lang='lat' dir='ltr'>recusare.</span> <span class='ocrx_word' id='word_1_96' title='bbox 2053 1315 2162 1384; x_wconf 88' lang='lat' dir='ltr'>Sic</span> <span class='ocrx_word' id='word_1_97' title='bbox 2212 1320 2498 1403; x_wconf 74' lang='lat' dir='ltr'>MoyscS,</span> <span class='ocrx_word' id='word_1_98' title='bbox 2552 1312 2788 1381; x_wconf 91' lang='lat' dir='ltr'>sicin—</span> 
     </span>
     <span class='ocr_line' id='line_1_13' title="bbox 246 1401 2787 1477; baseline -0.002 -3"><span class='ocrx_word' id='word_1_99' title='bbox 246 1406 717 1477; x_wconf 88' lang='lat' dir='ltr'>numerabiles</span> <span class='ocrx_word' id='word_1_100' title='bbox 765 1405 883 1474; x_wconf 89' lang='lat' dir='ltr'>alii</span> <span class='ocrx_word' id='word_1_101' title='bbox 934 1407 1150 1475; x_wconf 81' lang='lat' dir='ltr'>sancti</span> <span class='ocrx_word' id='word_1_102' title='bbox 1201 1411 1428 1475; x_wconf 87' lang='lat' dir='ltr'>Patres</span> <span class='ocrx_word' id='word_1_103' title='bbox 1468 1405 1812 1474; x_wconf 90' lang='lat' dir='ltr'>fecerunt:</span> <span class='ocrx_word' id='word_1_104' title='bbox 1916 1405 1987 1473; x_wconf 93' lang='lat' dir='ltr'>ui</span> <span class='ocrx_word' id='word_1_105' title='bbox 2036 1418 2098 1474; x_wconf 90' lang='lat' dir='ltr'>et</span> <span class='ocrx_word' id='word_1_106' title='bbox 2149 1403 2440 1472; x_wconf 87' lang='lat' dir='ltr'>mittenti</span> <span class='ocrx_word' id='word_1_107' title='bbox 2496 1401 2787 1469; x_wconf 92' lang='lat' dir='ltr'>Domino</span> 
     </span>
     <span class='ocr_line' id='line_1_14' title="bbox 245 1489 2780 1580; baseline -0.004 -14"><span class='ocrx_word' id='word_1_108' title='bbox 245 1517 409 1567; x_wconf 86' lang='lat' dir='ltr'>suae</span> <span class='ocrx_word' id='word_1_109' title='bbox 472 1494 893 1563; x_wconf 81' lang='lat' dir='ltr'>infirmitatis</span> <span class='ocrx_word' id='word_1_110' title='bbox 956 1517 1203 1564; x_wconf 88' lang='lat' dir='ltr'>causas</span> <span class='ocrx_word' id='word_1_111' title='bbox 1265 1494 1620 1563; x_wconf 84' lang='lat' dir='ltr'>humiliter</span> <span class='ocrx_word' id='word_1_112' title='bbox 1667 1494 1865 1563; x_wconf 88' lang='lat' dir='ltr'>obten</span> <span class='ocrx_word' id='word_1_113' title='bbox 1924 1504 2147 1573; x_wconf 86' lang='lat' dir='ltr'>erunt,</span> <span class='ocrx_word' id='word_1_114' title='bbox 2200 1505 2266 1560; x_wconf 87' lang='lat' dir='ltr'>et</span> <span class='ocrx_word' id='word_1_115' title='bbox 2317 1489 2591 1580; x_wconf 87' lang='lat' dir='ltr'>jubenti</span> <span class='ocrx_word' id='word_1_116' title='bbox 2646 1511 2780 1557; x_wconf 91' lang='lat' dir='ltr'>non</span> 
     </span>
     <span class='ocr_line' id='line_1_15' title="bbox 245 1577 2791 1674; baseline -0.003 -22"><span class='ocrx_word' id='word_1_117' title='bbox 245 1584 546 1674; x_wconf 84' lang='lat' dir='ltr'>graviter</span> <span class='ocrx_word' id='word_1_118' title='bbox 593 1583 1178 1672; x_wconf 90' lang='lat' dir='ltr'>obtemperarunt.</span> <span class='ocrx_word' id='word_1_119' title='bbox 1238 1583 1427 1651; x_wconf 91' lang='lat' dir='ltr'>Unde</span> <span class='ocrx_word' id='word_1_120' title='bbox 1475 1582 1574 1652; x_wconf 83' lang='lat' dir='ltr'>vel</span> <span class='ocrx_word' id='word_1_121' title='bbox 1628 1582 1848 1651; x_wconf 88' lang='lat' dir='ltr'>sancti</span> <span class='ocrx_word' id='word_1_122' title='bbox 1910 1581 2183 1670; x_wconf 78' lang='lat' dir='ltr'>Moysis,</span> <span class='ocrx_word' id='word_1_123' title='bbox 2225 1579 2326 1648; x_wconf 88' lang='lat' dir='ltr'>vel</span> <span class='ocrx_word' id='word_1_124' title='bbox 2375 1579 2588 1668; x_wconf 87' lang='lat' dir='ltr'>hujus</span> <span class='ocrx_word' id='word_1_125' title='bbox 2621 1577 2689 1644; x_wconf 92' lang='lat' dir='ltr'>in</span> <span class='ocrx_word' id='word_1_126' title='bbox 2720 1599 2791 1647; x_wconf 90' lang='lat' dir='ltr'>re</span> 
     </span>
     <span class='ocr_line' id='line_1_16' title="bbox 249 1668 2784 1762; baseline -0.002 -23"><span class='ocrx_word' id='word_1_127' title='bbox 249 1694 385 1739; x_wconf 90' lang='lat' dir='ltr'>non</span> <span class='ocrx_word' id='word_1_128' title='bbox 439 1670 765 1739; x_wconf 89' lang='lat' dir='ltr'>dissimili</span> <span class='ocrx_word' id='word_1_129' title='bbox 829 1669 1082 1739; x_wconf 90' lang='lat' dir='ltr'>factum</span> <span class='ocrx_word' id='word_1_130' title='bbox 1156 1671 1507 1762; x_wconf 86' lang='lat' dir='ltr'>paulisper</span> <span class='ocrx_word' id='word_1_131' title='bbox 1562 1670 2109 1762; x_wconf 80' lang='lat' dir='ltr'>comparandum</span> <span class='ocrx_word' id='word_1_132' title='bbox 2178 1668 2469 1737; x_wconf 89' lang='lat' dir='ltr'>videtur.</span> <span class='ocrx_word' id='word_1_133' title='bbox 2526 1672 2784 1755; x_wconf 81' lang='lat' dir='ltr'>Moyses</span> 
     </span>
     <span class='ocr_line' id='line_1_17' title="bbox 245 1755 2790 1849; baseline -0.002 -21"><span class='ocrx_word' id='word_1_134' title='bbox 245 1759 411 1828; x_wconf 89' lang='lat' dir='ltr'>olim</span> <span class='ocrx_word' id='word_1_135' title='bbox 462 1759 547 1828; x_wconf 91' lang='lat' dir='ltr'>ad</span> <span class='ocrx_word' id='word_1_136' title='bbox 598 1759 813 1827; x_wconf 90' lang='lat' dir='ltr'>durae</span> <span class='ocrx_word' id='word_1_137' title='bbox 860 1759 1144 1827; x_wconf 89' lang='lat' dir='ltr'>cervicis</span> <span class='ocrx_word' id='word_1_138' title='bbox 1193 1760 1654 1829; x_wconf 85' lang='lat' dir='ltr'>Hebraeorum</span> <span class='ocrx_word' id='word_1_139' title='bbox 1702 1759 2035 1849; x_wconf 90' lang='lat' dir='ltr'>populum</span> <span class='ocrx_word' id='word_1_140' title='bbox 2073 1757 2352 1836; x_wconf 75' lang='lat' dir='ltr'>missuS,</span> <span class='ocrx_word' id='word_1_141' title='bbox 2408 1777 2645 1824; x_wconf 90' lang='lat' dir='ltr'>eorum</span> <span class='ocrx_word' id='word_1_142' title='bbox 2683 1755 2790 1823; x_wconf 86' lang='lat' dir='ltr'>in-</span> 
     </span>
     <span class='ocr_line' id='line_1_18' title="bbox 241 1842 2790 1938; baseline -0.003 -21"><span class='ocrx_word' id='word_1_143' title='bbox 241 1847 714 1917; x_wconf 87' lang='lat' dir='ltr'>credulitatem</span> <span class='ocrx_word' id='word_1_144' title='bbox 748 1860 1031 1934; x_wconf 89' lang='lat' dir='ltr'>questus</span> <span class='ocrx_word' id='word_1_145' title='bbox 1078 1861 1219 1916; x_wconf 87' lang='lat' dir='ltr'>est:</span> <span class='ocrx_word' id='word_1_146' title='bbox 1275 1860 1556 1916; x_wconf 90' lang='lat' dir='ltr'>sanctus</span> <span class='ocrx_word' id='word_1_147' title='bbox 1606 1848 1963 1938; x_wconf 83' lang='lat' dir='ltr'>Ludgerus</span> <span class='ocrx_word' id='word_1_148' title='bbox 2011 1845 2093 1915; x_wconf 88' lang='lat' dir='ltr'>ad</span> <span class='ocrx_word' id='word_1_149' title='bbox 2137 1845 2393 1919; x_wconf 86' lang='lat' dir='ltr'>duram</span> <span class='ocrx_word' id='word_1_150' title='bbox 2438 1842 2790 1912; x_wconf 88' lang='lat' dir='ltr'>nihilomi-</span> 
     </span>
     <span class='ocr_line' id='line_1_19' title="bbox 245 1931 2788 2025; baseline -0.002 -21"><span class='ocrx_word' id='word_1_151' title='bbox 245 1956 381 2005; x_wconf 90' lang='lat' dir='ltr'>nus</span> <span class='ocrx_word' id='word_1_152' title='bbox 409 1949 474 2005; x_wconf 89' lang='lat' dir='ltr'>et</span> <span class='ocrx_word' id='word_1_153' title='bbox 504 1936 732 2004; x_wconf 89' lang='lat' dir='ltr'>adhuc</span> <span class='ocrx_word' id='word_1_154' title='bbox 782 1936 1402 2005; x_wconf 87' lang='lat' dir='ltr'>semichristianam</span> <span class='ocrx_word' id='word_1_155' title='bbox 1456 1942 1799 2005; x_wconf 79' lang='lat' dir='ltr'>Saxonum</span> <span class='ocrx_word' id='word_1_156' title='bbox 1844 1949 2115 2025; x_wconf 88' lang='lat' dir='ltr'>gentem</span> <span class='ocrx_word' id='word_1_157' title='bbox 2160 1944 2389 2024; x_wconf 88' lang='lat' dir='ltr'>pastor</span> <span class='ocrx_word' id='word_1_158' title='bbox 2435 1946 2534 2002; x_wconf 89' lang='lat' dir='ltr'>est</span> <span class='ocrx_word' id='word_1_159' title='bbox 2581 1931 2788 1999; x_wconf 87' lang='lat' dir='ltr'>desti-</span> 
     </span>
     <span class='ocr_line' id='line_1_20' title="bbox 249 2019 2789 2113; baseline -0.002 -22"><span class='ocrx_word' id='word_1_160' title='bbox 249 2036 474 2094; x_wconf 81' lang='lat' dir='ltr'>natus,</span> <span class='ocrx_word' id='word_1_161' title='bbox 536 2024 660 2092; x_wconf 88' lang='lat' dir='ltr'>Ille</span> <span class='ocrx_word' id='word_1_162' title='bbox 707 2047 865 2092; x_wconf 91' lang='lat' dir='ltr'>cum</span> <span class='ocrx_word' id='word_1_163' title='bbox 932 2026 1120 2113; x_wconf 76' lang='lat' dir='ltr'>virga</span> <span class='ocrx_word' id='word_1_164' title='bbox 1172 2024 1519 2113; x_wconf 89' lang='lat' dir='ltr'>pastorali,</span> <span class='ocrx_word' id='word_1_165' title='bbox 1573 2024 1685 2092; x_wconf 90' lang='lat' dir='ltr'>hic</span> <span class='ocrx_word' id='word_1_166' title='bbox 1735 2046 1894 2092; x_wconf 91' lang='lat' dir='ltr'>cum</span> <span class='ocrx_word' id='word_1_167' title='bbox 1945 2019 2610 2111; x_wconf 86' lang='lat' dir='ltr'>ferula-episcopali.</span> <span class='ocrx_word' id='word_1_168' title='bbox 2666 2019 2789 2086; x_wconf 91' lang='lat' dir='ltr'>Ille</span> 
     </span>
     <span class='ocr_line' id='line_1_21' title="bbox 247 2106 2787 2202; baseline -0.002 -21"><span class='ocrx_word' id='word_1_169' title='bbox 247 2134 317 2182; x_wconf 92' lang='lat' dir='ltr'>se</span> <span class='ocrx_word' id='word_1_170' title='bbox 366 2112 823 2202; x_wconf 88' lang='lat' dir='ltr'>impeditioris</span> <span class='ocrx_word' id='word_1_171' title='bbox 854 2126 919 2181; x_wconf 91' lang='lat' dir='ltr'>et</span> <span class='ocrx_word' id='word_1_172' title='bbox 967 2113 1286 2182; x_wconf 87' lang='lat' dir='ltr'>tardioris</span> <span class='ocrx_word' id='word_1_173' title='bbox 1320 2112 1623 2202; x_wconf 86' lang='lat' dir='ltr'>linguae,</span> <span class='ocrx_word' id='word_1_174' title='bbox 1667 2134 1747 2181; x_wconf 87' lang='lat' dir='ltr'>ex</span> <span class='ocrx_word' id='word_1_175' title='bbox 1777 2133 1912 2199; x_wconf 93' lang='lat' dir='ltr'>quo</span> <span class='ocrx_word' id='word_1_176' title='bbox 1955 2111 2038 2180; x_wconf 86' lang='lat' dir='ltr'>ad</span> <span class='ocrx_word' id='word_1_177' title='bbox 2098 2133 2255 2180; x_wconf 91' lang='lat' dir='ltr'>eum</span> <span class='ocrx_word' id='word_1_178' title='bbox 2308 2109 2640 2178; x_wconf 85' lang='lat' dir='ltr'>Dominus</span> <span class='ocrx_word' id='word_1_179' title='bbox 2690 2106 2787 2175; x_wconf 89' lang='lat' dir='ltr'>lo-</span> 
     </span>
     <span class='ocr_line' id='line_1_22' title="bbox 245 2196 2777 2290; baseline -0.003 -21"><span class='ocrx_word' id='word_1_180' title='bbox 245 2214 446 2270; x_wconf 89' lang='lat' dir='ltr'>cutus</span> <span class='ocrx_word' id='word_1_181' title='bbox 493 2213 617 2282; x_wconf 87' lang='lat' dir='ltr'>est,</span> <span class='ocrx_word' id='word_1_182' title='bbox 658 2199 869 2269; x_wconf 89' lang='lat' dir='ltr'>fuisse</span> <span class='ocrx_word' id='word_1_183' title='bbox 905 2213 1224 2271; x_wconf 87' lang='lat' dir='ltr'>testatur:</span> <span class='ocrx_word' id='word_1_184' title='bbox 1279 2201 1403 2269; x_wconf 90' lang='lat' dir='ltr'>iste</span> <span class='ocrx_word' id='word_1_185' title='bbox 1444 2213 1807 2290; x_wconf 91' lang='lat' dir='ltr'>postquam</span> <span class='ocrx_word' id='word_1_186' title='bbox 1863 2221 1981 2288; x_wconf 87' lang='lat' dir='ltr'>per</span> <span class='ocrx_word' id='word_1_187' title='bbox 2029 2197 2424 2288; x_wconf 79' lang='lat' dir='ltr'>Apostolum</span> <span class='ocrx_word' id='word_1_188' title='bbox 2473 2196 2777 2265; x_wconf 88' lang='lat' dir='ltr'>audivit:</span> 
     </span>
     <span class='ocr_line' id='line_1_23' title="bbox 244 2285 2785 2380; baseline -0.002 -23"><span class='ocrx_word' id='word_1_189' title='bbox 244 2294 511 2380; x_wconf 78' lang='lat' dir='ltr'>Oportet</span> <span class='ocrx_word' id='word_1_190' title='bbox 555 2292 931 2379; x_wconf 79' lang='lat' dir='ltr'>episcopum</span> <span class='ocrx_word' id='word_1_191' title='bbox 975 2290 1626 2379; x_wconf 77' lang='lat' dir='ltr'>irreprehensibilem</span> <span class='ocrx_word' id='word_1_192' title='bbox 1667 2311 1827 2369; x_wconf 80' lang='lat' dir='ltr'>esse,</span> <span class='ocrx_word' id='word_1_193' title='bbox 1869 2287 2235 2377; x_wconf 88' lang='lat' dir='ltr'>indignum</span> <span class='ocrx_word' id='word_1_194' title='bbox 2272 2309 2344 2354; x_wconf 91' lang='lat' dir='ltr'>se</span> <span class='ocrx_word' id='word_1_195' title='bbox 2382 2285 2785 2375; x_wconf 88' lang='lat' dir='ltr'>episcopatu</span> 
     </span>
     <span class='ocr_line' id='line_1_24' title="bbox 231 2375 2780 2467; baseline -0.003 -21"><span class='ocrx_word' id='word_1_196' title='bbox 231 2377 591 2467; x_wconf 86' lang='lat' dir='ltr'>judicavit.</span> <span class='ocrx_word' id='word_1_197' title='bbox 641 2376 761 2447; x_wconf 90' lang='lat' dir='ltr'>Ille</span> <span class='ocrx_word' id='word_1_198' title='bbox 808 2378 1014 2447; x_wconf 86' lang='lat' dir='ltr'>dixit:</span> <span class='ocrx_word' id='word_1_199' title='bbox 1068 2378 1361 2447; x_wconf 86' lang='lat' dir='ltr'>Obsecro</span> <span class='ocrx_word' id='word_1_200' title='bbox 1412 2378 1725 2457; x_wconf 77' lang='lat' dir='ltr'>Domine,</span> <span class='ocrx_word' id='word_1_201' title='bbox 1778 2378 1969 2446; x_wconf 89' lang='lat' dir='ltr'>mitte</span> <span class='ocrx_word' id='word_1_202' title='bbox 2015 2397 2224 2463; x_wconf 89' lang='lat' dir='ltr'>quem</span> <span class='ocrx_word' id='word_1_203' title='bbox 2276 2375 2619 2444; x_wconf 87' lang='lat' dir='ltr'>missurus</span> <span class='ocrx_word' id='word_1_204' title='bbox 2666 2395 2780 2443; x_wconf 88' lang='lat' dir='ltr'>es:</span> 
     </span>
     <span class='ocr_line' id='line_1_25' title="bbox 245 2463 2783 2557; baseline -0.002 -23"><span class='ocrx_word' id='word_1_205' title='bbox 245 2466 369 2535; x_wconf 90' lang='lat' dir='ltr'>iste</span> <span class='ocrx_word' id='word_1_206' title='bbox 416 2466 629 2536; x_wconf 87' lang='lat' dir='ltr'>alium</span> <span class='ocrx_word' id='word_1_207' title='bbox 679 2487 956 2554; x_wconf 87' lang='lat' dir='ltr'>quoque</span> <span class='ocrx_word' id='word_1_208' title='bbox 1008 2488 1127 2557; x_wconf 90' lang='lat' dir='ltr'>pro</span> <span class='ocrx_word' id='word_1_209' title='bbox 1172 2489 1242 2536; x_wconf 91' lang='lat' dir='ltr'>se</span> <span class='ocrx_word' id='word_1_210' title='bbox 1290 2466 1597 2535; x_wconf 91' lang='lat' dir='ltr'>ordinari</span> <span class='ocrx_word' id='word_1_211' title='bbox 1659 2464 1947 2536; x_wconf 88' lang='lat' dir='ltr'>sedulus</span> <span class='ocrx_word' id='word_1_212' title='bbox 1999 2463 2387 2556; x_wconf 89' lang='lat' dir='ltr'>postulavit.</span> <span class='ocrx_word' id='word_1_213' title='bbox 2437 2469 2783 2533; x_wconf 90' lang='lat' dir='ltr'>Postremo</span> 
     </span>
     <span class='ocr_line' id='line_1_26' title="bbox 245 2553 2784 2646; baseline -0.001 -24"><span class='ocrx_word' id='word_1_214' title='bbox 245 2560 503 2642; x_wconf 75' lang='lat' dir='ltr'>Moyses</span> <span class='ocrx_word' id='word_1_215' title='bbox 534 2555 787 2624; x_wconf 89' lang='lat' dir='ltr'>divinis</span> <span class='ocrx_word' id='word_1_216' title='bbox 817 2558 1301 2645; x_wconf 84' lang='lat' dir='ltr'>obtemperans</span> <span class='ocrx_word' id='word_1_217' title='bbox 1339 2556 1584 2646; x_wconf 86' lang='lat' dir='ltr'>jussis,</span> <span class='ocrx_word' id='word_1_218' title='bbox 1642 2555 2012 2624; x_wconf 89' lang='lat' dir='ltr'>innumera</span> <span class='ocrx_word' id='word_1_219' title='bbox 2059 2555 2128 2622; x_wconf 91' lang='lat' dir='ltr'>in</span> <span class='ocrx_word' id='word_1_220' title='bbox 2176 2553 2428 2643; x_wconf 90' lang='lat' dir='ltr'>populo</span> <span class='ocrx_word' id='word_1_221' title='bbox 2479 2553 2678 2642; x_wconf 84' lang='lat' dir='ltr'>signa</span> <span class='ocrx_word' id='word_1_222' title='bbox 2710 2573 2784 2619; x_wconf 91' lang='lat' dir='ltr'>o-</span> 
     </span>
     <span class='ocr_line' id='line_1_27' title="bbox 246 2640 2785 2735; baseline -0.002 -23"><span class='ocrx_word' id='word_1_223' title='bbox 246 2656 523 2733; x_wconf 90' lang='lat' dir='ltr'>peratus</span> <span class='ocrx_word' id='word_1_224' title='bbox 586 2657 728 2713; x_wconf 85' lang='lat' dir='ltr'>est:</span> <span class='ocrx_word' id='word_1_225' title='bbox 798 2656 1078 2715; x_wconf 88' lang='lat' dir='ltr'>sanctus</span> <span class='ocrx_word' id='word_1_226' title='bbox 1139 2644 1495 2735; x_wconf 88' lang='lat' dir='ltr'>Ludgerus</span> <span class='ocrx_word' id='word_1_227' title='bbox 1552 2643 2013 2713; x_wconf 88' lang='lat' dir='ltr'>commissam·</span> <span class='ocrx_word' id='word_1_228' title='bbox 2048 2642 2179 2712; x_wconf 89' lang='lat' dir='ltr'>sibi</span> <span class='ocrx_word' id='word_1_229' title='bbox 2233 2643 2500 2732; x_wconf 91' lang='lat' dir='ltr'>plebem</span> <span class='ocrx_word' id='word_1_230' title='bbox 2560 2640 2785 2710; x_wconf 88' lang='lat' dir='ltr'>susci-</span> 
     </span>
     <span class='ocr_line' id='line_1_28' title="bbox 244 2728 2782 2823; baseline -0.001 -23"><span class='ocrx_word' id='word_1_231' title='bbox 244 2733 461 2822; x_wconf 90' lang='lat' dir='ltr'>piens,</span> <span class='ocrx_word' id='word_1_232' title='bbox 517 2733 718 2822; x_wconf 87' lang='lat' dir='ltr'>plura</span> <span class='ocrx_word' id='word_1_233' title='bbox 765 2733 834 2800; x_wconf 92' lang='lat' dir='ltr'>in</span> <span class='ocrx_word' id='word_1_234' title='bbox 887 2755 965 2801; x_wconf 91' lang='lat' dir='ltr'>ea</span> <span class='ocrx_word' id='word_1_235' title='bbox 1026 2747 1090 2802; x_wconf 92' lang='lat' dir='ltr'>et</span> <span class='ocrx_word' id='word_1_236' title='bbox 1140 2734 1284 2823; x_wconf 88' lang='lat' dir='ltr'>ipse</span> <span class='ocrx_word' id='word_1_237' title='bbox 1335 2733 1670 2801; x_wconf 89' lang='lat' dir='ltr'>miracula</span> <span class='ocrx_word' id='word_1_238' title='bbox 1717 2731 1898 2800; x_wconf 85' lang='lat' dir='ltr'>fecit.</span> <span class='ocrx_word' id='word_1_239' title='bbox 1942 2732 2188 2814; x_wconf 85' lang='lat' dir='ltr'>Quanti</span> <span class='ocrx_word' id='word_1_240' title='bbox 2246 2751 2543 2817; x_wconf 90' lang='lat' dir='ltr'>namque</span> <span class='ocrx_word' id='word_1_241' title='bbox 2581 2728 2782 2819; x_wconf 84' lang='lat' dir='ltr'>perfi-</span> 
     </span>
     <span class='ocr_line' id='line_1_29' title="bbox 239 2819 2784 2918; baseline -0.002 -29"><span class='ocrx_word' id='word_1_242' title='bbox 239 2821 391 2890; x_wconf 90' lang='lat' dir='ltr'>diae</span> <span class='ocrx_word' id='word_1_243' title='bbox 439 2822 761 2890; x_wconf 86' lang='lat' dir='ltr'>caecitate</span> <span class='ocrx_word' id='word_1_244' title='bbox 804 2822 1015 2890; x_wconf 87' lang='lat' dir='ltr'>solem</span> <span class='ocrx_word' id='word_1_245' title='bbox 1057 2822 1351 2891; x_wconf 84' lang='lat' dir='ltr'>&#39;ustitiae</span> <span class='ocrx_word' id='word_1_246' title='bbox 1382 2834 1446 2890; x_wconf 89' lang='lat' dir='ltr'>et</span> <span class='ocrx_word' id='word_1_247' title='bbox 1478 2843 1706 2891; x_wconf 83' lang='lat' dir='ltr'>veram</span> <span class='ocrx_word' id='word_1_248' title='bbox 1737 2820 1958 2890; x_wconf 91' lang='lat' dir='ltr'>lucem</span> <span class='ocrx_word' id='word_1_249' title='bbox 2011 2819 2356 2888; x_wconf 85' lang='lat' dir='ltr'>Christum</span> <span class='ocrx_word' id='word_1_250' title='bbox 2404 2840 2534 2887; x_wconf 89' lang='lat' dir='ltr'>non</span> <span class='ocrx_word' id='word_1_251' title='bbox 2568 2839 2784 2918; x_wconf 79' lang='lat' dir='ltr'>agno-</span> 
     </span>
     <span class='ocr_line' id='line_1_30' title="bbox 242 2844 2781 3000; baseline -0.002 -21"><span class='ocrx_word' id='word_1_252' title='bbox 242 2920 528 2990; x_wconf 76' lang='lat' dir='ltr'>scenteS‚</span> <span class='ocrx_word' id='word_1_253' title='bbox 582 2931 705 3000; x_wconf 91' lang='lat' dir='ltr'>per</span> <span class='ocrx_word' id='word_1_254' title='bbox 749 2932 905 2979; x_wconf 91' lang='lat' dir='ltr'>eum</span> <span class='ocrx_word' id='word_1_255' title='bbox 987 2844 1358 2978; x_wconf 66' lang='lat' dir='ltr'>iliuminati</span> <span class='ocrx_word' id='word_1_256' title='bbox 1408 2923 1570 2979; x_wconf 90' lang='lat' dir='ltr'>sunt</span> <span class='ocrx_word' id='word_1_257' title='bbox 1607 2914 1638 2977; x_wconf 75' lang='lat'>⁰?</span> <span class='ocrx_word' id='word_1_258' title='bbox 1707 2909 1959 2991; x_wconf 86' lang='lat' dir='ltr'>Quanti</span> <span class='ocrx_word' id='word_1_259' title='bbox 1999 2909 2307 2997; x_wconf 89' lang='lat' dir='ltr'>justitiae</span> <span class='ocrx_word' id='word_1_260' title='bbox 2354 2919 2781 2976; x_wconf 82' lang='lat' dir='ltr'>execrauone</span> 
     </span>
     <span class='ocr_line' id='line_1_31' title="bbox 241 2996 2786 3088; baseline -0.002 -21"><span class='ocrx_word' id='word_1_261' title='bbox 241 2998 593 3067; x_wconf 87' lang='lat' dir='ltr'>obturatas</span> <span class='ocrx_word' id='word_1_262' title='bbox 625 3018 827 3066; x_wconf 89' lang='lat' dir='ltr'>aures</span> <span class='ocrx_word' id='word_1_263' title='bbox 877 2997 1227 3078; x_wconf 80' lang='lat' dir='ltr'>habenteS,</span> <span class='ocrx_word' id='word_1_264' title='bbox 1286 2998 1601 3067; x_wconf 90' lang='lat' dir='ltr'>auditum</span> <span class='ocrx_word' id='word_1_265' title='bbox 1657 3001 2111 3088; x_wconf 69' lang='lat' dir='ltr'>receperunt?</span> <span class='ocrx_word' id='word_1_266' title='bbox 2157 3003 2609 3079; x_wconf 87' lang='lat' dir='ltr'>Quantorum·</span> <span class='ocrx_word' id='word_1_267' title='bbox 2639 2996 2786 3084; x_wconf 87' lang='lat' dir='ltr'>ipse</span> 
     </span>
     <span class='ocr_line' id='line_1_32' title="bbox 239 3082 2785 3175; baseline -0.001 -22"><span class='ocrx_word' id='word_1_268' title='bbox 239 3107 382 3164; x_wconf 87' lang='lat' dir='ltr'>ora,</span> <span class='ocrx_word' id='word_1_269' title='bbox 431 3087 623 3175; x_wconf 91' lang='lat' dir='ltr'>prius</span> <span class='ocrx_word' id='word_1_270' title='bbox 673 3085 742 3152; x_wconf 94' lang='lat' dir='ltr'>in</span> <span class='ocrx_word' id='word_1_271' title='bbox 796 3085 908 3153; x_wconf 85' lang='lat' dir='ltr'>Dei</span> <span class='ocrx_word' id='word_1_272' title='bbox 959 3085 1284 3155; x_wconf 90' lang='lat' dir='ltr'>laudibus</span> <span class='ocrx_word' id='word_1_273' title='bbox 1334 3099 1546 3166; x_wconf 89' lang='lat' dir='ltr'>muta,</span> <span class='ocrx_word' id='word_1_274' title='bbox 1591 3086 1674 3155; x_wconf 87' lang='lat' dir='ltr'>ad</span> <span class='ocrx_word' id='word_1_275' title='bbox 1718 3085 2188 3154; x_wconf 84' lang='lat' dir='ltr'>confitendum</span> <span class='ocrx_word' id='word_1_276' title='bbox 2232 3107 2388 3154; x_wconf 91' lang='lat' dir='ltr'>eum</span> <span class='ocrx_word' id='word_1_277' title='bbox 2429 3082 2785 3153; x_wconf 74' lang='lat' dir='ltr'>reseravit?</span> 
     </span>
     <span class='ocr_line' id='line_1_33' title="bbox 241 3173 2786 3329; baseline -0 -89"><span class='ocrx_word' id='word_1_278' title='bbox 241 3174 530 3254; x_wconf 84' lang='lat' dir='ltr'>Quantis</span> <span class='ocrx_word' id='word_1_279' title='bbox 594 3173 740 3262; x_wconf 89' lang='lat' dir='ltr'>ipse</span> <span class='ocrx_word' id='word_1_280' title='bbox 807 3173 875 3240; x_wconf 91' lang='lat' dir='ltr'>in</span> <span class='ocrx_word' id='word_1_281' title='bbox 940 3173 1119 3242; x_wconf 91' lang='lat' dir='ltr'>hono</span> <span class='ocrx_word' id='word_1_282' title='bbox 1185 3195 1390 3329; x_wconf 80' lang='lat' dir='ltr'>opere</span> <span class='ocrx_word' id='word_1_283' title='bbox 1438 3174 1870 3263; x_wconf 90' lang='lat' dir='ltr'>torpentibus</span> <span class='ocrx_word' id='word_1_284' title='bbox 1931 3186 1996 3242; x_wconf 91' lang='lat' dir='ltr'>et</span> <span class='ocrx_word' id='word_1_285' title='bbox 2061 3173 2320 3253; x_wconf 90' lang='lat' dir='ltr'>aridis,</span> <span class='ocrx_word' id='word_1_286' title='bbox 2397 3173 2496 3241; x_wconf 90' lang='lat' dir='ltr'>vel</span> <span class='ocrx_word' id='word_1_287' title='bbox 2557 3193 2786 3240; x_wconf 89' lang='lat' dir='ltr'>errore</span> 
     </span>
     <span class='ocr_line' id='line_1_34' title="bbox 243 3259 2783 3351; baseline 0 -24"><span class='ocrx_word' id='word_1_288' title='bbox 243 3261 476 3345; x_wconf 88' lang='lat' dir='ltr'>aliquo</span> <span class='ocrx_word' id='word_1_289' title='bbox 524 3260 1104 3341; x_wconf 84' lang='lat' dir='ltr'>claudicantibuS,</span> <span class='ocrx_word' id='word_1_290' title='bbox 1154 3285 1228 3329; x_wconf 86' lang='lat' dir='ltr'>ve</span> <span class='ocrx_word' id='word_1_291' title='bbox 1306 3284 1640 3330; x_wconf 89' lang='lat' dir='ltr'>manuum</span> <span class='ocrx_word' id='word_1_292' title='bbox 1692 3261 2022 3342; x_wconf 87' lang='lat' dir='ltr'>officium,</span> <span class='ocrx_word' id='word_1_293' title='bbox 2057 3261 2157 3330; x_wconf 87' lang='lat' dir='ltr'>vel</span> <span class='ocrx_word' id='word_1_294' title='bbox 2196 3261 2449 3351; x_wconf 90' lang='lat' dir='ltr'>pedum</span> <span class='ocrx_word' id='word_1_295' title='bbox 2487 3259 2783 3329; x_wconf 87' lang='lat' dir='ltr'>restituit</span> 
     </span>
     <span class='ocr_line' id='line_1_35' title="bbox 242 3349 2779 3439; baseline 0 -23"><span class='ocrx_word' id='word_1_296' title='bbox 242 3351 501 3416; x_wconf 71' lang='lat' dir='ltr'>usum?</span> <span class='ocrx_word' id='word_1_297' title='bbox 557 3353 859 3430; x_wconf 90' lang='lat' dir='ltr'>Quantos</span> <span class='ocrx_word' id='word_1_298' title='bbox 919 3350 1282 3439; x_wconf 87' lang='lat' dir='ltr'>superbiae</span> <span class='ocrx_word' id='word_1_299' title='bbox 1319 3350 1626 3439; x_wconf 81' lang='lat' dir='ltr'>hydrope</span> <span class='ocrx_word' id='word_1_300' title='bbox 1677 3350 1973 3430; x_wconf 79' lang='lat' dir='ltr'>inflatOS‚</span> <span class='ocrx_word' id='word_1_301' title='bbox 2029 3349 2492 3419; x_wconf 88' lang='lat' dir='ltr'>mundialium</span> <span class='ocrx_word' id='word_1_302' title='bbox 2548 3369 2779 3418; x_wconf 88' lang='lat' dir='ltr'>rerum</span> 
     </span>
     <span class='ocr_line' id='line_1_36' title="bbox 240 3436 2777 3525; baseline 0 -21"><span class='ocrx_word' id='word_1_303' title='bbox 240 3436 617 3505; x_wconf 89' lang='lat' dir='ltr'>ambitione</span> <span class='ocrx_word' id='word_1_304' title='bbox 665 3436 1010 3525; x_wconf 76' lang='lat' dir='ltr'>gibbos03,</span> <span class='ocrx_word' id='word_1_305' title='bbox 1076 3438 1399 3506; x_wconf 84' lang='lat' dir='ltr'>avaritiae</span> <span class='ocrx_word' id='word_1_306' title='bbox 1448 3438 1809 3507; x_wconf 88' lang='lat' dir='ltr'>tenacitate</span> <span class='ocrx_word' id='word_1_307' title='bbox 1857 3460 2200 3518; x_wconf 88' lang='lat' dir='ltr'>recurvos,</span> <span class='ocrx_word' id='word_1_308' title='bbox 2277 3437 2573 3505; x_wconf 91' lang='lat' dir='ltr'>invidiae</span> <span class='ocrx_word' id='word_1_309' title='bbox 2625 3437 2777 3505; x_wconf 90' lang='lat' dir='ltr'>tabe</span> 
     </span>
     <span class='ocr_line' id='line_1_37' title="bbox 242 3523 2786 3615; baseline 0 -23"><span class='ocrx_word' id='word_1_310' title='bbox 242 3525 352 3593; x_wconf 91' lang='lat' dir='ltr'>lan</span> <span class='ocrx_word' id='word_1_311' title='bbox 409 3523 634 3604; x_wconf 90' lang='lat' dir='ltr'>uidos,</span> <span class='ocrx_word' id='word_1_312' title='bbox 692 3524 960 3593; x_wconf 69' lang='lat' dir='ltr'>tristitia</span> <span class='ocrx_word' id='word_1_313' title='bbox 1020 3525 1233 3594; x_wconf 91' lang='lat' dir='ltr'>seculi</span> <span class='ocrx_word' id='word_1_314' title='bbox 1304 3537 1636 3615; x_wconf 82' lang='lat' dir='ltr'>aegrotOS‚</span> <span class='ocrx_word' id='word_1_315' title='bbox 1692 3526 1834 3594; x_wconf 88' lang='lat' dir='ltr'>irae</span> <span class='ocrx_word' id='word_1_316' title='bbox 1882 3524 2110 3594; x_wconf 87' lang='lat' dir='ltr'>furore</span> <span class='ocrx_word' id='word_1_317' title='bbox 2171 3526 2477 3604; x_wconf 75' lang='lat' dir='ltr'>insanoS,</span> <span class='ocrx_word' id='word_1_318' title='bbox 2532 3525 2786 3594; x_wconf 90' lang='lat' dir='ltr'>ventris</span> 
     </span>
     <span class='ocr_line' id='line_1_38' title="bbox 239 3612 2781 3701; baseline 0.001 -20"><span class='ocrx_word' id='word_1_319' title='bbox 239 3614 334 3681; x_wconf 81' lang='lat' dir='ltr'>in·</span> <span class='ocrx_word' id='word_1_320' title='bbox 391 3614 544 3681; x_wconf 90' lang='lat' dir='ltr'>uvie</span> <span class='ocrx_word' id='word_1_321' title='bbox 579 3612 912 3701; x_wconf 83' lang='lat' dir='ltr'>turgidos,</span> <span class='ocrx_word' id='word_1_322' title='bbox 970 3612 1282 3682; x_wconf 88' lang='lat' dir='ltr'>libidinis</span> <span class='ocrx_word' id='word_1_323' title='bbox 1309 3614 1731 3683; x_wconf 85' lang='lat' dir='ltr'>aestuatione</span> <span class='ocrx_word' id='word_1_324' title='bbox 1767 3613 2251 3691; x_wconf 78' lang='lat' dir='ltr'>febricitanteS,</span> <span class='ocrx_word' id='word_1_325' title='bbox 2299 3612 2628 3681; x_wconf 90' lang='lat' dir='ltr'>virtutum</span> <span class='ocrx_word' id='word_1_326' title='bbox 2659 3635 2781 3683; x_wconf 90' lang='lat' dir='ltr'>an-</span> 
     </span>
     <span class='ocr_line' id='line_1_39' title="bbox 244 3701 2785 3791; baseline 0.001 -22"><span class='ocrx_word' id='word_1_327' title='bbox 244 3702 288 3769; x_wconf 90' lang='lat' dir='ltr'>ti</span> <span class='ocrx_word' id='word_1_328' title='bbox 344 3713 453 3770; x_wconf 93' lang='lat' dir='ltr'>oto</span> <span class='ocrx_word' id='word_1_329' title='bbox 503 3701 819 3770; x_wconf 76' lang='lat' dir='ltr'>sanavit?</span> <span class='ocrx_word' id='word_1_330' title='bbox 866 3707 1170 3783; x_wconf 88' lang='lat' dir='ltr'>Quantos</span> <span class='ocrx_word' id='word_1_331' title='bbox 1223 3714 1563 3791; x_wconf 88' lang='lat' dir='ltr'>postremo</span> <span class='ocrx_word' id='word_1_332' title='bbox 1598 3712 2028 3790; x_wconf 88' lang='lat' dir='ltr'>peccatorum</span> <span class='ocrx_word' id='word_1_333' title='bbox 2049 3703 2197 3790; x_wconf 88' lang='lat' dir='ltr'>jam</span> <span class='ocrx_word' id='word_1_334' title='bbox 2233 3702 2636 3771; x_wconf 88' lang='lat' dir='ltr'>enormitate</span> <span class='ocrx_word' id='word_1_335' title='bbox 2666 3702 2785 3771; x_wconf 89' lang='lat' dir='ltr'>de-</span> 
     </span>
     <span class='ocr_line' id='line_1_40' title="bbox 241 3789 2786 3879; baseline 0 -22"><span class='ocrx_word' id='word_1_336' title='bbox 241 3789 514 3860; x_wconf 86' lang='lat' dir='ltr'>functos</span> <span class='ocrx_word' id='word_1_337' title='bbox 578 3789 1090 3876; x_wconf 87' lang='lat' dir='ltr'>quodammodo</span> <span class='ocrx_word' id='word_1_338' title='bbox 1155 3802 1221 3858; x_wconf 91' lang='lat' dir='ltr'>et</span> <span class='ocrx_word' id='word_1_339' title='bbox 1293 3789 1649 3878; x_wconf 87' lang='lat' dir='ltr'>sepultos,</span> <span class='ocrx_word' id='word_1_340' title='bbox 1706 3789 1791 3857; x_wconf 92' lang='lat' dir='ltr'>de</span> <span class='ocrx_word' id='word_1_341' title='bbox 1850 3789 1999 3879; x_wconf 63' lang='lat' dir='ltr'>ipsa</span> <span class='ocrx_word' id='word_1_342' title='bbox 2065 3801 2280 3858; x_wconf 91' lang='lat' dir='ltr'>morte</span> <span class='ocrx_word' id='word_1_343' title='bbox 2340 3801 2405 3858; x_wconf 91' lang='lat' dir='ltr'>et</span> <span class='ocrx_word' id='word_1_344' title='bbox 2468 3812 2538 3861; x_wconf 87' lang='lat' dir='ltr'>se</span> <span class='ocrx_word' id='word_1_345' title='bbox 2590 3790 2786 3858; x_wconf 92' lang='lat' dir='ltr'>ulcro</span> 
     </span>
     <span class='ocr_line' id='line_1_41' title="bbox 241 3877 2784 3964; baseline 0.001 -18"><span class='ocrx_word' id='word_1_346' title='bbox 241 3878 723 3948; x_wconf 72' lang='lat' dir='ltr'>resuscitavit?</span> <span class='ocrx_word' id='word_1_347' title='bbox 767 3877 1058 3946; x_wconf 87' lang='lat' dir='ltr'>Proinde</span> <span class='ocrx_word' id='word_1_348' title='bbox 1109 3878 1266 3947; x_wconf 90' lang='lat' dir='ltr'>licet</span> <span class='ocrx_word' id='word_1_349' title='bbox 1301 3877 1429 3946; x_wconf 88' lang='lat' dir='ltr'>ista</span> <span class='ocrx_word' id='word_1_350' title='bbox 1477 3877 1532 3946; x_wconf 91' lang='lat' dir='ltr'>si</span> <span class='ocrx_word' id='word_1_351' title='bbox 1590 3899 1677 3945; x_wconf 91' lang='lat' dir='ltr'>na</span> <span class='ocrx_word' id='word_1_352' title='bbox 1725 3898 1903 3964; x_wconf 87' lang='lat' dir='ltr'>quae</span> <span class='ocrx_word' id='word_1_353' title='bbox 1952 3878 2021 3945; x_wconf 89' lang='lat' dir='ltr'>in</span> <span class='ocrx_word' id='word_1_354' title='bbox 2076 3877 2406 3947; x_wconf 88' lang='lat' dir='ltr'>mentium</span> <span class='ocrx_word' id='word_1_355' title='bbox 2469 3901 2541 3947; x_wconf 91' lang='lat' dir='ltr'>sa</span> <span class='ocrx_word' id='word_1_356' title='bbox 2576 3892 2686 3948; x_wconf 92' lang='lat' dir='ltr'>ute</span> <span class='ocrx_word' id='word_1_357' title='bbox 2718 3892 2784 3948; x_wconf 93' lang='lat' dir='ltr'>et</span> 
     </span>
     <span class='ocr_line' id='line_1_42' title="bbox 238 3965 2782 4056; baseline 0 -22"><span class='ocrx_word' id='word_1_358' title='bbox 238 3965 629 4035; x_wconf 90' lang='lat' dir='ltr'>animarum</span> <span class='ocrx_word' id='word_1_359' title='bbox 655 3967 867 4046; x_wconf 88' lang='lat' dir='ltr'>curis,</span> <span class='ocrx_word' id='word_1_360' title='bbox 901 3965 1431 4055; x_wconf 87' lang='lat' dir='ltr'>praedicationis</span> <span class='ocrx_word' id='word_1_361' title='bbox 1458 3988 1497 4033; x_wconf 95' lang='lat' dir='ltr'>o</span> <span class='ocrx_word' id='word_1_362' title='bbox 1551 3967 1683 4035; x_wconf 84' lang='lat' dir='ltr'>icio</span> <span class='ocrx_word' id='word_1_363' title='bbox 1719 3965 2118 4056; x_wconf 87' lang='lat' dir='ltr'>spiritaliter</span> <span class='ocrx_word' id='word_1_364' title='bbox 2146 3978 2544 4056; x_wconf 87' lang='lat' dir='ltr'>operantur,</span> <span class='ocrx_word' id='word_1_365' title='bbox 2579 3966 2782 4056; x_wconf 84' lang='lat' dir='ltr'>longe</span> 
     </span>
     <span class='ocr_line' id='line_1_43' title="bbox 237 4053 2783 4145; baseline 0.001 -24"><span class='ocrx_word' id='word_1_366' title='bbox 237 4054 346 4125; x_wconf 88' lang='lat' dir='ltr'>his</span> <span class='ocrx_word' id='word_1_367' title='bbox 394 4076 568 4141; x_wconf 89' lang='lat' dir='ltr'>quae</span> <span class='ocrx_word' id='word_1_368' title='bbox 604 4054 674 4122; x_wconf 90' lang='lat' dir='ltr'>in</span> <span class='ocrx_word' id='word_1_369' title='bbox 703 4054 1111 4143; x_wconf 90' lang='lat' dir='ltr'>corporibus</span> <span class='ocrx_word' id='word_1_370' title='bbox 1163 4053 1519 4123; x_wconf 91' lang='lat' dir='ltr'>medendis</span> <span class='ocrx_word' id='word_1_371' title='bbox 1551 4054 1750 4133; x_wconf 77' lang='lat' dir='ltr'>fiunt,</span> <span class='ocrx_word' id='word_1_372' title='bbox 1794 4055 2307 4145; x_wconf 84' lang='lat' dir='ltr'>praeferantur:</span> <span class='ocrx_word' id='word_1_373' title='bbox 2409 4056 2524 4125; x_wconf 90' lang='lat' dir='ltr'>uia</span> <span class='ocrx_word' id='word_1_374' title='bbox 2559 4069 2783 4124; x_wconf 89' lang='lat' dir='ltr'>tamen</span> 
     </span>
     <span class='ocr_line' id='line_1_44' title="bbox 237 4142 2785 4233; baseline 0.001 -23"><span class='ocrx_word' id='word_1_375' title='bbox 237 4165 315 4210; x_wconf 88' lang='lat' dir='ltr'>ea</span> <span class='ocrx_word' id='word_1_376' title='bbox 382 4164 557 4228; x_wconf 85' lang='lat' dir='ltr'>quae</span> <span class='ocrx_word' id='word_1_377' title='bbox 618 4142 1063 4231; x_wconf 89' lang='lat' dir='ltr'>corporaliter</span> <span class='ocrx_word' id='word_1_378' title='bbox 1120 4155 1462 4233; x_wconf 81' lang='lat' dir='ltr'>aguntur,</span> <span class='ocrx_word' id='word_1_379' title='bbox 1532 4155 1827 4211; x_wconf 89' lang='lat' dir='ltr'>mentem</span> <span class='ocrx_word' id='word_1_380' title='bbox 1902 4142 2308 4231; x_wconf 89' lang='lat' dir='ltr'>plerumque</span> <span class='ocrx_word' id='word_1_381' title='bbox 2395 4142 2785 4213; x_wconf 87' lang='lat' dir='ltr'>amiliarius</span> 
     </span>
     <span class='ocr_line' id='line_1_45' title="bbox 237 4229 2785 4322; baseline 0.002 -25"><span class='ocrx_word' id='word_1_382' title='bbox 237 4241 350 4298; x_wconf 89' lang='lat' dir='ltr'>tan</span> <span class='ocrx_word' id='word_1_383' title='bbox 406 4241 555 4312; x_wconf 88' lang='lat' dir='ltr'>unt,</span> <span class='ocrx_word' id='word_1_384' title='bbox 582 4242 646 4300; x_wconf 88' lang='lat' dir='ltr'>et</span> <span class='ocrx_word' id='word_1_385' title='bbox 675 4230 1036 4300; x_wconf 90' lang='lat' dir='ltr'>visibiliter</span> <span class='ocrx_word' id='word_1_386' title='bbox 1062 4231 1361 4312; x_wconf 89' lang='lat' dir='ltr'>admota,</span> <span class='ocrx_word' id='word_1_387' title='bbox 1400 4232 1602 4318; x_wconf 89' lang='lat' dir='ltr'>quasi</span> <span class='ocrx_word' id='word_1_388' title='bbox 1632 4229 1934 4318; x_wconf 89' lang='lat' dir='ltr'>quadam</span> <span class='ocrx_word' id='word_1_389' title='bbox 1974 4252 2189 4302; x_wconf 91' lang='lat' dir='ltr'>manu</span> <span class='ocrx_word' id='word_1_390' title='bbox 2217 4232 2520 4322; x_wconf 88' lang='lat' dir='ltr'>pulsant,</span> <span class='ocrx_word' id='word_1_391' title='bbox 2563 4254 2785 4322; x_wconf 88' lang='lat' dir='ltr'>pauca</span> 
     </span>
     <span class='ocr_line' id='line_1_46' title="bbox 236 4318 1943 4410; baseline 0 -24"><span class='ocrx_word' id='word_1_392' title='bbox 236 4318 320 4386; x_wconf 92' lang='lat' dir='ltr'>de</span> <span class='ocrx_word' id='word_1_393' title='bbox 419 4319 477 4387; x_wconf 90' lang='lat' dir='ltr'>is</span> <span class='ocrx_word' id='word_1_394' title='bbox 524 4340 798 4405; x_wconf 90' lang='lat' dir='ltr'>quoque</span> <span class='ocrx_word' id='word_1_395' title='bbox 837 4332 842 4335; x_wconf 81' lang='grc'><strong><em>’</em></strong></span> <span class='ocrx_word' id='word_1_396' title='bbox 881 4319 1358 4410; x_wconf 85' lang='lat' dir='ltr'>erstringenda</span> <span class='ocrx_word' id='word_1_397' title='bbox 1391 4341 1541 4390; x_wconf 88' lang='lat' dir='ltr'>esse</span> <span class='ocrx_word' id='word_1_398' title='bbox 1589 4331 1943 4409; x_wconf 89' lang='lat' dir='ltr'>putamus.</span> 
     </span>
    </p>

    <p class='ocr_par' dir='ltr' id='par_1_4' title="bbox 326 4407 2785 4499">
     <span class='ocr_line' id='line_1_47' title="bbox 326 4407 2785 4499; baseline 0 -22"><span class='ocrx_word' id='word_1_399' title='bbox 326 4407 363 4492; x_wconf 65' lang='grc' dir='ltr'>ξ</span> <span class='ocrx_word' id='word_1_400' title='bbox 431 4411 575 4478; x_wconf 67' lang='lat'>921.</span> <span class='ocrx_word' id='word_1_401' title='bbox 651 4413 798 4490; x_wconf 85' lang='lat' dir='ltr'>Quo</span> <span class='ocrx_word' id='word_1_402' title='bbox 851 4430 963 4478; x_wconf 89' lang='lat' dir='ltr'>am</span> <span class='ocrx_word' id='word_1_403' title='bbox 1044 4420 1344 4499; x_wconf 88' lang='lat' dir='ltr'>tempore</span> <span class='ocrx_word' id='word_1_404' title='bbox 1414 4430 1574 4479; x_wconf 89' lang='lat' dir='ltr'>cum</span> <span class='ocrx_word' id='word_1_405' title='bbox 1639 4407 2170 4499; x_wconf 86' lang='lat' dir='ltr'>Evangelizandi</span> <span class='ocrx_word' id='word_1_406' title='bbox 2231 4408 2449 4499; x_wconf 70' lang='lat' dir='ltr'>gratia</span> <span class='ocrx_word' id='word_1_407' title='bbox 2511 4408 2615 4477; x_wconf 89' lang='lat' dir='ltr'>vir</span> <span class='ocrx_word' id='word_1_408' title='bbox 2671 4408 2785 4478; x_wconf 91' lang='lat' dir='ltr'>Dei</span> 
     </span>
    </p>
   </div>
  </div>
 </body>
</html>
