3327 4999
158 288 423 369 MART.
481 302 564 367 42
1074 319 1155 365 nc
1201 320 1257 366 s.
1312 320 1626 368 Gnsscomo
1676 320 1838 366 ΡΑΡΑ
2519 301 2650 366 245

153 423 362 472 more
409 398 732 470 subfulva
779 408 846 467 et
892 397 1190 475 modica.
1262 404 1363 467 Ita
1411 400 1769 482 calvaster,
1820 409 1899 467 ut
1947 398 2018 467 in
2071 397 2299 467 media
2347 398 2570 468 fronte
2664 419 2738 468 e-

154 490 417 560 mellos
464 488 828 558 cincinnos
877 486 1279 557 rarusculos
1325 488 1594 570 habeat,
1648 501 1714 557 et
1761 488 2195 557 dextrorsum
2247 488 2558 557 reflexos.
2661 509 2740 556 o·-

149 599 341 648 rona
390 577 686 646 rotunda
731 588 796 644 et
844 596 877 644 s
930 575 1169 644 atiosa.
1251 577 1513 667 Capillo
1560 576 1899 665 subnigro
1947 587 2013 645 et
2058 576 2382 646 decenter
2428 575 2680 645 intorto
2714 630 2732 656 ‚

154 667 300 737 sub
348 664 707 735 auriculae
757 597 1063 733 medium
1101 665 1593 764 propendente,
1631 665 1852 733 fronte
1885 664 2221 754 speciosa,
2260 663 2459 733 elatis
2488 676 2553 733 et
2584 664 2739 732 lon-

157 756 299 846 gis,
356 754 475 824 sed
525 753 843 832 exilibus,
898 752 1313 843 superciliis.
1373 753 1606 823 Oculis
1642 752 1948 843 pupillas
1983 751 2224 833 furvis,
2270 772 2407 819 non
2451 751 2738 837 quidem

158 843 470 933 magnis,
524 841 642 910 sed
694 840 972 930 patuliS,
1029 841 1566 911 subocularibus
1613 841 1864 931 pleniS,
1904 861 2070 909 naso
2102 864 2142 909 a
2174 840 2406 909 radice
2445 861 2739 928 vergen-

158 931 339 1001 tium
372 929 905 1020 superciliorum
944 928 1292 998 subtiliter
1318 929 1600 1008 direct0‚
1637 930 1823 999 circa
1850 929 2159 997 medium
2186 928 2451 1008 latiore,
2485 926 2740 999 deinde

161 1019 377 1111 paulo
429 1040 714 1088 recurvo
746 1071 761 1098 ,
813 1029 879 1085 et
928 1017 997 1084 in
1046 1029 1348 1086 extremo
1397 1017 1656 1107 patulis
1706 1017 1996 1087 naribus
2047 1017 2562 1107 praeminente:
2617 1037 2739 1085 ore

160 1109 417 1185 rubro,
474 1107 728 1175 crassis
775 1116 840 1174 et
886 1105 1329 1174 subdividuis
1378 1105 1626 1185 labiis,
1682 1107 1881 1195 genis
1926 1105 2355 1195 compositiS,
2412 1117 2645 1173 mento
2694 1126 2736 1174 a

161 1196 468 1265 confinio
519 1193 960 1263 maxillarum
996 1193 1381 1263 decibiliter
1417 1194 1871 1285 prominente.
1919 1192 2154 1262 Colore
2197 1193 2511 1280 aquilino
2544 1205 2610 1262 et
2637 1192 2739 1261 vi·

161 1285 344 1365 vido,
398 1283 735 1361 nondum,
774 1283 953 1351 sicut
981 1282 1042 1350 ei
1080 1296 1313 1373 postea
1343 1283 1654 1373 contigit,
1695 1282 2041 1351 cardiaco.
2083 1281 2290 1351 Vultu
2326 1282 2537 1362 mitis,
2585 1303 2737 1349 ma-

165 1373 375 1441 nibus
426 1371 784 1461 pulchris,
842 1371 1168 1441 teretibus
1221 1372 1504 1461 digitis,
1566 1384 1633 1440 et
1692 1369 2050 1439 habilibus
2107 1370 2194 1438 ad
2250 1369 2728 1439 scribendum.

160 1466 518 1530 Praeterea
566 1459 841 1548 planeta
889 1481 1102 1548 super
1147 1459 1590 1529 dalmaticam
1643 1472 1990 1535 castanea,
2046 1458 2496 1548 Evangelium
2531 1458 2600 1526 in
2638 1458 2736 1527 si-

161 1551 405 1629 nistra,
463 1548 713 1617 modus
760 1547 989 1618 crucis
1037 1548 1105 1615 in
1156 1548 1455 1619 dextera.
1511 1548 1724 1638 pallio
1775 1547 2130 1623 mediocri,
2186 1569 2226 1615 a
2274 1547 2511 1615 dextro
2542 1546 2734 1614 vide·-

157 1636 321 1707 licet
370 1638 663 1705 humero
711 1636 844 1705 sub
896 1647 1163 1726 pectore
1212 1658 1423 1726 super
1472 1636 1912 1706 stomachum
1960 1634 2350 1705 circulatim
2402 1635 2727 1718 deduct0,

158 1725 417 1795 deinde
475 1746 757 1793 sursum
824 1745 944 1812 per
1005 1724 1366 1794 sinistrum
1420 1726 1795 1794 humerum
1848 1737 2001 1814 post
2052 1736 2321 1814 tergum
2372 1723 2729 1812 deposito:

156 1815 367 1915 cujus
415 1835 577 1903 pars
624 1812 837 1881 altera
886 1834 1098 1902 super
1143 1814 1464 1883 eumdem
1519 1814 1892 1882 humerum
1941 1814 2249 1894 venienS,
2307 1812 2587 1902 propria
2625 1832 2734 1880 re-

156 1902 501 1972 ctitudine
550 1923 684 1969 non
738 1922 861 1990 per
909 1901 1213 1969 medium
1264 1923 1383 1969 cor
1404 1902 1596 1973 Joris.
1654 1902 1774 1971 sed
1824 1922 1905 1970 ex
1954 1900 2165 1970 latere
2213 1900 2509 1991 pendet:
2545 1900 2733 1969 circa

154 1991 486 2060 verticem
541 2011 697 2059 vero
745 1989 1019 2058 tabulae
1068 1989 1360 2058 similitu
1418 1989 1635 2070 inem,
1690 1990 1874 2073 quod
1927 1989 2219 2059 viventis
2266 1989 2545 2079 insigne
2599 1999 2725 2068 est,

157 2078 584 2171 praeferens,
622 2099 758 2146 non
794 2099 1146 2147 coronam.
1187 2083 1279 2145 Ex
1318 2096 1457 2164 quo
1500 2077 2063 2146 manifestissime
2102 2076 2519 2159 declaratur,
2567 2076 2736 2161 quia

156 2168 558 2258 Gregorius,
612 2166 777 2234 dum
831 2165 1061 2234 adhuc
1099 2166 1370 2250 viveret,
1417 2186 1614 2234 suam
1651 2165 2187 2234 similitudinem
2223 2165 2509 2253 depingi
2546 2164 2737 2233 salu-

154 2257 380 2327 briter
429 2256 677 2335 voluit,
734 2254 803 2322 in
853 2276 992 2341 quo
1044 2267 1269 2345 posset
1317 2277 1356 2323 a
1414 2254 1561 2323 suis
1614 2254 1979 2322 monachis
2029 2275 2165 2322 non
2223 2275 2346 2343 pro
2411 2252 2734 2322 elationis

153 2344 407 2435 gloria.
464 2344 580 2416 sed
634 2365 755 2432 pro
803 2342 1117 2432 cognitae
1164 2342 1616 2412 districtionis
1663 2341 1934 2412 cautela
1983 2340 2414 2428 frequentius
2450 2341 2730 2422 intueri,

155 2433 288 2505 ubi
342 2431 747 2523 hujusmodi
797 2431 1142 2515 distichon
1196 2432 1343 2522 ipse
1390 2430 1717 2501 dictavit:

645 2575 880 2637 Christe
924 2583 1138 2654 potens
1179 2577 1462 2651 Domine,
1508 2578 1697 2638 nostri
1741 2577 2002 2652 largitor
2045 2575 2324 2650 honoriS,

644 2655 954 2717 indultum
993 2657 1263 2719 officium
1304 2657 1477 2720 solita
1520 2657 1745 2735 pietate
1788 2657 2091 2734 guberna.

248 2789 285 2873 ξ
347 2792 501 2858 22.
555 2787 662 2856 Ibi
708 2787 915 2855 etiam
984 2798 1287 2877 tempore
1342 2787 1491 2874 jam
1557 2788 1735 2857 Petri
1807 2786 2283 2857 archidiaconi
2331 2798 2400 2856 et
2441 2784 2737 2855 Joannis

145 2875 538 2955 oeconomi,
578 2876 997 2945 Saturninus
1049 2875 1433 2944 monachus
1466 2874 1705 2945 dextra
1759 2877 2090 2962 laevaque
2147 2875 2329 2944 beati
2388 2873 2727 2964 Gregorii,

148 2963 420 3063 efligies
462 2977 858 3032 sanctorum
895 2963 1399 3052 Apostolorum,
1454 2965 2052 3050 quemadmodum
2107 2965 2314 3034 modo
2380 2963 2728 3042 videntur,

146 3051 489 3142 depinxit.
529 3056 676 3133 Quo
727 3051 987 3121 scilicet
1036 3051 1184 3120 loco
1236 3073 1773 3140 nonnumquam
1829 3054 2166 3123 divinitus
2230 3052 2520 3122 candela
2578 3072 2737 3119 suc-

147 3139 495 3218 cenditur,
549 3152 614 3208 et
665 3140 731 3208 in
800 3140 1114 3229 ejusdem
1183 3139 1669 3210 similitudinis
1736 3140 1972 3232 effigie
2041 3162 2168 3230 pro
2234 3140 2575 3230 regimine
2622 3137 2735 3210 sui

150 3227 559 3297 monasterii
628 3250 830 3316 saepe
877 3228 1120 3297 beatus
1170 3229 1539 3318 Gregorius
1590 3241 2109 3320 praesentatur.
2164 3234 2333 3298 Nam
2383 3241 2461 3298 ut
2511 3248 2734 3317 pauca

151 3316 238 3384 de
290 3315 530 3385 multis
578 3316 1000 3406 contingam,
1057 3317 1300 3385 Leonis
1347 3318 1570 3403 quarti
1627 3318 1977 3407 pontilicis
2027 3330 2359 3405 tempore,
2398 3338 2558 3385 cum
2595 3321 2730 3384 Me·-

157 3407 386 3495 gistus
446 3405 778 3474 Ostiensis
835 3404 1206 3495 episcopus
1261 3418 1328 3474 et
1393 3406 1819 3494 Apostolicae
1882 3406 2066 3476 sedis
2130 3404 2727 3481 bibliothecarum,

144 3493 375 3561 eidem
427 3493 841 3564 monasterio
877 3505 1239 3583 praeesset,
1274 3499 1578 3563 ,loannes
1632 3496 1997 3585 presbyter
2031 3494 2343 3584 ejusdem
2380 3494 2736 3583 praeposi-

148 3593 285 3661 ωε,
341 3603 504 3649 cum
553 3582 854 3668 quadam
905 3580 1205 3650 foemina
1259 3582 1553 3672 turpiter
1616 3584 1874 3664 vivenS,
1949 3582 2553 3652 vehementissimo
2615 3583 2736 3670 po-

149 3669 409 3760 dagrae
460 3669 695 3739 dolore
742 3683 1102 3760 correptus
1158 3680 1287 3739 est.
1344 3671 1478 3753 Qui
1529 3672 1960 3741 medicorum
2015 3693 2231 3739 manu
2279 3669 2729 3750 cauteriatuS,

152 3780 277 3847 per
321 3759 706 3827 exustionis
743 3758 996 3828 vulnus
1044 3758 1311 3828 calcem
1345 3759 1571 3849 coepit
1618 3759 2012 3828 effundere:
2066 3780 2278 3845 quam
2320 3758 2737 3847 restringere

153 3846 369 3916 nullis
400 3846 669 3916 artibus
771 3846 1146 3928 raevalens‚
1187 3847 1258 3915 in
1296 3859 1551 3917 tantam
1605 3848 2155 3936 desperationem
2193 3846 2571 3936 perductus
2603 3856 2730 3928 est,

150 3947 226 4003 ut
274 3936 364 4004 ab
413 3935 608 4003 omni
659 3935 702 4002 il
741 3935 850 4004 ius
914 3933 1256 4004 foeminae
1297 3935 1688 4006 visitatione
1731 3936 2112 4016 desisteret,
2166 3947 2232 4004 et
2282 3934 2402 4004 illa
2451 3934 2585 4003 sibi
2634 3933 2737 4003 al-

158 4034 379 4093 terum
414 4022 551 4091 sub
600 4023 841 4091 eodem
894 4022 1196 4092 facinore
1244 4024 1624 4114 copularet.
1692 4024 1820 4092 Sed
1874 4035 2025 4113 post
2072 4044 2340 4092 annum
2378 4023 2739 4113 presbyter

160 4111 239 4178 ad
305 4110 689 4202 pristinam
756 4111 1121 4180 sanitatem
1190 4124 1561 4192 revertenS,
1624 4132 2051 4199 quamquam
2114 4115 2546 4202 propositum
2601 4111 2738 4180 sibi

152 4197 414 4279 suisset,
458 4210 547 4268 ut
588 4200 878 4268 alterius
928 4198 1193 4268 nullam
1237 4200 1688 4290 contingeret,
1744 4200 1828 4268 ad
1880 4199 2194 4269 eamdem
2234 4213 2462 4269 tamen
2523 4199 2738 4270 misso

152 4288 434 4368 nunci0,
474 4285 709 4356 futuro
739 4287 850 4356 die
900 4288 1282 4369 DominicO,
1323 4310 1394 4358 se
1421 4288 1646 4356 redire
1700 4287 2049 4376 professus
2088 4301 2214 4357 est.
2252 4295 2400 4371 Quo
2431 4298 2728 4386 recepto,

150 4377 267 4446 ubi
319 4398 452 4446 suo
499 4375 845 4446 desiderio
896 4388 1129 4444 votum
1180 4396 1458 4463 quoque
1524 4375 1985 4448 mulierculae
2032 4378 2404 4447 convenire
2454 4396 2737 4466 gavisus
