3327 4999
685 323 818 389 290
1378 341 1457 389 π
1498 341 1554 388 s.
1607 339 1961 388 mcarnoao
2009 339 2405 388 rArmAaan
2759 323 3002 391 MART.
3060 326 3146 393 ⁴3

596 423 953 497 celerrime
998 447 1078 495 ac
1111 424 1566 497 libentissime
1608 424 1865 515 inclyta
1914 425 2159 494 annuit
2207 424 2635 514 Imperatrix.
2688 426 3146 516 Perspicuum

597 525 699 584 est
762 515 974 595 enim,
1026 513 1288 601 inquit,
1342 513 1471 583 hoc
1518 512 1704 604 apud
1771 534 2011 582 omnes
2071 526 2376 605 posteros
2444 523 2509 583 et
2571 512 2742 583 mihi
2793 527 2858 585 et
2904 515 3147 586 liberis

597 602 773 674 meis
822 602 1068 672 honori
1124 600 1463 672 futurum.

685 694 722 779 ἓ
772 696 903 765 11.
957 697 1145 760 Tunc
1194 712 1387 761 sacer
1430 688 1725 760 civitatis
1771 689 2064 760 Antistes
2132 710 2289 759 cum
2360 688 2832 762 sacerdotibus
2878 702 2943 761 et
2991 714 3147 763 mo-

594 779 863 861 nachis,
916 780 1374 867 universoque
1420 778 1677 870 populo
1710 779 1795 848 ad
1831 777 2051 850 sancti
2089 778 2423 848 Theodori
2463 779 2797 869 templum
2848 779 3141 863 accedit,

594 869 670 938 in
718 890 858 956 quo
905 868 1234 955 reliquiae
1299 868 1645 957 jacebant,
1701 889 1952 955 easque
1998 887 2157 936 cum
2217 867 2652 937 veneratione
2700 879 2765 937 et
2811 868 3147 959 lacrymis

593 956 1106 1046 complentem,
1176 970 1505 1043 tanquam
1581 968 1895 1025 sanctum
1957 955 2186 1046 ipsum
2266 955 2598 1025 viventem
2648 955 2747 1027 sic
2795 957 3146 1030 allocutus

594 1056 698 1117 est
733 1046 790 1114 *ε
834 1072 857 1108 ι
884 1048 934 1115 Ο
982 1045 1083 1114 vir
1122 1045 1536 1124 beatissime,
1587 1045 1709 1132 qui
1755 1044 2014 1114 eisdem
2066 1043 2419 1115 laboribus
2448 1056 2514 1114 et
2550 1047 2926 1125 aerumnis,
2982 1048 3145 1135 qui-

592 1134 728 1205 bus
776 1145 1055 1204 sanctus
1086 1139 1385 1205 Joannes
1433 1134 1980 1222 Chrysostomus,
2033 1132 2316 1203 affectus
2363 1154 2459 1214 eS,
2511 1134 2692 1203 sicut
2738 1135 2978 1204 eodem
3030 1158 3144 1207 re-

594 1221 875 1314 ligionis
922 1221 1150 1293 studio
1196 1234 1261 1292 et
1293 1222 1569 1291 dicendi
1617 1221 1925 1292 libertate
1986 1221 2416 1310 praestabas,
2469 1222 2726 1309 quique
2775 1223 3031 1313 pariter
3075 1236 3143 1296 et

594 1311 755 1382 sede
803 1311 1110 1402 privatus
1155 1321 1221 1380 et
1267 1310 1639 1381 mulctatus
1669 1310 1892 1391 exilio,
1936 1322 2003 1379 et
2034 1309 2212 1379 idem
2245 1309 2522 1402 triginta
2558 1312 2761 1380 trium
2795 1334 3140 1383 annorum

597 1400 898 1491 spatium
949 1400 1236 1469 extorris
1283 1412 1428 1469 tum
1480 1400 1675 1469 vivus
1721 1412 1865 1469 tum
1904 1412 2219 1470 mortuus
2266 1410 2494 1469 transe
2547 1399 2654 1469 isti
2700 1400 2793 1468 *ἢ
2850 1424 3036 1471 nunc
3076 1415 3142 1473 te

593 1490 794 1559 nobis
844 1489 944 1558 tui
991 1487 1488 1560 amantissimis
1535 1489 1838 1569 restitue,
1874 1500 2077 1574 atque
2106 1487 2269 1557 hinc
2298 1487 2486 1557 disce
2537 1510 2682 1570 ens,
2722 1489 2806 1558 ad
2858 1491 3143 1582 propria

591 1578 764 1660 redi,
817 1589 895 1648 ut
943 1589 1004 1647 te
1052 1600 1263 1659 nunc,
1296 1588 1371 1646 ut
1403 1575 1635 1678 ipsum
1685 1574 1875 1656 olim,
1919 1575 2222 1666 populus
2252 1577 2351 1646 tui
2392 1576 2944 1648 studiosissimus
2974 1601 3163 1651 cum·

593 1665 850 1758 gaudio
898 1666 1252 1756 suscipiat.
1305 1664 1450 1734 Tib1
1506 1666 1637 1735 ‘am
1688 1688 1723 1734 a
1775 1670 1906 1735 Deo
1954 1664 2223 1736 alienus
2287 1670 2665 1754 Imperator
2710 1666 2960 1737 viventi
3012 1667 3141 1738 ad-

591 1767 902 1827 versatus
948 1769 1050 1825 est
1095 1767 1161 1825 et
1206 1754 1472 1824 inconsi
1529 1765 1710 1823 erate
1756 1755 1843 1823 ab
1906 1752 2207 1825 Ecclesia
2253 1765 2316 1823 te
2362 1753 2666 1845 depulit:
2719 1755 2832 1824 sed
2886 1756 3139 1847 dignas

591 1844 823 1915 furore
869 1865 996 1913 suo
1062 1865 1318 1935 poenas
1376 1842 1609 1924 dedit,
1675 1841 2204 1928 miserandoque
2248 1841 2435 1913 exitu
2480 1843 2776 1944 Imperio
2815 1844 3023 1914 simul
3075 1856 3143 1916 et

590 1934 728 2004 vita
778 1932 1088 2022 privatus
1135 1945 1257 2012 est,
1319 1930 1786 2018 audaciaeque
1844 1952 2010 2000 suae
2061 1930 2290 2000 debita
2337 1953 2643 2022 praemla
2683 1932 2862 2002 tulit.
2916 1933 3136 2004 Hodie

598 2026 1078 2112 Imperatores,
1136 2025 1266 2090 Deo
1328 2033 1604 2111 propter
1661 2041 1932 2090 morum
1997 2018 2313 2110 pietatem
2380 2020 2808 2103 charissimi,
2862 2035 3138 2094 mortuo

590 2111 964 2180 Ecclesiam
1001 2108 1298 2179 reddunt
1343 2130 1551 2196 quam
1601 2107 1703 2177 uti
1750 2107 1874 2177 filii
1920 2129 2040 2197 per
2077 2108 2518 2199 Evangelium
2567 2110 2807 2189 effecti,
2858 2132 3135 2181 mecum

591 2198 1022 2270 constituunt
1069 2219 1203 2267 non
1254 2198 1617 2267 habentem
1660 2196 2009 2266 maculam
2066 2216 2287 2284 neque
2337 2220 2604 2288 rugam,
2656 2198 2934 2286 qualem
2998 2198 3136 2270 tuis

590 2299 904 2358 ornatam
952 2298 1017 2356 et
1063 2286 1539 2357 confirmatam
1590 2286 1926 2357 institutis
1973 2285 2333 2372 reliquisti.
2386 2287 2626 2376 Aspice
2671 2302 2735 2356 et
2776 2287 2926 2357 vide
2964 2310 3136 2358 con-

594 2388 908 2467 gregatos
956 2375 1136 2446 filios
1195 2374 1317 2462 qui
1362 2397 1442 2444 ex
1500 2374 1885 2464 propinquo
1947 2385 2313 2456 venerunt,
2366 2396 2527 2444 cum
2576 2376 2823 2463 reliqui
2886 2378 3135 2466 procul

589 2476 788 2535 tuum
838 2463 922 2535 ad
975 2486 1046 2534 se
1091 2464 1387 2534 reditum
1436 2474 1832 2553 expectent:
1907 2484 2081 2551 quos
2130 2476 2240 2544 tu,
2312 2462 2497 2533 velut
2544 2465 2889 2555 orphanos
2919 2521 2934 2548 ‚
2991 2466 3137 2537 noli

589 2565 708 2624 tua
756 2566 1136 2623 moerentes
1174 2552 1482 2623 absentia
1543 2551 1952 2639 relinquere.
2026 2553 2285 2622 Habeat
2329 2552 2567 2621 civitas
2614 2568 2731 2623 tua
2778 2553 2924 2625 loco
2975 2577 3139 2626 mu-

590 2643 777 2713 neris
810 2641 1290 2734 pretiosissimi
1338 2654 1534 2711 tuum
1585 2640 2061 2712 beatissimum
2125 2642 2639 2712 tabernaculum
2691 2665 2828 2729 quo
2877 2644 3128 2734 magiS,

587 2753 798 2820 quam
849 2737 948 2801 Im
1003 2731 1128 2799 erii
1204 2729 1707 2820 amplitudine,
1762 2742 2002 2800 ornata
2047 2729 2377 2821 glorietur
2436 2731 2901 2821 etgaudeat.»
2951 2738 3136 2803 Haec

586 2842 750 2890 voce
798 2819 1013 2888 fleb·i
1061 2818 1464 2908 supplicans
1514 2818 2024 2890 sacratissimus
2084 2819 2478 2888 Patriareha
2534 2820 2954 2902 methodius,
3005 2843 3135 2890 no-

584 2920 910 2979 cturnum
967 2905 1390 3008 psalmorum
1449 2919 1732 2978 cantum
1780 2920 1846 2977 et
1910 2907 2279 2996 mysticum
2341 2906 2761 2978 sacrificium
2809 2932 2969 2979 cum
3007 2930 3128 2998 po-

584 2996 753 3087 pulo
800 2995 985 3065 fideh
1035 2995 1418 3085 perficiens,
1473 2995 1905 3087 praeclarum
1953 3017 1991 3065 e
2037 2995 2306 3066 tumulo
2335 3018 2589 3087 corpus
2637 2999 2894 3080 retexit,
2941 2996 3131 3084 quod

584 3083 1016 3176 undeviginti
1064 3107 1406 3155 annorum
1454 3085 1674 3176 spatio
1719 3084 2064 3175 integrum
2129 3084 2412 3154 omnino
2491 3107 2879 3175 purumque
2928 3108 3132 3156 man-

589 3184 812 3244 serat:
866 3185 929 3243 et
977 3174 1050 3242 in
1097 3196 1256 3243 arca
1315 3174 1401 3242 ab
1469 3174 1486 3242 i
1544 3196 1619 3243 so
1667 3173 2122 3262 compositum
2196 3185 2260 3242 et
2318 3174 2749 3244 sacerdotum
2803 3174 3135 3246 manibus

588 3262 965 3344 sublatum,
1020 3284 1178 3332 cum
1228 3261 1479 3331 lumini
1536 3285 1617 3331 us
1663 3273 1730 3331 et
1775 3260 2113 3348 frequenti
2162 3261 2590 3353 psalmorum
2633 3275 2842 3339 cantu
2888 3264 2959 3333 in
3003 3287 3135 3335 na-

591 3351 725 3419 vim
774 3351 860 3420 ad
896 3351 1023 3420 hoc
1069 3362 1377 3441 paratam
1425 3350 1697 3420 illatum
1745 3361 1868 3419 est.

675 3441 891 3527 §12
946 3439 1072 3510 Sed
1111 3462 1268 3510 oum
1318 3438 1565 3509 fretum
1615 3437 1990 3528 trajecisset
2035 3449 2099 3508 et
2158 3438 2242 3507 ad
2291 3439 2488 3509 urbis
2535 3439 2701 3510 litus
2747 3441 3134 3532 appropin-

587 3527 1058 3617 quasset,⁶·Dei
1106 3532 1273 3599 cura
1322 3526 1605 3597 Michael
1669 3531 2047 3617 Imperator
2085 3525 2359 3614 juvenis
2406 3540 2471 3598 et
2517 3528 2971 3619 amplissimis
3017 3530 3132 3599 di-

586 3617 966 3708 gnitatibus
1018 3627 1436 3708 praestantes
1485 3615 1610 3684 viri
1654 3627 1722 3685 et
1769 3616 2037 3707 patricii
2075 3628 2138 3685 et
2186 3616 2432 3703 reliqui
2466 3618 2647 3688 cives
2677 3617 2857 3699 laeti,
2911 3617 3131 3690 faces-

587 3728 721 3795 que
768 3707 1092 3778 manibus
1140 3715 1469 3786 tenente5‚
1521 3703 1792 3774 obviam
1827 3719 2402 3794 processeruntet
2447 3728 2676 3776 arcam
2727 3705 2918 3776 illam
2970 3729 3130 3797 pre-

584 3797 828 3866 tiosam
902 3817 1062 3865 cum
1114 3794 1248 3864 fide
1311 3816 1390 3863 ac
1453 3794 1885 3864 veneratione
1962 3794 2271 3864 humeris
2335 3794 2483 3866 suis
2561 3795 2979 3875 subeuntes,
3035 3797 3126 3867 ad

582 3905 697 3954 ma
748 3907 908 3954 nam
955 3904 1174 3971 usque
1219 3892 1572 3974 gestarunt
1616 3882 1999 3963 ecclesiam,
2051 3904 2131 3951 ex
2177 3904 2337 3970 qua,
2390 3882 2743 3974 pontificia
2789 3882 3129 3974 dignitate

580 3907 939 4066 spoliatus,
977 3974 1232 4063 ejectus
1265 3971 1507 4042 fuerat.
1561 3974 1773 4059 Atque
1813 3970 1973 4040 inde
2019 3991 2325 4052 rursum,
2378 3971 2681 4043 assiduis
2731 3972 2889 4043 item
2925 3971 3130 4043 diur-

579 4064 691 4134 nis
747 4061 1241 4148 nocturnisque
1308 4059 1732 4152 psalmorum
1781 4060 2101 4130 cantibus
2151 4059 2454 4132 vicissim
2521 4072 2789 4130 utentes
2847 4071 2913 4130 et
2957 4083 3128 4131 cum

580 4153 774 4225 omni
834 4149 1183 4221 luminum
1239 4171 1486 4241 genere
1535 4171 1655 4240 per
1702 4148 2002 4219 mediam
2049 4149 2293 4219 urbem
2345 4148 2573 4240 ipsum
2627 4160 2991 4241 gestanteS,
3046 4150 3124 4221 in

629 4299 655 4325 *
685 4298 751 4337 Ad
782 4297 824 4335 S.
850 4296 1134 4344 Episcopum
1153 4295 1211 4337 ab
1230 4296 1371 4338 exilio
1391 4295 1499 4346 pont
1518 4296 1721 4336 mortem
1736 4295 1789 4335 in
1808 4293 1975 4336 Sedent
1996 4303 2132 4336 suam
2151 4292 2430 4335 restitutum
2449 4293 2768 4344 apostrophos.
2787 4303 2840 4334 ac
2857 4294 3128 4343 perol-cuo:

576 4350 690 4431 ¹⁶2¹?
710 4352 936 4442 ,13ιέἓὲῗὲ
946 4348 1245 4445 ῗὲἑὶοὶοείι
1263 4413 1351 4446 sua
1368 4401 1601 4451 exulum
1618 4411 1724 4447 enm
1740 4402 1927 4445 rexerat
1944 4400 2133 4443 cii-cuer
2153 4402 2216 4442 18.
2245 4399 2510 4443 Trannlntto
2530 4400 2858 4452 neumam-um
2876 4408 3001 4441 mo
3016 4408 3126 4452 pet-

581 4458 684 4498 actn
712 4465 956 4497 ncccxtvx.
