<?xml version="1.0" encoding="UTF-8"?>
<!DOCTYPE html PUBLIC "-//W3C//DTD XHTML 1.0 Transitional//EN"
    "http://www.w3.org/TR/xhtml1/DTD/xhtml1-transitional.dtd">
<html xmlns="http://www.w3.org/1999/xhtml" xml:lang="en" lang="en">
 <head>
  <title>
</title>
<meta http-equiv="Content-Type" content="text/html;charset=utf-8" />
  <meta name='ocr-system' content='tesseract 3.04.00' />
  <meta name='ocr-capabilities' content='ocr_page ocr_carea ocr_par ocr_line ocrx_word'/>
</head>
<body>
  <div class='ocr_page' id='page_1' title='image "./historiaeseuvit04lippgoog_0371.png"; bbox 0 0 3327 4999; ppageno 0'>
   <div class='ocr_carea' id='block_1_1' title="bbox 268 319 2722 394">
    <p class='ocr_par' dir='ltr' id='par_1_1' title="bbox 268 319 2722 394">
     <span class='ocr_line' id='line_1_1' title="bbox 268 319 2722 394; baseline -0.004 0"><span class='ocrx_word' id='word_1_1' title='bbox 268 329 512 394; x_wconf 75' lang='lat' dir='ltr'><strong>MART.</strong></span> <span class='ocrx_word' id='word_1_2' title='bbox 570 329 653 393; x_wconf 73' lang='lat'>,19</span> <span class='ocrx_word' id='word_1_3' title='bbox 1077 343 1156 391; x_wconf 68' lang='lat' dir='ltr'>na</span> <span class='ocrx_word' id='word_1_4' title='bbox 1202 344 1258 391; x_wconf 89' lang='lat' dir='ltr'>s.</span> <span class='ocrx_word' id='word_1_5' title='bbox 1311 341 1553 392; x_wconf 74' lang='lat' dir='ltr'><strong>JOANNE</strong></span> <span class='ocrx_word' id='word_1_6' title='bbox 1599 342 1757 390; x_wconf 78' lang='lat' dir='ltr'>svno</span> <span class='ocrx_word' id='word_1_7' title='bbox 1805 341 1988 390; x_wconf 67' lang='lat' dir='ltr'>conr.</span> <span class='ocrx_word' id='word_1_8' title='bbox 2593 319 2722 385; x_wconf 84' lang='lat'>357</span> 
     </span>
    </p>
   </div>
   <div class='ocr_carea' id='block_1_2' title="bbox 260 422 2813 960">
    <p class='ocr_par' dir='ltr' id='par_1_2' title="bbox 260 422 2813 960">
     <span class='ocr_line' id='line_1_2' title="bbox 265 422 2803 523; baseline -0.004 -22"><span class='ocrx_word' id='word_1_9' title='bbox 265 444 559 523; x_wconf 90' lang='lat' dir='ltr'>portare,</span> <span class='ocrx_word' id='word_1_10' title='bbox 611 428 972 511; x_wconf 81' lang='lat' dir='ltr'>deducere,</span> <span class='ocrx_word' id='word_1_11' title='bbox 1025 427 1371 519; x_wconf 80' lang='lat' dir='ltr'>amplecti,</span> <span class='ocrx_word' id='word_1_12' title='bbox 1407 425 1819 507; x_wconf 87' lang='lat' dir='ltr'>deosculari,</span> <span class='ocrx_word' id='word_1_13' title='bbox 1856 424 2122 495; x_wconf 87' lang='lat' dir='ltr'>nutrire</span> <span class='ocrx_word' id='word_1_14' title='bbox 2156 433 2223 493; x_wconf 94' lang='lat' dir='ltr'>et</span> <span class='ocrx_word' id='word_1_15' title='bbox 2252 422 2626 494; x_wconf 90' lang='lat' dir='ltr'>custodire.</span> <span class='ocrx_word' id='word_1_16' title='bbox 2659 428 2803 493; x_wconf 89' lang='lat' dir='ltr'>Non</span> 
     </span>
     <span class='ocr_line' id='line_1_3' title="bbox 266 510 2807 619; baseline -0.004 -29"><span class='ocrx_word' id='word_1_17' title='bbox 266 532 532 590; x_wconf 85' lang='lat' dir='ltr'>tantum</span> <span class='ocrx_word' id='word_1_18' title='bbox 580 530 807 588; x_wconf 89' lang='lat' dir='ltr'>autem</span> <span class='ocrx_word' id='word_1_19' title='bbox 854 517 1133 619; x_wconf 87' lang='lat' dir='ltr'>Joseph,</span> <span class='ocrx_word' id='word_1_20' title='bbox 1190 516 1306 588; x_wconf 90' lang='lat' dir='ltr'>sed</span> <span class='ocrx_word' id='word_1_21' title='bbox 1355 527 1419 585; x_wconf 93' lang='lat' dir='ltr'>et</span> <span class='ocrx_word' id='word_1_22' title='bbox 1467 515 1678 584; x_wconf 80' lang='lat' dir='ltr'>Maria</span> <span class='ocrx_word' id='word_1_23' title='bbox 1724 512 2162 584; x_wconf 82' lang='lat' dir='ltr'>descendisse</span> <span class='ocrx_word' id='word_1_24' title='bbox 2210 511 2553 581; x_wconf 83' lang='lat' dir='ltr'>credenda</span> <span class='ocrx_word' id='word_1_25' title='bbox 2582 524 2685 581; x_wconf 89' lang='lat' dir='ltr'>est</span> <span class='ocrx_word' id='word_1_26' title='bbox 2719 510 2807 581; x_wconf 90' lang='lat' dir='ltr'>de</span> 
     </span>
     <span class='ocr_line' id='line_1_4' title="bbox 264 598 2804 694; baseline -0.004 -17"><span class='ocrx_word' id='word_1_27' title='bbox 264 608 471 678; x_wconf 91' lang='lat' dir='ltr'>domo</span> <span class='ocrx_word' id='word_1_28' title='bbox 500 605 1084 694; x_wconf 84' lang='lat' dir='ltr'>David.Alioqu1n</span> <span class='ocrx_word' id='word_1_29' title='bbox 1135 627 1270 674; x_wconf 92' lang='lat' dir='ltr'>non</span> <span class='ocrx_word' id='word_1_30' title='bbox 1319 617 1495 674; x_wconf 92' lang='lat' dir='ltr'>esset</span> <span class='ocrx_word' id='word_1_31' title='bbox 1541 604 1953 694; x_wconf 78' lang='lat' dir='ltr'>desponsata</span> <span class='ocrx_word' id='word_1_32' title='bbox 2005 602 2145 671; x_wconf 89' lang='lat' dir='ltr'>viro</span> <span class='ocrx_word' id='word_1_33' title='bbox 2194 601 2279 670; x_wconf 90' lang='lat' dir='ltr'>de</span> <span class='ocrx_word' id='word_1_34' title='bbox 2327 600 2530 671; x_wconf 89' lang='lat' dir='ltr'>domo</span> <span class='ocrx_word' id='word_1_35' title='bbox 2565 598 2804 682; x_wconf 89' lang='lat' dir='ltr'>David,</span> 
     </span>
     <span class='ocr_line' id='line_1_5' title="bbox 263 689 2803 782; baseline -0.004 -16"><span class='ocrx_word' id='word_1_36' title='bbox 263 698 326 766; x_wconf 93' lang='lat' dir='ltr'>si</span> <span class='ocrx_word' id='word_1_37' title='bbox 374 719 512 766; x_wconf 89' lang='lat' dir='ltr'>non</span> <span class='ocrx_word' id='word_1_38' title='bbox 561 708 740 766; x_wconf 91' lang='lat' dir='ltr'>esset</span> <span class='ocrx_word' id='word_1_39' title='bbox 771 706 836 765; x_wconf 93' lang='lat' dir='ltr'>et</span> <span class='ocrx_word' id='word_1_40' title='bbox 874 696 895 763; x_wconf 94' lang='lat' dir='ltr'>i</span> <span class='ocrx_word' id='word_1_41' title='bbox 952 718 1027 766; x_wconf 90' lang='lat' dir='ltr'>sa</span> <span class='ocrx_word' id='word_1_42' title='bbox 1071 695 1156 764; x_wconf 92' lang='lat' dir='ltr'>de</span> <span class='ocrx_word' id='word_1_43' title='bbox 1203 693 1407 764; x_wconf 91' lang='lat' dir='ltr'>domo</span> <span class='ocrx_word' id='word_1_44' title='bbox 1455 693 1690 763; x_wconf 91' lang='lat' dir='ltr'>David.</span> <span class='ocrx_word' id='word_1_45' title='bbox 1730 694 1942 762; x_wconf 77' lang='lat' dir='ltr'>Ambo</span> <span class='ocrx_word' id='word_1_46' title='bbox 1989 692 2204 782; x_wconf 88' lang='lat' dir='ltr'>igitur</span> <span class='ocrx_word' id='word_1_47' title='bbox 2249 702 2444 760; x_wconf 91' lang='lat' dir='ltr'>erant</span> <span class='ocrx_word' id='word_1_48' title='bbox 2475 689 2560 758; x_wconf 87' lang='lat' dir='ltr'>de</span> <span class='ocrx_word' id='word_1_49' title='bbox 2594 689 2803 757; x_wconf 90' lang='lat' dir='ltr'>domo</span> 
     </span>
     <span class='ocr_line' id='line_1_6' title="bbox 263 718 2813 874; baseline -0.004 -18"><span class='ocrx_word' id='word_1_50' title='bbox 263 786 521 856; x_wconf 88' lang='lat' dir='ltr'>David:</span> <span class='ocrx_word' id='word_1_51' title='bbox 574 785 689 855; x_wconf 90' lang='lat' dir='ltr'>sed</span> <span class='ocrx_word' id='word_1_52' title='bbox 743 785 812 853; x_wconf 93' lang='lat' dir='ltr'>in</span> <span class='ocrx_word' id='word_1_53' title='bbox 862 718 1076 855; x_wconf 40' lang='lat' dir='ltr'>altera</span> <span class='ocrx_word' id='word_1_54' title='bbox 1120 782 1458 874; x_wconf 85' lang='lat' dir='ltr'>completa</span> <span class='ocrx_word' id='word_1_55' title='bbox 1503 794 1606 852; x_wconf 91' lang='lat' dir='ltr'>est</span> <span class='ocrx_word' id='word_1_56' title='bbox 1653 772 1903 851; x_wconf 72' lang='lat' dir='ltr'>veritas</span> <span class='ocrx_word' id='word_1_57' title='bbox 1937 836 1951 865; x_wconf 90' lang='lat'>‚</span> <span class='ocrx_word' id='word_1_58' title='bbox 2006 802 2214 867; x_wconf 90' lang='lat' dir='ltr'>quam</span> <span class='ocrx_word' id='word_1_59' title='bbox 2256 778 2516 869; x_wconf 79' lang='lat' dir='ltr'>juravit</span> <span class='ocrx_word' id='word_1_60' title='bbox 2582 776 2813 847; x_wconf 90' lang='lat' dir='ltr'>Domi-</span> 
     </span>
     <span class='ocr_line' id='line_1_7' title="bbox 260 865 2807 960; baseline -0.004 -16"><span class='ocrx_word' id='word_1_61' title='bbox 260 897 397 948; x_wconf 90' lang='lat' dir='ltr'>nus</span> <span class='ocrx_word' id='word_1_62' title='bbox 427 874 662 944; x_wconf 89' lang='lat' dir='ltr'>David:</span> <span class='ocrx_word' id='word_1_63' title='bbox 699 872 911 943; x_wconf 90' lang='lat' dir='ltr'>altero</span> <span class='ocrx_word' id='word_1_64' title='bbox 940 885 1164 944; x_wconf 89' lang='lat' dir='ltr'>tamen</span> <span class='ocrx_word' id='word_1_65' title='bbox 1191 872 1466 944; x_wconf 89' lang='lat' dir='ltr'>conscio</span> <span class='ocrx_word' id='word_1_66' title='bbox 1492 884 1557 941; x_wconf 88' lang='lat' dir='ltr'>et</span> <span class='ocrx_word' id='word_1_67' title='bbox 1590 883 1755 955; x_wconf 90' lang='lat' dir='ltr'>teste</span> <span class='ocrx_word' id='word_1_68' title='bbox 1781 868 2195 960; x_wconf 80' lang='lat' dir='ltr'>adimpletae</span> <span class='ocrx_word' id='word_1_69' title='bbox 2227 865 2712 959; x_wconf 87' lang='lat' dir='ltr'>promissionis</span> <span class='ocrx_word' id='word_1_70' title='bbox 2743 866 2807 933; x_wconf 70' lang='lat'>²⁶.</span> 
     </span>
    </p>
   </div>
   <div class='ocr_carea' id='block_1_3' title="bbox 766 1182 2302 1291">
    <p class='ocr_par' dir='ltr' id='par_1_3' title="bbox 766 1182 2302 1291">
     <span class='ocr_line' id='line_1_8' title="bbox 766 1182 2302 1291; baseline -0.004 -2"><span class='ocrx_word' id='word_1_71' title='bbox 766 1189 997 1291; x_wconf 79' lang='lat' dir='ltr'>vlTA</span> <span class='ocrx_word' id='word_1_72' title='bbox 1056 1189 1154 1288; x_wconf 90' lang='lat' dir='ltr'>B.</span> <span class='ocrx_word' id='word_1_73' title='bbox 1208 1187 1639 1289; x_wconf 71' lang='lat' dir='ltr'>JOANNJS</span> <span class='ocrx_word' id='word_1_74' title='bbox 1705 1186 1944 1287; x_wconf 81' lang='lat' dir='ltr'>SYRI</span> <span class='ocrx_word' id='word_1_75' title='bbox 2015 1182 2302 1286; x_wconf 88' lang='lat' dir='ltr'><strong>CONF.</strong></span> 
     </span>
    </p>
   </div>
   <div class='ocr_carea' id='block_1_4' title="bbox 535 1424 2545 1479">
    <p class='ocr_par' dir='ltr' id='par_1_4' title="bbox 535 1424 2545 1479">
     <span class='ocr_line' id='line_1_9' title="bbox 535 1424 2545 1479; baseline -0.003 -2"><span class='ocrx_word' id='word_1_76' title='bbox 535 1432 615 1478; x_wconf 74' lang='lat' dir='ltr'>AB</span> <span class='ocrx_word' id='word_1_77' title='bbox 663 1430 869 1479; x_wconf 77' lang='lat' dir='ltr'>ADONE</span> <span class='ocrx_word' id='word_1_78' title='bbox 913 1429 1209 1479; x_wconf 80' lang='lat' dir='ltr'><strong>EPISCOPO</strong></span> <span class='ocrx_word' id='word_1_79' title='bbox 1256 1428 1635 1478; x_wconf 81' lang='lat' dir='ltr'><strong>CONSCRIPTA</strong></span> <span class='ocrx_word' id='word_1_80' title='bbox 1682 1428 1750 1475; x_wconf 84' lang='lat' dir='ltr'>IN</span> <span class='ocrx_word' id='word_1_81' title='bbox 1796 1427 2000 1475; x_wconf 87' lang='lat' dir='ltr'>IPSIUS</span> <span class='ocrx_word' id='word_1_82' title='bbox 2046 1424 2545 1473; x_wconf 79' lang='lat' dir='ltr'><strong>MARTYROLOGIO.</strong></span> 
     </span>
    </p>
   </div>
   <div class='ocr_carea' id='block_1_5' title="bbox 1181 1608 1828 1666">
    <p class='ocr_par' dir='ltr' id='par_1_5' title="bbox 1181 1608 1828 1666">
     <span class='ocr_line' id='line_1_10' title="bbox 1181 1608 1828 1666; baseline 0.002 -2"><span class='ocrx_word' id='word_1_83' title='bbox 1181 1608 1454 1666; x_wconf 81' lang='lat' dir='ltr'>Floruit</span> <span class='ocrx_word' id='word_1_84' title='bbox 1494 1612 1679 1665; x_wconf 72' lang='lat' dir='ltr'>Saea.</span> <span class='ocrx_word' id='word_1_85' title='bbox 1708 1608 1828 1665; x_wconf 87' lang='lat' dir='ltr'>VI.</span> 
     </span>
    </p>
   </div>
   <div class='ocr_carea' id='block_1_6' title="bbox 264 1805 2813 2334">
    <p class='ocr_par' dir='ltr' id='par_1_6' title="bbox 264 1805 2813 2334">
     <span class='ocr_line' id='line_1_11' title="bbox 354 1805 2811 1901; baseline -0.004 -22"><span class='ocrx_word' id='word_1_86' title='bbox 354 1810 551 1901; x_wconf 83' lang='lat' dir='ltr'>Apud</span> <span class='ocrx_word' id='word_1_87' title='bbox 618 1816 1068 1879; x_wconf 88' lang='lat' dir='ltr'>Penarensem</span> <span class='ocrx_word' id='word_1_88' title='bbox 1140 1809 1384 1879; x_wconf 90' lang='lat' dir='ltr'>urbem</span> <span class='ocrx_word' id='word_1_89' title='bbox 1450 1808 1551 1897; x_wconf 85' lang='lat' dir='ltr'>(a)</span> <span class='ocrx_word' id='word_1_90' title='bbox 1615 1806 1840 1876; x_wconf 89' lang='lat' dir='ltr'>natale</span> <span class='ocrx_word' id='word_1_91' title='bbox 1887 1806 2065 1875; x_wconf 87' lang='lat' dir='ltr'>beati</span> <span class='ocrx_word' id='word_1_92' title='bbox 2112 1805 2448 1885; x_wconf 85' lang='lat' dir='ltr'>Joannis,</span> <span class='ocrx_word' id='word_1_93' title='bbox 2518 1824 2811 1893; x_wconf 90' lang='lat' dir='ltr'>magnae</span> 
     </span>
     <span class='ocr_line' id='line_1_12' title="bbox 264 1893 2813 1987; baseline -0.005 -18"><span class='ocrx_word' id='word_1_94' title='bbox 264 1898 648 1969; x_wconf 81' lang='lat' dir='ltr'>sanctitatis</span> <span class='ocrx_word' id='word_1_95' title='bbox 698 1898 846 1979; x_wconf 91' lang='lat' dir='ltr'>viri,</span> <span class='ocrx_word' id='word_1_96' title='bbox 884 1898 1003 1984; x_wconf 91' lang='lat' dir='ltr'>qui</span> <span class='ocrx_word' id='word_1_97' title='bbox 1052 1898 1135 1966; x_wconf 92' lang='lat' dir='ltr'>de</span> <span class='ocrx_word' id='word_1_98' title='bbox 1189 1898 1376 1986; x_wconf 80' lang='lat' dir='ltr'>Syria</span> <span class='ocrx_word' id='word_1_99' title='bbox 1407 1897 1768 1978; x_wconf 87' lang='lat' dir='ltr'>oriundus,</span> <span class='ocrx_word' id='word_1_100' title='bbox 1804 1895 2108 1987; x_wconf 89' lang='lat' dir='ltr'>pervenit</span> <span class='ocrx_word' id='word_1_101' title='bbox 2141 1894 2226 1963; x_wconf 89' lang='lat' dir='ltr'>ad</span> <span class='ocrx_word' id='word_1_102' title='bbox 2265 1893 2562 1962; x_wconf 87' lang='lat' dir='ltr'>Italiam.</span> <span class='ocrx_word' id='word_1_103' title='bbox 2610 1896 2813 1961; x_wconf 88' lang='lat' dir='ltr'>Cum-</span> 
     </span>
     <span class='ocr_line' id='line_1_13' title="bbox 268 1980 2812 2077; baseline -0.003 -21"><span class='ocrx_word' id='word_1_104' title='bbox 268 2009 405 2074; x_wconf 90' lang='lat' dir='ltr'>que</span> <span class='ocrx_word' id='word_1_105' title='bbox 448 2000 803 2074; x_wconf 88' lang='lat' dir='ltr'>quaereret</span> <span class='ocrx_word' id='word_1_106' title='bbox 851 1987 1078 2056; x_wconf 88' lang='lat' dir='ltr'>locum</span> <span class='ocrx_word' id='word_1_107' title='bbox 1129 1985 1572 2055; x_wconf 87' lang='lat' dir='ltr'>habitationis</span> <span class='ocrx_word' id='word_1_108' title='bbox 1620 2007 1828 2077; x_wconf 65' lang='lat' dir='ltr'>suae,⁸</span> <span class='ocrx_word' id='word_1_109' title='bbox 1861 1985 2237 2053; x_wconf 87' lang='lat' dir='ltr'>orationem</span> <span class='ocrx_word' id='word_1_110' title='bbox 2299 1981 2479 2051; x_wconf 89' lang='lat' dir='ltr'>fudit</span> <span class='ocrx_word' id='word_1_111' title='bbox 2527 1980 2612 2049; x_wconf 93' lang='lat' dir='ltr'>ad</span> <span class='ocrx_word' id='word_1_112' title='bbox 2686 1984 2812 2049; x_wconf 91' lang='lat' dir='ltr'>Do-</span> 
     </span>
     <span class='ocr_line' id='line_1_14' title="bbox 272 2070 2813 2165; baseline -0.003 -21"><span class='ocrx_word' id='word_1_113' title='bbox 272 2076 567 2145; x_wconf 89' lang='lat' dir='ltr'>minum:</span> <span class='ocrx_word' id='word_1_114' title='bbox 614 2099 649 2143; x_wconf 92' lang='lat'>«</span> <span class='ocrx_word' id='word_1_115' title='bbox 679 2082 767 2144; x_wconf 89' lang='lat' dir='ltr'>Te</span> <span class='ocrx_word' id='word_1_116' title='bbox 812 2076 1163 2165; x_wconf 91' lang='lat' dir='ltr'>deprecor,</span> <span class='ocrx_word' id='word_1_117' title='bbox 1218 2074 1522 2154; x_wconf 89' lang='lat' dir='ltr'>Domine,</span> <span class='ocrx_word' id='word_1_118' title='bbox 1557 2073 1679 2159; x_wconf 87' lang='lat' dir='ltr'>qui</span> <span class='ocrx_word' id='word_1_119' title='bbox 1722 2073 1950 2142; x_wconf 89' lang='lat' dir='ltr'>lumen</span> <span class='ocrx_word' id='word_1_120' title='bbox 2001 2094 2073 2141; x_wconf 87' lang='lat' dir='ltr'>es</span> <span class='ocrx_word' id='word_1_121' title='bbox 2121 2093 2390 2152; x_wconf 89' lang='lat' dir='ltr'>verum,</span> <span class='ocrx_word' id='word_1_122' title='bbox 2425 2070 2487 2138; x_wconf 92' lang='lat' dir='ltr'>si</span> <span class='ocrx_word' id='word_1_123' title='bbox 2525 2089 2813 2160; x_wconf 87' lang='lat' dir='ltr'>prospe-</span> 
     </span>
     <span class='ocr_line' id='line_1_15' title="bbox 274 2156 2813 2250; baseline -0.004 -16"><span class='ocrx_word' id='word_1_124' title='bbox 274 2185 433 2234; x_wconf 88' lang='lat' dir='ltr'>rurn</span> <span class='ocrx_word' id='word_1_125' title='bbox 480 2164 647 2234; x_wconf 79' lang='lat' dir='ltr'>lacis</span> <span class='ocrx_word' id='word_1_126' title='bbox 695 2165 823 2233; x_wconf 92' lang='lat' dir='ltr'>iter</span> <span class='ocrx_word' id='word_1_127' title='bbox 871 2185 1126 2244; x_wconf 87' lang='lat' dir='ltr'>meum,</span> <span class='ocrx_word' id='word_1_128' title='bbox 1183 2164 1310 2232; x_wconf 92' lang='lat' dir='ltr'>hoc</span> <span class='ocrx_word' id='word_1_129' title='bbox 1360 2162 1533 2232; x_wconf 88' lang='lat' dir='ltr'>mihi</span> <span class='ocrx_word' id='word_1_130' title='bbox 1581 2161 1858 2250; x_wconf 88' lang='lat' dir='ltr'>signum</span> <span class='ocrx_word' id='word_1_131' title='bbox 1900 2160 2040 2230; x_wconf 84' lang='lat' dir='ltr'>fiat.</span> <span class='ocrx_word' id='word_1_132' title='bbox 2099 2160 2531 2245; x_wconf 89' lang='lat' dir='ltr'>Ubicumque</span> <span class='ocrx_word' id='word_1_133' title='bbox 2565 2156 2813 2226; x_wconf 89' lang='lat' dir='ltr'>ambu-</span> 
     </span>
     <span class='ocr_line' id='line_1_16' title="bbox 274 2246 2811 2334; baseline -0.004 -11"><span class='ocrx_word' id='word_1_134' title='bbox 274 2253 526 2334; x_wconf 80' lang='lat' dir='ltr'>lavero,</span> <span class='ocrx_word' id='word_1_135' title='bbox 583 2255 643 2323; x_wconf 93' lang='lat' dir='ltr'>si</span> <span class='ocrx_word' id='word_1_136' title='bbox 692 2252 1093 2322; x_wconf 90' lang='lat' dir='ltr'>Psalterium</span> <span class='ocrx_word' id='word_1_137' title='bbox 1148 2272 1379 2320; x_wconf 89' lang='lat' dir='ltr'>meum</span> <span class='ocrx_word' id='word_1_138' title='bbox 1427 2250 1700 2331; x_wconf 80' lang='lat' dir='ltr'>dederO,</span> <span class='ocrx_word' id='word_1_139' title='bbox 1738 2262 1802 2329; x_wconf 87' lang='lat' dir='ltr'>et</span> <span class='ocrx_word' id='word_1_140' title='bbox 1831 2248 2067 2318; x_wconf 79' lang='lat' dir='ltr'>eadem</span> <span class='ocrx_word' id='word_1_141' title='bbox 2105 2248 2217 2317; x_wconf 91' lang='lat' dir='ltr'>die</span> <span class='ocrx_word' id='word_1_142' title='bbox 2257 2248 2431 2317; x_wconf 91' lang='lat' dir='ltr'>mihi</span> <span class='ocrx_word' id='word_1_143' title='bbox 2465 2246 2811 2316; x_wconf 89' lang='lat' dir='ltr'>redditum</span> 
     </span>
    </p>
   </div>
   <div class='ocr_carea' id='block_1_7' title="bbox 270 2336 2926 2431">
    <p class='ocr_par' dir='ltr' id='par_1_7' title="bbox 270 2336 2926 2431">
     <span class='ocr_line' id='line_1_17' title="bbox 270 2336 2926 2431; baseline -0.004 -20"><span class='ocrx_word' id='word_1_144' title='bbox 270 2341 500 2414; x_wconf 86' lang='lat' dir='ltr'>suerit.</span> <span class='ocrx_word' id='word_1_145' title='bbox 533 2342 630 2412; x_wconf 90' lang='lat' dir='ltr'>ibi</span> <span class='ocrx_word' id='word_1_146' title='bbox 679 2342 766 2413; x_wconf 88' lang='lat' dir='ltr'>sit</span> <span class='ocrx_word' id='word_1_147' title='bbox 808 2340 1317 2431; x_wconf 87' lang='lat' dir='ltr'>permansionis</span> <span class='ocrx_word' id='word_1_148' title='bbox 1346 2361 1533 2408; x_wconf 90' lang='lat' dir='ltr'>meae</span> <span class='ocrx_word' id='word_1_149' title='bbox 1573 2338 1838 2408; x_wconf 83' lang='lat' dir='ltr'>locus.»</span> <span class='ocrx_word' id='word_1_150' title='bbox 1875 2342 2150 2407; x_wconf 85' lang='lat' dir='ltr'>Factum</span> <span class='ocrx_word' id='word_1_151' title='bbox 2184 2350 2308 2406; x_wconf 89' lang='lat' dir='ltr'>est.</span> <span class='ocrx_word' id='word_1_152' title='bbox 2345 2336 2623 2425; x_wconf 87' lang='lat' dir='ltr'>Recepit</span> <span class='ocrx_word' id='word_1_153' title='bbox 2653 2355 2813 2403; x_wconf 91' lang='lat' dir='ltr'>eum</span> <span class='ocrx_word' id='word_1_154' title='bbox 2909 2394 2926 2413; x_wconf 83' lang='lat'>,</span> 
     </span>
    </p>
   </div>
   <div class='ocr_carea' id='block_1_8' title="bbox 261 2422 2820 3937">
    <p class='ocr_par' dir='ltr' id='par_1_8' title="bbox 261 2422 2820 3937">
     <span class='ocr_line' id='line_1_18' title="bbox 268 2422 2805 2522; baseline -0.005 -20"><span class='ocrx_word' id='word_1_155' title='bbox 268 2431 574 2522; x_wconf 89' lang='lat' dir='ltr'>hospitio</span> <span class='ocrx_word' id='word_1_156' title='bbox 625 2444 936 2501; x_wconf 90' lang='lat' dir='ltr'>matrona</span> <span class='ocrx_word' id='word_1_157' title='bbox 982 2428 1361 2517; x_wconf 87' lang='lat' dir='ltr'>quaedam,</span> <span class='ocrx_word' id='word_1_158' title='bbox 1413 2428 1526 2497; x_wconf 91' lang='lat' dir='ltr'>cui</span> <span class='ocrx_word' id='word_1_159' title='bbox 1575 2427 1678 2495; x_wconf 92' lang='lat' dir='ltr'>vir</span> <span class='ocrx_word' id='word_1_160' title='bbox 1725 2427 1837 2496; x_wconf 90' lang='lat' dir='ltr'>Dei</span> <span class='ocrx_word' id='word_1_161' title='bbox 1890 2426 2289 2517; x_wconf 87' lang='lat' dir='ltr'>psalterium</span> <span class='ocrx_word' id='word_1_162' title='bbox 2342 2447 2546 2496; x_wconf 91' lang='lat' dir='ltr'>suum</span> <span class='ocrx_word' id='word_1_163' title='bbox 2596 2422 2805 2504; x_wconf 86' lang='lat' dir='ltr'>dedit,</span> 
     </span>
     <span class='ocr_line' id='line_1_19' title="bbox 268 2514 2816 2608; baseline -0.004 -17"><span class='ocrx_word' id='word_1_164' title='bbox 268 2520 653 2608; x_wconf 88' lang='lat' dir='ltr'>requisivit:</span> <span class='ocrx_word' id='word_1_165' title='bbox 707 2520 905 2606; x_wconf 89' lang='lat' dir='ltr'>eique</span> <span class='ocrx_word' id='word_1_166' title='bbox 956 2540 1111 2587; x_wconf 83' lang='lat' dir='ltr'>mox</span> <span class='ocrx_word' id='word_1_167' title='bbox 1168 2541 1208 2587; x_wconf 93' lang='lat' dir='ltr'>a</span> <span class='ocrx_word' id='word_1_168' title='bbox 1265 2516 1554 2588; x_wconf 89' lang='lat' dir='ltr'>muliere</span> <span class='ocrx_word' id='word_1_169' title='bbox 1620 2515 1951 2585; x_wconf 89' lang='lat' dir='ltr'>redditur.</span> <span class='ocrx_word' id='word_1_170' title='bbox 2005 2522 2144 2585; x_wconf 91' lang='lat' dir='ltr'>Hoc</span> <span class='ocrx_word' id='word_1_171' title='bbox 2196 2515 2423 2601; x_wconf 89' lang='lat' dir='ltr'>itaque</span> <span class='ocrx_word' id='word_1_172' title='bbox 2471 2514 2527 2583; x_wconf 90' lang='lat' dir='ltr'>si</span> <span class='ocrx_word' id='word_1_173' title='bbox 2582 2535 2692 2594; x_wconf 90' lang='lat' dir='ltr'>n0,</span> <span class='ocrx_word' id='word_1_174' title='bbox 2737 2524 2816 2582; x_wconf 88' lang='lat' dir='ltr'>ut</span> 
     </span>
     <span class='ocr_line' id='line_1_20' title="bbox 269 2603 2809 2687; baseline -0.004 -9"><span class='ocrx_word' id='word_1_175' title='bbox 269 2611 632 2679; x_wconf 90' lang='lat' dir='ltr'>stationem</span> <span class='ocrx_word' id='word_1_176' title='bbox 682 2631 880 2678; x_wconf 88' lang='lat' dir='ltr'>suam</span> <span class='ocrx_word' id='word_1_177' title='bbox 935 2608 1029 2677; x_wconf 89' lang='lat' dir='ltr'>ibi</span> <span class='ocrx_word' id='word_1_178' title='bbox 1079 2607 1180 2675; x_wconf 91' lang='lat' dir='ltr'>vir</span> <span class='ocrx_word' id='word_1_179' title='bbox 1226 2607 1342 2674; x_wconf 85' lang='lat' dir='ltr'>Dei</span> <span class='ocrx_word' id='word_1_180' title='bbox 1387 2604 1673 2687; x_wconf 90' lang='lat' dir='ltr'>faceret,</span> <span class='ocrx_word' id='word_1_181' title='bbox 1744 2606 2238 2684; x_wconf 86' lang='lat' dir='ltr'>confirmatur,</span> <span class='ocrx_word' id='word_1_182' title='bbox 2293 2625 2372 2672; x_wconf 93' lang='lat' dir='ltr'>ac</span> <span class='ocrx_word' id='word_1_183' title='bbox 2437 2603 2509 2670; x_wconf 91' lang='lat' dir='ltr'>in</span> <span class='ocrx_word' id='word_1_184' title='bbox 2564 2624 2600 2670; x_wconf 94' lang='lat' dir='ltr'>e</span> <span class='ocrx_word' id='word_1_185' title='bbox 2671 2622 2809 2669; x_wconf 91' lang='lat' dir='ltr'>non</span> 
     </span>
     <span class='ocr_line' id='line_1_21' title="bbox 269 2689 2810 2788; baseline -0.004 -21"><span class='ocrx_word' id='word_1_186' title='bbox 269 2698 471 2788; x_wconf 89' lang='lat' dir='ltr'>longe</span> <span class='ocrx_word' id='word_1_187' title='bbox 522 2699 678 2788; x_wconf 88' lang='lat' dir='ltr'>plus</span> <span class='ocrx_word' id='word_1_188' title='bbox 726 2699 1064 2776; x_wconf 89' lang='lat' dir='ltr'>minusve,</span> <span class='ocrx_word' id='word_1_189' title='bbox 1117 2717 1324 2782; x_wconf 88' lang='lat' dir='ltr'>quam</span> <span class='ocrx_word' id='word_1_190' title='bbox 1375 2695 1674 2764; x_wconf 89' lang='lat' dir='ltr'>duarum</span> <span class='ocrx_word' id='word_1_191' title='bbox 1726 2695 2131 2785; x_wconf 90' lang='lat' dir='ltr'>sagittarum</span> <span class='ocrx_word' id='word_1_192' title='bbox 2185 2712 2631 2783; x_wconf 76' lang='lat' dir='ltr'>progreSSUS,</span> <span class='ocrx_word' id='word_1_193' title='bbox 2685 2689 2810 2757; x_wconf 91' lang='lat' dir='ltr'>ha-</span> 
     </span>
     <span class='ocr_line' id='line_1_22' title="bbox 267 2777 2817 2877; baseline -0.004 -21"><span class='ocrx_word' id='word_1_194' title='bbox 267 2787 418 2857; x_wconf 89' lang='lat' dir='ltr'>buit</span> <span class='ocrx_word' id='word_1_195' title='bbox 450 2785 774 2877; x_wconf 82' lang='lat' dir='ltr'>angelum</span> <span class='ocrx_word' id='word_1_196' title='bbox 828 2786 941 2855; x_wconf 91' lang='lat' dir='ltr'>Dei</span> <span class='ocrx_word' id='word_1_197' title='bbox 990 2784 1293 2865; x_wconf 89' lang='lat' dir='ltr'>obvium,</span> <span class='ocrx_word' id='word_1_198' title='bbox 1331 2784 1452 2870; x_wconf 89' lang='lat' dir='ltr'>qui</span> <span class='ocrx_word' id='word_1_199' title='bbox 1490 2784 1546 2851; x_wconf 90' lang='lat' dir='ltr'>ei</span> <span class='ocrx_word' id='word_1_200' title='bbox 1585 2783 1780 2852; x_wconf 83' lang='lat' dir='ltr'>dixit:</span> <span class='ocrx_word' id='word_1_201' title='bbox 1814 2806 1849 2849; x_wconf 87' lang='lat'>«</span> <span class='ocrx_word' id='word_1_202' title='bbox 1880 2788 2078 2852; x_wconf 87' lang='lat' dir='ltr'>Serve</span> <span class='ocrx_word' id='word_1_203' title='bbox 2126 2781 2263 2861; x_wconf 90' lang='lat' dir='ltr'>Dei,</span> <span class='ocrx_word' id='word_1_204' title='bbox 2303 2780 2415 2848; x_wconf 88' lang='lat' dir='ltr'>hic</span> <span class='ocrx_word' id='word_1_205' title='bbox 2459 2779 2582 2849; x_wconf 91' lang='lat' dir='ltr'>tibi</span> <span class='ocrx_word' id='word_1_206' title='bbox 2625 2777 2817 2847; x_wconf 90' lang='lat' dir='ltr'>locus</span> 
     </span>
     <span class='ocr_line' id='line_1_23' title="bbox 269 2867 2819 2966; baseline -0.004 -22"><span class='ocrx_word' id='word_1_207' title='bbox 269 2875 784 2966; x_wconf 87' lang='lat' dir='ltr'>permansionis</span> <span class='ocrx_word' id='word_1_208' title='bbox 829 2897 871 2943; x_wconf 92' lang='lat' dir='ltr'>a</span> <span class='ocrx_word' id='word_1_209' title='bbox 919 2873 1207 2942; x_wconf 88' lang='lat' dir='ltr'>Domino</span> <span class='ocrx_word' id='word_1_210' title='bbox 1240 2873 1666 2962; x_wconf 89' lang='lat' dir='ltr'>parabitur.»</span> <span class='ocrx_word' id='word_1_211' title='bbox 1698 2877 1851 2941; x_wconf 87' lang='lat' dir='ltr'>Erat</span> <span class='ocrx_word' id='word_1_212' title='bbox 1879 2883 2108 2940; x_wconf 88' lang='lat' dir='ltr'>autem</span> <span class='ocrx_word' id='word_1_213' title='bbox 2147 2870 2409 2958; x_wconf 81' lang='lat' dir='ltr'>hyemS,</span> <span class='ocrx_word' id='word_1_214' title='bbox 2441 2881 2506 2938; x_wconf 89' lang='lat' dir='ltr'>et</span> <span class='ocrx_word' id='word_1_215' title='bbox 2540 2867 2819 2937; x_wconf 87' lang='lat' dir='ltr'>sedebat</span> 
     </span>
     <span class='ocr_line' id='line_1_24' title="bbox 264 2955 2817 3050; baseline -0.003 -19"><span class='ocrx_word' id='word_1_216' title='bbox 264 2964 375 3032; x_wconf 90' lang='lat' dir='ltr'>vir</span> <span class='ocrx_word' id='word_1_217' title='bbox 402 2964 516 3033; x_wconf 88' lang='lat' dir='ltr'>Dei</span> <span class='ocrx_word' id='word_1_218' title='bbox 545 2963 673 3032; x_wconf 88' lang='lat' dir='ltr'>sub</span> <span class='ocrx_word' id='word_1_219' title='bbox 705 2965 968 3033; x_wconf 90' lang='lat' dir='ltr'>arbore.</span> <span class='ocrx_word' id='word_1_220' title='bbox 1007 2968 1370 3031; x_wconf 77' lang='lat' dir='ltr'>venatores</span> <span class='ocrx_word' id='word_1_221' title='bbox 1403 2982 1559 3030; x_wconf 91' lang='lat' dir='ltr'>vero</span> <span class='ocrx_word' id='word_1_222' title='bbox 1605 2982 1766 3029; x_wconf 89' lang='lat' dir='ltr'>cum</span> <span class='ocrx_word' id='word_1_223' title='bbox 1799 2981 1920 3050; x_wconf 89' lang='lat' dir='ltr'>per</span> <span class='ocrx_word' id='word_1_224' title='bbox 1950 2959 2178 3028; x_wconf 86' lang='lat' dir='ltr'>locum</span> <span class='ocrx_word' id='word_1_225' title='bbox 2217 2957 2582 3027; x_wconf 87' lang='lat' dir='ltr'>transitum</span> <span class='ocrx_word' id='word_1_226' title='bbox 2632 2955 2817 3024; x_wconf 90' lang='lat' dir='ltr'>face-</span> 
     </span>
     <span class='ocr_line' id='line_1_25' title="bbox 263 3044 2816 3136; baseline -0.004 -14"><span class='ocrx_word' id='word_1_227' title='bbox 263 3063 443 3133; x_wconf 88' lang='lat' dir='ltr'>rent,</span> <span class='ocrx_word' id='word_1_228' title='bbox 498 3052 813 3121; x_wconf 90' lang='lat' dir='ltr'>viderunt</span> <span class='ocrx_word' id='word_1_229' title='bbox 858 3073 1019 3120; x_wconf 89' lang='lat' dir='ltr'>eum</span> <span class='ocrx_word' id='word_1_230' title='bbox 1069 3050 1454 3131; x_wconf 87' lang='lat' dir='ltr'>sedentem,</span> <span class='ocrx_word' id='word_1_231' title='bbox 1507 3060 1713 3136; x_wconf 89' lang='lat' dir='ltr'>atque</span> <span class='ocrx_word' id='word_1_232' title='bbox 1760 3050 2071 3118; x_wconf 88' lang='lat' dir='ltr'>arborem</span> <span class='ocrx_word' id='word_1_233' title='bbox 2126 3045 2320 3115; x_wconf 88' lang='lat' dir='ltr'>illam</span> <span class='ocrx_word' id='word_1_234' title='bbox 2359 3047 2557 3136; x_wconf 86' lang='lat' dir='ltr'>juxta</span> <span class='ocrx_word' id='word_1_235' title='bbox 2611 3044 2816 3113; x_wconf 90' lang='lat' dir='ltr'>illum</span> 
     </span>
     <span class='ocr_line' id='line_1_26' title="bbox 268 3131 2818 3225; baseline -0.004 -15"><span class='ocrx_word' id='word_1_236' title='bbox 268 3139 458 3210; x_wconf 86' lang='lat' dir='ltr'>soliis</span> <span class='ocrx_word' id='word_1_237' title='bbox 506 3141 840 3210; x_wconf 89' lang='lat' dir='ltr'>vestitam.</span> <span class='ocrx_word' id='word_1_238' title='bbox 895 3139 1342 3225; x_wconf 89' lang='lat' dir='ltr'>Requirentes</span> <span class='ocrx_word' id='word_1_239' title='bbox 1374 3150 1602 3207; x_wconf 90' lang='lat' dir='ltr'>autem</span> <span class='ocrx_word' id='word_1_240' title='bbox 1637 3139 1886 3217; x_wconf 88' lang='lat' dir='ltr'>virum,</span> <span class='ocrx_word' id='word_1_241' title='bbox 1943 3136 2102 3223; x_wconf 89' lang='lat' dir='ltr'>quis</span> <span class='ocrx_word' id='word_1_242' title='bbox 2148 3146 2348 3216; x_wconf 91' lang='lat' dir='ltr'>esset,</span> <span class='ocrx_word' id='word_1_243' title='bbox 2400 3135 2488 3204; x_wconf 91' lang='lat' dir='ltr'>ob</span> <span class='ocrx_word' id='word_1_244' title='bbox 2539 3131 2818 3202; x_wconf 90' lang='lat' dir='ltr'>Domini</span> 
     </span>
     <span class='ocr_line' id='line_1_27' title="bbox 269 3223 2820 3317; baseline -0.005 -16"><span class='ocrx_word' id='word_1_245' title='bbox 269 3229 624 3301; x_wconf 87' lang='lat' dir='ltr'>servitium</span> <span class='ocrx_word' id='word_1_246' title='bbox 675 3252 747 3298; x_wconf 92' lang='lat' dir='ltr'>se</span> <span class='ocrx_word' id='word_1_247' title='bbox 794 3229 878 3297; x_wconf 92' lang='lat' dir='ltr'>de</span> <span class='ocrx_word' id='word_1_248' title='bbox 938 3227 1415 3296; x_wconf 86' lang='lat' dir='ltr'>ultramarinis</span> <span class='ocrx_word' id='word_1_249' title='bbox 1472 3227 1786 3317; x_wconf 85' lang='lat' dir='ltr'>partibus</span> <span class='ocrx_word' id='word_1_250' title='bbox 1833 3226 2002 3296; x_wconf 90' lang='lat' dir='ltr'>locis</span> <span class='ocrx_word' id='word_1_251' title='bbox 2048 3225 2319 3295; x_wconf 86' lang='lat' dir='ltr'>venisse</span> <span class='ocrx_word' id='word_1_252' title='bbox 2350 3279 2365 3306; x_wconf 92' lang='lat'>,</span> <span class='ocrx_word' id='word_1_253' title='bbox 2420 3223 2820 3308; x_wconf 81' lang='lat' dir='ltr'>morarique</span> 
     </span>
     <span class='ocr_line' id='line_1_28' title="bbox 268 3310 2811 3408; baseline -0.004 -21"><span class='ocrx_word' id='word_1_254' title='bbox 268 3318 385 3387; x_wconf 89' lang='lat' dir='ltr'>hic</span> <span class='ocrx_word' id='word_1_255' title='bbox 418 3317 586 3387; x_wconf 91' lang='lat' dir='ltr'>velle</span> <span class='ocrx_word' id='word_1_256' title='bbox 635 3316 1010 3408; x_wconf 88' lang='lat' dir='ltr'>respondit.</span> <span class='ocrx_word' id='word_1_257' title='bbox 1050 3315 1550 3385; x_wconf 88' lang='lat' dir='ltr'>Nunciantibus</span> <span class='ocrx_word' id='word_1_258' title='bbox 1592 3315 1803 3406; x_wconf 88' lang='lat' dir='ltr'>igitur</span> <span class='ocrx_word' id='word_1_259' title='bbox 1836 3314 1996 3395; x_wconf 91' lang='lat' dir='ltr'>illis,</span> <span class='ocrx_word' id='word_1_260' title='bbox 2036 3312 2357 3399; x_wconf 78' lang='lat' dir='ltr'>famaque</span> <span class='ocrx_word' id='word_1_261' title='bbox 2386 3311 2594 3380; x_wconf 84' lang='lat' dir='ltr'>vitam</span> <span class='ocrx_word' id='word_1_262' title='bbox 2629 3310 2811 3379; x_wconf 91' lang='lat' dir='ltr'>beati</span> 
     </span>
     <span class='ocr_line' id='line_1_29' title="bbox 266 3400 2818 3497; baseline -0.004 -22"><span class='ocrx_word' id='word_1_263' title='bbox 266 3407 399 3475; x_wconf 88' lang='lat' dir='ltr'>viri</span> <span class='ocrx_word' id='word_1_264' title='bbox 447 3407 721 3497; x_wconf 87' lang='lat' dir='ltr'>longius</span> <span class='ocrx_word' id='word_1_265' title='bbox 768 3417 1131 3496; x_wconf 86' lang='lat' dir='ltr'>spargente</span> <span class='ocrx_word' id='word_1_266' title='bbox 1166 3460 1180 3486; x_wconf 91' lang='lat'>,</span> <span class='ocrx_word' id='word_1_267' title='bbox 1235 3417 1420 3474; x_wconf 85' lang='lat' dir='ltr'>tanta</span> <span class='ocrx_word' id='word_1_268' title='bbox 1469 3402 1852 3490; x_wconf 82' lang='lat' dir='ltr'>frequentia</span> <span class='ocrx_word' id='word_1_269' title='bbox 1900 3401 2139 3494; x_wconf 89' lang='lat' dir='ltr'>populi</span> <span class='ocrx_word' id='word_1_270' title='bbox 2188 3403 2305 3471; x_wconf 93' lang='lat' dir='ltr'>Dei</span> <span class='ocrx_word' id='word_1_271' title='bbox 2352 3400 2818 3486; x_wconf 88' lang='lat' dir='ltr'>undequaque</span> 
     </span>
     <span class='ocr_line' id='line_1_30' title="bbox 268 3492 2815 3583; baseline -0.003 -20"><span class='ocrx_word' id='word_1_272' title='bbox 268 3494 439 3565; x_wconf 88' lang='lat' dir='ltr'>illuc</span> <span class='ocrx_word' id='word_1_273' title='bbox 486 3494 783 3575; x_wconf 80' lang='lat' dir='ltr'>advenit,</span> <span class='ocrx_word' id='word_1_274' title='bbox 835 3506 910 3564; x_wconf 89' lang='lat' dir='ltr'>ut</span> <span class='ocrx_word' id='word_1_275' title='bbox 951 3493 1365 3563; x_wconf 88' lang='lat' dir='ltr'>monasterio</span> <span class='ocrx_word' id='word_1_276' title='bbox 1404 3493 1604 3574; x_wconf 88' lang='lat' dir='ltr'>fact0,</span> <span class='ocrx_word' id='word_1_277' title='bbox 1658 3492 2097 3583; x_wconf 85' lang='lat' dir='ltr'>congregatio</span> <span class='ocrx_word' id='word_1_278' title='bbox 2149 3512 2403 3581; x_wconf 88' lang='lat' dir='ltr'>magna</span> <span class='ocrx_word' id='word_1_279' title='bbox 2452 3508 2815 3560; x_wconf 88' lang='lat' dir='ltr'>servorum</span> 
     </span>
     <span class='ocr_line' id='line_1_31' title="bbox 267 3574 2820 3670; baseline -0.005 -17"><span class='ocrx_word' id='word_1_280' title='bbox 267 3584 389 3653; x_wconf 90' lang='lat' dir='ltr'>Dei</span> <span class='ocrx_word' id='word_1_281' title='bbox 438 3584 645 3653; x_wconf 88' lang='lat' dir='ltr'>simul</span> <span class='ocrx_word' id='word_1_282' title='bbox 687 3584 1148 3654; x_wconf 86' lang='lat' dir='ltr'>habitantium</span> <span class='ocrx_word' id='word_1_283' title='bbox 1200 3582 1295 3651; x_wconf 90' lang='lat' dir='ltr'>ibi</span> <span class='ocrx_word' id='word_1_284' title='bbox 1329 3582 1541 3652; x_wconf 84' lang='lat' dir='ltr'>fieret.</span> <span class='ocrx_word' id='word_1_285' title='bbox 1598 3581 1720 3651; x_wconf 90' lang='lat' dir='ltr'>Cui</span> <span class='ocrx_word' id='word_1_286' title='bbox 1771 3580 2064 3670; x_wconf 85' lang='lat' dir='ltr'>praefuit</span> <span class='ocrx_word' id='word_1_287' title='bbox 2111 3580 2350 3648; x_wconf 90' lang='lat' dir='ltr'>multis</span> <span class='ocrx_word' id='word_1_288' title='bbox 2394 3576 2628 3646; x_wconf 88' lang='lat' dir='ltr'>clarus</span> <span class='ocrx_word' id='word_1_289' title='bbox 2680 3574 2820 3642; x_wconf 90' lang='lat' dir='ltr'>vir-</span> 
     </span>
     <span class='ocr_line' id='line_1_32' title="bbox 261 3665 2815 3761; baseline -0.004 -19"><span class='ocrx_word' id='word_1_290' title='bbox 261 3673 531 3743; x_wconf 87' lang='lat' dir='ltr'>tutibus</span> <span class='ocrx_word' id='word_1_291' title='bbox 568 3673 810 3742; x_wconf 88' lang='lat' dir='ltr'>beatus</span> <span class='ocrx_word' id='word_1_292' title='bbox 856 3677 1160 3742; x_wconf 87' lang='lat' dir='ltr'>Joannes</span> <span class='ocrx_word' id='word_1_293' title='bbox 1190 3670 1952 3761; x_wconf 86' lang='lat' dir='ltr'>quadragintaquatuor</span> <span class='ocrx_word' id='word_1_294' title='bbox 1980 3690 2225 3738; x_wconf 90' lang='lat' dir='ltr'>annos:</span> <span class='ocrx_word' id='word_1_295' title='bbox 2262 3679 2327 3735; x_wconf 93' lang='lat' dir='ltr'>et</span> <span class='ocrx_word' id='word_1_296' title='bbox 2366 3665 2815 3751; x_wconf 85' lang='lat' dir='ltr'>requiescens</span> 
     </span>
     <span class='ocr_line' id='line_1_33' title="bbox 264 3754 2814 3851; baseline -0.004 -22"><span class='ocrx_word' id='word_1_297' title='bbox 264 3761 340 3830; x_wconf 90' lang='lat' dir='ltr'>in</span> <span class='ocrx_word' id='word_1_298' title='bbox 391 3782 582 3851; x_wconf 90' lang='lat' dir='ltr'>pace,</span> <span class='ocrx_word' id='word_1_299' title='bbox 636 3760 991 3850; x_wconf 89' lang='lat' dir='ltr'>depositus</span> <span class='ocrx_word' id='word_1_300' title='bbox 1037 3770 1140 3829; x_wconf 90' lang='lat' dir='ltr'>est</span> <span class='ocrx_word' id='word_1_301' title='bbox 1184 3783 1289 3829; x_wconf 86' lang='lat' dir='ltr'>x1v</span> <span class='ocrx_word' id='word_1_302' title='bbox 1338 3759 1613 3829; x_wconf 82' lang='lat' dir='ltr'>Calend.</span> <span class='ocrx_word' id='word_1_303' title='bbox 1646 3758 1920 3850; x_wconf 82' lang='lat' dir='ltr'>Aprilis,</span> <span class='ocrx_word' id='word_1_304' title='bbox 1952 3758 2022 3827; x_wconf 92' lang='lat' dir='ltr'>in</span> <span class='ocrx_word' id='word_1_305' title='bbox 2066 3756 2237 3836; x_wconf 87' lang='lat' dir='ltr'>loc0,</span> <span class='ocrx_word' id='word_1_306' title='bbox 2292 3754 2411 3823; x_wconf 88' lang='lat' dir='ltr'>ubi</span> <span class='ocrx_word' id='word_1_307' title='bbox 2461 3763 2814 3844; x_wconf 90' lang='lat' dir='ltr'>praestan-</span> 
     </span>
     <span class='ocr_line' id='line_1_34' title="bbox 267 3847 2012 3937; baseline -0.003 -17"><span class='ocrx_word' id='word_1_308' title='bbox 267 3862 381 3921; x_wconf 86' lang='lat' dir='ltr'>tur</span> <span class='ocrx_word' id='word_1_309' title='bbox 427 3849 760 3920; x_wconf 90' lang='lat' dir='ltr'>beneficia</span> <span class='ocrx_word' id='word_1_310' title='bbox 802 3849 916 3918; x_wconf 90' lang='lat' dir='ltr'>Dei</span> <span class='ocrx_word' id='word_1_311' title='bbox 965 3871 1185 3937; x_wconf 86' lang='lat' dir='ltr'>usque</span> <span class='ocrx_word' id='word_1_312' title='bbox 1234 3849 1301 3917; x_wconf 91' lang='lat' dir='ltr'>in</span> <span class='ocrx_word' id='word_1_313' title='bbox 1354 3848 1770 3918; x_wconf 86' lang='lat' dir='ltr'>hodiernum</span> <span class='ocrx_word' id='word_1_314' title='bbox 1805 3847 2012 3916; x_wconf 90' lang='lat' dir='ltr'>diem.</span> 
     </span>
    </p>
   </div>
   <div class='ocr_carea' id='block_1_9' title="bbox 320 4037 2808 4091">
    <p class='ocr_par' dir='ltr' id='par_1_9' title="bbox 320 4037 2808 4091">
     <span class='ocr_line' id='line_1_35' title="bbox 320 4037 2808 4091; baseline -0.005 -2"><span class='ocrx_word' id='word_1_315' title='bbox 320 4049 347 4075; x_wconf 71' lang='lat'>⁸</span> <span class='ocrx_word' id='word_1_316' title='bbox 377 4048 494 4089; x_wconf 78' lang='lat' dir='ltr'>Vide</span> <span class='ocrx_word' id='word_1_317' title='bbox 526 4047 651 4087; x_wconf 74' lang='lat' dir='ltr'>infra.</span> <span class='ocrx_word' id='word_1_318' title='bbox 678 4045 736 4086; x_wconf 66' lang='lat' dir='ltr'>ad</span> <span class='ocrx_word' id='word_1_319' title='bbox 765 4046 889 4087; x_wconf 77' lang='lat' dir='ltr'>diem</span> <span class='ocrx_word' id='word_1_320' title='bbox 917 4055 1020 4086; x_wconf 80' lang='lat' dir='ltr'>xxv</span> <span class='ocrx_word' id='word_1_321' title='bbox 1049 4047 1089 4088; x_wconf 87' lang='lat'>1.</span> <span class='ocrx_word' id='word_1_322' title='bbox 1119 4045 1222 4085; x_wconf 85' lang='lat' dir='ltr'>loco</span> <span class='ocrx_word' id='word_1_323' title='bbox 1249 4044 1717 4086; x_wconf 66' lang='lat' dir='ltr'>dissertatiunculam</span> <span class='ocrx_word' id='word_1_324' title='bbox 1747 4042 1908 4084; x_wconf 78' lang='lat' dir='ltr'>eximii</span> <span class='ocrx_word' id='word_1_325' title='bbox 1936 4041 2098 4083; x_wconf 78' lang='lat' dir='ltr'>Alolsfl</span> <span class='ocrx_word' id='word_1_326' title='bbox 2125 4039 2394 4091; x_wconf 76' lang='lat' dir='ltr'>Ltpomant:</span> <span class='ocrx_word' id='word_1_327' title='bbox 2421 4039 2465 4080; x_wconf 75' lang='grc' dir='ltr'>Β.</span> <span class='ocrx_word' id='word_1_328' title='bbox 2496 4038 2673 4080; x_wconf 72' lang='lat' dir='ltr'>Jossst’n</span> <span class='ocrx_word' id='word_1_329' title='bbox 2704 4037 2808 4079; x_wconf 68' lang='lat' dir='ltr'>Vir-</span> 
     </span>
    </p>
   </div>
   <div class='ocr_carea' id='block_1_10' title="bbox 271 4101 1919 4205">
    <p class='ocr_par' dir='ltr' id='par_1_10' title="bbox 271 4101 1919 4205">
     <span class='ocr_line' id='line_1_36' title="bbox 271 4101 752 4152; baseline -0.01 -9"><span class='ocrx_word' id='word_1_330' title='bbox 271 4103 413 4151; x_wconf 66' lang='lat' dir='ltr'>grta-em</span> <span class='ocrx_word' id='word_1_331' title='bbox 436 4101 752 4152; x_wconf 61' lang='lat' dir='ltr'>permansisse.</span> 
     </span>
     <span class='ocr_line' id='line_1_37' title="bbox 322 4151 1919 4205; baseline -0.004 -7"><span class='ocrx_word' id='word_1_332' title='bbox 322 4155 386 4204; x_wconf 80' lang='lat' dir='ltr'>(a)</span> <span class='ocrx_word' id='word_1_333' title='bbox 414 4155 550 4205; x_wconf 78' lang='lat' dir='ltr'>Apud</span> <span class='ocrx_word' id='word_1_334' title='bbox 581 4154 799 4195; x_wconf 68' lang='lat' dir='ltr'>Vestino·</span> <span class='ocrx_word' id='word_1_335' title='bbox 824 4152 877 4193; x_wconf 79' lang='lat' dir='ltr'>tn</span> <span class='ocrx_word' id='word_1_336' title='bbox 904 4151 1130 4194; x_wconf 77' lang='lat' dir='ltr'>hodierno</span> <span class='ocrx_word' id='word_1_337' title='bbox 1157 4152 1355 4203; x_wconf 60' lang='lat' dir='ltr'>aprutio</span> <span class='ocrx_word' id='word_1_338' title='bbox 1376 4151 1520 4203; x_wconf 72' lang='lat' dir='ltr'>vulgo</span> <span class='ocrx_word' id='word_1_339' title='bbox 1539 4153 1680 4193; x_wconf 69' lang='lat' dir='ltr'>civita</span> <span class='ocrx_word' id='word_1_340' title='bbox 1699 4151 1746 4189; x_wconf 73' lang='lat' dir='ltr'>dn·</span> <span class='ocrx_word' id='word_1_341' title='bbox 1764 4151 1919 4192; x_wconf 71' lang='lat' dir='ltr'>Penne.</span> 
     </span>
    </p>
   </div>
   <div class='ocr_carea' id='block_1_11' title="bbox 1407 4367 1673 4380">
    <p class='ocr_par' dir='ltr' id='par_1_11' title="bbox 1407 4367 1673 4380">
     <span class='ocr_line' id='line_1_38' title="bbox 1407 4367 1673 4380; baseline -0.015 0"><span class='ocrx_word' id='word_1_342' title='bbox 1407 4367 1673 4380; x_wconf 77' lang='lat'><strong>——-—-</strong></span> 
     </span>
    </p>
   </div>
  </div>
 </body>
</html>
