3327 4999
628 309 757 376 282
1397 325 1476 372 m:
1524 326 1580 373 s.
1632 325 1994 376 curaaasu
2039 326 2211 376 vmc.
2398 346 2408 371 ι
2698 309 2945 376 MART.
3001 309 3085 376 ⁴3

533 407 780 477 harum
813 428 1027 476 causa
1073 405 1565 495 lacrymarum,
1621 428 1707 476 ne
1753 428 1953 497 aegre
2001 407 2088 477 sit
2130 407 2365 478 animo
2415 427 2590 475 meo,
2635 405 2813 476 Abiit
2855 407 3078 489 Julia‚

533 495 1072 581 auscultansque
1117 495 1309 575 foris,
1350 495 1613 564 audivit
1643 497 2073 566 Abbatissam
2124 496 2476 566 somnium
2517 494 2920 565 referentem
2950 497 3083 567 hoc

533 585 763 655 modo:
796 584 1165 653 «Videbam
1216 584 1414 670 quasi
1463 583 1638 654 duos
1686 586 1962 676 egregia
2009 584 2230 655 forma
2280 585 2458 656 viros
2505 585 2641 655 huc
2703 584 3088 655 adventan-

534 686 683 755 teS,
741 674 1051 760 mihique
1125 672 1476 742 dicentes:
1557 674 1828 743 Dimitte
1875 674 2358 764 Euphrasiam.
2412 686 2489 743 ut
2534 684 2643 743 eat
2690 673 3081 744 nobiscum.

536 767 672 831 Rex
702 762 891 830 enim
942 761 1064 830 illa
1109 783 1287 852 opus
1326 762 1551 831 habet.
1587 768 1845 832 Iterum
1879 763 2019 831 vidi
2065 763 2272 833 etiam
2302 762 2477 833 alios
2500 763 2849 832 venientes
2880 775 3088 850 atque

534 850 881 920 dicentes:
934 854 1221 920 Assume
1248 851 1709 942 Euphrasiam
1749 865 1816 922 et
1845 851 2074 921 adduc
2106 873 2255 921 eam
2291 865 2512 922 tecum
2564 852 2649 921 ad
2686 851 3083 923 Dominum.

536 944 676 1029 Ego
725 940 955 1026 itaque
1002 938 1131 1009 tuli
1177 962 1352 1020 eam,
1407 945 1687 1028 unaque
1720 963 1842 1031 pro
1895 941 2241 1011 eravimus
2271 964 2433 1011 cum
2465 941 2630 1011 viris
2669 940 2851 1011 illis:
2885 963 3088 1011 cum-

536 1049 672 1116 que
704 1029 1131 1099 venissemus
1179 1028 1265 1099 ad
1318 1042 1578 1121 portam
1615 1052 1824 1117 quam
1881 1052 2018 1113 am,
2053 1031 2256 1119 cujus
2296 1029 2732 1120 splendorem
2761 1050 3091 1099 enarrare

539 1139 678 1187 non
729 1117 1024 1198 sufficie,
1076 1141 1158 1188 ea
1205 1118 1404 1189 nobis
1450 1119 1632 1189 ultro
1702 1141 1743 1188 a
1794 1132 1939 1189 erta
2002 1131 2127 1189 est.
2181 1124 2384 1188 Porro
2431 1118 2613 1188 intro
2679 1119 3031 1210 ingressae
3065 1172 3082 1197 ‚

538 1206 844 1276 vidimus
885 1207 1216 1298 palatium
1250 1208 1680 1279 incredibilis
1712 1230 1749 1277 e
1779 1208 2114 1297 egantiae‚
2160 1206 2681 1294 thalamumque
2711 1206 3088 1277 sublimem

537 1306 603 1365 et
649 1296 901 1366 solium
953 1296 1260 1387 nuptiale
1308 1318 1445 1365 non
1503 1297 2005 1367 manufactum.
2061 1302 2138 1366 Et
2188 1316 2315 1386 ego
2360 1296 2642 1383 quidem
2695 1318 2830 1364 non
2895 1294 3089 1385 potui

539 1384 626 1453 ad
670 1386 994 1456 interiora
1042 1396 1419 1476 penetrare,
1460 1385 1576 1456 sed
1626 1385 1818 1455 illam
1868 1407 2101 1455 secum
2147 1385 2592 1464 abducentes,
2649 1384 2939 1454 Domino
2984 1384 3089 1453 of—

538 1473 869 1544 ferebant.
925 1474 1048 1544 Illa
1099 1497 1253 1544 vero
1300 1474 1528 1544 statim
1603 1496 1764 1544 eum
1822 1473 2168 1555 adoravit,
2221 1473 2668 1560 osculataque
2724 1486 2827 1543 est
2880 1473 3089 1563 pedes

540 1563 690 1651 ejus
737 1562 1242 1634 immaculatos.
1282 1563 1430 1632 Vidi
1481 1562 1623 1632 illic
1673 1563 2077 1649 angelorum
2134 1563 2479 1651 myriades
2526 1576 2591 1632 et
2639 1563 2879 1632 turbas
2927 1584 3127 1631 san--

539 1665 805 1721 ctorum
859 1651 1445 1732 innumerabileS,
1500 1651 1570 1719 in
1620 1651 2077 1741 Euphrasiam
2142 1672 2304 1720 suos
2350 1652 2633 1721 obtutus
2681 1650 3082 1740 defigentes.

540 1746 709 1811 Ecce
747 1755 977 1810 autem
1032 1754 1245 1810 mater
1292 1739 1562 1809 Domini
1609 1741 2005 1819 adveniens,
2048 1737 2218 1827 tulit,
2252 1763 2402 1809 eam
2454 1762 2713 1821 secum,
2750 1739 3088 1810 ostendit-

539 1851 676 1917 que
721 1830 784 1899 ei
832 1829 1167 1919 palatium
1216 1841 1280 1899 et
1328 1829 1710 1897 thalamum
1744 1841 1811 1897 et
1857 1828 2166 1919 nuptiale
2217 1828 2449 1910 decuS,
2485 1849 2952 1916 coronamque
2983 1827 3092 1897 illi

539 1930 1045 2009 praeparatam.
1110 1917 1352 1987 Audivi
1427 1930 1655 1987 autem
1723 1938 1957 1987 vocem
2032 1917 2412 1987 dicentem:
2456 1917 2862 2008 Euphrasia‚
2916 1918 3090 1987 haec

540 2019 642 2077 est
676 2028 936 2076 merces
979 2018 1119 2076 tua.
1175 2012 1253 2076 Et
1313 2028 1500 2076 nunc
1548 2006 1829 2094 quidem
1883 2006 2138 2076 redibis
2186 2006 2268 2075 ad
2341 2019 2480 2089 tua,
2551 2005 2669 2076 sed
2741 2018 2894 2097 post
2940 2005 3092 2078 dies

542 2095 779 2165 decem
830 2095 1254 2166 revocaberis
1314 2095 1452 2166 huc
1499 2106 1564 2164 et
1628 2096 1877 2164 frueris
1932 2095 2041 2165 his
2089 2096 2290 2164 bonis
2341 2117 2461 2185 per
2505 2095 2780 2165 infinita
2826 2094 3084 2164 secula.

544 2189 710 2254 Cum
745 2185 835 2254 sit
880 2196 1109 2285 autem
1160 2206 1341 2254 nona
1388 2184 1558 2266 dieS‚
1599 2197 2046 2274 posteaquam
2078 2184 2246 2254 haec
2277 2185 2450 2254 visio
2481 2185 2652 2253 mihi
2691 2184 2921 2255 oblata
2957 2197 3084 2265 est,

550 2294 704 2343 cras
753 2286 1157 2343 morietur.»

634 2370 673 2444 ἓ
727 2367 895 2434 20.
949 2368 1130 2431 Haec
1178 2385 1337 2432 cum
1387 2361 1693 2431 audisset
1717 2360 1894 2430 clam
1943 2361 2162 2443 Julia,
2189 2375 2426 2447 pectus
2474 2362 2855 2447 faciemque
2890 2382 3096 2431 suam

544 2452 910 2522 verberans
941 2465 1006 2521 et
1054 2452 1226 2521 flens
1274 2451 1729 2532 amarissime,
1782 2450 1985 2520 rediit
2032 2450 2119 2520 ad
2163 2450 2641 2542 Euphrasiam.
2710 2449 2901 2533 Quod
2968 2450 3097 2521 illa

543 2563 857 2623 cernens,
912 2540 1084 2612 dixit
1114 2543 1217 2610 ci:
1273 2564 1309 2607 «
1343 2541 1635 2626 Conjuro
1684 2553 1746 2609 te
1782 2561 1901 2629 per
1923 2539 2171 2609 Filium
2214 2540 2357 2621 Dei,
2388 2562 2582 2611 soror
2615 2540 2665 2607 J
2670 2540 2835 2620 ulia,
2874 2552 2951 2609 ut
2978 2540 3091 2609 in-

541 2631 733 2701 dices
780 2631 976 2711 mihi,
1031 2629 1199 2717 quid
1251 2628 1553 2698 audieris
1599 2641 1665 2697 et
1711 2630 2163 2715 quamobrem
2220 2629 2317 2699 ita
2373 2629 2684 2720 plangas,
2725 2652 2760 2696 »
2811 2628 2938 2698 Illa
2986 2651 3097 2698 re-

543 2720 861 2811 spondit:
939 2740 975 2785 «
1034 2718 1252 2787 Hodie
1329 2739 1627 2804 namquo
1696 2718 1784 2786 ab
1859 2717 2153 2787 invicem
2205 2719 2708 2808 separabimur.
2764 2723 2848 2788 Ut
2902 2717 3097 2787 enim

541 2808 800 2888 audivi,
855 2829 1010 2878 cras
1040 2806 1326 2876 excedes
1371 2829 1410 2876 e
1441 2806 1645 2877 vita.»
1695 2811 1836 2876 Hoc
1864 2806 1982 2876 illa
2035 2807 2364 2887 audienS,
2419 2829 2675 2897 angore
2723 2819 3084 2897 correpta,

544 2898 791 2968 cecidit
838 2896 908 2965 in
945 2908 1218 2975 terram,
1290 2895 1710 2986 rogabatque
1760 2896 2164 2976 Dominum,
2222 2896 2509 2966 dicens:
2570 2920 2596 2960 e
2630 2901 2763 2965 Cur
2812 2897 3098 2966 Domine

545 2985 969 3056 abominaris
1018 3005 1127 3052 me
1187 2986 1621 3075 peregrinam
1669 2997 1733 3054 et
1779 2985 2212 3074 orphanam?
2275 3008 2401 3054 cur
2479 3007 2586 3055 me
2634 2985 2755 3055 des
2811 2986 2935 3054 icis
2982 2985 3100 3075 pie

543 3077 755 3144 Jesu?
800 3079 970 3144 Ecce
1017 3095 1204 3142 nunc
1240 3085 1512 3163 tempus
1559 3072 1753 3144 adest
1797 3095 1934 3161 quo
1981 3074 2353 3165 confligere
2387 3096 2497 3143 me
2528 3087 2763 3165 oporte
2815 3087 2883 3143 at
2929 3096 3098 3144 curn

458 3241 469 3250 Ι
547 3163 862 3252 improbo
909 3162 1242 3231 daemone
1296 3175 1363 3232 et
1407 3161 1642 3231 anima
1692 3184 1846 3232 mea
1909 3185 1949 3232 a
1995 3184 2105 3232 me
2164 3166 2514 3252 repetltur.
2570 3164 2885 3232 Miserere
2946 3162 3090 3232 mei

548 3252 833 3320 Domine
877 3256 1045 3322 Jesu
1092 3251 1351 3321 Christe
1398 3264 1464 3320 et
1513 3254 1742 3341 patere
1800 3273 1908 3320 me
1954 3251 2185 3322 adhuc
2232 3273 2496 3321 annum
2544 3273 2768 3321 unum
2819 3273 3098 3341 perma—

548 3362 710 3410 nere
757 3341 825 3409 in
879 3339 1007 3409 hac
1067 3339 1223 3420 vita,
1276 3351 1351 3409 ut
1413 3339 1737 3432 plangam
1792 3353 2065 3430 peccata
2125 3361 2300 3410 mea.
2357 3345 2524 3410 Sum
2572 3340 2753 3410 enim
2808 3340 3100 3411 Domine

545 3450 787 3519 expers
857 3427 1312 3518 poenitentiae
1358 3442 1423 3498 et
1469 3428 1661 3499 omni
1714 3429 1959 3519 pietate
2016 3428 2364 3499 destituta.
2417 3434 2626 3499 Nemo
2683 3430 2755 3499 in
2823 3428 3098 3500 inferno

547 3517 985 3589 confitebitur
1025 3515 1170 3597 tibi,
1227 3538 1363 3586 non
1411 3530 1514 3588 est
1573 3517 1644 3586 in
1722 3517 2039 3617 sepulcro
2111 3517 2567 3608 poenitentia,
2621 3541 2759 3588 non
2810 3538 3098 3608 possum

546 3619 701 3765 Eost
760 3619 1047 3676 mortem
1096 3605 1467 3693 quicquam
1521 3606 1850 3696 lacrymis
1915 3605 2284 3697 proficere:
2361 3607 2479 3676 sed
2532 3608 2763 3677 vivens
2811 3606 3097 3677 confite—

596 3696 735 3765 itur
780 3696 906 3766 tibi
937 3706 1002 3764 et
1047 3693 1357 3764 laudabit
1407 3716 1655 3764 nomen
1709 3709 2030 3766 sanctum
2071 3708 2341 3765 tuum.»
2391 3702 2571 3767 Haec
2622 3696 2811 3766 illam
2861 3696 3101 3766 dicen-

548 3795 684 3854 tem
715 3784 1053 3871 quaedam
1088 3804 1125 3852 e
1162 3783 1518 3853 sororibus
1547 3783 1814 3854 audivit
1841 3797 1907 3854 et
1945 3783 2175 3854 retulit
2206 3786 2624 3856 Abbatissae:
2669 3807 2848 3873 quae
2900 3785 3101 3856 'ussit

547 3872 737 3942 illam
803 3871 888 3940 ad
939 3894 1013 3941 se
1057 3871 1336 3955 adduci,
1403 3872 1713 3961 dixitque
1757 3873 1821 3943 ei
1882 3874 2126 3943 acerbe
2182 3873 2519 3964 ploranti:
2573 3898 2613 3942 a
2645 3875 2822 3958 Quid
2936 3875 3102 3946 abes

547 3960 738 4030 filia?
809 3960 977 4047 quid
1041 3958 1135 4060 ita
1203 3960 1722 4053 ingemiscis‘l»
1782 3962 1910 4033 Illa
1967 3963 2362 4052 respondit:
2418 3987 2453 4030 «
2500 3963 2696 4034 Ploro
2731 4019 2746 4046 ‚
2807 3964 3103 4034 Domina

547 4071 724 4129 mea,
762 4049 926 4136 quia
973 4049 1231 4119 scivisti
1278 4052 1452 4120 mihi
1512 4073 1922 4142 supremum
1987 4051 2387 4141 impendere
2449 4052 2634 4122 diem
2667 4103 2684 4138 ‚
2751 4074 2876 4122 nec
2925 4052 3102 4121 mihi

547 4137 914 4219 indicasti,
967 4151 1045 4208 ut
1119 4138 1424 4230 lugerem
1502 4153 1782 4231 peccata
1857 4160 2032 4210 mea.
2077 4162 2122 4207 ¹»
2197 4145 2376 4211 Haec
2440 4141 2679 4213 dicens
2722 4195 2738 4223 ‚
2801 4140 3102 4232 procidit

548 4226 621 4296 in
671 4226 1168 4327 ,pavimentum
1206 4283 1222 4311 ‚
1301 4240 1679 4316 tenensque
1751 4228 1960 4319 pedes
2022 4228 2465 4312 Abbatissae‚
2518 4230 2653 4300 ait:
2709 4253 2746 4297 «
2779 4230 3099 4301 Miserere

550 4337 687 4386 met
745 4317 1057 4399 Domina,
1102 4328 1171 4385 et
1213 4339 1335 4387 ora
1383 4340 1503 4409 pro
1554 4339 1663 4387 me
1699 4372 1714 4399 ‚
1766 4329 1844 4388 ut
1891 4317 2225 4389 Dominus
2272 4318 2375 4387 vel
2432 4319 2645 4389 unius
2705 4319 2873 4389 anni
2923 4318 3101 4388 mihi

551 4406 776 4496 spatia
823 4406 1298 4497 impert1atur‚
1351 4428 1438 4476 ne
1470 4429 1580 4478 me
1627 4406 1778 4477 sine
1825 4406 2245 4498 poenitentia
2274 4406 2728 4479 'decedentem
2780 4407 3103 4479 tenebrae
