3327 4999
692 316 818 381 ⁴80
1513 334 1593 381 nn
1642 333 1697 380 s.
1752 328 2067 378 enneomo
2112 330 2276 378 ΡΑΡΑ
2769 310 3013 378 MART.
3068 310 3144 375 42

600 416 941 509 gerendas
991 415 1455 507 praevidendo
1503 415 1783 487 sentire.
1836 414 1960 484 Ille
2008 414 2269 504 quippe
2333 412 2407 483 in
2470 413 2693 484 tribus
2754 412 3027 504 Angelis
3071 434 3151 480 u-

600 528 776 576 num
825 504 1162 584 salutans,
1200 503 1552 575 Trinitatis
1600 502 2082 573 subsistentias
2129 502 2344 572 unius
2392 502 2820 572 substantiae
2848 523 2994 571 esse
3039 499 3152 570 de-

600 592 910 680 claravit.
964 598 1098 662 Iste
1145 613 1304 660 vero
1353 591 1640 663 satiatus
1674 590 2021 661 benedicit
2067 589 2319 670 filium,
2354 590 2521 678 quia
2550 591 2675 678 qui
2702 589 2956 659 divinis
2984 612 3152 680 epu-

601 682 690 752 lis
739 681 1067 772 repletur,
1112 679 1306 749 illius
1354 702 1604 751 sensus
1653 680 1723 748 in
1766 678 2168 770 prophetiae
2217 680 2536 749 virtutem
2581 678 2992 749 extenditur.
3047 677 3155 746 Di-

599 771 804 840 vinae
849 780 1077 838 autem
1129 770 1399 859 epulae,
1446 767 1624 839 sacri
1671 767 1930 854 eloquii
1978 768 2186 838 verba
2245 780 2430 837 sunt.
2495 768 2564 838 Si
2612 768 2827 858 igitur
2881 767 3155 837 assidue

600 858 855 948 legitiS,
895 857 955 928 si
1001 857 1394 947 exemplum
1433 858 1522 927 ab
1547 856 2004 927 exterioribus
2050 855 2422 937 trahenteS,
2463 855 2736 926 interna
2760 856 3149 957 penetratiS,

598 945 804 1034 quasi
851 944 936 1014 de
985 946 1136 1036 agri
1167 944 1523 1015 venatione
1571 944 1823 1026 satiati,
1878 944 2129 1016 mentis
2177 958 2485 1014 ventrem
2533 946 2859 1035 replens:
2913 958 3152 1014 utan-

601 1035 892 1124 teposito
924 1033 1092 1114 filio,
1132 1046 1451 1123 suscepto
1483 1033 1800 1103 videlicet
1837 1032 2120 1123 popule,
2159 1033 2440 1123 possitis
2475 1047 2763 1103 ventura
2793 1034 3146 1103 nunciare.

603 1121 732 1192 Sed
781 1123 928 1213 jam
992 1122 1062 1190 in
1132 1121 1259 1191 hoc
1325 1122 1558 1193 seculo
1624 1120 1755 1191 cali
1811 1135 1879 1190 at
1941 1122 2061 1208 qui
2112 1119 2198 1191 de
2249 1126 2381 1190 Deo
2429 1121 2695 1209 aliquid
2768 1122 3144 1212 prophetat.

601 1210 772 1294 Quia
827 1209 1125 1301 profecto
1155 1210 1450 1301 dignum
1497 1220 1624 1289 est,
1663 1221 1741 1279 ut
1831 1209 1892 1279 ic
1914 1210 2062 1300 jam
2100 1231 2223 1299 per
2251 1210 2888 1299 concupiscentiam
2928 1211 3152 1284 minus

599 1297 848 1379 videat,
887 1299 1093 1389 cujus
1127 1320 1373 1368 sensus
1425 1320 1546 1389 per
1594 1298 2124 1389 intelligentiam
2148 1298 2349 1369 intus
2397 1310 2737 1368 coruscat.
2775 1303 2961 1369 Haec
3001 1319 3153 1386 ergo

600 1387 688 1456 ad
738 1387 1191 1477 vosmetipsos
1241 1387 1507 1468 trahite,
1552 1397 1618 1456 et
1670 1387 1727 1458 si
1778 1385 2107 1456 vestales
2154 1386 2554 1476 agnoscitiS,
2595 1386 2769 1456 nihil
2826 1399 2931 1458 est
2977 1385 3152 1474 quod

597 1475 684 1544 de
732 1487 964 1574 vestra·
1003 1475 1479 1576 aestimatione
1537 1474 1893 1575 dubitetis.
1952 1474 2266 1546 Gaudere
2312 1477 2593 1563 qu'oque
2654 1475 3147 1545 beatitudinem

596 1573 896 1632 vestram
949 1585 1245 1645 invenio,
1283 1587 1340 1633 ει
1383 1585 1649 1633 voracis
1683 1585 1936 1633 nomen
1985 1585 2148 1632 cum
2196 1585 2432 1633 rerum
2481 1575 2761 1633 auctore
2792 1565 3145 1633 sustineat.

599 1651 791 1734 Quod
842 1672 969 1741 ego
1000 1651 1293 1721 breviter
1338 1673 1628 1741 expon0‚
1693 1651 1860 1738 quia
1908 1651 1968 1719 si
2015 1651 2102 1719 de
2149 1650 2343 1722 vobis
2399 1650 2651 1723 falsum
2704 1651 2992 1731 dicitur,
3047 1673 3155 1720 no-

596 1759 756 1808 men
795 1739 924 1808 hoc
974 1740 1302 1810 veraciter
1348 1760 1510 1809 cum
1563 1761 1794 1809 rerum
1825 1751 2105 1809 auctore
2144 1740 2523 1810 sustinetis.
2562 1740 2629 1810 Si
2668 1761 2828 1810 vero
2854 1740 2944 1810 de
2972 1740 3153 1810 vobis

598 1847 837 1896 verum
887 1839 989 1897 est
1035 1827 1219 1914 quod
1251 1827 1337 1913 de
1386 1827 1504 1896 illo
1538 1826 1794 1897 salsum
1834 1826 2051 1898 fuisse
2105 1827 2264 1914 quis
2309 1827 2599 1909 dubitet,
2638 1828 2999 1899 absolvere
3046 1849 3155 1896 vos

600 1936 740 1984 non
790 1914 968 1985 valet
1017 1938 1142 2005 par
1191 1937 1482 1997 nomen,
1535 1937 1833 2002 quorum
1885 1915 2125 2006 dispar
2188 1926 2292 1985 est
2350 1938 2585 1986 causa.
2644 1922 2815 1987 Nam
2876 1939 3038 1987 cum
3084 1937 3156 1986 eo

599 2025 879 2073 crucem
928 2003 1136 2073 etiam
1186 2004 1537 2094 periturus
1571 2004 1744 2073 latro
1791 2004 2134 2093 suscepit:
2172 2003 2288 2073 sed
2330 2026 2535 2092 quem
2576 2018 2804 2076 reatus
2832 2005 3151 2096 proprius

596 2092 843 2172 tenuit,
930 2115 1008 2161 ar
1053 2092 1410 2162 crucifixio
1451 2114 1587 2161 non
1638 2092 1954 2163 absolvit.
1999 2097 2136 2183 Ego
2187 2105 2413 2161 tamen
2463 2094 2746 2179 quantis
2788 2094 2982 2164 valeo
3016 2115 3155 2184 pre-

597 2179 800 2249 cibus
897 2202 1167 2271 eposco,
1204 2192 1280 2251 ut
1328 2181 1839 2251 sanctissimam
1883 2179 2378 2249 fraternitatem
2422 2194 2713 2250 vestram
2747 2182 3020 2252 auctori
3050 2202 3155 2249 no-

599 2278 741 2338 stro
775 2273 906 2337 Deo
952 2289 1090 2339 non
1127 2270 1352 2340 solum
1404 2290 1682 2348 nomen,
1738 2268 1856 2338 sed
1906 2267 2112 2337 etiam
2148 2290 2361 2338 causa
2408 2270 2812 2359 conjungat.
2847 2268 3155 2340 Convivia

600 2367 830 2425 autem
867 2378 1045 2443 quae
1078 2379 1159 2427 ex
1208 2357 1590 2426 intentione
1639 2355 2148 2446 impendendae
2192 2355 2802 2438 charitatisfiunt‚
2842 2371 3026 2428 recte
3056 2379 3154 2426 ve—

600 2455 742 2515 stra
777 2446 1106 2517 sanctitas
1155 2446 1223 2514 in
1278 2445 1425 2517 suis
1473 2444 1785 2536 epistolis
1833 2443 2092 2515 laudat.
2164 2444 2290 2513 Sed
2342 2456 2571 2515 tamen
2621 2444 2991 2517 sciendum
3042 2455 3149 2526 est,

598 2533 765 2620 quia
816 2546 981 2603 tunc
1033 2534 1360 2603 veraciter
1406 2555 1487 2602 ex
1534 2533 1869 2603 charitate
1917 2533 2282 2623 prodeunt,
2320 2555 2484 2602 cum
2533 2535 2603 2602 in
2652 2534 2754 2606 eis
2802 2536 3004 2605 nulla
3047 2535 3153 2603 ab·

599 2621 903 2691 sentium
954 2623 1092 2692 vita
1132 2621 1512 2700 mordetur,
1554 2620 1793 2690 nullus
1840 2642 1919 2690 ex
1970 2621 2291 2690 irrisione
2332 2622 2887 2711 reprehenditur,
2927 2637 2994 2694 et
3035 2642 3153 2691 non

596 2710 673 2778 in
731 2711 831 2781 eis
879 2711 1121 2781 inanes
1169 2708 1590 2778 secularium
1642 2709 2076 2799 negotiorum
2127 2708 2443 2790 fabulae,
2504 2710 2623 2779 sed
2675 2711 2882 2781 verba
2934 2730 3152 2781 sacrae

599 2797 913 2868 lectionis
960 2798 1386 2867 audiuntur:
1454 2818 1619 2866 cum
1687 2819 1824 2866 non
1874 2797 2036 2886 plus
2082 2820 2295 2886 quam
2345 2819 2625 2868 necesse
2680 2810 2805 2880 est,
2871 2800 3154 2870 servitur

598 2887 895 2975 corpori,
937 2884 1055 2954 sed
1097 2884 1243 2954 sola
1289 2885 1442 2973 ejus
1483 2884 1853 2954 infirmitas
1894 2885 2222 2967 reficitur,
2264 2896 2342 2955 ut
2389 2885 2476 2954 ad
2527 2910 2700 2957 usus
2747 2886 3152 2958 exercendae

596 2972 873 3044 virtutis
922 2972 1277 3042 habeatur.
1333 2977 1513 3042 Haec
1562 2973 1794 3059 itaque
1850 2973 1909 3042 si
1966 2995 2086 3042 vos
2134 2973 2207 3042 in
2259 2973 2501 3045 vestris
2548 2975 2888 3045 conviviis
2935 2999 2976 3045 a
3028 2975 3149 3050 itis,

599 3060 1097 3133 abstinentium
1144 3060 1421 3150 (fateor)
1466 3060 1785 3151 magistri
1817 3061 2006 3131 estis.
2061 3060 2256 3143 Quod
2289 3083 2453 3152 ergo
2491 3063 2685 3132 Pauli
2726 3068 2980 3154 Aposto
3014 3066 3032 3131 i
3076 3058 3151 3130 ad

595 3171 709 3218 me
758 3149 1234 3220 testimonium
1268 3149 1624 3239 posuistis,
1665 3148 1801 3231 Qui
1833 3171 1971 3218 non
2006 3150 2407 3229 manducat,
2450 3152 2995 3221 manducantem
3030 3171 3150 3219 non

587 3237 898 3328 judicet:
952 3237 1238 3308 omnino
1303 3237 1620 3307 existimo
1695 3237 1895 3307 incon
1956 3259 2160 3307 ruum
2229 3236 2467 3307 fuisse.
2533 3240 2711 3321 Quia
2770 3262 2998 3327 neque
3043 3257 3153 3326 ego

596 3347 736 3396 non
772 3324 1084 3405 comedo,
1130 3347 1353 3412 neque
1381 3326 1470 3395 ob
1521 3325 1649 3393 hoc
1699 3347 1740 3394 a
1788 3331 1931 3394 Pau
1961 3347 2000 3395 o
2034 3326 2352 3414 Apostolo
2384 3326 2646 3396 dictum
2679 3339 2804 3408 est,
2837 3343 2920 3398 ut
2952 3347 3151 3397 mem·

595 3413 724 3483 bra
756 3414 1003 3484 Christi
1053 3435 1231 3500 quae
1280 3414 1348 3482 in
1399 3414 1551 3503 ejus
1599 3434 1911 3502 corpore,
1969 3413 2039 3482 id
2088 3425 2214 3493 est,
2278 3413 2350 3482 in
2400 3414 2706 3485 Ecclesia
2754 3417 2886 3485 sibi
2937 3411 3151 3485 chari-

596 3503 757 3573 tatis
803 3505 1140 3593 compage
1170 3523 1481 3571 connexa
1529 3511 1715 3581 sunt,
1756 3500 2022 3570 nullam
2073 3501 2160 3570 de
2190 3522 2262 3570 se
2310 3501 2455 3571 ullo
2506 3503 2710 3572 modo
2760 3526 3002 3573 curam
3051 3521 3151 3591 ge-

598 3602 778 3661 rant.
817 3590 942 3661 Sed
996 3591 1055 3661 si
1106 3611 1327 3676 neque
1366 3611 1491 3678 ego
1532 3588 1619 3658 ad
1671 3600 1757 3669 te,
1800 3609 2025 3676 neque
2072 3601 2149 3658 tu
2196 3587 2461 3677 aliquid
2544 3591 2876 3661 er'tineres
2915 3591 3001 3661 ad
3033 3609 3147 3666 me,

587 3679 753 3770 jure
800 3690 1023 3749 tacere
1069 3677 1562 3769 compellerer:
1616 3688 1695 3746 ut
1726 3697 1888 3746 eum
1938 3699 2078 3747 non
2129 3678 2461 3768 reprehen
2519 3701 2704 3748 erem
2753 3681 2877 3767 qui
2931 3698 3149 3749 emen·

595 3767 750 3837 dari
786 3789 922 3837 non
961 3777 1210 3857 posset.
1268 3770 1449 3835 Haec
1483 3786 1647 3855 ergo
1696 3766 2036 3835 sententia
2073 3777 2352 3855 propter
2398 3787 2516 3836 eos
2563 3767 3001 3837 solummodo
3057 3762 3152 3831 di-

594 3866 709 3926 cta
755 3869 858 3925 est
903 3855 1025 3943 qui
1073 3854 1230 3923 illos
1269 3854 1591 3942 judicare
1647 3853 1968 3934 student,
2040 3873 2342 3939 quorum
2391 3876 2558 3924 cura
2607 3854 2744 3924 sibi
2791 3853 3149 3949 commissa

600 3966 740 4014 non
787 3954 914 4014 est.
954 3949 1031 4021 At
1080 3954 1444 4032 postquam
1487 3963 1614 4011 nos
1662 3953 1943 4011 auctore
1984 3942 2271 4011 Domino
2320 3964 2542 4011 unum
2577 3965 2848 4025 sumus,
2881 3943 2940 4013 si
2974 3940 3148 4010 votus

600 4055 707 4109 ea,
758 4053 938 4118 quae
985 4030 1393 4131 corrigenda
1427 4041 1610 4111 sunt,
1652 4040 1985 4110 tacemuS,
2023 4028 2222 4098 valde
2250 4029 2751 4117 delinquimus,
2781 4055 2816 4098 »

695 4123 731 4208 ξ
785 4125 946 4190 99.
999 4122 1354 4189 Neminem
1397 4139 1562 4187 sane
1630 4116 2044 4207 pontificum
2094 4140 2134 4186 a
2188 4119 2508 4208 paroecia
2565 4141 2693 4189 sua
2749 4120 2991 4189 saltem
3038 4134 3147 4205 pa·

600 4229 890 4299 rumper
935 4206 1198 4294 absque
1258 4205 1636 4277 inevitabili
1702 4227 1988 4296 prorsus
2047 4206 2448 4277 necessitate
2509 4206 2860 4277 discedere
2907 4211 3136 4298 Gregoj

600 4297 752 4368 rius
798 4295 1257 4389 permittebat,
1300 4316 1477 4382 quos
1511 4293 1846 4364 nimirum
1900 4293 1968 4362 in
2017 4293 2251 4363 causis
2305 4294 2782 4365 mundialibus
2827 4315 2991 4365 occu
3041 4310 3133 4390 art

602 4384 1203 4457 vehementissime
1279 4381 1710 4473 prohibebat.
1792 4381 1985 4453 Unde
2058 4387 2367 4454 Romano
2437 4383 2780 4457 defensori
2862 4381 2995 4454 scri
3043 4389 3134 4458 lt,
