3327 4999
2302 111 2352 331 {l

669 357 798 422 646
1423 373 1502 419 uz
1550 374 1604 419 s.
1660 370 1947 419 nEnAcLo
1996 367 2294 417 Emscoro
2361 361 2392 411 Ἄ
2655 352 2758 418 Ex
2809 351 3036 417 SEPT.
3101 353 3145 417 3

575 477 658 526 su
714 452 1026 541 plicium.
1064 453 1242 537 Quid
1278 473 1433 522 vero
1474 452 1705 522 clerici
1756 452 1968 542 hujus
2032 449 2456 520 horrendum
2495 449 2881 541 judicium,
2936 450 3146 519 aliud

576 565 664 612 no
715 543 777 611 is
825 542 1078 620 innuit,
1127 542 1258 610 nisi
1293 553 1368 610 ut
1416 551 1689 611 sanctos
1729 541 1959 610 locum
2006 540 2195 608 hunc
2244 537 2637 608 incolentes
2665 543 3149 608 revereamur?

577 631 768 701 Sicut
814 631 998 700 enim
1031 629 1136 698 illi
1191 642 1347 699 ante
1397 630 1764 698 Dominum
1815 629 2236 709 assistentes,
2278 649 2400 718 pro
2447 627 2674 727 culpis
2725 627 2980 697 nostris
3011 628 3146 697 be-

577 719 788 809 nigne
864 718 1337 788 intercedunt:
1393 718 1486 787 ita
1553 716 1928 798 interdum,
1982 716 2236 785 nostris
2284 715 2649 786 maleficiis
2694 716 3139 797 exacerbati,

578 830 702 877 nos
735 818 1085 878 accusant.

663 899 700 983 ἓ
745 899 877 969 Π.
933 895 1084 966 Fuit
1130 895 1315 985 apud
1351 915 1475 966 nos
1523 894 1705 965 alius
1751 893 2037 981 quidam
2066 892 2383 973 clericus,
2432 915 2471 961 a
2514 914 2726 984 puero
2766 893 3133 976 educatuS‚

578 983 993 1055 monasterio
1042 997 1272 1054 nostro
1319 984 1403 1053 ad
1457 984 1673 1053 multa
1720 983 1912 1052 utilis
1960 993 2024 1052 et
2085 981 2600 1052 accommodus.
2657 987 2726 1052 Is
2774 983 2842 1051 in
2897 994 3141 1052 nostro

577 1072 1029 1144 contubernio
1078 1073 1341 1143 vivebat
1399 1071 1761 1142 nobiscum
1811 1071 2243 1140 familiariter
2273 1083 2336 1139 et
2387 1071 2585 1140 nobis
2632 1082 2776 1140 erat
2817 1071 3139 1162 impense

579 1163 857 1231 charus.
911 1161 1204 1251 Contigit
1250 1160 1522 1229 interim
1574 1160 2004 1229 Comitissam
2053 1158 2429 1246 quamdam
2474 1159 2934 1229 venerabilem
3005 1181 3140 1250 pro

581 1249 801 1320 salute
850 1272 978 1320 sua
1025 1271 1159 1318 non
1215 1250 1402 1338 parvi
1455 1248 1653 1338 pretii
1715 1248 2005 1319 fibulam
2067 1270 2345 1317 auream
2398 1247 2484 1317 ad
2546 1247 2957 1318 coenobium
3009 1270 3144 1316 no-

581 1351 801 1408 strum
847 1337 1001 1427 (ita
1046 1338 1232 1407 enim
1282 1338 1605 1426 voverat)
1666 1336 1955 1405 mittere.
2020 1335 2188 1406 Inde
2235 1336 2589 1427 malignus
2654 1336 2948 1407 daemon
3009 1337 3134 1424 qui

578 1427 945 1518 diligenter
1020 1426 1381 1497 hominum
1431 1425 1701 1496 animos
1748 1424 2076 1515 explorat,
2124 1426 2195 1494 in
2251 1446 2427 1512 quae
2475 1425 2638 1494 vitia
2690 1424 3141 1516 procliviores

580 1516 741 1596 sint,
780 1515 1137 1605 occasione
1183 1524 1478 1604 arrepta,
1532 1512 1767 1583 clerici
1817 1513 2028 1604 hujus
2062 1525 2356 1582 mentem
2413 1525 2770 1603 pertentat.
2816 1513 2940 1584 Ille
2972 1536 3136 1583 vero

584 1603 1081 1690 nequissimam
1158 1604 1665 1694 suggestionem
1724 1623 1855 1672 non
1957 1602 2259 1671 ravitatis
2320 1602 2633 1682 consili0,
2685 1625 2808 1672 nec
2858 1603 3152 1674 virtutis·

579 1692 965 1763 constantia
1046 1714 1397 1781 respuens,
1462 1690 1703 1760 oculos
1750 1691 1832 1759 ad
1935 1691 2199 1761 ibulam
2250 1690 2526 1780 adjicit,
2597 1712 2890 1778 eamque
2949 1690 3132 1760 clam

584 1782 988 1851 suffuratur.
1028 1786 1169 1851 Non
1220 1779 1344 1849 diu
1378 1791 1528 1870 post
1563 1780 1786 1849 Abbas
1828 1792 2057 1848 noster
2086 1784 2528 1869 Ravengerus
2575 1779 2744 1849 dum
2793 1779 3137 1866 quosdam

580 1891 616 1938 e
677 1869 877 1938 nobis
924 1869 1008 1939 ad
1061 1889 1291 1939 sacros
1339 1867 1616 1937 ordines
1667 1867 1809 1936 vult
1885 1868 2311 1968 promoveri,
2364 1867 2451 1937 ad
2519 1868 2938 1959 Episcopum
3007 1890 3139 1938 nos

581 1957 810 2037 mittit,
853 1956 1179 2044 adjuncto
1228 1954 1427 2025 nobis
1475 1956 1681 2025 etiam
1744 1956 2016 2035 clerice,
2073 1956 2158 2024 de
2205 1977 2342 2043 quo
2393 1977 2578 2025 nunc
2627 1957 2926 2058 agimus,
2975 1961 3139 2037 Erat

583 2058 725 2115 tum
776 2043 1346 2134 Quadragesima.
1401 2043 1538 2114 Etsi
1570 2054 1798 2113 autem
1851 2044 1966 2113 ille
2003 2045 2172 2113 tanti
2202 2044 2548 2135 sacrilegii
2581 2045 2717 2115 sib1
2759 2057 2938 2116 esset
2966 2050 3139 2115 con-

582 2134 794 2215 sciuS,
841 2132 1035 2203 nulla
1093 2146 1322 2201 tamen
1375 2132 1441 2200 id
1506 2154 1729 2219 neque
1777 2132 2228 2213 confessione,
2281 2155 2505 2220 neque
2555 2134 2972 2224 poenitentia
3019 2156 3140 2204 ex-

584 2223 818 2312 piavit,
873 2221 990 2292 sed
1039 2220 1465 2291 confidenter
1512 2221 1877 2292 nobiscum
1930 2222 2397 2311 proficiscens,
2457 2223 2795 2292 Diaconus
2849 2222 3138 2292 ordina-

586 2321 696 2381 tus
742 2320 866 2390 est,
921 2331 1057 2379 non
1098 2310 1478 2391 atte11denS‚
1531 2309 1714 2396 quod
1766 2310 2102 2401 scriptum
2136 2321 2259 2379 est:
2308 2309 2741 2380 Mundamini
2773 2312 2896 2398 qui
2945 2310 3140 2381 fertis

587 2420 750 2468 vasa
798 2398 1095 2468 Domini:
1149 2420 1309 2466 cum
1371 2398 1611 2485 utique
1656 2420 1811 2480 eos,
1864 2398 1983 2486 qui
2033 2399 2340 2489 corporis
2380 2411 2445 2469 et
2492 2400 2857 2490 sanguinis
2906 2401 3144 2469 Domi-

586 2487 726 2558 nici
794 2487 976 2558 vasis
1025 2486 1401 2559 tractandis
1464 2487 1927 2569 adhibentur,
1997 2487 2296 2558 mundos
2343 2499 2409 2558 et
2459 2488 2762 2579 probatis
2824 2489 3142 2560 moribus

584 2598 736 2648 esse
783 2599 823 2647 o
877 2588 1113 2647 orteat.
1167 2576 1491 2647 Absoluto
1538 2577 1789 2646 deinde
1837 2577 2177 2647 sacrificio
2225 2588 2288 2646 et
2336 2578 2657 2678 precibus
2703 2578 3135 2668 vespertinis,

587 2687 714 2736 nos
764 2687 803 2733 a
912 2665 1290 2756 hospitium
1342 2665 1549 2745 imm,
1603 2687 1908 2752 eousque
1958 2666 2290 2755 producta
2328 2667 2599 2756 Jejunia
2649 2665 2967 2737 soluturi.
3034 2668 3144 2737 Ibi

589 2755 766 2824 inter
813 2753 1159 2825 edendum
1204 2753 1319 2822 ille
1367 2753 1708 2823 confrater
1757 2766 1986 2824 noster
2017 2754 2222 2834 cadit,
2276 2753 2542 2824 frendet
2569 2754 2917 2836 dentibuS,
2965 2756 3144 2824 mire

586 2865 666 2912 ac
734 2842 981 2912 misere
1028 2863 1099 2911 se
1147 2841 1442 2921 collldit‚
1499 2863 1760 2928 nosque
1809 2842 2311 2912 admirabiliter
2366 2843 2895 2934 obstupefactos,
2960 2866 3040 2913 co
3094 2845 3147 2914 it

587 2930 928 3000 laboranti
977 2930 1110 2999 sihi
1144 2929 1408 2999 adesse.
1453 2935 1600 2999 Mox
1649 2951 1686 2998 a
1723 2951 1959 2999 mensa
2021 2931 2403 3020 surgimus,
2442 2931 2786 3023 permulta
2836 2954 3020 3018 reme
3076 2934 3144 3001 ia

588 3022 866 3088 summa
914 3017 1386 3089 benevolentia
1435 3017 1874 3088 adhibemus:
1932 3018 2048 3088 sed
2099 3017 2352 3089 frustra
2429 3020 2696 3099 omnia,
2753 3019 2985 3089 divino
3024 3021 3143 3112 ju-

585 3106 770 3176 dicio
819 3107 889 3174 in
931 3127 1091 3176 eum
1131 3106 1252 3195 jus
1301 3106 1431 3174 sibi
1483 3105 1759 3175 diabolo
1824 3107 2249 3177 vendicante.
2310 3113 2470 3177 Tota
2520 3122 2715 3179 nocte
2763 3109 3146 3180 discrucia-

590 3216 749 3263 mur
795 3194 1049 3263 animis
1095 3206 1161 3264 et
1194 3192 1390 3263 valde
1454 3194 1892 3264 afflictamur.
1958 3195 2258 3265 Tandem
2337 3196 2494 3265 beni
2554 3219 2685 3266 nus
2735 3201 2950 3278 Deus,
3020 3220 3144 3267 no-

588 3282 737 3351 lens
776 3282 962 3374 apud
1013 3294 1275 3352 exteros
1309 3295 1447 3352 tam
1498 3282 1773 3353 foedum
1826 3306 2064 3353 casum
2150 3284 2349 3353 nobis
2402 3306 2478 3354 ce
2530 3306 2642 3353 ere
2686 3285 2771 3353 ad
2841 3287 3144 3376 ignomi-

590 3370 803 3454 niam,
845 3370 1207 3463 profligato
1254 3370 1613 3451 daemone,
1725 3373 2009 3443 raestitit
2055 3384 2131 3443 ut
2178 3371 2542 3443 nobiscum
2605 3373 2978 3444 incolumis
3029 3396 3138 3444 re·-

593 3458 791 3530 diret.
855 3465 931 3529 Et
981 3461 1246 3551 integra
1322 3472 1465 3528 tum
1517 3460 1649 3530 heb
1703 3461 1949 3530 omada
2002 3460 2262 3530 nullam
2339 3462 2555 3533 sensit
2612 3462 2901 3552 maligni
2952 3462 3142 3532 illius

591 3547 1140 3619 infestationem:
1193 3569 1330 3635 qua
1385 3549 1496 3617 Dei
1561 3548 1983 3638 benignitate
2031 3549 2146 3618 ille
2216 3550 2517 3632 abusuS,
2572 3549 2795 3620 noluit
2869 3549 3143 3621 facinus

589 3658 795 3706 suum
848 3637 1192 3707 confiteri:
1245 3658 1460 3724 eaque
1496 3637 1762 3708 incuria
1816 3637 2081 3707 hostem
2131 3637 2429 3708 reddidit
2466 3638 2934 3708 valentiorem.
2970 3645 3140 3709 Nam

589 3747 749 3795 cum
802 3724 1238 3816 Completorii
1297 3745 1529 3815 preces
1592 3726 1946 3794 Dominico
2011 3724 2122 3795 die
2182 3727 2758 3816 persolveremUS,
2824 3727 3055 3797 acrius
3100 3750 3144 3798 a

588 3813 922 3884 daemone
990 3813 1342 3904 arripitur,
1398 3834 1521 3882 nec
1551 3815 1701 3903 jam
1741 3811 2188 3885 succurrebat
2237 3815 2459 3896 nobiS,
2514 3837 2651 3902 quo
2718 3827 2914 3905 pacto
2960 3816 3023 3884 ei
3071 3839 3144 3887 o-

589 3903 1068 3992 pitularemur‚
1122 3901 1305 3989 quod
1355 3901 1594 3972 incerti
1643 3924 1976 3976 essemus,
2017 3924 2187 3972 num
2237 3915 2515 3974 satanae
2563 3905 2823 3973 vexatio
2872 3904 2991 3973 illa
3038 3926 3144 3974 es-

589 4001 709 4060 set.
775 3995 850 4060 At
908 4003 1133 4059 tamen
1238 4011 1350 4059 rae
1398 3991 1696 4060 fraterna
1769 3991 2368 4061 commiseratione
2444 3992 2762 4062 noctibus
2829 3993 3138 4063 vicissim

592 4077 779 4168 apud
832 4099 990 4147 eum
1043 4078 1179 4169 vigi
1211 4078 1525 4159 abamus,
1582 4079 1907 4166 visusque
1953 4091 2053 4148 est
2103 4080 2301 4149 nobis
2356 4080 2670 4150 crebrius
2716 4101 2927 4166 quam
2974 4080 3142 4150 olim

589 4165 775 4245 Saul,
833 4166 1184 4257 exagitari.
1232 4166 1514 4236 Interim
1564 4166 1929 4236 brachium
1962 4166 2277 4237 dextrum
2327 4190 2463 4256 quo
2490 4182 2811 4256 rapuerat
2859 4191 3138 4250 aurum,

591 4254 864 4342 penitus
911 4255 1259 4324 exarescit.
1316 4255 1520 4325 Nobis
1568 4255 2051 4326 dubitantibus
2085 4312 2100 4337 ,
2166 4279 2252 4325 an
2301 4279 2467 4326 casu
2513 4256 2580 4325 id
2632 4256 2981 4337 acciderit,
3038 4258 3141 4328 vel

593 4342 827 4410 divina
877 4343 1497 4425 animadversione,
1551 4344 1776 4412 Abbas
1826 4357 2056 4414 noster
2088 4367 2229 4414 rem
2281 4345 2489 4417 altius
2530 4345 2986 4435 perpendens,
3025 4367 3142 4414 ne-

591 4452 940 4519 quaquam
991 4431 1259 4501 censuit
1305 4431 1500 4502 casui
1550 4432 2024 4515 tribuendum,
2080 4433 2197 4503 sed
2256 4433 2606 4504 hominem
2655 4434 2829 4505 dixit
2884 4433 3141 4505 diaboli
