<?xml version="1.0" encoding="UTF-8"?>
<!DOCTYPE html PUBLIC "-//W3C//DTD XHTML 1.0 Transitional//EN"
    "http://www.w3.org/TR/xhtml1/DTD/xhtml1-transitional.dtd">
<html xmlns="http://www.w3.org/1999/xhtml" xml:lang="en" lang="en">
 <head>
  <title>
</title>
<meta http-equiv="Content-Type" content="text/html;charset=utf-8" />
  <meta name='ocr-system' content='tesseract 3.04.00' />
  <meta name='ocr-capabilities' content='ocr_page ocr_carea ocr_par ocr_line ocrx_word'/>
</head>
<body>
  <div class='ocr_page' id='page_1' title='image "./historiaeseuvit04lippgoog_0783.png"; bbox 0 0 3327 4999; ppageno 0'>
   <div class='ocr_carea' id='block_1_1' title="bbox 2349 277 2428 298">
    <p class='ocr_par' dir='ltr' id='par_1_1' title="bbox 2349 277 2428 298">
     <span class='ocr_line' id='line_1_1' title="bbox 2349 277 2428 298; baseline 0 -13"><span class='ocrx_word' id='word_1_1' title='bbox 2349 277 2428 298; x_wconf 35' lang='grc' dir='ltr'><strong>οὶ-ΊᾺ</strong></span> 
     </span>
    </p>
   </div>
   <div class='ocr_carea' id='block_1_2' title="bbox 241 327 2648 403">
    <p class='ocr_par' dir='ltr' id='par_1_2' title="bbox 241 327 2648 403">
     <span class='ocr_line' id='line_1_2' title="bbox 241 327 2648 403; baseline 0 -1"><span class='ocrx_word' id='word_1_2' title='bbox 241 335 347 402; x_wconf 84' lang='lat' dir='ltr'><strong>Ex</strong></span> <span class='ocrx_word' id='word_1_3' title='bbox 396 334 568 400; x_wconf 87' lang='lat' dir='ltr'><strong>DEC.</strong></span> <span class='ocrx_word' id='word_1_4' title='bbox 623 333 706 399; x_wconf 73' lang='lat' dir='ltr'><strong>to</strong></span> <span class='ocrx_word' id='word_1_5' title='bbox 993 352 1072 399; x_wconf 74' lang='lat' dir='ltr'><strong>na</strong></span> <span class='ocrx_word' id='word_1_6' title='bbox 1120 352 1211 400; x_wconf 90' lang='lat' dir='ltr'><strong>ss.</strong></span> <span class='ocrx_word' id='word_1_7' title='bbox 1265 352 1435 402; x_wconf 67' lang='lat' dir='ltr'><strong>uam</strong></span> <span class='ocrx_word' id='word_1_8' title='bbox 1481 353 1557 401; x_wconf 76' lang='lat' dir='ltr'><strong>ar</strong></span> <span class='ocrx_word' id='word_1_9' title='bbox 1603 352 1803 403; x_wconf 87' lang='lat' dir='ltr'><strong>socns</strong></span> <span class='ocrx_word' id='word_1_10' title='bbox 1849 353 1963 403; x_wconf 69' lang='lat' dir='ltr'><strong>nx.</strong></span> <span class='ocrx_word' id='word_1_11' title='bbox 2481 327 2648 402; x_wconf 25' lang='lat'><strong>“³15-</strong></span> 
     </span>
    </p>
   </div>
   <div class='ocr_carea' id='block_1_3' title="bbox 182 433 2878 4616">
    <p class='ocr_par' dir='ltr' id='par_1_3' title="bbox 238 433 2878 1776">
     <span class='ocr_line' id='line_1_3' title="bbox 238 433 2836 526; baseline -0 -20"><span class='ocrx_word' id='word_1_12' title='bbox 238 446 316 506; x_wconf 89' lang='lat' dir='ltr'><strong>ut</strong></span> <span class='ocrx_word' id='word_1_13' title='bbox 360 433 619 523; x_wconf 82' lang='lat' dir='ltr'>absque</span> <span class='ocrx_word' id='word_1_14' title='bbox 666 454 1058 506; x_wconf 87' lang='lat' dir='ltr'><strong>successore</strong></span> <span class='ocrx_word' id='word_1_15' title='bbox 1089 455 1356 524; x_wconf 85' lang='lat' dir='ltr'>gereres</span> <span class='ocrx_word' id='word_1_16' title='bbox 1406 435 1922 526; x_wconf 88' lang='lat' dir='ltr'><strong>magistratum:</strong></span> <span class='ocrx_word' id='word_1_17' title='bbox 1976 455 2111 504; x_wconf 92' lang='lat' dir='ltr'><strong>non</strong></span> <span class='ocrx_word' id='word_1_18' title='bbox 2161 447 2238 506; x_wconf 91' lang='lat' dir='ltr'><strong>ut</strong></span> <span class='ocrx_word' id='word_1_19' title='bbox 2300 433 2434 505; x_wconf 89' lang='lat' dir='ltr'><strong>diis</strong></span> <span class='ocrx_word' id='word_1_20' title='bbox 2480 434 2762 523; x_wconf 85' lang='lat' dir='ltr'><strong>quidem</strong></span> <span class='ocrx_word' id='word_1_21' title='bbox 2793 479 2836 495; x_wconf 33' lang='lat' dir='ltr'><strong>a-</strong></span> 
     </span>
     <span class='ocr_line' id='line_1_4' title="bbox 238 522 2878 616; baseline 0.001 -24"><span class='ocrx_word' id='word_1_22' title='bbox 238 523 551 595; x_wconf 87' lang='lat' dir='ltr'><strong>futurum</strong></span> <span class='ocrx_word' id='word_1_23' title='bbox 624 522 1030 594; x_wconf 91' lang='lat' dir='ltr'><strong>benevolum</strong></span> <span class='ocrx_word' id='word_1_24' title='bbox 1078 535 1143 593; x_wconf 91' lang='lat' dir='ltr'><strong>et</strong></span> <span class='ocrx_word' id='word_1_25' title='bbox 1189 524 1380 595; x_wconf 89' lang='lat' dir='ltr'><strong>nullo</strong></span> <span class='ocrx_word' id='word_1_26' title='bbox 1427 524 1630 596; x_wconf 93' lang='lat' dir='ltr'><strong>modo</strong></span> <span class='ocrx_word' id='word_1_27' title='bbox 1678 547 1792 596; x_wconf 91' lang='lat' dir='ltr'><strong>eos</strong></span> <span class='ocrx_word' id='word_1_28' title='bbox 1854 526 2355 616; x_wconf 79' lang='lat' dir='ltr'><strong>abnegaturum</strong></span> <span class='ocrx_word' id='word_1_29' title='bbox 2387 580 2402 607; x_wconf 91' lang='lat'><strong>,</strong></span> <span class='ocrx_word' id='word_1_30' title='bbox 2452 538 2519 595; x_wconf 92' lang='lat' dir='ltr'><strong>et</strong></span> <span class='ocrx_word' id='word_1_31' title='bbox 2564 525 2770 596; x_wconf 90' lang='lat' dir='ltr'><strong>bene·</strong></span> <span class='ocrx_word' id='word_1_32' title='bbox 2869 528 2878 532; x_wconf 77' lang='grc'><strong>’</strong></span> 
     </span>
     <span class='ocr_line' id='line_1_5' title="bbox 244 609 2773 704; baseline 0 -21"><span class='ocrx_word' id='word_1_33' title='bbox 244 614 473 684; x_wconf 90' lang='lat' dir='ltr'><strong>volum</strong></span> <span class='ocrx_word' id='word_1_34' title='bbox 525 634 800 701; x_wconf 91' lang='lat' dir='ltr'><strong>quoque</strong></span> <span class='ocrx_word' id='word_1_35' title='bbox 848 613 1047 683; x_wconf 88' lang='lat' dir='ltr'><strong>nobis</strong></span> <span class='ocrx_word' id='word_1_36' title='bbox 1094 609 1432 686; x_wconf 79' lang='lat' dir='ltr'><strong>futurum.</strong></span> <span class='ocrx_word' id='word_1_37' title='bbox 1472 626 1541 686; x_wconf 93' lang='lat' dir='ltr'><strong>et</strong></span> <span class='ocrx_word' id='word_1_38' title='bbox 1585 626 1661 685; x_wconf 90' lang='lat' dir='ltr'><strong>ut</strong></span> <span class='ocrx_word' id='word_1_39' title='bbox 1708 615 1895 686; x_wconf 89' lang='lat' dir='ltr'><strong>hunc</strong></span> <span class='ocrx_word' id='word_1_40' title='bbox 1956 613 2233 685; x_wconf 87' lang='lat' dir='ltr'><strong>doctum</strong></span> <span class='ocrx_word' id='word_1_41' title='bbox 2281 624 2347 684; x_wconf 87' lang='lat' dir='ltr'><strong>et</strong></span> <span class='ocrx_word' id='word_1_42' title='bbox 2393 614 2773 704; x_wconf 86' lang='lat' dir='ltr'><strong>sapientem</strong></span> 
     </span>
     <span class='ocr_line' id='line_1_6' title="bbox 245 697 2776 796; baseline 0 -25"><span class='ocrx_word' id='word_1_43' title='bbox 245 704 467 773; x_wconf 88' lang='lat' dir='ltr'><strong>virum</strong></span> <span class='ocrx_word' id='word_1_44' title='bbox 523 703 641 790; x_wconf 89' lang='lat' dir='ltr'><strong>qui</strong></span> <span class='ocrx_word' id='word_1_45' title='bbox 692 723 1017 793; x_wconf 91' lang='lat' dir='ltr'><strong>prospero</strong></span> <span class='ocrx_word' id='word_1_46' title='bbox 1064 697 1375 773; x_wconf 79' lang='lat' dir='ltr'><strong>fortunae</strong></span> <span class='ocrx_word' id='word_1_47' title='bbox 1439 703 1674 775; x_wconf 86' lang='lat' dir='ltr'><strong>afflatu</strong></span> <span class='ocrx_word' id='word_1_48' title='bbox 1737 715 2001 796; x_wconf 91' lang='lat' dir='ltr'><strong>praeter</strong></span> <span class='ocrx_word' id='word_1_49' title='bbox 2045 725 2342 791; x_wconf 91' lang='lat' dir='ltr'><strong>aequum</strong></span> <span class='ocrx_word' id='word_1_50' title='bbox 2391 704 2673 775; x_wconf 87' lang='lat' dir='ltr'><strong>inflatus</strong></span> <span class='ocrx_word' id='word_1_51' title='bbox 2710 713 2776 773; x_wconf 91' lang='lat' dir='ltr'><strong>et</strong></span> 
     </span>
     <span class='ocr_line' id='line_1_7' title="bbox 246 791 2775 890; baseline 0 -28"><span class='ocrx_word' id='word_1_52' title='bbox 246 793 407 863; x_wconf 91' lang='lat' dir='ltr'><strong>hinc</strong></span> <span class='ocrx_word' id='word_1_53' title='bbox 442 791 681 882; x_wconf 89' lang='lat' dir='ltr'><strong>lapsus</strong></span> <span class='ocrx_word' id='word_1_54' title='bbox 719 803 822 862; x_wconf 90' lang='lat' dir='ltr'><strong>est</strong></span> <span class='ocrx_word' id='word_1_55' title='bbox 867 792 937 861; x_wconf 88' lang='lat' dir='ltr'><strong>in</strong></span> <span class='ocrx_word' id='word_1_56' title='bbox 970 814 1295 874; x_wconf 85' lang='lat' dir='ltr'><strong>errorem,</strong></span> <span class='ocrx_word' id='word_1_57' title='bbox 1349 805 1491 863; x_wconf 88' lang='lat' dir='ltr'><strong>arte</strong></span> <span class='ocrx_word' id='word_1_58' title='bbox 1519 807 1585 864; x_wconf 87' lang='lat' dir='ltr'><strong>et</strong></span> <span class='ocrx_word' id='word_1_59' title='bbox 1629 793 2043 884; x_wconf 71' lang='lat' dir='ltr'><strong>experientia</strong></span> <span class='ocrx_word' id='word_1_60' title='bbox 2091 804 2158 864; x_wconf 90' lang='lat' dir='ltr'><strong>et</strong></span> <span class='ocrx_word' id='word_1_61' title='bbox 2203 794 2567 864; x_wconf 88' lang='lat' dir='ltr'><strong>verborum</strong></span> <span class='ocrx_word' id='word_1_62' title='bbox 2621 814 2775 890; x_wconf 88' lang='lat' dir='ltr'><strong>per-</strong></span> 
     </span>
     <span class='ocr_line' id='line_1_8' title="bbox 245 881 2774 974; baseline 0 -23"><span class='ocrx_word' id='word_1_63' title='bbox 245 881 566 952; x_wconf 84' lang='lat' dir='ltr'><strong>suasione</strong></span> <span class='ocrx_word' id='word_1_64' title='bbox 605 881 689 951; x_wconf 89' lang='lat' dir='ltr'><strong>ad</strong></span> <span class='ocrx_word' id='word_1_65' title='bbox 769 881 1057 971; x_wconf 88' lang='lat' dir='ltr'><strong>patriam</strong></span> <span class='ocrx_word' id='word_1_66' title='bbox 1127 881 1489 954; x_wconf 86' lang='lat' dir='ltr'><strong>reduceres</strong></span> <span class='ocrx_word' id='word_1_67' title='bbox 1563 883 2018 974; x_wconf 75' lang='lat' dir='ltr'><strong>religionem?</strong></span> <span class='ocrx_word' id='word_1_68' title='bbox 2073 881 2414 966; x_wconf 86' lang='lat' dir='ltr'><strong>Quidnam</strong></span> <span class='ocrx_word' id='word_1_69' title='bbox 2473 904 2635 973; x_wconf 91' lang='lat' dir='ltr'><strong>ergo</strong></span> <span class='ocrx_word' id='word_1_70' title='bbox 2712 893 2774 951; x_wconf 92' lang='lat' dir='ltr'><strong>te</strong></span> 
     </span>
     <span class='ocr_line' id='line_1_9' title="bbox 250 970 2774 1062; baseline -0 -22"><span class='ocrx_word' id='word_1_71' title='bbox 250 970 484 1053; x_wconf 90' lang='lat' dir='ltr'><strong>movit,</strong></span> <span class='ocrx_word' id='word_1_72' title='bbox 535 981 655 1041; x_wconf 79' lang='lat' dir='ltr'><strong>aut</strong></span> <span class='ocrx_word' id='word_1_73' title='bbox 682 970 1015 1059; x_wconf 89' lang='lat' dir='ltr'><strong>quidnam</strong></span> <span class='ocrx_word' id='word_1_74' title='bbox 1068 972 1410 1062; x_wconf 82' lang='lat' dir='ltr'><strong>spectasti,</strong></span> <span class='ocrx_word' id='word_1_75' title='bbox 1463 984 1540 1043; x_wconf 92' lang='lat' dir='ltr'><strong>ut</strong></span> <span class='ocrx_word' id='word_1_76' title='bbox 1572 972 1833 1043; x_wconf 84' lang='lat' dir='ltr'><strong>sineres</strong></span> <span class='ocrx_word' id='word_1_77' title='bbox 1873 995 2030 1043; x_wconf 89' lang='lat' dir='ltr'><strong>eum</strong></span> <span class='ocrx_word' id='word_1_78' title='bbox 2079 971 2343 1042; x_wconf 88' lang='lat' dir='ltr'><strong>diutius</strong></span> <span class='ocrx_word' id='word_1_79' title='bbox 2401 970 2654 1042; x_wconf 89' lang='lat' dir='ltr'><strong>versari</strong></span> <span class='ocrx_word' id='word_1_80' title='bbox 2703 970 2774 1040; x_wconf 90' lang='lat' dir='ltr'><strong>in</strong></span> 
     </span>
     <span class='ocr_line' id='line_1_10' title="bbox 250 1060 2780 1152; baseline 0 -23"><span class='ocrx_word' id='word_1_81' title='bbox 250 1061 543 1130; x_wconf 89' lang='lat' dir='ltr'><strong>vanitate</strong></span> <span class='ocrx_word' id='word_1_82' title='bbox 576 1070 641 1129; x_wconf 90' lang='lat' dir='ltr'><strong>et</strong></span> <span class='ocrx_word' id='word_1_83' title='bbox 671 1080 809 1129; x_wconf 91' lang='lat' dir='ltr'><strong>non</strong></span> <span class='ocrx_word' id='word_1_84' title='bbox 845 1060 1068 1131; x_wconf 87' lang='lat' dir='ltr'><strong>solum</strong></span> <span class='ocrx_word' id='word_1_85' title='bbox 1118 1082 1275 1131; x_wconf 90' lang='lat' dir='ltr'><strong>eum</strong></span> <span class='ocrx_word' id='word_1_86' title='bbox 1309 1061 1394 1131; x_wconf 92' lang='lat' dir='ltr'><strong>ab</strong></span> <span class='ocrx_word' id='word_1_87' title='bbox 1442 1083 1670 1132; x_wconf 91' lang='lat' dir='ltr'><strong>errore</strong></span> <span class='ocrx_word' id='word_1_88' title='bbox 1705 1084 1839 1132; x_wconf 90' lang='lat' dir='ltr'><strong>non</strong></span> <span class='ocrx_word' id='word_1_89' title='bbox 1890 1061 2274 1142; x_wconf 85' lang='lat' dir='ltr'><strong>reduceres,</strong></span> <span class='ocrx_word' id='word_1_90' title='bbox 2312 1061 2431 1131; x_wconf 89' lang='lat' dir='ltr'><strong>sed</strong></span> <span class='ocrx_word' id='word_1_91' title='bbox 2469 1060 2780 1152; x_wconf 83' lang='lat' dir='ltr'><strong>ejusdem</strong></span> 
     </span>
     <span class='ocr_line' id='line_1_11' title="bbox 252 1148 2773 1252; baseline 0 -33"><span class='ocrx_word' id='word_1_92' title='bbox 252 1149 471 1219; x_wconf 88' lang='lat' dir='ltr'><strong>malae</strong></span> <span class='ocrx_word' id='word_1_93' title='bbox 509 1148 855 1240; x_wconf 87' lang='lat' dir='ltr'><strong>opinionis</strong></span> <span class='ocrx_word' id='word_1_94' title='bbox 893 1149 953 1219; x_wconf 88' lang='lat' dir='ltr'><strong>ei</strong></span> <span class='ocrx_word' id='word_1_95' title='bbox 986 1148 1183 1220; x_wconf 83' lang='lat' dir='ltr'><strong>fieres</strong></span> <span class='ocrx_word' id='word_1_96' title='bbox 1213 1150 1465 1222; x_wconf 88' lang='lat' dir='ltr'><strong>socius:</strong></span> <span class='ocrx_word' id='word_1_97' title='bbox 1518 1164 1584 1221; x_wconf 89' lang='lat' dir='ltr'><strong>et</strong></span> <span class='ocrx_word' id='word_1_98' title='bbox 1613 1151 1737 1223; x_wconf 88' lang='lat' dir='ltr'><strong>tibi</strong></span> <span class='ocrx_word' id='word_1_99' title='bbox 1765 1163 2108 1243; x_wconf 83' lang='lat' dir='ltr'><strong>praeterea</strong></span> <span class='ocrx_word' id='word_1_100' title='bbox 2135 1162 2364 1252; x_wconf 83' lang='lat' dir='ltr'><strong>caput,</strong></span> <span class='ocrx_word' id='word_1_101' title='bbox 2418 1171 2458 1219; x_wconf 94' lang='lat' dir='ltr'><strong>o</strong></span> <span class='ocrx_word' id='word_1_102' title='bbox 2505 1150 2773 1232; x_wconf 83' lang='lat' dir='ltr'><strong>stolide,</strong></span> 
     </span>
     <span class='ocr_line' id='line_1_12' title="bbox 251 1238 2780 1330; baseline 0 -22"><span class='ocrx_word' id='word_1_103' title='bbox 251 1238 566 1308; x_wconf 83' lang='lat' dir='ltr'><strong>tonderes</strong></span> <span class='ocrx_word' id='word_1_104' title='bbox 595 1249 659 1309; x_wconf 90' lang='lat' dir='ltr'><strong>et</strong></span> <span class='ocrx_word' id='word_1_105' title='bbox 699 1239 1113 1328; x_wconf 78' lang='lat' dir='ltr'><strong>reputareris</strong></span> <span class='ocrx_word' id='word_1_106' title='bbox 1143 1255 1292 1311; x_wconf 80' lang='lat' dir='ltr'><strong>esse</strong></span> <span class='ocrx_word' id='word_1_107' title='bbox 1330 1263 1516 1312; x_wconf 91' lang='lat' dir='ltr'><strong>unus</strong></span> <span class='ocrx_word' id='word_1_108' title='bbox 1562 1263 1642 1311; x_wconf 87' lang='lat' dir='ltr'><strong>ex</strong></span> <span class='ocrx_word' id='word_1_109' title='bbox 1691 1241 1800 1323; x_wconf 78' lang='lat' dir='ltr'><strong>iis,</strong></span> <span class='ocrx_word' id='word_1_110' title='bbox 1834 1243 1956 1330; x_wconf 89' lang='lat' dir='ltr'><strong>qui</strong></span> <span class='ocrx_word' id='word_1_111' title='bbox 2003 1252 2167 1311; x_wconf 92' lang='lat' dir='ltr'><strong>sunt</strong></span> <span class='ocrx_word' id='word_1_112' title='bbox 2211 1262 2283 1310; x_wconf 89' lang='lat' dir='ltr'><strong>m</strong></span> <span class='ocrx_word' id='word_1_113' title='bbox 2335 1240 2616 1321; x_wconf 84' lang='lat' dir='ltr'><strong>theatro,</strong></span> <span class='ocrx_word' id='word_1_114' title='bbox 2674 1239 2780 1309; x_wconf 89' lang='lat' dir='ltr'><strong>hi·</strong></span> 
     </span>
     <span class='ocr_line' id='line_1_13' title="bbox 251 1326 2774 1421; baseline 0 -24"><span class='ocrx_word' id='word_1_115' title='bbox 251 1326 746 1399; x_wconf 65' lang='lat' dir='ltr'><strong>strionibus‘b)</strong></span> <span class='ocrx_word' id='word_1_116' title='bbox 775 1332 941 1399; x_wconf 89' lang='lat' dir='ltr'><strong>Cum</strong></span> <span class='ocrx_word' id='word_1_117' title='bbox 1000 1351 1078 1399; x_wconf 91' lang='lat' dir='ltr'><strong>eo</strong></span> <span class='ocrx_word' id='word_1_118' title='bbox 1127 1328 1266 1399; x_wconf 88' lang='lat' dir='ltr'><strong>irae</strong></span> <span class='ocrx_word' id='word_1_119' title='bbox 1313 1343 1378 1400; x_wconf 92' lang='lat' dir='ltr'><strong>et</strong></span> <span class='ocrx_word' id='word_1_120' title='bbox 1424 1330 1813 1401; x_wconf 84' lang='lat' dir='ltr'><strong>acerbitatis</strong></span> <span class='ocrx_word' id='word_1_121' title='bbox 1876 1329 2317 1421; x_wconf 86' lang='lat' dir='ltr'><strong>processisset</strong></span> <span class='ocrx_word' id='word_1_122' title='bbox 2374 1334 2774 1421; x_wconf 87' lang='lat' dir='ltr'><strong>Imperator,</strong></span> 
     </span>
     <span class='ocr_line' id='line_1_14' title="bbox 254 1416 2781 1510; baseline 0.002 -26"><span class='ocrx_word' id='word_1_123' title='bbox 254 1416 718 1503; x_wconf 89' lang='lat' dir='ltr'><strong>iracundeque</strong></span> <span class='ocrx_word' id='word_1_124' title='bbox 764 1428 828 1487; x_wconf 91' lang='lat' dir='ltr'><strong>et</strong></span> <span class='ocrx_word' id='word_1_125' title='bbox 875 1416 1131 1488; x_wconf 79' lang='lat' dir='ltr'><strong>furiose</strong></span> <span class='ocrx_word' id='word_1_126' title='bbox 1179 1441 1293 1488; x_wconf 91' lang='lat' dir='ltr'><strong>eos</strong></span> <span class='ocrx_word' id='word_1_127' title='bbox 1368 1431 1544 1491; x_wconf 89' lang='lat' dir='ltr'><strong>esset</strong></span> <span class='ocrx_word' id='word_1_128' title='bbox 1614 1420 1938 1501; x_wconf 76' lang='lat' dir='ltr'><strong>intuituS,</strong></span> <span class='ocrx_word' id='word_1_129' title='bbox 1990 1419 2287 1510; x_wconf 90' lang='lat' dir='ltr'><strong>benigne</strong></span> <span class='ocrx_word' id='word_1_130' title='bbox 2355 1422 2530 1489; x_wconf 90' lang='lat' dir='ltr'><strong>Deus</strong></span> <span class='ocrx_word' id='word_1_131' title='bbox 2582 1440 2781 1509; x_wconf 90' lang='lat' dir='ltr'><strong>aspe-</strong></span> 
     </span>
     <span class='ocr_line' id='line_1_15' title="bbox 248 1505 2782 1600; baseline 0.002 -26"><span class='ocrx_word' id='word_1_132' title='bbox 248 1505 349 1574; x_wconf 86' lang='lat' dir='ltr'><strong>xit</strong></span> <span class='ocrx_word' id='word_1_133' title='bbox 379 1517 736 1594; x_wconf 81' lang='lat' dir='ltr'><strong>martyres:</strong></span> <span class='ocrx_word' id='word_1_134' title='bbox 788 1518 854 1576; x_wconf 93' lang='lat' dir='ltr'><strong>et</strong></span> <span class='ocrx_word' id='word_1_135' title='bbox 891 1517 1167 1597; x_wconf 87' lang='lat' dir='ltr'><strong>repente</strong></span> <span class='ocrx_word' id='word_1_136' title='bbox 1194 1508 1292 1577; x_wconf 92' lang='lat' dir='ltr'><strong>eis</strong></span> <span class='ocrx_word' id='word_1_137' title='bbox 1340 1531 1378 1577; x_wconf 90' lang='lat' dir='ltr'><strong>a</strong></span> <span class='ocrx_word' id='word_1_138' title='bbox 1432 1512 1672 1599; x_wconf 77' lang='lat' dir='ltr'><strong>parent</strong></span> <span class='ocrx_word' id='word_1_139' title='bbox 1711 1509 1970 1600; x_wconf 79' lang='lat' dir='ltr'><strong>Angeli,</strong></span> <span class='ocrx_word' id='word_1_140' title='bbox 2021 1530 2137 1579; x_wconf 92' lang='lat' dir='ltr'><strong>eos</strong></span> <span class='ocrx_word' id='word_1_141' title='bbox 2174 1507 2463 1578; x_wconf 75' lang='lat' dir='ltr'><strong>audacia</strong></span> <span class='ocrx_word' id='word_1_142' title='bbox 2512 1508 2782 1599; x_wconf 87' lang='lat' dir='ltr'><strong>replen-</strong></span> 
     </span>
     <span class='ocr_line' id='line_1_16' title="bbox 254 1594 2786 1690; baseline 0.002 -27"><span class='ocrx_word' id='word_1_143' title='bbox 254 1605 351 1664; x_wconf 86' lang='lat' dir='ltr'><strong>tes</strong></span> <span class='ocrx_word' id='word_1_144' title='bbox 407 1606 472 1664; x_wconf 91' lang='lat' dir='ltr'><strong>et</strong></span> <span class='ocrx_word' id='word_1_145' title='bbox 531 1594 793 1665; x_wconf 90' lang='lat' dir='ltr'><strong>viribus</strong></span> <span class='ocrx_word' id='word_1_146' title='bbox 839 1609 903 1665; x_wconf 88' lang='lat' dir='ltr'><strong>et</strong></span> <span class='ocrx_word' id='word_1_147' title='bbox 947 1608 1284 1687; x_wconf 89' lang='lat' dir='ltr'><strong>ungentes</strong></span> <span class='ocrx_word' id='word_1_148' title='bbox 1330 1620 1372 1666; x_wconf 91' lang='lat' dir='ltr'><strong>a</strong></span> <span class='ocrx_word' id='word_1_149' title='bbox 1465 1598 1866 1668; x_wconf 87' lang='lat' dir='ltr'><strong>certamina:</strong></span> <span class='ocrx_word' id='word_1_150' title='bbox 1917 1598 2281 1690; x_wconf 78' lang='lat' dir='ltr'><strong>jubenteS,</strong></span> <span class='ocrx_word' id='word_1_151' title='bbox 2334 1618 2421 1667; x_wconf 91' lang='lat' dir='ltr'><strong>ne</strong></span> <span class='ocrx_word' id='word_1_152' title='bbox 2470 1597 2786 1668; x_wconf 87' lang='lat' dir='ltr'><strong>timerent</strong></span> 
     </span>
     <span class='ocr_line' id='line_1_17' title="bbox 255 1683 2575 1776; baseline 0.001 -23"><span class='ocrx_word' id='word_1_153' title='bbox 255 1683 428 1753; x_wconf 91' lang='lat' dir='ltr'><strong>iram</strong></span> <span class='ocrx_word' id='word_1_154' title='bbox 479 1684 941 1774; x_wconf 89' lang='lat' dir='ltr'><strong>Imperatoris,</strong></span> <span class='ocrx_word' id='word_1_155' title='bbox 995 1698 1231 1776; x_wconf 89' lang='lat' dir='ltr'><strong>utpote</strong></span> <span class='ocrx_word' id='word_1_156' title='bbox 1278 1686 1460 1772; x_wconf 91' lang='lat' dir='ltr'><strong>quod</strong></span> <span class='ocrx_word' id='word_1_157' title='bbox 1511 1686 1791 1758; x_wconf 88' lang='lat' dir='ltr'><strong>victoria</strong></span> <span class='ocrx_word' id='word_1_158' title='bbox 1837 1688 1923 1758; x_wconf 89' lang='lat' dir='ltr'><strong>sit</strong></span> <span class='ocrx_word' id='word_1_159' title='bbox 1968 1685 2126 1758; x_wconf 76' lang='lat' dir='ltr'><strong>cum</strong></span> <span class='ocrx_word' id='word_1_160' title='bbox 2181 1686 2282 1758; x_wconf 88' lang='lat' dir='ltr'><strong>eis</strong></span> <span class='ocrx_word' id='word_1_161' title='bbox 2322 1684 2575 1757; x_wconf 83' lang='lat' dir='ltr'><strong>futura.</strong></span> 
     </span>
    </p>

    <p class='ocr_par' dir='ltr' id='par_1_4' title="bbox 182 1775 2816 4542">
     <span class='ocr_line' id='line_1_18' title="bbox 344 1775 2788 1868; baseline 0.001 -24"><span class='ocrx_word' id='word_1_162' title='bbox 344 1779 382 1854; x_wconf 70' lang='grc' dir='ltr'>ἓ</span> <span class='ocrx_word' id='word_1_163' title='bbox 436 1775 578 1844; x_wconf 62' lang='lat'><strong>²2.</strong></span> <span class='ocrx_word' id='word_1_164' title='bbox 633 1776 1095 1865; x_wconf 85' lang='lat' dir='ltr'><strong>Hermogenes</strong></span> <span class='ocrx_word' id='word_1_165' title='bbox 1144 1786 1371 1845; x_wconf 89' lang='lat' dir='ltr'><strong>autem</strong></span> <span class='ocrx_word' id='word_1_166' title='bbox 1430 1777 1659 1846; x_wconf 89' lang='lat' dir='ltr'><strong>statim</strong></span> <span class='ocrx_word' id='word_1_167' title='bbox 1713 1776 2099 1868; x_wconf 87' lang='lat' dir='ltr'><strong>respondit:</strong></span> <span class='ocrx_word' id='word_1_168' title='bbox 2149 1775 2279 1846; x_wconf 82' lang='lat' dir='ltr'><strong>«Si</strong></span> <span class='ocrx_word' id='word_1_169' title='bbox 2327 1776 2627 1846; x_wconf 87' lang='lat' dir='ltr'><strong>sustines</strong></span> <span class='ocrx_word' id='word_1_170' title='bbox 2677 1797 2788 1847; x_wconf 90' lang='lat' dir='ltr'><strong>me</strong></span> 
     </span>
     <span class='ocr_line' id='line_1_19' title="bbox 254 1860 2789 1956; baseline 0.002 -26"><span class='ocrx_word' id='word_1_171' title='bbox 254 1860 590 1952; x_wconf 87' lang='lat' dir='ltr'><strong>patienter</strong></span> <span class='ocrx_word' id='word_1_172' title='bbox 635 1861 899 1945; x_wconf 90' lang='lat' dir='ltr'><strong>audire,</strong></span> <span class='ocrx_word' id='word_1_173' title='bbox 956 1868 1332 1954; x_wconf 85' lang='lat' dir='ltr'><strong>Imperator</strong></span> <span class='ocrx_word' id='word_1_174' title='bbox 1380 1865 1888 1956; x_wconf 85' lang='lat' dir='ltr'><strong>sapientissime</strong></span> <span class='ocrx_word' id='word_1_175' title='bbox 1918 1922 1933 1949; x_wconf 96' lang='lat'><strong><em>‚</em></strong></span> <span class='ocrx_word' id='word_1_176' title='bbox 1985 1886 2286 1954; x_wconf 90' lang='lat' dir='ltr'><strong>quanam</strong></span> <span class='ocrx_word' id='word_1_177' title='bbox 2335 1862 2421 1935; x_wconf 91' lang='lat' dir='ltr'><strong>de</strong></span> <span class='ocrx_word' id='word_1_178' title='bbox 2466 1887 2678 1936; x_wconf 85' lang='lat' dir='ltr'><strong>causa</strong></span> <span class='ocrx_word' id='word_1_179' title='bbox 2721 1876 2789 1936; x_wconf 88' lang='lat' dir='ltr'><strong>et</strong></span> 
     </span>
     <span class='ocr_line' id='line_1_20' title="bbox 252 1949 2789 2055; baseline 0.003 -37"><span class='ocrx_word' id='word_1_180' title='bbox 252 1949 428 2038; x_wconf 92' lang='lat' dir='ltr'><strong>quid</strong></span> <span class='ocrx_word' id='word_1_181' title='bbox 468 1960 811 2041; x_wconf 88' lang='lat' dir='ltr'><strong>spectans,</strong></span> <span class='ocrx_word' id='word_1_182' title='bbox 850 1951 1109 2043; x_wconf 90' lang='lat' dir='ltr'><strong>primas</strong></span> <span class='ocrx_word' id='word_1_183' title='bbox 1140 1975 1318 2039; x_wconf 87' lang='lat' dir='ltr'><strong>quae</strong></span> <span class='ocrx_word' id='word_1_184' title='bbox 1363 1953 1549 2055; x_wconf 89' lang='lat' dir='ltr'><strong>apud</strong></span> <span class='ocrx_word' id='word_1_185' title='bbox 1587 1967 1649 2024; x_wconf 91' lang='lat' dir='ltr'><strong>te</strong></span> <span class='ocrx_word' id='word_1_186' title='bbox 1696 1966 2104 2047; x_wconf 87' lang='lat' dir='ltr'><strong>reputantur</strong></span> <span class='ocrx_word' id='word_1_187' title='bbox 2139 1952 2495 2025; x_wconf 82' lang='lat' dir='ltr'><strong>felicitates</strong></span> <span class='ocrx_word' id='word_1_188' title='bbox 2542 1954 2789 2025; x_wconf 89' lang='lat' dir='ltr'><strong>lubens</strong></span> 
     </span>
     <span class='ocr_line' id='line_1_21' title="bbox 253 2033 2791 2130; baseline 0.002 -22"><span class='ocrx_word' id='word_1_189' title='bbox 253 2033 651 2129; x_wconf 86' lang='lat' dir='ltr'><strong>abjecerim,</strong></span> <span class='ocrx_word' id='word_1_190' title='bbox 691 2052 1096 2130; x_wconf 84' lang='lat' dir='ltr'><strong>promtoque</strong></span> <span class='ocrx_word' id='word_1_191' title='bbox 1126 2054 1192 2111; x_wconf 93' lang='lat' dir='ltr'><strong>et</strong></span> <span class='ocrx_word' id='word_1_192' title='bbox 1220 2041 1431 2112; x_wconf 79' lang='lat' dir='ltr'><strong>alacr1</strong></span> <span class='ocrx_word' id='word_1_193' title='bbox 1478 2043 1713 2113; x_wconf 90' lang='lat' dir='ltr'><strong>animo</strong></span> <span class='ocrx_word' id='word_1_194' title='bbox 1761 2044 1844 2115; x_wconf 90' lang='lat' dir='ltr'><strong>ad</strong></span> <span class='ocrx_word' id='word_1_195' title='bbox 1888 2044 2063 2115; x_wconf 91' lang='lat' dir='ltr'><strong>hanc</strong></span> <span class='ocrx_word' id='word_1_196' title='bbox 2112 2042 2457 2114; x_wconf 84' lang='lat' dir='ltr'><strong>fortunam</strong></span> <span class='ocrx_word' id='word_1_197' title='bbox 2504 2042 2791 2115; x_wconf 88' lang='lat' dir='ltr'><strong>descen-</strong></span> 
     </span>
     <span class='ocr_line' id='line_1_22' title="bbox 254 2127 2792 2235; baseline 0.004 -39"><span class='ocrx_word' id='word_1_198' title='bbox 254 2127 505 2209; x_wconf 92' lang='lat' dir='ltr'><strong>derim,</strong></span> <span class='ocrx_word' id='word_1_199' title='bbox 556 2140 632 2198; x_wconf 90' lang='lat' dir='ltr'><strong>ut</strong></span> <span class='ocrx_word' id='word_1_200' title='bbox 665 2128 867 2198; x_wconf 90' lang='lat' dir='ltr'><strong>velim</strong></span> <span class='ocrx_word' id='word_1_201' title='bbox 901 2129 1113 2199; x_wconf 89' lang='lat' dir='ltr'><strong>videri</strong></span> <span class='ocrx_word' id='word_1_202' title='bbox 1150 2131 1404 2201; x_wconf 87' lang='lat' dir='ltr'><strong>stultus</strong></span> <span class='ocrx_word' id='word_1_203' title='bbox 1458 2143 1523 2201; x_wconf 91' lang='lat' dir='ltr'><strong>et</strong></span> <span class='ocrx_word' id='word_1_204' title='bbox 1570 2154 1834 2224; x_wconf 85' lang='lat' dir='ltr'><strong>pauper</strong></span> <span class='ocrx_word' id='word_1_205' title='bbox 1861 2144 1928 2204; x_wconf 91' lang='lat' dir='ltr'><strong>et</strong></span> <span class='ocrx_word' id='word_1_206' title='bbox 1958 2132 2294 2203; x_wconf 84' lang='lat' dir='ltr'><strong>ridiculus</strong></span> <span class='ocrx_word' id='word_1_207' title='bbox 2339 2143 2405 2202; x_wconf 92' lang='lat' dir='ltr'><strong>et</strong></span> <span class='ocrx_word' id='word_1_208' title='bbox 2450 2132 2792 2235; x_wconf 74' lang='lat' dir='ltr'><strong>inglorius</strong></span> 
     </span>
     <span class='ocr_line' id='line_1_23' title="bbox 254 2216 2792 2313; baseline 0.002 -27"><span class='ocrx_word' id='word_1_209' title='bbox 254 2228 323 2286; x_wconf 90' lang='lat' dir='ltr'><strong>et</strong></span> <span class='ocrx_word' id='word_1_210' title='bbox 370 2216 507 2287; x_wconf 90' lang='lat' dir='ltr'><strong>dici</strong></span> <span class='ocrx_word' id='word_1_211' title='bbox 539 2217 768 2307; x_wconf 90' lang='lat' dir='ltr'><strong>potius</strong></span> <span class='ocrx_word' id='word_1_212' title='bbox 802 2219 1072 2289; x_wconf 81' lang='lat' dir='ltr'><strong>Christi:</strong></span> <span class='ocrx_word' id='word_1_213' title='bbox 1125 2232 1191 2290; x_wconf 85' lang='lat' dir='ltr'><strong>et</strong></span> <span class='ocrx_word' id='word_1_214' title='bbox 1220 2220 1373 2291; x_wconf 92' lang='lat' dir='ltr'><strong>ideo</strong></span> <span class='ocrx_word' id='word_1_215' title='bbox 1408 2220 1722 2292; x_wconf 73' lang='lat' dir='ltr'><strong>lubenter</strong></span> <span class='ocrx_word' id='word_1_216' title='bbox 1767 2223 2079 2294; x_wconf 90' lang='lat' dir='ltr'><strong>accusari</strong></span> <span class='ocrx_word' id='word_1_217' title='bbox 2126 2220 2378 2292; x_wconf 88' lang='lat' dir='ltr'><strong>erroris</strong></span> <span class='ocrx_word' id='word_1_218' title='bbox 2423 2234 2489 2291; x_wconf 89' lang='lat' dir='ltr'><strong>et</strong></span> <span class='ocrx_word' id='word_1_219' title='bbox 2521 2243 2792 2313; x_wconf 77' lang='lat' dir='ltr'><strong>ignora-</strong></span> 
     </span>
     <span class='ocr_line' id='line_1_24' title="bbox 256 2305 2793 2402; baseline 0.003 -27"><span class='ocrx_word' id='word_1_220' title='bbox 256 2305 466 2376; x_wconf 90' lang='lat' dir='ltr'><strong>tionis</strong></span> <span class='ocrx_word' id='word_1_221' title='bbox 497 2319 562 2375; x_wconf 89' lang='lat' dir='ltr'><strong>et</strong></span> <span class='ocrx_word' id='word_1_222' title='bbox 600 2318 881 2396; x_wconf 87' lang='lat' dir='ltr'><strong>paratus</strong></span> <span class='ocrx_word' id='word_1_223' title='bbox 928 2330 1076 2380; x_wconf 90' lang='lat' dir='ltr'><strong>esse</strong></span> <span class='ocrx_word' id='word_1_224' title='bbox 1113 2320 1179 2378; x_wconf 83' lang='lat' dir='ltr'><strong>et</strong></span> <span class='ocrx_word' id='word_1_225' title='bbox 1224 2331 1457 2379; x_wconf 88' lang='lat' dir='ltr'><strong>ensem</strong></span> <span class='ocrx_word' id='word_1_226' title='bbox 1499 2323 1565 2381; x_wconf 91' lang='lat' dir='ltr'><strong>et</strong></span> <span class='ocrx_word' id='word_1_227' title='bbox 1609 2309 1840 2402; x_wconf 87' lang='lat' dir='ltr'><strong>ignem</strong></span> <span class='ocrx_word' id='word_1_228' title='bbox 1881 2325 1946 2382; x_wconf 88' lang='lat' dir='ltr'><strong>et</strong></span> <span class='ocrx_word' id='word_1_229' title='bbox 1991 2310 2244 2382; x_wconf 88' lang='lat' dir='ltr'><strong>bestias</strong></span> <span class='ocrx_word' id='word_1_230' title='bbox 2293 2320 2570 2402; x_wconf 87' lang='lat' dir='ltr'><strong>propter</strong></span> <span class='ocrx_word' id='word_1_231' title='bbox 2601 2311 2793 2382; x_wconf 89' lang='lat' dir='ltr'><strong>Chri-</strong></span> 
     </span>
     <span class='ocr_line' id='line_1_25' title="bbox 182 2395 2786 2489; baseline 0.002 -24"><span class='ocrx_word' id='word_1_232' title='bbox 182 2466 198 2486; x_wconf 68' lang='lat'><strong>,</strong></span> <span class='ocrx_word' id='word_1_233' title='bbox 254 2406 442 2466; x_wconf 88' lang='lat' dir='ltr'><strong>stum</strong></span> <span class='ocrx_word' id='word_1_234' title='bbox 493 2395 867 2484; x_wconf 89' lang='lat' dir='ltr'><strong>despicere:</strong></span> <span class='ocrx_word' id='word_1_235' title='bbox 921 2409 986 2466; x_wconf 91' lang='lat' dir='ltr'><strong>et</strong></span> <span class='ocrx_word' id='word_1_236' title='bbox 1051 2420 1174 2487; x_wconf 87' lang='lat' dir='ltr'><strong>pro</strong></span> <span class='ocrx_word' id='word_1_237' title='bbox 1223 2397 1342 2468; x_wconf 89' lang='lat' dir='ltr'><strong>illo</strong></span> <span class='ocrx_word' id='word_1_238' title='bbox 1408 2400 1637 2489; x_wconf 87' lang='lat' dir='ltr'><strong>potius</strong></span> <span class='ocrx_word' id='word_1_239' title='bbox 1703 2411 1990 2472; x_wconf 90' lang='lat' dir='ltr'><strong>mortem</strong></span> <span class='ocrx_word' id='word_1_240' title='bbox 2057 2400 2247 2470; x_wconf 88' lang='lat' dir='ltr'><strong>sitire</strong></span> <span class='ocrx_word' id='word_1_241' title='bbox 2291 2421 2502 2488; x_wconf 89' lang='lat' dir='ltr'><strong>quarn</strong></span> <span class='ocrx_word' id='word_1_242' title='bbox 2554 2399 2786 2481; x_wconf 91' lang='lat' dir='ltr'><strong>vitam,</strong></span> 
     </span>
     <span class='ocr_line' id='line_1_26' title="bbox 256 2484 2794 2582; baseline 0.002 -27"><span class='ocrx_word' id='word_1_243' title='bbox 256 2495 401 2555; x_wconf 90' lang='lat' dir='ltr'><strong>toto</strong></span> <span class='ocrx_word' id='word_1_244' title='bbox 476 2507 627 2555; x_wconf 91' lang='lat' dir='ltr'><strong>meo</strong></span> <span class='ocrx_word' id='word_1_245' title='bbox 698 2484 1167 2558; x_wconf 87' lang='lat' dir='ltr'><strong>testimonium</strong></span> <span class='ocrx_word' id='word_1_246' title='bbox 1241 2486 1495 2558; x_wconf 85' lang='lat' dir='ltr'><strong>ferente</strong></span> <span class='ocrx_word' id='word_1_247' title='bbox 1540 2490 1878 2574; x_wconf 89' lang='lat' dir='ltr'><strong>concilio,</strong></span> <span class='ocrx_word' id='word_1_248' title='bbox 1963 2489 2259 2561; x_wconf 84' lang='lat' dir='ltr'><strong>maxime</strong></span> <span class='ocrx_word' id='word_1_249' title='bbox 2317 2511 2475 2560; x_wconf 85' lang='lat' dir='ltr'><strong>vero</strong></span> <span class='ocrx_word' id='word_1_250' title='bbox 2524 2512 2596 2560; x_wconf 90' lang='lat' dir='ltr'><strong>re</strong></span> <span class='ocrx_word' id='word_1_251' title='bbox 2645 2489 2794 2582; x_wconf 90' lang='lat' dir='ltr'><strong>ipsa</strong></span> 
     </span>
     <span class='ocr_line' id='line_1_27' title="bbox 254 2573 2794 2672; baseline 0.003 -29"><span class='ocrx_word' id='word_1_252' title='bbox 254 2573 569 2663; x_wconf 86' lang='lat' dir='ltr'><strong>subjecta</strong></span> <span class='ocrx_word' id='word_1_253' title='bbox 597 2573 839 2655; x_wconf 88' lang='lat' dir='ltr'><strong>oeulis,</strong></span> <span class='ocrx_word' id='word_1_254' title='bbox 882 2597 1206 2666; x_wconf 90' lang='lat' dir='ltr'><strong>magnam</strong></span> <span class='ocrx_word' id='word_1_255' title='bbox 1258 2578 1559 2650; x_wconf 88' lang='lat' dir='ltr'><strong>veritatis</strong></span> <span class='ocrx_word' id='word_1_256' title='bbox 1607 2602 1846 2651; x_wconf 87' lang='lat' dir='ltr'><strong>curam</strong></span> <span class='ocrx_word' id='word_1_257' title='bbox 1879 2602 2145 2672; x_wconf 68' lang='lat' dir='ltr'><strong>geram,</strong></span> <span class='ocrx_word' id='word_1_258' title='bbox 2176 2589 2243 2649; x_wconf 85' lang='lat' dir='ltr'><strong>et</strong></span> <span class='ocrx_word' id='word_1_259' title='bbox 2289 2601 2373 2648; x_wconf 86' lang='lat' dir='ltr'><strong>ne</strong></span> <span class='ocrx_word' id='word_1_260' title='bbox 2409 2578 2576 2668; x_wconf 90' lang='lat' dir='ltr'><strong>quid</strong></span> <span class='ocrx_word' id='word_1_261' title='bbox 2608 2578 2794 2668; x_wconf 88' lang='lat' dir='ltr'><strong>quod</strong></span> 
     </span>
     <span class='ocr_line' id='line_1_28' title="bbox 256 2662 2797 2758; baseline 0.002 -25"><span class='ocrx_word' id='word_1_262' title='bbox 256 2662 351 2733; x_wconf 89' lang='lat' dir='ltr'><strong>sit</strong></span> <span class='ocrx_word' id='word_1_263' title='bbox 398 2673 892 2754; x_wconf 90' lang='lat' dir='ltr'><strong>opportunum,</strong></span> <span class='ocrx_word' id='word_1_264' title='bbox 947 2666 1756 2754; x_wconf 85' lang='lat' dir='ltr'><strong>praetermittam,dicam</strong></span> <span class='ocrx_word' id='word_1_265' title='bbox 1805 2668 1874 2739; x_wconf 94' lang='lat' dir='ltr'><strong>id</strong></span> <span class='ocrx_word' id='word_1_266' title='bbox 1921 2669 2104 2758; x_wconf 90' lang='lat' dir='ltr'><strong>quod</strong></span> <span class='ocrx_word' id='word_1_267' title='bbox 2155 2668 2626 2756; x_wconf 82' lang='lat' dir='ltr'><strong>quaesivisti.»</strong></span> <span class='ocrx_word' id='word_1_268' title='bbox 2662 2673 2797 2739; x_wconf 90' lang='lat' dir='ltr'><strong>Im-</strong></span> 
     </span>
     <span class='ocr_line' id='line_1_29' title="bbox 258 2755 2799 2849; baseline 0.003 -28"><span class='ocrx_word' id='word_1_269' title='bbox 258 2764 535 2844; x_wconf 86' lang='lat' dir='ltr'><strong>perator</strong></span> <span class='ocrx_word' id='word_1_270' title='bbox 582 2763 833 2834; x_wconf 89' lang='lat' dir='ltr'><strong>autem,</strong></span> <span class='ocrx_word' id='word_1_271' title='bbox 872 2758 1079 2844; x_wconf 80' lang='lat' dir='ltr'><strong>«Ego,</strong></span> <span class='ocrx_word' id='word_1_272' title='bbox 1133 2755 1379 2843; x_wconf 89' lang='lat' dir='ltr'><strong>inquit,</strong></span> <span class='ocrx_word' id='word_1_273' title='bbox 1419 2755 1546 2827; x_wconf 90' lang='lat' dir='ltr'><strong>hoc</strong></span> <span class='ocrx_word' id='word_1_274' title='bbox 1594 2759 1877 2830; x_wconf 85' lang='lat' dir='ltr'><strong>omnino</strong></span> <span class='ocrx_word' id='word_1_275' title='bbox 1910 2770 1976 2830; x_wconf 88' lang='lat' dir='ltr'><strong>et</strong></span> <span class='ocrx_word' id='word_1_276' title='bbox 2025 2758 2199 2829; x_wconf 89' lang='lat' dir='ltr'><strong>nihil</strong></span> <span class='ocrx_word' id='word_1_277' title='bbox 2234 2757 2424 2828; x_wconf 91' lang='lat' dir='ltr'><strong>aliud</strong></span> <span class='ocrx_word' id='word_1_278' title='bbox 2454 2758 2684 2849; x_wconf 86' lang='lat' dir='ltr'><strong>cupio,</strong></span> <span class='ocrx_word' id='word_1_279' title='bbox 2737 2758 2799 2829; x_wconf 92' lang='lat' dir='ltr'><strong>si</strong></span> 
     </span>
     <span class='ocr_line' id='line_1_30' title="bbox 261 2840 2799 2939; baseline 0.003 -30"><span class='ocrx_word' id='word_1_280' title='bbox 261 2862 401 2911; x_wconf 90' lang='lat' dir='ltr'><strong>non</strong></span> <span class='ocrx_word' id='word_1_281' title='bbox 452 2840 599 2932; x_wconf 90' lang='lat' dir='ltr'><strong>ipse</strong></span> <span class='ocrx_word' id='word_1_282' title='bbox 645 2840 900 2913; x_wconf 88' lang='lat' dir='ltr'><strong>falsum</strong></span> <span class='ocrx_word' id='word_1_283' title='bbox 950 2844 1290 2933; x_wconf 87' lang='lat' dir='ltr'><strong>praeferes</strong></span> <span class='ocrx_word' id='word_1_284' title='bbox 1326 2845 1611 2929; x_wconf 86' lang='lat' dir='ltr'><strong>veritati,</strong></span> <span class='ocrx_word' id='word_1_285' title='bbox 1649 2847 1779 2919; x_wconf 88' lang='lat' dir='ltr'><strong>hoc</strong></span> <span class='ocrx_word' id='word_1_286' title='bbox 1817 2848 1889 2917; x_wconf 91' lang='lat' dir='ltr'><strong>in</strong></span> <span class='ocrx_word' id='word_1_287' title='bbox 1921 2847 2168 2939; x_wconf 87' lang='lat' dir='ltr'><strong>majori</strong></span> <span class='ocrx_word' id='word_1_288' title='bbox 2233 2846 2491 2919; x_wconf 91' lang='lat' dir='ltr'><strong>honore</strong></span> <span class='ocrx_word' id='word_1_289' title='bbox 2538 2847 2799 2918; x_wconf 89' lang='lat' dir='ltr'><strong>habens</strong></span> 
     </span>
     <span class='ocr_line' id='line_1_31' title="bbox 255 2930 2799 3028; baseline 0.003 -28"><span class='ocrx_word' id='word_1_290' title='bbox 255 2940 541 3022; x_wconf 90' lang='lat' dir='ltr'><strong>propter</strong></span> <span class='ocrx_word' id='word_1_291' title='bbox 588 2930 1136 3002; x_wconf 83' lang='lat' dir='ltr'><strong>necessitatem.»</strong></span> <span class='ocrx_word' id='word_1_292' title='bbox 1160 2938 1622 3025; x_wconf 88' lang='lat' dir='ltr'><strong>Hermogenes</strong></span> <span class='ocrx_word' id='word_1_293' title='bbox 1670 2948 1949 3008; x_wconf 90' lang='lat' dir='ltr'><strong>autem:</strong></span> <span class='ocrx_word' id='word_1_294' title='bbox 2002 2935 2235 3017; x_wconf 85' lang='lat' dir='ltr'><strong>«Mihi,</strong></span> <span class='ocrx_word' id='word_1_295' title='bbox 2272 2956 2314 3005; x_wconf 95' lang='lat' dir='ltr'><strong>o</strong></span> <span class='ocrx_word' id='word_1_296' title='bbox 2358 2936 2615 3028; x_wconf 90' lang='lat' dir='ltr'><strong>optime</strong></span> <span class='ocrx_word' id='word_1_297' title='bbox 2663 2942 2799 3007; x_wconf 92' lang='lat' dir='ltr'><strong>Im-</strong></span> 
     </span>
     <span class='ocr_line' id='line_1_32' title="bbox 262 3021 2804 3117; baseline 0.002 -28"><span class='ocrx_word' id='word_1_298' title='bbox 262 3030 562 3111; x_wconf 87' lang='lat' dir='ltr'><strong>perator,</strong></span> <span class='ocrx_word' id='word_1_299' title='bbox 618 3042 727 3088; x_wconf 91' lang='lat' dir='ltr'><strong>me</strong></span> <span class='ocrx_word' id='word_1_300' title='bbox 764 3021 1092 3093; x_wconf 89' lang='lat' dir='ltr'><strong>adversus</strong></span> <span class='ocrx_word' id='word_1_301' title='bbox 1140 3022 1483 3093; x_wconf 85' lang='lat' dir='ltr'><strong>Christum</strong></span> <span class='ocrx_word' id='word_1_302' title='bbox 1533 3025 1859 3097; x_wconf 86' lang='lat' dir='ltr'><strong>audacter</strong></span> <span class='ocrx_word' id='word_1_303' title='bbox 1895 3037 1960 3097; x_wconf 91' lang='lat' dir='ltr'><strong>et</strong></span> <span class='ocrx_word' id='word_1_304' title='bbox 2006 3026 2378 3096; x_wconf 88' lang='lat' dir='ltr'><strong>insolenter</strong></span> <span class='ocrx_word' id='word_1_305' title='bbox 2415 3026 2700 3117; x_wconf 86' lang='lat' dir='ltr'><strong>gerenti,</strong></span> <span class='ocrx_word' id='word_1_306' title='bbox 2737 3037 2804 3095; x_wconf 91' lang='lat' dir='ltr'><strong>et</strong></span> 
     </span>
     <span class='ocr_line' id='line_1_33' title="bbox 260 3107 2801 3206; baseline 0.004 -31"><span class='ocrx_word' id='word_1_307' title='bbox 260 3107 516 3206; x_wconf 80' lang='lat' dir='ltr'><strong>volenti</strong></span> <span class='ocrx_word' id='word_1_308' title='bbox 557 3108 839 3195; x_wconf 85' lang='lat' dir='ltr'><strong>quidem</strong></span> <span class='ocrx_word' id='word_1_309' title='bbox 873 3132 1046 3196; x_wconf 89' lang='lat' dir='ltr'><strong>quos</strong></span> <span class='ocrx_word' id='word_1_310' title='bbox 1093 3110 1258 3181; x_wconf 92' lang='lat' dir='ltr'><strong>olim</strong></span> <span class='ocrx_word' id='word_1_311' title='bbox 1287 3112 1450 3184; x_wconf 91' lang='lat' dir='ltr'><strong>deos</strong></span> <span class='ocrx_word' id='word_1_312' title='bbox 1498 3114 1742 3196; x_wconf 91' lang='lat' dir='ltr'><strong>colere,</strong></span> <span class='ocrx_word' id='word_1_313' title='bbox 1790 3126 1974 3185; x_wconf 92' lang='lat' dir='ltr'><strong>tuam</strong></span> <span class='ocrx_word' id='word_1_314' title='bbox 2018 3126 2242 3185; x_wconf 89' lang='lat' dir='ltr'><strong>autem</strong></span> <span class='ocrx_word' id='word_1_315' title='bbox 2285 3115 2648 3186; x_wconf 90' lang='lat' dir='ltr'><strong>observare</strong></span> <span class='ocrx_word' id='word_1_316' title='bbox 2680 3137 2801 3206; x_wconf 91' lang='lat' dir='ltr'><strong>po-</strong></span> 
     </span>
     <span class='ocr_line' id='line_1_34' title="bbox 261 3196 2799 3295; baseline 0.003 -29"><span class='ocrx_word' id='word_1_317' title='bbox 261 3207 576 3295; x_wconf 41' lang='lat' dir='ltr'><strong>tent-iam,</strong></span> <span class='ocrx_word' id='word_1_318' title='bbox 620 3196 849 3267; x_wconf 91' lang='lat' dir='ltr'><strong>studio</strong></span> <span class='ocrx_word' id='word_1_319' title='bbox 889 3198 1035 3279; x_wconf 83' lang='lat' dir='ltr'><strong>suit,</strong></span> <span class='ocrx_word' id='word_1_320' title='bbox 1088 3211 1165 3269; x_wconf 89' lang='lat' dir='ltr'><strong>ut</strong></span> <span class='ocrx_word' id='word_1_321' title='bbox 1197 3200 1343 3290; x_wconf 90' lang='lat' dir='ltr'><strong>ipse</strong></span> <span class='ocrx_word' id='word_1_322' title='bbox 1390 3222 1666 3291; x_wconf 89' lang='lat' dir='ltr'><strong>quoque</strong></span> <span class='ocrx_word' id='word_1_323' title='bbox 1712 3204 1870 3285; x_wconf 89' lang='lat' dir='ltr'><strong>scis,</strong></span> <span class='ocrx_word' id='word_1_324' title='bbox 1906 3227 2067 3275; x_wconf 92' lang='lat' dir='ltr'><strong>cum</strong></span> <span class='ocrx_word' id='word_1_325' title='bbox 2119 3216 2303 3274; x_wconf 87' lang='lat' dir='ltr'><strong>tanta</strong></span> <span class='ocrx_word' id='word_1_326' title='bbox 2334 3204 2416 3273; x_wconf 90' lang='lat' dir='ltr'><strong>ad</strong></span> <span class='ocrx_word' id='word_1_327' title='bbox 2460 3204 2799 3275; x_wconf 89' lang='lat' dir='ltr'><strong>civitatem</strong></span> 
     </span>
     <span class='ocr_line' id='line_1_35' title="bbox 260 3292 2793 3384; baseline 0.004 -30"><span class='ocrx_word' id='word_1_328' title='bbox 260 3305 498 3384; x_wconf 75' lang='lat' dir='ltr'><strong>venire</strong></span> <span class='ocrx_word' id='word_1_329' title='bbox 547 3302 799 3373; x_wconf 88' lang='lat' dir='ltr'><strong>pompa</strong></span> <span class='ocrx_word' id='word_1_330' title='bbox 845 3297 911 3354; x_wconf 93' lang='lat' dir='ltr'><strong>et</strong></span> <span class='ocrx_word' id='word_1_331' title='bbox 957 3310 1043 3377; x_wconf 88' lang='lat' dir='ltr'><strong>ap</strong></span> <span class='ocrx_word' id='word_1_332' title='bbox 1097 3302 1331 3360; x_wconf 90' lang='lat' dir='ltr'><strong>aratu:</strong></span> <span class='ocrx_word' id='word_1_333' title='bbox 1387 3302 1451 3360; x_wconf 87' lang='lat' dir='ltr'><strong>et</strong></span> <span class='ocrx_word' id='word_1_334' title='bbox 1498 3293 1723 3363; x_wconf 85' lang='lat' dir='ltr'><strong>virum</strong></span> <span class='ocrx_word' id='word_1_335' title='bbox 1773 3294 2052 3381; x_wconf 91' lang='lat' dir='ltr'><strong>quidem</strong></span> <span class='ocrx_word' id='word_1_336' title='bbox 2113 3292 2363 3383; x_wconf 90' lang='lat' dir='ltr'><strong>partim</strong></span> <span class='ocrx_word' id='word_1_337' title='bbox 2412 3292 2793 3375; x_wconf 82' lang='lat' dir='ltr'><strong>blanditiis,</strong></span> 
     </span>
     <span class='ocr_line' id='line_1_36' title="bbox 262 3377 2804 3473; baseline 0.003 -29"><span class='ocrx_word' id='word_1_338' title='bbox 262 3381 519 3466; x_wconf 75' lang='lat' dir='ltr'><strong>partlm</strong></span> <span class='ocrx_word' id='word_1_339' title='bbox 555 3392 712 3442; x_wconf 88' lang='lat' dir='ltr'><strong>vero</strong></span> <span class='ocrx_word' id='word_1_340' title='bbox 760 3386 946 3444; x_wconf 91' lang='lat' dir='ltr'><strong>metu</strong></span> <span class='ocrx_word' id='word_1_341' title='bbox 980 3397 1019 3444; x_wconf 89' lang='lat' dir='ltr'><strong>a</strong></span> <span class='ocrx_word' id='word_1_342' title='bbox 1108 3377 1284 3447; x_wconf 86' lang='lat' dir='ltr'><strong>hanc</strong></span> <span class='ocrx_word' id='word_1_343' title='bbox 1313 3400 1490 3465; x_wconf 88' lang='lat' dir='ltr'><strong>quae</strong></span> <span class='ocrx_word' id='word_1_344' title='bbox 1541 3381 1829 3471; x_wconf 88' lang='lat' dir='ltr'><strong>vigebat,</strong></span> <span class='ocrx_word' id='word_1_345' title='bbox 1871 3383 2161 3473; x_wconf 86' lang='lat' dir='ltr'><strong>patriam</strong></span> <span class='ocrx_word' id='word_1_346' title='bbox 2204 3381 2530 3452; x_wconf 89' lang='lat' dir='ltr'><strong>reducere</strong></span> <span class='ocrx_word' id='word_1_347' title='bbox 2563 3382 2804 3473; x_wconf 91' lang='lat' dir='ltr'><strong>impie-</strong></span> 
     </span>
     <span class='ocr_line' id='line_1_37' title="bbox 265 3465 2808 3561; baseline 0.002 -26"><span class='ocrx_word' id='word_1_348' title='bbox 265 3475 426 3535; x_wconf 89' lang='lat' dir='ltr'><strong>tate:</strong></span> <span class='ocrx_word' id='word_1_349' title='bbox 481 3471 557 3531; x_wconf 93' lang='lat' dir='ltr'><strong>ut</strong></span> <span class='ocrx_word' id='word_1_350' title='bbox 592 3472 654 3561; x_wconf 81' lang='lat' dir='ltr'><strong>te</strong></span> <span class='ocrx_word' id='word_1_351' title='bbox 703 3483 786 3531; x_wconf 94' lang='lat' dir='ltr'><strong>ne</strong></span> <span class='ocrx_word' id='word_1_352' title='bbox 817 3484 976 3532; x_wconf 89' lang='lat' dir='ltr'><strong>cum</strong></span> <span class='ocrx_word' id='word_1_353' title='bbox 1021 3465 1276 3554; x_wconf 89' lang='lat' dir='ltr'><strong>majore</strong></span> <span class='ocrx_word' id='word_1_354' title='bbox 1325 3467 1605 3553; x_wconf 90' lang='lat' dir='ltr'><strong>quidem</strong></span> <span class='ocrx_word' id='word_1_355' title='bbox 1648 3469 1936 3541; x_wconf 83' lang='lat' dir='ltr'><strong>dixerim</strong></span> <span class='ocrx_word' id='word_1_356' title='bbox 1987 3470 2069 3540; x_wconf 92' lang='lat' dir='ltr'><strong>ad</strong></span> <span class='ocrx_word' id='word_1_357' title='bbox 2123 3492 2249 3540; x_wconf 91' lang='lat' dir='ltr'><strong>nos</strong></span> <span class='ocrx_word' id='word_1_358' title='bbox 2299 3470 2692 3551; x_wconf 88' lang='lat' dir='ltr'><strong>accessisse,</strong></span> <span class='ocrx_word' id='word_1_359' title='bbox 2742 3482 2808 3540; x_wconf 89' lang='lat' dir='ltr'><strong>et</strong></span> 
     </span>
     <span class='ocr_line' id='line_1_38' title="bbox 261 3549 2808 3649; baseline 0.002 -25"><span class='ocrx_word' id='word_1_360' title='bbox 261 3574 349 3624; x_wconf 93' lang='lat' dir='ltr'><strong>ne</strong></span> <span class='ocrx_word' id='word_1_361' title='bbox 402 3562 479 3621; x_wconf 88' lang='lat' dir='ltr'><strong>tu</strong></span> <span class='ocrx_word' id='word_1_362' title='bbox 516 3549 823 3638; x_wconf 78' lang='lat' dir='ltr'><strong>quidem,</strong></span> <span class='ocrx_word' id='word_1_363' title='bbox 862 3553 921 3621; x_wconf 89' lang='lat' dir='ltr'><strong>si</strong></span> <span class='ocrx_word' id='word_1_364' title='bbox 957 3554 1296 3636; x_wconf 77' lang='lat' dir='ltr'><strong>affuisseS‚</strong></span> <span class='ocrx_word' id='word_1_365' title='bbox 1340 3555 1776 3646; x_wconf 80' lang='lat' dir='ltr'><strong>desperasses</strong></span> <span class='ocrx_word' id='word_1_366' title='bbox 1824 3559 2046 3629; x_wconf 91' lang='lat' dir='ltr'><strong>virum</strong></span> <span class='ocrx_word' id='word_1_367' title='bbox 2082 3580 2281 3649; x_wconf 90' lang='lat' dir='ltr'><strong>posse</strong></span> <span class='ocrx_word' id='word_1_368' title='bbox 2311 3558 2604 3631; x_wconf 90' lang='lat' dir='ltr'><strong>vincere.</strong></span> <span class='ocrx_word' id='word_1_369' title='bbox 2643 3559 2808 3630; x_wconf 81' lang='lat' dir='ltr'><strong>Mihi</strong></span> 
     </span>
     <span class='ocr_line' id='line_1_39' title="bbox 260 3639 2807 3749; baseline 0.003 -36"><span class='ocrx_word' id='word_1_370' title='bbox 260 3652 499 3713; x_wconf 90' lang='lat' dir='ltr'><strong>autem</strong></span> <span class='ocrx_word' id='word_1_371' title='bbox 530 3639 697 3739; x_wconf 81' lang='lat' dir='ltr'><strong>seret</strong></span> <span class='ocrx_word' id='word_1_372' title='bbox 744 3641 1210 3712; x_wconf 86' lang='lat' dir='ltr'><strong>testimonium</strong></span> <span class='ocrx_word' id='word_1_373' title='bbox 1259 3645 1625 3717; x_wconf 88' lang='lat' dir='ltr'><strong>universus</strong></span> <span class='ocrx_word' id='word_1_374' title='bbox 1674 3647 1787 3717; x_wconf 91' lang='lat' dir='ltr'><strong>hic</strong></span> <span class='ocrx_word' id='word_1_375' title='bbox 1829 3647 2169 3749; x_wconf 89' lang='lat' dir='ltr'><strong>populus,</strong></span> <span class='ocrx_word' id='word_1_376' title='bbox 2222 3670 2431 3736; x_wconf 91' lang='lat' dir='ltr'><strong>quam</strong></span> <span class='ocrx_word' id='word_1_377' title='bbox 2479 3671 2666 3719; x_wconf 89' lang='lat' dir='ltr'><strong>eram</strong></span> <span class='ocrx_word' id='word_1_378' title='bbox 2719 3650 2807 3720; x_wconf 89' lang='lat' dir='ltr'><strong>ab</strong></span> 
     </span>
     <span class='ocr_line' id='line_1_40' title="bbox 261 3729 2810 3829; baseline 0.003 -28"><span class='ocrx_word' id='word_1_379' title='bbox 261 3729 465 3802; x_wconf 89' lang='lat' dir='ltr'><strong>initio</strong></span> <span class='ocrx_word' id='word_1_380' title='bbox 513 3749 767 3808; x_wconf 77' lang='lat' dir='ltr'><strong>varius,</strong></span> <span class='ocrx_word' id='word_1_381' title='bbox 824 3729 1213 3809; x_wconf 84' lang='lat' dir='ltr'><strong>blandiens,</strong></span> <span class='ocrx_word' id='word_1_382' title='bbox 1251 3733 1550 3817; x_wconf 89' lang='lat' dir='ltr'><strong>minans,</strong></span> <span class='ocrx_word' id='word_1_383' title='bbox 1591 3747 1877 3819; x_wconf 78' lang='lat' dir='ltr'><strong>terrenS,</strong></span> <span class='ocrx_word' id='word_1_384' title='bbox 1915 3759 1986 3806; x_wconf 92' lang='lat' dir='ltr'><strong>1n</strong></span> <span class='ocrx_word' id='word_1_385' title='bbox 2035 3758 2277 3807; x_wconf 90' lang='lat' dir='ltr'><strong>omnes</strong></span> <span class='ocrx_word' id='word_1_386' title='bbox 2309 3736 2606 3827; x_wconf 89' lang='lat' dir='ltr'><strong>denique</strong></span> <span class='ocrx_word' id='word_1_387' title='bbox 2653 3758 2810 3829; x_wconf 90' lang='lat' dir='ltr'><strong>spe-</strong></span> 
     </span>
     <span class='ocr_line' id='line_1_41' title="bbox 256 3817 2810 3919; baseline 0.003 -30"><span class='ocrx_word' id='word_1_388' title='bbox 256 3821 405 3892; x_wconf 88' lang='lat' dir='ltr'><strong>cies</strong></span> <span class='ocrx_word' id='word_1_389' title='bbox 437 3838 549 3887; x_wconf 91' lang='lat' dir='ltr'><strong>me</strong></span> <span class='ocrx_word' id='word_1_390' title='bbox 589 3817 1109 3899; x_wconf 82' lang='lat' dir='ltr'><strong>transformans,</strong></span> <span class='ocrx_word' id='word_1_391' title='bbox 1164 3833 1239 3891; x_wconf 92' lang='lat' dir='ltr'><strong>ut</strong></span> <span class='ocrx_word' id='word_1_392' title='bbox 1284 3822 1507 3893; x_wconf 88' lang='lat' dir='ltr'><strong>virum</strong></span> <span class='ocrx_word' id='word_1_393' title='bbox 1560 3824 1976 3896; x_wconf 89' lang='lat' dir='ltr'><strong>abducerem</strong></span> <span class='ocrx_word' id='word_1_394' title='bbox 2024 3848 2063 3895; x_wconf 91' lang='lat' dir='ltr'><strong>a</strong></span> <span class='ocrx_word' id='word_1_395' title='bbox 2122 3825 2392 3916; x_wconf 87' lang='lat' dir='ltr'><strong>pietate.</strong></span> <span class='ocrx_word' id='word_1_396' title='bbox 2437 3832 2575 3919; x_wconf 91' lang='lat' dir='ltr'><strong>Ego</strong></span> <span class='ocrx_word' id='word_1_397' title='bbox 2623 3827 2810 3897; x_wconf 89' lang='lat' dir='ltr'><strong>enim</strong></span> 
     </span>
     <span class='ocr_line' id='line_1_42' title="bbox 260 3907 2812 4003; baseline 0 -20"><span class='ocrx_word' id='word_1_398' title='bbox 260 3908 524 3982; x_wconf 91' lang='lat' dir='ltr'><strong>stultus</strong></span> <span class='ocrx_word' id='word_1_399' title='bbox 599 3907 1000 3996; x_wconf 90' lang='lat' dir='ltr'><strong>ignorabam</strong></span> <span class='ocrx_word' id='word_1_400' title='bbox 1050 3908 1119 3977; x_wconf 93' lang='lat' dir='ltr'><strong>in</strong></span> <span class='ocrx_word' id='word_1_401' title='bbox 1168 3910 1445 3997; x_wconf 87' lang='lat' dir='ltr'><strong>qualem</strong></span> <span class='ocrx_word' id='word_1_402' title='bbox 1497 3914 1721 3984; x_wconf 87' lang='lat' dir='ltr'><strong>virum</strong></span> <span class='ocrx_word' id='word_1_403' title='bbox 1779 3914 2203 3997; x_wconf 87' lang='lat' dir='ltr'><strong>incidissem,</strong></span> <span class='ocrx_word' id='word_1_404' title='bbox 2269 3936 2481 4003; x_wconf 89' lang='lat' dir='ltr'><strong>quam</strong></span> <span class='ocrx_word' id='word_1_405' title='bbox 2536 3915 2812 3986; x_wconf 90' lang='lat' dir='ltr'><strong>interri-</strong></span> 
     </span>
     <span class='ocr_line' id='line_1_43' title="bbox 260 3994 2814 4105; baseline 0.002 -34"><span class='ocrx_word' id='word_1_406' title='bbox 260 4014 415 4071; x_wconf 88' lang='lat' dir='ltr'><strong>tum</strong></span> <span class='ocrx_word' id='word_1_407' title='bbox 466 4006 535 4065; x_wconf 91' lang='lat' dir='ltr'><strong>et</strong></span> <span class='ocrx_word' id='word_1_408' title='bbox 582 3994 945 4095; x_wconf 81' lang='lat' dir='ltr'><strong>valentem,</strong></span> <span class='ocrx_word' id='word_1_409' title='bbox 974 4009 1038 4068; x_wconf 91' lang='lat' dir='ltr'><strong>et</strong></span> <span class='ocrx_word' id='word_1_410' title='bbox 1066 3999 1186 4086; x_wconf 90' lang='lat' dir='ltr'><strong>qui</strong></span> <span class='ocrx_word' id='word_1_411' title='bbox 1235 3999 1525 4071; x_wconf 91' lang='lat' dir='ltr'><strong>liberam</strong></span> <span class='ocrx_word' id='word_1_412' title='bbox 1575 4003 1857 4090; x_wconf 87' lang='lat' dir='ltr'><strong>quidem</strong></span> <span class='ocrx_word' id='word_1_413' title='bbox 1888 4002 2183 4075; x_wconf 89' lang='lat' dir='ltr'><strong>habebat</strong></span> <span class='ocrx_word' id='word_1_414' title='bbox 2215 4003 2529 4105; x_wconf 82' lang='lat' dir='ltr'><strong>linguam</strong></span> <span class='ocrx_word' id='word_1_415' title='bbox 2576 4005 2661 4074; x_wconf 90' lang='lat' dir='ltr'><strong>ad</strong></span> <span class='ocrx_word' id='word_1_416' title='bbox 2711 4024 2814 4075; x_wconf 84' lang='lat' dir='ltr'><strong>re·</strong></span> 
     </span>
     <span class='ocr_line' id='line_1_44' title="bbox 258 4089 2812 4183; baseline 0.003 -26"><span class='ocrx_word' id='word_1_417' title='bbox 258 4107 551 4182; x_wconf 82' lang='lat' dir='ltr'><strong>sponsa,</strong></span> <span class='ocrx_word' id='word_1_418' title='bbox 608 4104 922 4156; x_wconf 77' lang='lat' dir='ltr'><strong>animum</strong></span> <span class='ocrx_word' id='word_1_419' title='bbox 969 4108 1127 4157; x_wconf 89' lang='lat' dir='ltr'><strong>vero</strong></span> <span class='ocrx_word' id='word_1_420' title='bbox 1174 4089 1259 4158; x_wconf 92' lang='lat' dir='ltr'><strong>ad</strong></span> <span class='ocrx_word' id='word_1_421' title='bbox 1317 4089 1602 4161; x_wconf 83' lang='lat' dir='ltr'><strong>serenda</strong></span> <span class='ocrx_word' id='word_1_422' title='bbox 1652 4092 1983 4163; x_wconf 88' lang='lat' dir='ltr'><strong>intentata</strong></span> <span class='ocrx_word' id='word_1_423' title='bbox 2030 4114 2116 4163; x_wconf 90' lang='lat' dir='ltr'><strong>su</strong></span> <span class='ocrx_word' id='word_1_424' title='bbox 2168 4091 2400 4183; x_wconf 69' lang='lat' dir='ltr'><strong>plicia,</strong></span> <span class='ocrx_word' id='word_1_425' title='bbox 2451 4106 2516 4163; x_wconf 94' lang='lat' dir='ltr'><strong>et</strong></span> <span class='ocrx_word' id='word_1_426' title='bbox 2573 4094 2812 4165; x_wconf 89' lang='lat' dir='ltr'><strong>omnia</strong></span> 
     </span>
     <span class='ocr_line' id='line_1_45' title="bbox 260 4174 2816 4283; baseline 0.003 -37"><span class='ocrx_word' id='word_1_427' title='bbox 260 4176 570 4263; x_wconf 86' lang='lat' dir='ltr'><strong>denique</strong></span> <span class='ocrx_word' id='word_1_428' title='bbox 619 4194 739 4264; x_wconf 91' lang='lat' dir='ltr'><strong>per</strong></span> <span class='ocrx_word' id='word_1_429' title='bbox 790 4174 1058 4276; x_wconf 79' lang='lat' dir='ltr'><strong>etienda</strong></span> <span class='ocrx_word' id='word_1_430' title='bbox 1107 4189 1454 4266; x_wconf 89' lang='lat' dir='ltr'><strong>paratum,</strong></span> <span class='ocrx_word' id='word_1_431' title='bbox 1516 4180 1747 4272; x_wconf 85' lang='lat' dir='ltr'><strong>potius</strong></span> <span class='ocrx_word' id='word_1_432' title='bbox 1801 4204 2009 4283; x_wconf 81' lang='lat' dir='ltr'><strong>quam</strong></span> <span class='ocrx_word' id='word_1_433' title='bbox 2065 4203 2107 4252; x_wconf 91' lang='lat' dir='ltr'><strong>a</strong></span> <span class='ocrx_word' id='word_1_434' title='bbox 2205 4181 2548 4253; x_wconf 89' lang='lat' dir='ltr'><strong>Christum</strong></span> <span class='ocrx_word' id='word_1_435' title='bbox 2602 4184 2816 4255; x_wconf 91' lang='lat' dir='ltr'><strong>abne-</strong></span> 
     </span>
     <span class='ocr_line' id='line_1_46' title="bbox 261 4264 2808 4361; baseline 0.004 -28"><span class='ocrx_word' id='word_1_436' title='bbox 261 4265 605 4361; x_wconf 82' lang='lat' dir='ltr'><strong>gandum.</strong></span> <span class='ocrx_word' id='word_1_437' title='bbox 645 4265 724 4332; x_wconf 89' lang='lat' dir='ltr'><strong>Se</strong></span> <span class='ocrx_word' id='word_1_438' title='bbox 820 4276 899 4334; x_wconf 90' lang='lat' dir='ltr'><strong>ut</strong></span> <span class='ocrx_word' id='word_1_439' title='bbox 943 4264 1077 4334; x_wconf 79' lang='lat' dir='ltr'><strong>alla</strong></span> <span class='ocrx_word' id='word_1_440' title='bbox 1104 4267 1438 4348; x_wconf 90' lang='lat' dir='ltr'><strong>omittam,</strong></span> <span class='ocrx_word' id='word_1_441' title='bbox 1481 4291 1643 4341; x_wconf 89' lang='lat' dir='ltr'><strong>curn</strong></span> <span class='ocrx_word' id='word_1_442' title='bbox 1695 4269 2020 4342; x_wconf 77' lang='lat' dir='ltr'><strong>vidissem</strong></span> <span class='ocrx_word' id='word_1_443' title='bbox 2055 4291 2214 4340; x_wconf 90' lang='lat' dir='ltr'><strong>eum</strong></span> <span class='ocrx_word' id='word_1_444' title='bbox 2271 4293 2588 4345; x_wconf 89' lang='lat' dir='ltr'><strong>recusare</strong></span> <span class='ocrx_word' id='word_1_445' title='bbox 2645 4271 2808 4342; x_wconf 89' lang='lat' dir='ltr'><strong>deos</strong></span> 
     </span>
     <span class='ocr_line' id='line_1_47' title="bbox 262 4359 2813 4451; baseline 0.001 -21"><span class='ocrx_word' id='word_1_446' title='bbox 262 4359 491 4430; x_wconf 92' lang='lat' dir='ltr'><strong>colere</strong></span> <span class='ocrx_word' id='word_1_447' title='bbox 520 4364 587 4422; x_wconf 90' lang='lat' dir='ltr'><strong>et</strong></span> <span class='ocrx_word' id='word_1_448' title='bbox 645 4373 730 4421; x_wconf 90' lang='lat' dir='ltr'><strong>ne</strong></span> <span class='ocrx_word' id='word_1_449' title='bbox 778 4373 865 4423; x_wconf 90' lang='lat' dir='ltr'><strong>ue</strong></span> <span class='ocrx_word' id='word_1_450' title='bbox 912 4366 1308 4444; x_wconf 89' lang='lat' dir='ltr'><strong>potestatem</strong></span> <span class='ocrx_word' id='word_1_451' title='bbox 1358 4379 1623 4439; x_wconf 87' lang='lat' dir='ltr'><strong>curare,</strong></span> <span class='ocrx_word' id='word_1_452' title='bbox 1671 4382 1712 4429; x_wconf 92' lang='lat' dir='ltr'><strong>n</strong></span> <span class='ocrx_word' id='word_1_453' title='bbox 1803 4383 1891 4432; x_wconf 91' lang='lat' dir='ltr'><strong>ue</strong></span> <span class='ocrx_word' id='word_1_454' title='bbox 1938 4359 2442 4451; x_wconf 84' lang='lat' dir='ltr'><strong>suppliciorum</strong></span> <span class='ocrx_word' id='word_1_455' title='bbox 2496 4373 2615 4432; x_wconf 89' lang='lat' dir='ltr'><strong>aut</strong></span> <span class='ocrx_word' id='word_1_456' title='bbox 2678 4373 2813 4433; x_wconf 89' lang='lat' dir='ltr'><strong>tor-</strong></span> 
     </span>
     <span class='ocr_line' id='line_1_48' title="bbox 264 4439 2800 4542; baseline 0 -21"><span class='ocrx_word' id='word_1_457' title='bbox 264 4457 662 4521; x_wconf 89' lang='lat' dir='ltr'><strong>mentorum</strong></span> <span class='ocrx_word' id='word_1_458' title='bbox 708 4463 759 4517; x_wconf 89' lang='lat' dir='ltr'><strong>u</strong></span> <span class='ocrx_word' id='word_1_459' title='bbox 788 4439 926 4514; x_wconf 89' lang='lat' dir='ltr'><strong>lam</strong></span> <span class='ocrx_word' id='word_1_460' title='bbox 957 4442 1206 4517; x_wconf 85' lang='lat' dir='ltr'><strong>ducere</strong></span> <span class='ocrx_word' id='word_1_461' title='bbox 1249 4446 1610 4521; x_wconf 88' lang='lat' dir='ltr'><strong>rationem:</strong></span> <span class='ocrx_word' id='word_1_462' title='bbox 1683 4470 1755 4524; x_wconf 87' lang='lat' dir='ltr'><strong>se</strong></span> <span class='ocrx_word' id='word_1_463' title='bbox 1836 4462 1974 4527; x_wconf 88' lang='lat' dir='ltr'><strong>tam</strong></span> <span class='ocrx_word' id='word_1_464' title='bbox 2016 4449 2461 4542; x_wconf 86' lang='lat' dir='ltr'><strong>probabiliter</strong></span> <span class='ocrx_word' id='word_1_465' title='bbox 2516 4449 2800 4539; x_wconf 89' lang='lat' dir='ltr'><strong>quidem</strong></span> 
     </span>
    </p>

    <p class='ocr_par' dir='ltr' id='par_1_5' title="bbox 429 4544 2663 4616">
     <span class='ocr_line' id='line_1_49' title="bbox 429 4544 2663 4616; baseline 0.004 -4"><span class='ocrx_word' id='word_1_466' title='bbox 429 4547 676 4612; x_wconf 76' lang='lat' dir='ltr'><strong>surius</strong></span> <span class='ocrx_word' id='word_1_467' title='bbox 720 4579 741 4594; x_wconf 90' lang='lat'>-</span> <span class='ocrx_word' id='word_1_468' title='bbox 793 4544 955 4612; x_wconf 79' lang='lat' dir='ltr'><strong>Vitae</strong></span> <span class='ocrx_word' id='word_1_469' title='bbox 993 4547 1098 4614; x_wconf 82' lang='lat' dir='ltr'><strong>SS.</strong></span> <span class='ocrx_word' id='word_1_470' title='bbox 1128 4582 1153 4599; x_wconf 92' lang='lat'>-</span> <span class='ocrx_word' id='word_1_471' title='bbox 1180 4550 1307 4616; x_wconf 84' lang='lat' dir='ltr'><strong>Vol.</strong></span> <span class='ocrx_word' id='word_1_472' title='bbox 1336 4550 1439 4614; x_wconf 92' lang='lat'>111.</span> <span class='ocrx_word' id='word_1_473' title='bbox 2583 4555 2663 4614; x_wconf 84' lang='lat'><strong>48</strong></span> 
     </span>
    </p>
   </div>
  </div>
 </body>
</html>
