3327 4999
726 265 853 332 ⁴52
1531 295 1611 344 nn
1657 298 1716 347 s.
1768 296 2078 353 enneomo
2126 306 2285 355 mm
2785 298 3007 365 MART.
3053 303 3122 368 ⁴2

632 382 891 450 paucos
923 388 1080 437 vero
1129 367 1279 441 dies
1325 371 1395 440 in
1449 396 1700 466 magna
1747 384 2108 454 serenitate
2155 388 2336 462 aeris
2366 411 2578 482 super
2614 393 2822 466 altare
2847 399 3120 488 ejusdem

626 450 958 523 ecclesiae
1007 456 1228 527 nubes
1277 460 1564 533 coelitus
1612 466 1989 551 descendit,
2043 496 2308 563 suoque
2373 479 2544 549 illud
2616 484 2935 556 velamine
2984 510 3124 587 ope-

633 540 799 620 ruit,
855 564 1268 633 omnemque
1315 550 1675 623 ecclesiam
1731 569 1913 628 tanto
1964 573 2216 633 terrore
2258 589 2337 635 ac
2386 570 2715 641 suavitate
2762 574 2975 645 odoris
3020 599 3127 646 tm-

629 625 867 716 plevit,
922 646 998 701 ut
1046 636 1441 722 patentibus
1479 640 1721 729 januis
1769 647 2007 720 nullus
2055 651 2221 723 illuc
2320 675 2737 732 raesumeret
2783 664 3036 734 intrare.
3061 670 3125 735 Et

627 718 953 789 sacerdos
1001 735 1203 808 atque
1234 728 1575 812 custodeS,
1617 733 1716 802 vel
1769 734 1863 815 hi,
1903 739 2024 824 qui
2072 741 2159 810 ad
2191 765 2268 813 ce
2295 746 2600 816 ebranda
2651 752 2992 822 Missarum
3037 776 3127 826 so-

622 802 880 876 lemnia
951 826 1296 892 venerant,
1352 829 1417 884 et
1467 840 1608 887 rem
1658 822 2015 910 videbant,
2071 830 2341 930 ingredi
2390 836 2679 906 minime
2730 854 3039 929 poterant,
3069 857 3123 913 et

621 894 1027 966 suavitatem
1080 900 1355 972 mirifici
1390 905 1620 979 odoris
1658 912 2039 986 trahebant.
2096 923 2212 988 Die
2259 943 2414 991 vero
2462 923 2621 1006 alia,
2661 928 2731 996 in
2766 952 2843 998 ea
2889 931 3122 1022 lampa·

613 979 739 1052 des
785 983 934 1053 sine
981 985 1243 1058 lumine
1292 1006 1451 1062 sunt
1499 1019 1846 1071 accensae.
1907 1010 2065 1075 Post
2129 1030 2383 1098 paucos
2448 1011 2699 1085 iterum
2748 1017 2913 1099 dies,
2976 1043 3113 1090 cum

615 1070 901 1160 expletis
950 1076 1312 1147 Missarum
1363 1082 1741 1168 solemniis,
1795 1093 2108 1165 extinctis
2155 1098 2597 1188 lampadibus
2644 1119 2874 1178 custos
2903 1131 2975 1177 ex
3018 1130 3115 1178 ea·

614 1156 771 1227 dem
820 1162 1108 1234 ecclesia
1153 1190 1472 1257 egressus
1520 1172 1782 1260 suisset,
1838 1197 1989 1271 post
2056 1186 2422 1274 paululum
2492 1191 2809 1276 intravit,
2862 1209 2925 1266 et
2970 1197 3117 1266 lam·

611 1247 845 1334 padeS,
897 1273 1070 1338 quas
1118 1256 1513 1342 extinxerat,
1567 1264 1875 1338 lucentes
1924 1273 2196 1361 reperit.
2235 1280 2416 1357 Quas
2469 1280 2890 1380 negligenter
2924 1286 3114 1355 extin-

608 1335 788 1407 xisse
846 1361 919 1409 se
964 1341 1275 1426 credidit,
1328 1359 1533 1435 atque
1585 1374 1701 1423 eas
1764 1356 1895 1426 ‘am
1945 1362 2280 1432 solicitius
2326 1366 2631 1439 extinxit.
2694 1373 2826 1454 Qui
2872 1375 3102 1452 exiens,

607 1425 968 1497 ecclesiam
1025 1430 1313 1503 clausit:
1383 1439 1502 1507 sed
1552 1455 1704 1529 post
1801 1468 2079 1518 orarum
2127 1452 2335 1522 trium
2394 1459 2693 1547 spatium
2759 1485 3107 1554 regressus

607 1510 912 1585 lucentes
962 1517 1337 1608 lampade3‚
1376 1547 1549 1612 quas
1595 1531 1990 1616 extinxerat,
2042 1538 2331 1611 invenit:
2386 1558 2462 1614 ut
2510 1546 2828 1620 videlicet
2860 1575 2935 1621 ex
2987 1552 3119 1652 ipso

610 1600 877 1673 lumine
920 1622 1150 1695 aperte
1197 1611 1620 1696 claresceret,
1670 1622 1832 1706 quia
1868 1645 1986 1714 per
2034 1628 2309 1699 beatum
2343 1636 2747 1724 Gregorium
2803 1641 2987 1712 locus
3017 1636 3115 1708 ille

611 1688 699 1757 de
748 1693 1046 1763 tenebris
1077 1697 1163 1765 ad
1196 1699 1421 1769 lucem
1474 1707 1790 1779 venisset.
2806 1809 2813 1814 ,

693 1786 730 1858 ἓ
777 1786 928 1851 16.
1012 1785 1137 1854 Sed
1211 1810 1371 1857 cum
1439 1807 1721 1865 sanctus·
1787 1803 2154 1891 Gregorius
2208 1830 2325 1896 pro
2373 1816 2854 1885 convertendis
2900 1816 3112 1908 Anglis

609 1868 1015 1953 SaxonibUS,
1067 1879 1654 1958 quemadmodum
1707 1886 1777 1955 in
1827 1893 2241 1965 monachatu
2290 1921 2414 1968 suo
2466 1920 2936 1992 proposuerat,
2968 1906 3123 1977 assi-

609 1954 768 2023 duis
815 1959 1305 2048 cogitationum
1358 1968 1687 2044 ssuctibus
1749 1995 2152 2069 urgeretur,
2202 2007 2357 2056 mox
2404 1990 2525 2058 ubi
2575 1992 2917 2065 Ecclesiae
2963 2008 3119 2093 statu

603 2048 1015 2134 composito.
1068 2065 1391 2153 quartum
1443 2060 1549 2128 sui
1600 2065 2039 2150 pontificatus
2099 2094 2363 2172 annum
2431 2077 2748 2179 intravit,
2824 2090 3119 2184 Augusti-

609 3372 842 3469 ·eatiS.
896 3381 1027 3446 Nec
1076 3378 1270 3451 labor
1318 3408 1431 3457 vos
1474 3410 1635 3481 ergo
1683 3395 1972 3480 itineris,
2018 3424 2143 3472 nec
2193 3405 2688 3481 maledicorum
2742 3415 3106 3484 hominum

580 3481 671 3558 ‘in
775 3484 855 3530 ae
902 3464 1328 3554 deterreant,
1382 3477 1499 3545 sed
1551 3483 1742 3550 omni
1791 3485 2141 3571 instantia,
2197 3496 2524 3583 omnique
2570 3498 2886 3585 fervore,
2943 3524 3112 3592 quae

573 3569 686 3616 inc
739 3552 947 3622 oastis
977 3609 992 3634 ‚
1052 3562 1179 3626 Deo
1228 3573 1505 3634 auctore
1554 3572 1905 3662 peragite:
1959 3578 2252 3651 scientes
2285 3638 2300 3664 ,
2353 3586 2545 3672 quod
2607 3588 2917 3662 laborem
2970 3616 3108 3661 ma-

569 3656 783 3726 gnum
839 3642 1057 3732 major
1101 3659 1412 3746 aeternae
1453 3657 1922 3732 retributionis
1959 3666 2178 3756 gloria
2223 3690 2704 3761 consequetur.
2745 3680 3103 3751 Remeanti

540 3739 794 3826 'autem
847 3734 1226 3821 Augustino
1275 3743 1661 3832 Praeposito
1697 3762 1938 3833 vestro,
1978 3777 2182 3842 quem
2226 3773 2291 3829 et
2324 3762 2647 3834 Abbatem
2698 3770 2895 3840 vobis
2944 3794 3105 3840 con-

611 4375 637 4400 *
666 4378 732 4417 Ad
752 4380 1140 4430 evangelizandus
1156 4388 1329 4439 anglos
1349 4390 1393 4432 8.
1410 4393 1728 4445 augustinum
1746 4398 1864 4454 (vide
1880 4412 2002 4444 xxvi
2021 4405 2152 4460 ΠΜ.)
2171 4420 2279 4451 oum
2297 4412 2416 4454 viz-1³
2433 4417 2710 4465 apostolicis
2727 4419 2894 4461 mittit.
