3327 4999
218 348 464 417 MART.
516 349 602 415 26
1101 369 1179 417 nn
1226 368 1622 419 summano
1672 366 1871 419 Erlsc.
2551 356 2682 421 509

215 449 483 531 Quibus
531 448 839 540 expletis,
895 461 1325 521 sacramento
1374 472 1533 521 eum
1567 451 1999 531 constrinxit,
2059 472 2145 521 ne
2191 452 2305 521 cui
2354 465 2512 523 ante
2540 454 2770 523 obitus

216 538 328 608 sui
388 538 570 607 diem
624 560 744 628 per
790 560 863 607 se
910 536 1123 608 fuisse
1174 538 1651 610 illuminatum
1702 539 2061 610 indicaret.
2117 539 2350 611 Paruit
2414 540 2549 622 ille,
2609 542 2768 612 licet

216 626 497 707 invitus,
544 627 669 694 viri
712 626 827 695 Dei
862 628 1278 718 praeceptis:
1315 640 1379 698 et
1413 627 1563 717 ipso
1611 628 1890 715 quidem
1931 629 2193 699 vivente
2244 628 2422 699 nulli
2456 630 2584 699 hoc
2634 652 2767 720 pu-

214 714 517 794 blicavit,
575 714 693 783 sed
744 727 895 805 post
943 716 1092 804 ejus
1142 716 1422 786 demum
1475 716 1988 799 dormitionem,
2043 717 2341 805 qualiter
2388 718 2474 787 ab
2521 740 2601 803 eo
2650 740 2773 809 per

215 803 522 872 divinam
559 804 878 873 virtutem
930 815 1106 873 esset
1155 804 1616 886 illuminatus,
1651 805 2009 875 confessus
2060 820 2183 876 est.

304 894 341 978 ξ
411 896 571 963 ⁷1⁷2.
625 890 769 960 Alio
818 891 1052 960 itidem
1131 905 1432 983 tempore
1497 894 1667 964 dum
1730 894 2100 965 dioecesim
2167 896 2317 985 ipse
2385 917 2579 964 suam
2647 916 2770 985 pa-

215 979 454 1049 storali
500 978 724 1049 officio
781 980 1200 1062 circumiret,
1240 982 1326 1050 ad
1376 980 1735 1051 ecclesiam
1789 1006 1988 1052 suam
2041 984 2109 1053 in
2165 982 2309 1053 loco
2357 984 2479 1070 qui
2529 982 2766 1052 Biller-

213 1068 376 1137 beki
427 1082 728 1149 vocatur,
786 1069 989 1139 venit.
1044 1075 1201 1140 Erat
1249 1070 1344 1139 ibi
1391 1070 1617 1140 vicina
1644 1072 1985 1156 quaedam
2018 1072 2292 1153 mulier,
2333 1093 2583 1162 genere
2609 1072 2765 1158 qui-

214 1156 371 1225 dem
424 1156 700 1237 nobilis,
776 1157 893 1225 sed
962 1156 1199 1228 illicito
1261 1158 1701 1228 matrimonio
1762 1160 2174 1231 incestuosa.
2237 1166 2416 1229 Haec
2488 1161 2768 1229 beatum

212 1245 439 1314 virum
482 1244 649 1314 illuc
697 1245 1018 1315 advenire
1064 1268 1509 1338 cognoscenS,
1563 1269 1723 1317 eum
1775 1249 1861 1316 ab
1899 1248 2297 1329 intentione,
2336 1271 2474 1336 qua
2509 1248 2762 1336 hujus·

216 1333 403 1402 modi
439 1333 758 1423 copulam
796 1334 1169 1404 dissolvere
1218 1336 1526 1435 parabat,
1573 1337 1983 1405 muneribus
2032 1349 2356 1417 avertere,
2392 1351 2456 1407 et
2498 1338 2769 1406 animos

213 1421 365 1511 ejus
413 1422 681 1492 flectere
729 1423 1031 1492 tentavit.
1076 1429 1375 1510 Demque
1424 1446 1541 1493 vas
1591 1435 1881 1494 testeum
1921 1447 2080 1514 prae
2136 1426 2346 1495 rande
2379 1425 2585 1494 melle
2618 1425 2764 1516 ple-

213 1531 382 1580 num
433 1510 492 1579 ei
543 1510 744 1596 quasi
777 1533 902 1602 pro
937 1512 1408 1582 benedictione
1440 1512 1647 1582 misit.
1687 1513 1810 1583 Ille
1841 1513 2091 1601 absynt
2120 1514 2194 1582 iii
2224 1514 2766 1583 amaritudinem

213 1599 345 1668 sub
395 1597 595 1668 melle
644 1598 850 1668 latere
890 1621 1025 1668 non
1076 1599 1428 1690 ignoranS,
1467 1611 1531 1670 et
1562 1601 1788 1671 sciens
1839 1624 2128 1671 munera
2161 1624 2525 1672 excaecare
2557 1602 2763 1672 etiam

213 1687 451 1758 oculos
499 1687 942 1777 sapientium,
987 1689 1271 1758 omnino
1303 1689 1473 1757 illud
1528 1689 1880 1781 suscipere
1933 1691 2294 1772 recusavit,
2335 1691 2574 1762 dicens
2602 1691 2660 1759 ei
2696 1712 2769 1760 se

214 1776 455 1865 partici
512 1798 627 1845 are
677 1797 809 1844 non
864 1797 1085 1866 posse,
1146 1798 1323 1863 quae
1371 1799 1442 1847 se
1491 1777 1733 1848 illicito
1781 1780 2132 1849 connubio
2180 1780 2481 1850 alienam
2512 1780 2599 1849 ab
2648 1784 2769 1848 Ec-

212 1863 422 1933 clesia
486 1865 770 1933 ecisset:
809 1864 1178 1955 indignum
1217 1888 1492 1952 quoque
1543 1866 1675 1935 sibi
1710 1867 1949 1948 videri,
2002 1869 2059 1940 si
2111 1869 2455 1958 postulata
2496 1890 2632 1936 non
2665 1866 2763 1937 fa-

212 1964 475 2033 cturus,
531 1953 682 2041 ejus
728 1951 1081 2042 eulogium
1131 1955 1584 2045 suscepisset:
1641 1956 1847 2025 sciret
1897 1957 2144 2045 magis,
2209 1978 2293 2026 ne
2341 1978 2753 2043 numquam,

218 2041 507 2110 Domino
556 2040 841 2122 volente,
872 2052 1328 2122 cessaturum,
1374 2043 1507 2111 nisi
1542 2042 1715 2112 illud
1749 2066 1886 2113 non
1916 2056 2054 2113 tam
2085 2044 2516 2134 conjugium,
2549 2066 2763 2131 quam

219 2128 557 2199 incestum
607 2129 784 2199 facto
830 2128 1120 2199 divortio
1167 2130 1593 2201 dissociaret.
1653 2136 1753 2200 Ita
1802 2131 1905 2200 illi
1944 2133 2065 2219 qui
2114 2134 2310 2205 missi
2367 2133 2663 2213 fuerant,
2719 2155 2761 2202 a

215 2217 564 2287 sacerdote
611 2214 821 2288 simul
869 2240 1028 2287 cum
1065 2240 1348 2288 munere
1398 2219 1682 2309 repulsi,
1721 2218 2084 2310 plerosque
2109 2243 2187 2290 ex
2216 2220 2583 2311 discipulis
2613 2221 2764 2311 ejus

215 2318 703 2387 convenerunt,
742 2318 819 2375 ut
868 2305 1001 2463 igsi
1050 2307 1290 2376 saltem
1343 2307 1834 2379 transmissum
1883 2310 2237 2399 eulogium
2294 2309 2752 2400 susciperent,

213 2406 506 2464 orantes,
560 2394 670 2463 Illi
718 2395 879 2483 cupi
937 2395 1093 2463 itate
1141 2395 1355 2475 ducti,
1400 2396 1533 2464 mel
1584 2397 1671 2466 ab
1703 2396 1828 2475 eis,
1883 2398 2205 2488 episcopo
2242 2398 2606 2480 nesciente,
2645 2420 2763 2467 su-

215 2494 603 2574 sceperunt,
655 2496 720 2554 et
768 2505 840 2553 se
886 2483 943 2553 ei
998 2507 1452 2575 persuasuros
1500 2486 2069 2575 repromiserunt.
2138 2492 2216 2556 Et
2271 2486 2438 2575 quia
2487 2497 2764 2577 repente

214 2571 456 2653 alium,
493 2572 613 2641 ubi
650 2586 1076 2663 reponerent,
1116 2574 1345 2643 locum
1399 2574 1706 2643 invenire
1758 2576 2233 2662 nequiverunt,
2275 2575 2521 2646 subtus
2551 2576 2764 2645 altare

215 2660 444 2730 linteis
493 2661 798 2748 undique
844 2673 1243 2752 coopertum
1293 2662 1465 2732 illud
1517 2663 1934 2733 locaverunt.
1986 2670 2282 2752 Jamque
2332 2664 2568 2734 aderat
2596 2676 2764 2733 tem-

213 2772 369 2839 puS,
421 2772 558 2837 quo
607 2750 927 2821 sacerdos
973 2750 1250 2820 Missam
1299 2751 1644 2821 celebrare
1711 2752 2023 2822 debebat.
2087 2759 2254 2822 Cum
2309 2753 2457 2844 jam
2519 2775 2756 2823 coram

209 2837 409 2907 altari
456 2850 669 2919 stam,
715 2861 790 2909 os
839 2839 926 2910 ad
974 2840 1351 2909 orationem
1401 2841 1805 2930 aperuisset,
1845 2864 1962 2910 vas
2011 2841 2210 2920 illud,
2247 2842 2431 2929 quod
2483 2843 2613 2911 sub
2656 2841 2759 2910 al-

213 2926 341 2996 tari
373 2939 539 3004 erat,
581 2928 870 3016 crepuit,
906 2939 970 2996 et
1030 2928 1231 2996 melle
1278 2928 1520 3011 effus0,
1583 2930 1975 2999 minutatim
2025 2930 2397 3000 discissum
2448 2940 2573 3010 est,
2613 2929 2759 2999 acsi

211 3036 335 3105 pro
370 3016 672 3085 oratione
721 3016 1021 3107 lapidem
1054 3017 1124 3084 in
1160 3015 1334 3085 illud
1373 3017 1675 3105 jecisset.
1730 3023 1831 3087 Ita
1880 3017 2082 3088 melle
2130 3041 2319 3090 soi-as
2366 3017 2569 3099 elat0,
2610 3040 2758 3087 om·-

213 3125 335 3175 nes
386 3104 456 3172 in
513 3125 881 3173 commune
929 3104 1297 3174 Dominum
1347 3105 1826 3187 laudaverunt,
1881 3118 1945 3176 et
1994 3110 2268 3177 servum
2318 3129 2527 3176 suum
2579 3105 2760 3176 Lud-

211 3213 480 3281 gerum‚
535 3191 736 3278 cujus
786 3192 1109 3261 meritum
1173 3192 1274 3260 vel
1336 3193 1712 3349 θνειηὲθίἰοί
1775 3195 2071 3284 exempli
2132 3196 2515 3265 imitatione
2574 3216 2760 3264 com-

214 3277 605 3360 mendatur,
669 3279 769 3348 vel
833 3280 1000 3349 tanti
1050 3279 1369 3349 miraculi
1418 3282 1487 3349 in
1547 3282 1679 3351 icio
1727 3282 2139 3353 declaratur.
2194 3289 2360 3353 Nam
2426 3284 2484 3352 si
2556 3304 2759 3374 preco

213 3364 487 3435 Domini
537 3379 599 3436 et
638 3368 936 3457 Baptista
983 3374 1283 3437 Joannes
1316 3369 1660 3452 laudatur,
1696 3372 1878 3456 quod
1918 3393 2145 3462 regem
2177 3373 2297 3458 qui
2324 3372 2558 3442 fratris
2591 3393 2759 3440 uxo-

211 3475 355 3523 rem
409 3454 556 3545 ipso
606 3455 754 3524 vivo
804 3456 1118 3536 habebat,
1174 3457 1574 3546 increpavit,
1620 3458 1964 3544 quomodo
2000 3482 2134 3528 non
2166 3470 2447 3530 sanctus
2500 3460 2763 3550 Ludge-

210 3565 332 3611 rus
380 3544 571 3612 omni
607 3542 810 3613 laude
856 3543 1113 3633 dignus
1161 3545 1526 3614 habebitur
1556 3547 1674 3632 qui
1740 3546 1760 3613 i
1817 3558 2081 3616 cestum
2132 3569 2269 3616 non
2320 3547 2548 3616 solum
2600 3569 2751 3617 cor-

211 3631 449 3722 ripuit,
487 3631 604 3701 sed
645 3642 710 3701 et
742 3632 1074 3702 terrendis
1106 3632 1262 3701 aliis
1292 3633 1377 3702 de
1460 3633 1633 3718 atria
1658 3655 1738 3702 ex
1776 3635 2093 3704 urbavit?
2141 3634 2262 3703 Ille
2296 3636 2764 3725 persecutioni

210 3719 617 3790 Herodiadis
665 3742 802 3790 non
852 3722 1094 3792 cessit:
1152 3720 1275 3791 iste
1323 3743 1411 3790 no
1464 3721 1577 3792 ilis
1625 3722 1932 3808 adaeque
1984 3723 2297 3793 mulieris
2346 3724 2763 3794 muneribus

210 3832 250 3879 a
286 3809 598 3899 justitiae
638 3810 908 3879 tramite
954 3809 1221 3878 deflecti
1265 3810 1591 3896 nequivit.
1944 3803 1971 3824 '¹
2020 3896 2026 3899 Α

299 3899 336 3984 ξ
405 3902 563 3970 738.
617 3904 710 3967 Ea
757 3898 896 3968 fere
958 3908 1356 3998 tempestate
1428 3897 1958 3988 praedicationis
2055 3899 2225 3968 ratia
2276 3899 2562 3970 Frisiam
2614 3901 2760 3970 adi-

211 3985 327 4054 vit.
383 3991 688 4074 Cumque
737 3987 821 4057 ad
873 3986 1234 4057 ecclesiam
1286 4009 1482 4057 suam
1534 3986 1605 4055 in
1655 3986 1805 4055 loco
1842 3988 1964 4074 qui
2043 3988 2249 4057 icitur
2278 3988 2528 4069 Heleri‚
2555 3989 2775 4078 juxta,

210 4074 504 4144 fluvium
554 4076 806 4145 Ladam
859 4076 1173 4156 venisset,
1229 4087 1506 4166 propter
1538 4075 1844 4165 hospites
1872 4075 1992 4162 qui
2018 4097 2175 4146 eum
2207 4076 2758 4163 frequentabant,

261 4162 405 4233 etiit
454 4164 587 4233 loci
634 4163 823 4234 illius
873 4165 1266 4255 piscatores,
1337 4174 1413 4233 ut
1479 4163 1612 4235 sibi
1661 4163 1963 4250 aliquem
2024 4164 2401 4236 sturionem
2450 4187 2764 4256 compre-

212 4186 504 4321 Eensum
556 4253 897 4321 offerrent.
953 4252 1060 4321 Illi
1087 4252 1235 4343 jam
1286 4264 1559 4342 tempus
1607 4252 1820 4342 hujus
1867 4263 2192 4343 capturae
2219 4254 2628 4345 praeterisse
2654 4276 2761 4322 re-

212 4340 658 4430 sponderunt,
704 4353 769 4410 et
805 4341 1364 4442 appropinquare
1412 4341 1728 4430 hyemale
1765 4340 1912 4431 jam
1964 4353 2260 4432 tempuS,
2314 4363 2452 4429 quo
2513 4341 2785 4429 hujus?

215 4428 404 4499 modi
452 4428 677 4521 pisces
707 4452 864 4520 capl
912 4452 1047 4499 non
1099 4430 1419 4501 solerent.
1474 4411 1600 4500 Sed
1635 4434 1836 4513 DeuS,
1874 4430 2123 4519 inquit,
2172 4430 2323 4512 filii,
2362 4443 2757 4523 temporum
