3327 4999
605 337 736 403 526
1240 353 1321 399 mr.
1347 352 1442 399 ·s.‘
1479 346 1853 398 Auxanum
1897 348 2110 397 mum
2157 348 2349 395 uuir.
2686 327 2934 394 MART.
2992 324 3084 395 27

513 434 636 521 qui
677 432 981 523 lapidem
1029 431 1102 499 in
1138 430 1513 500 solitudine
1557 429 1728 499 olim
1763 426 2108 499 discidisti
2155 439 2222 496 et
2256 436 2511 514 aquam
2558 438 2643 495 ex
2673 426 2793 495 illo
2838 426 3086 495 eduxi-

516 522 625 603 sti,
680 542 767 589 ne
818 519 1120 610 populus
1187 530 1351 588 tuus
1402 518 1611 587 Israel
1682 516 1795 586 siti
1872 515 2236 584 deficeret:
2304 536 2493 584 nunc
2548 525 2624 583 tu
2686 515 3086 585 misericors

510 609 780 700 respice
820 628 1096 677 servum
1147 618 1370 687 tuum,
1399 617 1464 676 et
1513 606 1642 675 hoc
1690 604 1761 672 in
1814 604 1963 673 loco
2010 624 2261 691 aquam
2313 602 2588 693 praebe,
2639 614 2717 671 ut
2763 623 2891 691 ego
2939 624 3087 672 ser-

507 719 639 767 vus
688 709 850 766 tuus
899 695 1132 764 bibam
1184 705 1249 763 et
1295 693 1566 762 nomini
1615 706 1732 763 tuo
1761 691 2055 782 gloriam
2109 690 2462 760 reddam.»
2497 690 2620 759 His
2650 690 2879 771 dictis,
2932 704 3083 760 sta-

506 785 633 854 tim
684 783 889 854 tellus
916 803 1094 870 quae
1129 781 1310 850 infra
1357 782 1638 852 arbores
1686 779 1844 849 illas
1889 791 2057 859 erat,
2112 792 2347 869 aperta
2380 790 2504 860 est,
2530 791 2598 848 et
2643 777 3080 868 gelidissima

504 894 586 942 ac
636 870 1015 962 purissima
1058 868 1400 957 quaedam
1450 891 1630 956 aqua
1678 868 1948 958 erupit:
2001 867 2190 937 unde
2235 879 2300 937 et
2348 866 2725 937 Alexander
2768 878 2838 936 et
2888 866 3075 934 mili-

503 972 608 1029 tes
654 959 776 1046 qui
822 980 981 1028 cum
1035 957 1154 1026 illo
1201 969 1420 1036 erant,
1477 958 1826 1027 biberunt.
1881 955 1957 1025 Id
2007 977 2169 1025 cum
2222 955 2555 1026 vidissent
2592 954 2847 1024 milites
2886 955 3075 1040 quod

505 1060 644 1116 tam
699 1046 1110 1115 mirabiliter
1170 1057 1452 1116 sanctus
1516 1056 1780 1134 martyr
1833 1043 2106 1124 fecerat,
2162 1043 2394 1111 mirati
2445 1053 2629 1124 sunt,
2661 1054 2728 1113 et
2773 1043 2954 1111 inter
3002 1064 3077 1111 se

508 1134 869 1204 dicebant:
925 1157 962 1201 «
995 1140 1161 1204 Vere
1228 1153 1527 1223 magnus
1573 1144 1677 1203 est
1727 1138 1903 1202 Deus
1952 1131 2523 1212 Christianorum,
2574 1131 2910 1217 quoniam
2974 1130 3077 1200 sic

503 1244 737 1293 servos
783 1243 948 1291 suos
1016 1220 1317 1291 exaudit.
1358 1243 1394 1287 »
1443 1226 1634 1290 Tunc
1684 1219 2112 1309 Tyberianus
2185 1219 2434 1289 sedens
2506 1239 2630 1308 pro
2681 1218 3067 1298 tribunali,

496 1310 711 1411 jussit
760 1311 1038 1380 beatum
1076 1308 1536 1378 Alexandrum
1570 1308 1739 1377 illuc
1789 1307 1992 1377 duci:
2047 1328 2253 1393 quem
2297 1308 2733 1396 interrogans
2768 1329 2783 1374 z
2845 1329 2874 1370 ι
2908 1311 3068 1396 Age,

505 1398 760 1485 lnquit,
804 1396 920 1468 dic
965 1397 1366 1466 Alexander:
1422 1396 1707 1466 Facisne
1754 1395 1938 1482 quod
1982 1394 2181 1481 jubet
2226 1400 2632 1485 Imperator,
2687 1416 2778 1463 an
2830 1415 2964 1463 non
3000 1398 3074 1460 Ἰ»

507 1484 893 1576 Respondit
964 1485 1116 1555 ille:
1189 1507 1225 1551 «
1286 1490 1424 1574 Ego
1471 1483 1787 1552 coelestis
1854 1482 2296 1572 Imperatoris
2361 1483 2495 1551 mei
2559 1482 2783 1551 edicto
2837 1483 3077 1572 parere

501 1573 681 1655 volo,
747 1594 970 1661 neque
1024 1585 1086 1643 te
1132 1572 1396 1658 aliquid
1445 1592 1596 1642 esse
1646 1583 1812 1660 puto
1847 1624 1862 1651 ,
1942 1592 2166 1657 neque
2229 1575 2723 1660 Imperatorem
2773 1582 2997 1639 tuum.
3036 1592 3116 1636 »-

500 1666 647 1730 Hoc
685 1681 1097 1751 responsum
1147 1682 1307 1730 cum
1364 1665 1640 1729 Praeses
1676 1658 1764 1727 ab
1792 1679 1873 1727 eo
1920 1658 2321 1747 accepisset,
2378 1679 2515 1726 non
2578 1657 2886 1747 amplius
2927 1657 3075 1726 illie

469 1770 666 1819 ·eum
700 1749 1125 1839 interrogare
1176 1746 1426 1817 voluit:
1479 1746 1598 1816 sed
1648 1747 2041 1815 convocatis
2090 1746 2455 1826 militibus,
2511 1768 2548 1812 «
2579 1745 2920 1825 Celeriter,
2960 1746 3075 1813 iu-

502 1836 677 1923 quit,
731 1836 942 1906 istum
991 1834 1579 1925 comprehendite,
1626 1846 1694 1904 et
1739 1835 1809 1902 in
1853 1835 2099 1903 urbem
2139 1840 2463 1903 Beroeam
2504 1832 2901 1904 abducite.»
2956 1836 3081 1902 Ce-

505 1936 762 2014 perunt
817 1923 1033 2015 igitur
1080 1922 1280 1992 illum
1332 1922 1608 2003 milites,
1661 1934 1728 1991 et
1773 1921 1859 1990 ad
1910 1921 2203 1991 fluvium
2253 1921 2625 2006 quemdam
2689 1932 3069 2001 venerunt,

506 2013 620 2081 cui
672 2033 924 2081 nomen
973 2022 1118 2080 erat
1160 2015 1408 2079 Arzon.
1447 2014 1615 2080 Cum
1679 2021 1909 2084 autem
1959 2022 2187 2080 essent
2249 2009 2410 2079 fessi
2461 2009 2546 2079 de
2602 2008 2754 2089 via,
2807 2008 3075 2098 seipsos

502 2100 694 2200 apud
747 2100 1006 2168 flumen
1058 2097 1231 2167 illud
1308 2097 1831 2187 refrigerabant.
1895 2097 2047 2167 Illic
2121 2096 2498 2165 Alexander
2554 2118 2808 2166 manus
2862 2111 2930 2166 et
2977 2096 3081 2165 sa-

503 2209 682 2256 ciem
732 2187 921 2257 lavit.
977 2192 1282 2273 Cumque
1330 2186 1611 2255 arbores
1640 2185 1981 2271 quasdam
2022 2184 2344 2254 celsiores
2393 2184 2699 2255 vidisset:
2768 2184 3066 2265 «Venite,

504 2275 756 2361 inquit,
812 2274 1079 2355 fratreS,
1117 2286 1182 2343 et
1216 2294 1590 2364 parumper
1619 2273 1751 2343 sub
1790 2273 2157 2343 arboribus
2186 2272 2327 2340 illis
2356 2273 2826 2358 quiescamus
2856 2295 2894 2339 »

435 2430 452 2439 -
593 2365 811 2449 §12
866 2368 1103 2432 Postea
1151 2383 1309 2432 vero
1372 2382 1583 2447 quam
1635 2361 1706 2428 in
1755 2365 2079 2430 Beroeam
2144 2361 2389 2430 urbem
2463 2360 2893 2448 Tyberianus
2960 2360 3072 2430 in-

504 2471 787 2541 gressus
833 2462 958 2530 est,
1011 2451 1164 2540 ejus
1195 2449 1491 2520 civitatis
1538 2448 1905 2538 optimates
1966 2448 2164 2517 illum
2235 2460 2672 2538 acceperunt.
2738 2449 3072 2531 Quamvis

502 2539 690 2608 enim
740 2538 1052 2628 plerique
1101 2539 1412 2629 ipsorum
1477 2537 1724 2607 Christi
1772 2536 1981 2606 fidem
2033 2549 2412 2616 servarent,
2469 2538 2915 2637 Imperatoris
2958 2548 3071 2616 ‚ta-

505 2648 663 2696 men
718 2640 906 2697 metu
952 2648 1104 2695 eam
1138 2647 1281 2694 rem
1312 2624 1878 2695 dissimulabant.
1913 2625 2045 2706 Qui
2094 2635 2324 2693 autem
2360 2624 2817 2693 Christianam
2854 2624 3069 2694 fidem

500 2715 1029 2805 profitebantur,
1084 2713 1446 2783 audientes
1493 2712 1745 2781 Christi
1797 2725 2170 2800 martyrem
2221 2711 2683 2781 Alexandrum
2735 2711 2910 2782 illuc
2958 2735 3070 2782 ve-

500 2803 673 2883 nire,
730 2824 986 2892 magno
1017 2801 1288 2957 {audio
1335 2800 1582 2880 affecti,
1625 2800 1827 2880 illum
1862 2799 2240 2870 salutantes
2276 2821 2436 2868 exce
2489 2811 2714 2869 erunt.
2756 2802 3104 2886 Cumque·

498 2891 928 2989 Tyberianus
975 2911 1014 2957 a
1111 2888 1425 2958 fluminis
1463 2887 1648 2974 quod
1698 2909 1914 2977 supra
1960 2887 2288 2968 diximuS,
2331 2911 2411 2956 va
2469 2909 2585 2955 um
2618 2887 2914 2956 alterum
2959 2909 3071 2957 ve-

497 2990 737 3057 nisset,
789 2977 911 3064 qui
973 2976 1166 3045 locus
1211 2974 1675 3064 quadraginta
1722 2974 1860 3044 fere
1909 2975 2330 3044 milliaribus
2378 2974 2678 3044 distabat
2724 2997 2766 3043 a
2812 2980 3069 3046 Beroea

497 3065 697 3140 urbe.
737 3065 856 3133 ubi
889 3076 955 3133 et
1003 3063 1302 3154 hospitia
1334 3063 1555 3132 multa
1585 3074 1807 3144 erant,
1836 3061 1980 3131 illic
2024 3068 2382 3151 Martyrem
2417 3063 2822 3152 expectabat
2852 3083 3067 3149 quem

501 3153 801 3221 iusserat
857 3151 1165 3220 vinctum
1216 3172 1339 3241 per
1382 3172 1623 3220 omnes
1669 3152 1868 3220 urbis
1920 3150 2113 3219 illius
2175 3150 2495 3240 publicas
2541 3151 2687 3219 vias
2762 3150 3067 3220 circum-

501 3239 686 3321 duci,
738 3251 805 3308 et
849 3239 1021 3308 illuc
1058 3238 1415 3308 celerrime
1455 3238 1781 3328 pertrahi.
1837 3238 2005 3307 Inde
2054 3238 2264 3308 simul
2300 3239 2370 3305 in
2421 3239 2648 3308 locum
2685 3239 3065 3330 quemdam

498 3337 860 3409 venerunt,
915 3326 1211 3396 Bortiam
1263 3326 1562 3396 nomine.
1617 3326 1968 3408 Quaesivit
2013 3338 2245 3395 autem
2286 3331 2565 3396 Praeses
2590 3327 2678 3395 ab
2727 3328 2881 3416 eJus
2933 3326 3064 3397 loci

499 3415 907 3486 hominibus
941 3470 956 3497 ,
1008 3436 1312 3501 quanam
1361 3416 1470 3482 via
1523 3413 2089 3503 compendiosius
2150 3413 2237 3482 ad
2287 3413 2844 3504 Europolitarum
2905 3437 3065 3505 pro-

500 3503 800 3572 vinciam
851 3502 1208 3593 pervenire
1256 3515 1557 3592 possent.
1610 3501 1723 3570 Illi
1758 3502 2287 3592 responderunt,
2322 3501 2894 3592 compendiosius
2939 3504 3065 3573 iter

500 3591 840 3672 futurum,
894 3593 955 3661 si
1012 3603 1443 3661 transeuntes
1497 3611 1620 3680 per
1669 3601 1958 3672 monteS,
2030 3591 2098 3658 in
2139 3610 2467 3678 campum
2517 3590 2896 3676 quemdam
2947 3591 3069 3661 de-

500 3678 926 3760 scenderent,
980 3680 1052 3748 in
1091 3700 1250 3748 eum
1301 3678 1532 3748 locum
1564 3677 1687 3765 qui
1736 3677 2097 3747 dicebatur
2133 3676 2616 3748 Burtodexion.
2658 3681 2827 3747 Cum
2877 3678 3066 3746 enim

498 3768 926 3856 Tyberianus
968 3768 1221 3837 multos
1256 3766 1677 3835 Christianos
1724 3765 1797 3833 in
1834 3764 2007 3835 urb'e
2058 3764 2502 3865 Adrianopoli
2548 3787 2700 3835 esse
2758 3765 3067 3835 audivis-

501 3865 623 3936 set,
678 3855 954 3924 deflexit
998 3856 1083 3924 de
1124 3856 1231 3924 via
1264 3855 1565 3944 publica,
1607 3875 1692 3922 ne
1738 3854 1807 3921 in
1850 3854 2097 3923 urbem
2130 3852 2319 3920 illam
2356 3853 2854 3942 ingrederetur.
2896 3858 3066 3922 Cum

495 3942 714 4042 igitur
753 3964 903 4011 eam
937 3943 1181 4013 urbem
1217 3964 1257 4010 a
1295 3942 1570 4011 dextera
1597 3952 1663 4010 et
1695 3954 1998 4012 castrum
2035 3964 2075 4009 a
2105 3940 2386 4009 sinistra
2421 3941 2834 4028 reliquisset,
2874 3952 3062 4010 tran-

499 4031 615 4099 siit
664 4052 785 4121 per
832 4042 1099 4099 montes
1148 4030 1326 4105 illos,
1381 4030 1560 4102 sicut
1634 4030 1723 4099 ab
1768 4030 1919 4119 ejus
1984 4028 2115 4099 loci
2164 4029 2569 4098 hominibus
2624 4028 2962 4098 didicerat
3005 4042 3073 4098 et

497 4118 684 4208 venit
730 4120 802 4187 in
871 4118 1352 4188 Burtodexion.
1407 4123 1576 4187 Cum
1634 4139 1792 4186 vero
1855 4119 2097 4188 beatus
2145 4128 2410 4205 martyr
2470 4115 2851 4185 Alexander
2899 4116 3068 4186 illuc

497 4207 817 4288 venisset,
859 4219 1144 4276 matrem
1179 4228 1377 4275 suam
1429 4205 1715 4274 invenit.
1752 4211 1962 4287 Quae,
2011 4206 2156 4275 viso
2189 4204 2357 4284 filio,
2408 4203 2495 4273 ad
2547 4204 2698 4292 ejus
2747 4204 2960 4294 pedes
2992 4226 3069 4274 se

500 4294 749 4384 dejecit
795 4306 860 4363 et
905 4295 1068 4364 flere
1114 4294 1360 4384 coepit.
1400 4299 1635 4364 Postea
1684 4315 1844 4362 vero
1884 4294 2179 4362 surrexit
2206 4306 2273 4362 et
2313 4291 2536 4382 filium
2590 4292 2899 4362 osculata
2937 4305 3065 4362 est.

501 4386 675 4452 Tum
726 4384 965 4453 beatus
1011 4381 1388 4454 Alexander
1435 4381 1539 4450 illi
1586 4381 1796 4451 dixit:
1842 4404 1878 4448 «
1912 4382 2085 4463 Noli,
2141 4392 2360 4453 mater
2390 4401 2565 4462 mea,
2621 4381 2807 4450 flere:
2862 4402 3065 4471 spero

2594 4587 2625 4600 x
