3327 4999
189 277 301 341 Ex
354 274 533 341 NOV.
587 276 670 339 26
1084 293 1160 339 na
1207 292 1261 339 s.
1316 291 1540 340 Aurio
1586 292 1838 343 ciorum
2512 277 2637 341 72³3

188 375 261 444 in
304 373 714 443 hodiernum
748 392 965 459 usque
1003 371 1185 442 diem
1235 383 1592 443 servantur
1635 374 1935 463 integrae
1985 371 2054 440 in
2106 370 2277 442 atrio
2312 373 2550 465 templi
2580 395 2724 444 ma-

182 485 372 555 gnae
419 459 833 554 Euphemiae
885 460 1225 552 martyris,
1257 483 1414 531 cum
1449 461 1546 531 sic
1576 462 1816 532 beatus
1850 460 1962 530 ille
1985 460 2323 546 jussisset.
2366 463 2720 545 Quomodo

184 565 424 623 autem
484 565 548 621 et
596 549 869 637 quando
930 561 994 619 et
1041 550 1161 619 ubi
1209 571 1571 640 apparens,
1634 552 1703 619 in
1755 549 2251 621 certaminibus
2298 552 2717 622 exercitatis-

186 643 371 711 sima
419 639 817 732 Euphemia,
855 639 1266 708 acerrimum
1320 639 1563 708 excitat
1603 640 1819 708 sancti
1862 638 2084 707 zelum
2137 638 2227 707 *ad
2291 661 2557 710 sacram
2608 663 2723 711 ae-

185 731 349 800 dem
393 729 455 796 ei
492 727 963 809 extruendam,
1017 740 1278 818 oportet
1328 749 1450 796 nos
1498 728 1746 808 dicere,
1789 749 1909 796 nec
1956 748 2072 798 eos
2102 728 2220 815 qui
2249 728 2494 819 legent,
2528 729 2717 800 frau-

187 820 361 889 dare
412 818 825 890 narratione.

279 911 319 996 ξ
379 912 471 978 9.
526 907 616 976 Ad
669 907 928 996 regiam
970 919 1243 996 propter
1289 907 1627 993 quaedam
1682 905 1948 996 negotia
1981 918 2140 976 tunc
2171 907 2309 976 ibat
2341 907 2554 999 hujus
2585 912 2718 976 An-

184 998 404 1069 tistes.
459 1003 505 1066 Α
551 1019 688 1085 quo
735 996 939 1064 etiam
988 995 1196 1065 simul
1248 995 1374 1065 iter
1420 995 1713 1087 ingredi,
1755 996 1973 1083 utqui
2023 1008 2198 1065 esset
2241 996 2578 1067 Diaconus
2608 1018 2720 1067 ec-

179 1086 461 1170 clesiae,
506 1087 748 1177 jussus
794 1096 897 1154 est
936 1083 1034 1153 vel
1089 1084 1363 1168 invituS,
1418 1098 1492 1156 ut
1538 1086 1652 1155 cui
1705 1085 1989 1155 minime
2034 1097 2212 1156 esset
2257 1098 2528 1176 gratum
2574 1109 2718 1155 ver-

179 1176 327 1246 sari
370 1177 439 1245 in
488 1173 902 1255 civitatibus,
945 1195 1103 1243 cum
1138 1172 1237 1245 sic
1268 1173 1463 1245 facile
1494 1175 1578 1245 ad
1609 1175 2024 1266 voluptatem
2056 1187 2120 1243 et
2149 1175 2311 1244 vitia
2342 1175 2713 1245 inclinetur

178 1265 491 1336 animus.
546 1269 824 1353 Propter
871 1262 1218 1339 Pontificis
1249 1275 1471 1334 tamen
1507 1264 1948 1334 reverentiam
1980 1263 2471 1334 chalcedonem
2502 1285 2720 1351 usque

176 1366 291 1426 est
339 1364 771 1425 consecutus.
828 1350 975 1422 Illic
1023 1373 1180 1421 cum
1232 1353 1406 1422 clam
1474 1375 1542 1424 se
1593 1353 2054 1435 subduxisset,
2113 1352 2280 1422 dum
2336 1367 2510 1422 esset
2559 1354 2715 1443 Epi-

172 1464 440 1533 scopus
487 1463 671 1511 mare
720 1442 1254 1512 transmissurus
1303 1443 1740 1513 Constantino
1794 1442 1982 1522 olim,
2017 1441 2141 1511 ubi
2164 1431 2361 1531 jukta
2390 1465 2577 1512 mare
2610 1455 2714 1513 est

178 1532 491 1624 positum
544 1531 950 1620 martyrium
1012 1535 1255 1600 Bassae
1308 1533 1649 1620 martyris,
1706 1532 1724 1600 i
1827 1532 2205 1622 ingressu5‚
2270 1531 2399 1601 sub
2447 1553 2586 1601 uno
2633 1555 2714 1602 ex

179 1621 490 1692 scamnis
522 1642 697 1707 quae
745 1620 886 1689 illic
926 1633 1141 1700 erant,
1181 1620 1529 1690 dormiens
1566 1621 1837 1691 latebat.
1878 1626 2046 1690 Cum
2084 1619 2337 1690 sensim
2382 1632 2608 1690 autem
2645 1622 2712 1689 in

181 1711 451 1781 somnis
503 1722 762 1799 martyr
798 1709 859 1778 ei
907 1709 1362 1800 apparuisset,
1415 1722 1479 1779 et
1516 1711 1788 1800 juberet
1834 1730 1995 1779 eum
2044 1710 2176 1778 cito
2226 1731 2347 1778 sur
2395 1731 2547 1779 ere:
2602 1709 2717 1780 ille

178 1823 339 1871 vero
395 1800 543 1891 ejus
592 1799 903 1868 decorem
952 1809 1016 1866 et
1066 1797 1481 1868 honestatem
1550 1811 1726 1869 esset
1774 1798 2195 1879 admiratus,
2260 1810 2325 1868 et
2401 1799 2713 1870 ubentis-

181 1891 361 1961 sime
408 1891 875 1978 interrogaret,
932 1887 1253 1974 quisnam
1295 1901 1493 1970 esset,
1532 1903 1594 1958 et
1641 1910 1852 1976 quare
1873 1887 2144 1978 juberet
2192 1909 2496 1978 surgere,
2550 1888 2718 1960 dicit

184 1979 293 2049 ei:
355 2002 382 2042 ε
409 1983 569 2068 Eg0,
613 1999 820 2065 quam
857 1976 1066 2057 vides,
1106 1999 1259 2048 sum
1289 1977 1698 2068 Euphemia,
1725 1976 1971 2047 Christi
2027 1976 2278 2047 ancilla
2325 1989 2391 2048 et
2430 1990 2709 2067 martyr.

184 2074 405 2158 Surge
452 2079 705 2146 autem,
751 2078 837 2149 et,
890 2067 946 2135 si
1000 2064 1186 2147 velis,
1227 2087 1465 2137 eamus
1515 2067 1581 2136 in
1635 2079 1824 2136 tuam
1882 2067 2199 2156 patriam.
2256 2065 2474 2136 Simul
2524 2067 2711 2137 enim

187 2171 414 2228 tecum
467 2155 658 2237 vad0,
697 2177 947 2243 eroque
997 2155 1115 2224 tibi
1167 2156 1234 2223 in
1289 2156 1553 2239 itinere,
1609 2156 1668 2226 si
1718 2161 1894 2226 Deus
1933 2155 2112 2236 velit,
2169 2156 2351 2226 socia
2390 2167 2453 2226 et
2515 2156 2714 2246 adju-

186 2247 389 2317 trix.»
440 2245 760 2336 vigilanti
814 2257 1038 2314 autem
1098 2243 1516 2314 desiderium
1558 2267 1717 2315 cum
1767 2255 2026 2333 martyr
2072 2244 2266 2336 beato
2314 2244 2714 2315 immisisset

184 2335 449 2426 Alypio,
490 2334 742 2404 laetum
785 2332 1117 2424 compulit
1143 2333 1211 2401 in
1245 2334 1559 2423 patriam,
1616 2355 2049 2422 nequaquam
2085 2333 2375 2403 oblitum
2407 2355 2570 2403 suae
2599 2357 2713 2424 pa-

183 2436 441 2505 tronae,
480 2445 629 2492 eam
658 2423 842 2490 enim
872 2443 1143 2513 semper
1172 2422 1466 2491 habebat
1503 2422 1566 2491 in
1606 2423 1958 2504 memoria,
1992 2421 2468 2514 contemplans
2500 2444 2709 2511 quam

192 2513 491 2583 suaviter
539 2533 694 2581 eum
747 2512 843 2581 sic
898 2511 1212 2593 allocuta,
1258 2534 1462 2599 quam
1514 2512 1808 2601 benigne
1835 2512 2129 2604 seipsam
2162 2511 2551 2593 ostenderit,
2591 2513 2713 2580 ad-

184 2603 467 2673 hortans
513 2614 588 2671 ut
620 2602 685 2669 in
745 2601 1090 2671 rederetur
1124 2600 1299 2670 viam
1333 2622 1509 2688 quae
1538 2601 1729 2671 ducit
1768 2601 1851 2669 ad
1917 2601 2119 2671 vitam
2162 2601 2497 2691 agendam
2551 2624 2710 2670 curn

185 2691 483 2783 AngeliS,
523 2702 588 2761 et
633 2712 672 2759 a
768 2703 1042 2760 aeterna
1089 2690 1455 2759 fruendum
1496 2689 1775 2760 laetitia.
2115 2739 2123 2747 .

273 2784 307 2868 ξ
371 2786 527 2855 10.
586 2785 863 2871 Propter
910 2780 1075 2849 haec
1110 2780 1175 2848 in
1231 2780 1511 2849 nomino
1555 2792 1829 2849 sanctae
1864 2778 2173 2849 fundavit
2207 2779 2612 2869 martyrium
2648 2779 2704 2860 ⁴¹,

182 2871 384 2939 breve
429 2869 709 2957 quidem
766 2883 950 2951 tunc,
986 2882 1050 2939 et
1095 2867 1277 2956 quod
1329 2870 1495 2939 satis
1541 2880 1718 2938 esset
1768 2868 1852 2937 aad
1906 2867 2337 2959 implendum
2379 2870 2704 2957 martyris

182 2959 627 3029 desiderium.
684 2963 823 3027 Non
872 2959 1055 3027 enim
1107 2958 1399 3028 habebat
1464 2959 1948 3027 convenienter
1994 2979 2119 3027 suo
2188 2979 2439 3047 magno
2496 2957 2710 3027 animi

184 3048 409 3119 studio
455 3071 631 3136 quae
679 3048 763 3115 ad
818 3048 1405 3138 magnificentiora
1502 3060 1682 3118 osset
1730 3047 2042 3128 transire,
2089 3058 2509 3137 potestatem.
2544 3052 2705 3116 Nam

185 3136 435 3205 divinis
469 3136 794 3206 obediens
846 3138 1244 3227 praeceptiS,
1290 3159 1423 3206 non
1456 3072 1752 3208 habebat
1801 3158 2059 3226 peram,
2097 3157 2229 3204 non
2267 3157 2507 3204 zonam
2534 3158 2710 3222 quae

182 3247 296 3295 aes
345 3225 809 3305 conservabat,
850 3247 983 3293 non
1020 3225 1363 3314 duplicem
1429 3227 1761 3306 tunicam,
1799 3238 1865 3294 et
1909 3225 2091 3312 quod
2141 3237 2317 3295 esset
2366 3224 2450 3293 ad
2499 3246 2706 3294 usum

185 3334 805 3404 supervacaneum:
860 3313 973 3382 sed
1028 3313 1290 3383 vivebat
1320 3315 1391 3382 in
1442 3337 1565 3384 sua
1626 3326 1867 3405 sponte
1913 3327 2230 3404 suscepta
2283 3327 2704 3404 paupertate,

186 3417 445 3494 gratam
498 3401 702 3471 fidem
744 3401 1109 3471 ostendens
1144 3402 1211 3470 in
1260 3424 1417 3472 eum
1468 3404 1587 3490 qui
1639 3403 1866 3493 ipsum
1898 3402 2166 3483 fecerat,
2203 3414 2268 3472 et
2299 3403 2711 3472 convenien-

187 3506 284 3563 ter
314 3490 610 3583 Apostoli
654 3503 1033 3582 praeceptO,
1088 3492 1319 3560 omnia
1367 3492 1727 3583 possidens
1759 3492 1827 3559 in
1861 3513 1938 3561 eo
1985 3491 2167 3578 quod
2202 3492 2374 3561 nihil
2407 3492 2705 3561 haberet.

190 3581 373 3651 Unde
420 3580 623 3650 etiarn
677 3593 1031 3670 sumptum
1081 3602 1356 3668 quoque
1402 3581 1520 3667 qui
1553 3581 1757 3650 fiebat
1806 3581 1875 3649 in
1916 3581 2262 3661 columna,
2315 3581 2598 3670 quidam
2631 3604 2709 3650 ex

186 3669 663 3749 familiaribus
728 3691 807 3738 ex
856 3670 941 3738 iis
995 3669 1113 3756 qui
1167 3670 1474 3740 sciebant
1530 3692 1687 3739 eum
1742 3669 1910 3738 nihil
1967 3669 2334 3759 possidere,
2388 3670 2596 3739 alacri
2636 3693 2710 3739 a-
2775 3678 2782 3690 ’

184 3760 365 3829 nimo
412 3759 807 3839 offerebant,
849 3758 1133 3849 perinde
1180 3759 1321 3828 acsi
1362 3764 1488 3828 Deo
1537 3773 1808 3850 gratum
1844 3759 2162 3828 offerrent
2199 3758 2699 3839 holocaustum,

188 3860 458 3950 propter
483 3871 681 3917 suam
718 3849 781 3917 in
812 3870 968 3918 eum
1009 3849 1477 3923 reverentiam,
1505 3848 1685 3935 quod
1722 3848 2025 3917 viderent
2055 3847 2275 3918 virum
2310 3870 2611 3918 crescere
2638 3848 2708 3917 in

183 3939 266 4007 iis
311 3959 483 4025 quae
531 3948 692 4007 sunt
731 3936 814 4007 ad
858 3942 1063 4006 Deum
1098 3939 1642 4018 ascensionibus,
1695 3950 1760 4005 et
1802 3959 1880 4007 ex
1931 3942 2175 4007 Sancto
2212 3937 2471 4027 Spiritu
2500 3960 2708 4038 puras

185 4026 721 4097 illuminationes
785 4039 1009 4096 mente
1078 4026 1447 4115 purissima
1515 4027 1907 4116 suscipere,
1972 4024 2257 4115 jejuniis
2327 4040 2393 4096 et
2452 4026 2708 4118 vigiliis

183 4138 381 4187 suum
434 4138 687 4207 corpus
735 4116 1154 4206 redigentem
1205 4115 1273 4183 in
1304 4116 1721 4195 servitutem,
1760 4128 1825 4185 et
1874 4138 2008 4185 non
2049 4116 2573 4206 permittentem,
2628 4129 2705 4185 ut

185 4206 563 4296 insurgeret
596 4204 923 4275 adversus
954 4204 1402 4295 appetitiones
1432 4205 1753 4294 spiritus:
1805 4218 1881 4275 ut
1908 4204 2025 4293 qui
2061 4217 2290 4295 aperte
2324 4206 2493 4274 sciat
2521 4204 2702 4291 quod

185 4294 298 4383 qui
346 4316 466 4384 pro
516 4294 763 4365 virtute
801 4306 1057 4390 certare
1105 4294 1538 4375 studuerunt,
1578 4294 1825 4364 debent
1871 4315 2019 4365 esse
2059 4294 2302 4385 integri
2335 4307 2398 4364 et
2427 4292 2699 4384 perfecti

237 4421 259 4447 *¹
285 4421 484 4464 Parvum
505 4423 687 4464 scincet
709 4422 967 4464 oratorium
989 4422 1037 4461 in
1063 4422 1286 4464 honorem
1308 4423 1543 4470 martyris.
