3327 4999
177 327 395 395 MART.
449 331 529 401 12
1036 351 1115 397 na
1162 351 1220 398 s.
1273 350 1587 401 cnseomo
1635 354 1801 401 ΡΑΡΑ
2491 341 2608 406 ⁴9⁴

166 442 459 497 conatur:
513 428 629 499 sed
680 429 855 498 bene
902 431 1085 511 novi,
1139 431 1305 518 quia
1349 444 1575 502 tantae
1617 433 1775 503 illae
1815 433 2160 505 orationes
2194 436 2345 526 ejus
2383 449 2447 507 et
2481 437 2705 527 lacry-

168 536 319 597 mae,
371 516 463 586 nil
513 516 572 585 ei
623 539 663 585 a
710 539 1062 604 quoquam
1112 533 1353 589 contra
1404 522 1714 591 rationen
1777 534 1897 591 aut
1956 524 2260 592 animam
2323 548 2522 596 suam
2574 549 2696 595 su-

165 601 325 692 bripi
370 605 799 694 permittunt.
871 608 1086 676 Triste
1136 620 1364 678 tamen
1417 609 1615 678 valde
1662 623 1814 691 est,
1882 623 1959 679 ut
2010 612 2346 701 patienter
2394 614 2699 697 feratur,

162 696 474 777 quatenus
500 693 841 784 despectis
869 717 980 764 om
995 697 1220 777 nibus,
1255 698 1652 786 praedictus
1685 698 1893 768 frater
1911 714 1976 769 et
1996 701 2450 792 coepiscopus
2479 724 2699 783 meus,

162 780 327 849 solus
369 796 657 852 conetur
703 783 1040 872 appellari
1090 786 1483 875 episcopus
1543 787 1670 867 Sed
1726 788 1796 855 in
1830 787 1956 856 hac
1989 789 2139 873 ejus
2169 790 2498 878 superbia
2527 791 2698 876 quid

163 866 350 950 aliud,
401 870 540 938 nisi
591 871 978 961 propinqua
1017 874 1167 961 ‚jam
1218 875 1614 944 Antichristi
1649 898 1800 945 esse
1842 889 2153 965 tempora
2192 877 2337 946 desi
2397 883 2697 947 uantur?

166 958 310 1036 Ouia
355 957 557 1028 illum
607 959 921 1030 videlicet
970 961 1304 1043 imitatur,
1358 965 1482 1050 qui
1530 964 1780 1054 spretis
1816 963 1884 1033 in
1922 964 2161 1034 sociali
2197 901 2455 1066 gaudio
2490 989 2701 1057 ange-

165 1041 357 1142 lorum
390 1046 805 1137 legionibus,
844 1049 927 1118 ad
961 1051 1240 1119 culmen
1276 1066 1564 1122 conatus
1598 1062 1700 1122 est
1744 1053 2252 1142 singularitatis
2301 1076 2694 1145 erumpere,

164 1130 404 1203 dicens:
438 1139 659 1237 Super
688 1148 877 1207 astra
905 1141 1076 1207 coeli
1101 1142 1422 1210 escalcabo
1454 1144 1702 1209 solium
1734 1164 1979 1221 meum,
2008 1143 2240 1211 sedebo
2273 1145 2342 1211 in
2373 1154 2700 1213 montete-

159 1226 458 1302 stamentz}
511 1248 579 1291 tn
633 1228 953 1295 lateribus
997 1230 1383 1317 aquilonis:
1434 1230 1805 1299 Ascendam
1851 1252 2057 1318 saper
2095 1233 2530 1301 altitudinem
2571 1256 2697 1301 ηιι-

158 1307 330 1391 bium,
362 1314 614 1381 similis
637 1336 747 1382 ero
772 1317 1114 1383 Alcz'ssimo
1143 1315 1263 1403 (Is.
1301 1318 1457 1404 x1v).
1501 1317 1693 1387 Unde
1728 1340 1847 1407 per
1874 1318 2417 1408 omnipotentem
2458 1322 2690 1390 Domi-

158 1416 295 1466 num
344 1422 535 1491 rogo,
590 1423 679 1470 ne
727 1403 997 1492 pietatis
1046 1417 1307 1474 vestrae
1339 1418 1647 1495 tempora
1683 1406 2093 1495 permittatis
2127 1407 2341 1477 unius
2385 1408 2690 1478 hominis

156 1483 411 1557 elatione
440 1490 804 1570 maculari,
834 1512 1057 1578 neque
1080 1504 1213 1560 tam
1243 1516 1558 1583 perverso
1583 1493 1914 1564 vocabulo
1937 1494 2160 1563 ullum
2186 1517 2465 1582 quoquo
2490 1497 2692 1566 modo

154 1576 509 1662 praebeatis
557 1600 947 1649 assensum.
999 1584 1213 1665 Atque
1262 1582 1332 1649 in
1385 1583 1512 1651 hac
1562 1605 1774 1652 causa
1825 1604 2263 1669 nequaquam
2319 1605 2426 1653 me
2474 1584 2688 1673 pictas
2773 1614 2780 1625 ·

152 1676 345 1734 vestra
388 1665 772 1756 despiciat:
825 1668 985 1755 qnia
1033 1669 1161 1738 etsi
1213 1685 1493 1759 peccata
1543 1670 1852 1757 Gregorii
1904 1684 2090 1740 tanta
2141 1685 2306 1741 sunt
2339 1727 2354 1751 ,
2416 1683 2494 1740 ut
2546 1673 2686 1763 pati

150 1751 289 1849 talia
331 1754 600 1833 debeat,
655 1755 830 1827 Petri
878 1756 1177 1845 Apostoli
1231 1771 1510 1848 peccata
1561 1759 1749 1827 nulla
1803 1771 1989 1839 sunt,
2029 1773 2105 1829 ut
2144 1761 2387 1831 vestris
2421 1775 2685 1850 tempo-

148 1840 315 1909 ribus
362 1843 502 1933 pati
555 1844 718 1912 talia
768 1857 1182 1914 mereantur.
1243 1846 1433 1915 Unde
1482 1847 1733 1918 iterum
1784 1860 1990 1934 atque
2021 1849 2270 1917 iterum
2311 1870 2429 1938 per
2461 1850 2686 1918 omni-

145 1942 462 2016 potentem
516 1932 885 2002 Dominum
939 1955 1126 2034 rog0,
1182 1946 1258 2004 ut
1305 1935 1485 2004 sicut
1536 1935 1798 2025 priores
1851 1936 2200 2026 principes
2241 1937 2462 2006 sancti
2503 1938 2682 2006 Petri

144 2018 412 2105 Apostoli
461 2020 760 2110 gratiam
810 2035 1279 2107 quaesierunt,
1332 2045 1452 2092 vos
1500 2044 1777 2109 quoque
1824 2024 2002 2092 hanc
2037 2026 2231 2093 vobis
2260 2037 2324 2094 et
2357 2048 2688 2111 quaerere

141 2116 196 2173 et
236 2128 502 2177 servare
551 2109 840 2178 curetis:
892 2122 958 2179 et
1006 2121 1285 2199 propter
1333 2123 1611 2201 peccata
1660 2112 2082 2199 nostra,-qui
2123 2114 2185 2181 ei
2221 2113 2505 2203 indigne
2547 2136 2690 2183 ser-

140 2192 367 2277 vimus,
421 2197 580 2285 ejus
628 2197 814 2287 apud
865 2220 985 2269 vos
1033 2199 1253 2267 honor
1302 2200 1705 2268 nullatenus
1754 2200 2152 2269 minuatur:
2207 2201 2327 2287 qui
2376 2215 2441 2269 et
2482 2202 2686 2270 modo

140 2282 315 2353 vobis
357 2285 641 2374 adjutor
683 2308 833 2356 esse
883 2286 950 2354 in
1003 2286 1355 2366 omnibus,
1409 2301 1474 2355 et
1525 2287 1968 2378 postmodum
2017 2299 2237 2357 vestra
2275 2289 2492 2358 valeat
2526 2312 2685 2379 pec-

140 2382 273 2440 cata
316 2373 689 2443 dimittere.
735 2374 989 2465 Viginti
1023 2389 1249 2444 autem
1279 2376 1424 2465 jam
1462 2386 1527 2445 et
1561 2389 1821 2464 septem
1857 2397 2079 2446 annos
2113 2376 2461 2457 ducimus,
2499 2379 2685 2466 quod

139 2455 199 2527 in
248 2460 370 2531 hac
406 2462 591 2532 Urbe
630 2462 809 2532 inter
844 2464 1450 2555 Longobardorum
1488 2463 1759 2555 gladios
1794 2463 2113 2534 vivimus.
2170 2465 2436 2548 Quibus
2466 2486 2680 2555 quam

138 2549 331 2634 multa
380 2553 470 2622 ab
536 2553 666 2621 hac
714 2552 1017 2623 Ecclesia
1081 2553 1508 2638 quotidianis
1571 2553 1820 2623 diebus
1886 2566 2298 2642 ero-entur,
2367 2567 2445 2623 ut
2511 2556 2690 2625 inter

132 2655 232 2706 eos
276 2639 502 2709 vivere
551 2643 925 2740 possimus,
980 2642 1418 2730 suggerenda
1468 2664 1603 2711 non
1649 2654 1837 2711 sunt.
1894 2646 1975 2710 Se
2077 2643 2370 2710 breviter
2419 2643 2675 2724 indico,

132 2726 271 2809 quia
322 2728 509 2799 sicut
557 2751 628 2796 ιη
663 2734 1026 2798 Ravennae
1062 2730 1373 2818 partibus
1409 2730 1858 2799 Dominorum
1893 2730 2111 2819 pietas
2145 2730 2332 2821 apud
2373 2732 2683 2818 primum

132 2816 489 2886 exercitum
542 2816 781 2886 Italiae
828 2817 1269 2887 sacellarium
1322 2818 1548 2898 habet,
1593 2818 1713 2905 qui
1756 2818 1988 2887 causis
2029 2820 2684 2909 supervenientibus

132 2903 557 2986 quotidianas
604 2926 942 3006 expensas
991 2906 1230 2975 saciat:
1285 2907 1380 2975 ita
1425 2919 1491 2976 et
1538 2906 1609 2974 in
1661 2908 1792 2976 hac
1851 2907 2025 2975 Urbe
2060 2907 2129 2975 in
2163 2907 2393 2978 causis
2426 2906 2683 2976 talibus

132 3009 347 3062 eorum
396 2991 805 3064 sacellarius
850 3017 977 3085 ego
1026 3018 1208 3064 sum.
1282 3000 1359 3064 Et
1412 3008 1636 3063 tamen
1694 2995 1864 3064 haec
1914 2995 2259 3077 Ecclesia,
2314 3018 2492 3082 quae
2540 3017 2683 3065 uno

130 3078 490 3169 eodemque
543 3093 847 3172 tempore
895 3083 1199 3163 clerici5‚
1250 3083 1727 3163 monasteriis,
1770 3084 2231 3174 pauperibus.
2276 3083 2535 3173 populo
2579 3095 2685 3153 at-

128 3186 242 3250 que
288 3170 584 3261 insuper
630 3171 1103 3261 Longobardis
1153 3184 1291 3240 tam
1344 3171 1560 3240 multa
1609 3172 2081 3241 indesinenter
2128 3173 2475 3262 expendit,
2521 3194 2679 3242 ecce

129 3254 334 3329 adhuc
404 3281 493 3330 ex
559 3259 876 3329 omnium
944 3259 1404 3329 ecclesiarum
1461 3260 1830 3330 afflictione
1898 3262 2275 3350 premitur:
2347 3283 2528 3347 quae
2592 3261 2679 3330 de

124 3344 315 3417 unius
361 3346 678 3417 hominis
725 3348 1053 3438 superbia
1102 3347 1404 3417 multum
1453 3360 1768 3438 gemunt,
1820 3358 1885 3418 et
1934 3349 1993 3418 si
2042 3348 2271 3418 dicere
2322 3349 2419 3418 nil
2471 3371 2673 3440 prae-

130 3449 420 3505 sumunt.
483 3459 523 3503 »

198 3524 231 3608 ξ
290 3529 463 3596 86.
519 3522 935 3594 Avarissimo
982 3545 1258 3610 quoque
1304 3522 1608 3615 principi
1645 3524 2018 3615 Gregorius
2063 3546 2228 3594 voce
2258 3524 2474 3593 libera
2506 3546 2674 3594 con-

127 3611 398 3693 tradicit,
440 3625 600 3704 post
646 3611 884 3699 aliqua
931 3613 1281 3683 scribens:
1335 3618 1560 3682 «Ecce
1594 3613 1820 3683 claves
1866 3614 2058 3703 regni
2119 3604 2433 3684 coelestis
2485 3613 2674 3682 haud

126 3695 425 3782 dubium,
483 3700 658 3790 quin
708 3706 944 3770 Petrus
983 3701 1271 3790 accepit.
1316 3706 1620 3770 Potestas
1666 3703 1730 3770 ei
1793 3700 2058 3791 ligandi
2106 3715 2313 3788 atque
2361 3700 2677 3770 solvendi

128 3787 456 3870 tribuitur,
501 3812 676 3861 cura
710 3789 775 3859 ei
831 3790 1036 3859 totius
1085 3789 1426 3860 Ecclesiae
1473 3803 1540 3859 et
1589 3790 2025 3880 principatus
2074 3789 2555 3870 committitur,
2610 3799 2679 3859 et

129 3885 322 3946 tamen
380 3877 807 3949 Universalis
869 3878 1230 3968 Apostolus
1299 3900 1436 3947 non
1508 3891 1828 3948 vocatur:
1882 3892 1949 3947 et
1998 3877 2100 3946 vir
2149 3877 2664 3959 sanctissimuS‚

130 3967 560 4037 consacerdos
610 3989 807 4037 meus
851 3971 1177 4047 JoanneS,
1217 3966 1444 4036 vocari
1492 3969 1904 4036 Universalis
1936 3966 2318 4056 Episcopus
2350 3978 2668 4035 conatur.

131 4049 501 4126 Exclamare
550 4054 930 4145 compellor
975 4068 1041 4123 et
1078 4055 1347 4124 dicere:
1402 4059 1453 4124 Ο
1507 4069 1837 4144 tempora,
1901 4077 1941 4124 o
1993 4077 2241 4125 mores.
2282 4060 2452 4123 Ecce
2495 4076 2674 4124 cun-

134 4149 216 4208 cta
258 4144 322 4212 in
358 4150 677 4234 Europae
727 4143 1041 4232 partibus
1088 4143 1543 4213 barbarorum
1584 4143 1732 4232 juri
1766 4155 1931 4213 sunt
1971 4143 2242 4224 tradita,
2284 4143 2675 4213 destructae

131 4227 329 4309 urbes,
389 4255 631 4302 eversa
671 4245 919 4313 castra,
959 4231 1417 4324 depopulatae
1468 4232 1886 4322 provinciae.
1924 4231 2170 4303 Nullus
2212 4245 2463 4301 terram
2515 4230 2670 4299 cul·-

130 4323 218 4412 tor
257 4321 639 4403 inhabitat,
718 4319 1033 4391 saeviunt
1094 4335 1158 4391 et
1223 4321 1675 4389 dominantur
1723 4319 2033 4407 quotidie
2083 4321 2152 4388 in
2207 4342 2444 4389 necem
2497 4318 2670 4386 fide-

128 4399 281 4475 lium
309 4409 612 4480 cultores
661 4409 1037 4492 idolorum,
1075 4421 1141 4480 et
1187 4422 1416 4480 tamen
1468 4408 1854 4481 sacerdotes
1882 4410 2005 4496 qui
2052 4409 2122 4479 in
2161 4410 2553 4500 pavimento
2601 4414 2666 4474 et
