3327 4999
216 324 321 391 EX
369 324 538 391 OCT.
595 326 665 390 Μ
943 344 1022 391 us
1068 344 1123 391 s,
1177 341 1480 392 nannoni>
1514 341 1736 390 conon.
1790 339 1986 389 EPISC.
2521 321 2648 386 669

215 436 279 494 et
326 424 772 516 spiritualiter
818 436 1103 495 matrem
1151 447 1299 495 esse
1357 423 1710 494 constituit
1760 444 1936 510 quae
1986 420 2118 491 sibi
2180 419 2614 510 postmodum
2660 418 2738 487 fi-

215 512 435 595 holos,
493 514 561 582 in
609 513 864 602 quibus
909 514 1214 586 Christus
1260 513 1689 600 formaretur,
1751 512 1996 583 affectu
2047 508 2454 580 dulcissimo
2505 519 2739 600 partu-

218 603 404 674 riret.
457 603 775 694 Episcopi
838 614 1063 673 autem
1114 603 1234 690 qui
1283 603 1668 691 frequentes
1717 601 2043 683 aderant,
2114 611 2179 669 et
2244 598 2454 689 hujus
2516 596 2737 667 sancti

218 691 391 761 Cleri
439 697 747 774 Senatus,
803 692 1346 763 acclamantibus
1398 693 1668 762 cunctis
1714 691 1781 758 in
1834 712 1992 760 voce
2039 687 2472 759 exultationis
2517 698 2582 757 et
2630 709 2740 758 sa-

218 781 402 881 lutis,
439 781 730 852 electum
764 805 803 851 a
851 787 981 851 Deo
1018 794 1083 851 et
1127 781 1529 852 hominibus
1577 781 1824 861 virum,
1872 800 2079 869 super
2124 777 2519 848 cathedram
2569 797 2742 866 pon-

143 904 149 908 ·
218 869 537 940 tificalem
579 870 814 943 sedere
861 871 1189 954 fecerunt,
1233 885 1298 941 et
1345 871 1616 940 laudem
1670 868 1878 939 simul
1934 873 2060 938 Deo
2108 866 2410 938 universi
2439 865 2740 936 clamore

216 980 353 1046 quo
400 961 693 1048 quisque
733 971 1014 1052 poterat,
1059 961 1127 1029 in
1161 961 1462 1051 organis,
1510 958 1967 1028 nihilominus
1995 970 2059 1028 et
2084 955 2444 1047 cymbaliS,
2475 966 2539 1024 et
2568 976 2739 1041 quo-

215 1070 514 1137 cumque
560 1050 758 1151 signo
789 1049 1080 1119 laetitiae
1114 1060 1640 1141 personuerunt.
1695 1046 1950 1117 Exinde
1983 1046 2209 1116 omnis
2240 1046 2390 1136 ejus
2421 1043 2730 1124 intentio,

217 1160 421 1207 omne
468 1138 775 1211 studium
822 1150 1094 1209 sanctae
1153 1140 1353 1208 matri
1401 1137 1742 1207 Ecclesiae
1789 1149 1908 1206 aut
1939 1134 2368 1205 munimento
2417 1132 2566 1214 fuit,
2619 1144 2740 1203 aut

215 1239 639 1298 ornamento.
674 1227 1040 1298 Munienda
1086 1229 1345 1299 scilicet
1375 1238 1521 1296 erat
1542 1226 1859 1306 exterius,
1895 1224 2205 1295 ornanda
2236 1221 2554 1294 interius:
2587 1244 2740 1292 mu-

216 1316 469 1386 nienda
502 1318 567 1385 in
621 1316 1070 1398 secularibus,
1123 1316 1430 1388 ornanda
1479 1317 1547 1403 in
1583 1314 2087 1408 spiritualibus.
2128 1312 2366 1382 Dilexit
2413 1322 2567 1381 ante
2595 1333 2740 1381 om-

220 1406 335 1474 nia
380 1407 689 1476 decorem
743 1406 991 1478 domus
1041 1407 1330 1487 Domini,
1376 1417 1438 1475 et
1487 1405 1715 1475 locum
1766 1402 2207 1475 habitationis
2254 1401 2508 1492 gloriae
2556 1399 2760 1491 ejuss

218 1499 358 1564 Hoc
409 1517 479 1567 se
510 1495 748 1566 ardere
794 1496 1132 1566 desiderio
1167 1496 1401 1566 multis
1433 1494 1656 1565 modis
1690 1492 2174 1585 perspicaciter
2202 1489 2518 1571 ostendit,
2553 1488 2737 1577 quod

217 1583 329 1652 hic
376 1585 628 1675 scripto
663 1586 1118 1677 perstringere
1178 1607 1453 1655 necesse
1500 1606 1633 1654 non
1688 1595 1810 1664 est,
1863 1581 2192 1670 quoniam
2249 1579 2524 1668 quidem
2577 1578 2740 1647 illu-

217 1674 460 1742 strium
511 1675 660 1765 ejus
708 1675 1037 1746 factorum
1093 1674 1422 1745 memoria
1470 1694 1706 1743 recens
1753 1683 1892 1753 est,
1969 1692 2091 1740 nec
2155 1670 2224 1738 in
2283 1669 2436 1758 ejus
2484 1665 2738 1758 populo

215 1762 299 1831 de
346 1783 423 1833 eo
474 1763 660 1852 loqui
691 1766 984 1835 cessabit
1012 1765 1238 1835 omnis
1284 1763 1407 1852 qui
1456 1763 1800 1832 veritatem
1850 1773 1914 1830 et
1961 1760 2166 1830 fidem
2218 1757 2497 1829 amabit.

303 1855 339 1939 ἓ
401 1856 494 1922 9.
548 1859 920 1941 Antequam
971 1854 1040 1922 in
1082 1866 1482 1945 suggestum
1536 1850 1997 1943 pontificalem
2033 1848 2287 1918 viriste
2317 1847 2388 1916 in
2432 1846 2578 1937 lege
2609 1850 2735 1914 Do-

216 1941 389 2010 mini
435 1942 747 2012 eruditus
802 1943 1216 2024 ascenderet,
1271 1941 1612 2013 seditiosis
1660 1953 1930 2010 nostrae
1979 1936 2395 2029 reipublicae
2441 1934 2732 2016 civibuS,

214 2053 387 2118 quos
436 2031 889 2102 inflammavit
936 2032 1220 2122 spiritus
1247 2044 1519 2102 satanae
1565 2029 1923 2121 insurgere
1956 2028 2021 2097 in
2056 2026 2398 2098 Christum
2432 2022 2727 2104 Domini,

215 2130 361 2190 erat
405 2144 561 2213 spes
592 2121 927 2209 quaedam
977 2121 1251 2191 Colonia
1285 2117 1621 2213 potiundi.
1678 2124 1776 2188 Ita
1827 2140 1932 2187 ma
1989 2117 2344 2186 nanimum
2397 2113 2740 2206 regniLo-

217 2209 599 2301 tharingiae
649 2210 982 2302 populum
1023 2224 1139 2280 aut
1196 2210 1384 2300 pacis
1431 2208 1564 2278 sibi
1612 2207 1877 2277 foedere
1973 2205 2279 2285 evinciri,
2322 2216 2440 2274 aut
2494 2203 2733 2273 crebro

215 2298 378 2368 belli
420 2299 704 2391 impetu,
761 2312 1034 2391 propter
1082 2298 1656 2400 opportunitatem
1708 2296 1860 2377 loci,
1914 2294 2148 2365 terreri
2200 2315 2396 2384 posse
2444 2292 2732 2364 arbitra-

218 2387 490 2458 bantur.
545 2389 670 2459 Sed
722 2403 1079 2481 postquam
1133 2388 1321 2457 tllam
1371 2387 1482 2455 hic
1542 2385 1728 2456 filius
1769 2384 1979 2476 paciS,
2018 2395 2247 2455 custos
2285 2381 2729 2453 ecclesiarum

218 2477 333 2546 Dei
384 2478 691 2570 pervigil,
746 2478 1070 2569 introivit,
1114 2477 1250 2548 dici
1302 2498 1432 2564 non
1487 2486 1725 2566 potest,
1794 2486 2049 2563 quanto
2099 2493 2404 2543 moerore
2452 2471 2591 2542 sint
2636 2467 2735 2540 af·
2839 2525 2844 2530 .

214 2566 403 2647 flicti,
458 2580 712 2655 quanta
761 2568 1230 2660 desperatione
1277 2565 1529 2658 incepti
1586 2566 1693 2634 sui
1744 2563 2166 2655 perficiendi,
2227 2561 2508 2631 obducti
2565 2560 2725 2639 sint,

214 2656 633 2744 quicumque
680 2658 748 2726 in
802 2657 929 2727 hoc
970 2679 1179 2748 regno
1227 2668 1419 2726 erant
1459 2654 1648 2746 pacis
1683 2653 1970 2723 inimici.
2017 2652 2188 2723 Hinc
2237 2650 2729 2741 blasphemiae,

214 2745 601 2827 maledicta,
639 2747 886 2837 probra
934 2759 999 2816 et
1046 2745 1454 2816 multimoda
1493 2743 1865 2834 impietatis
1894 2751 2304 2813 commenta.
2343 2744 2515 2809 Sane
2544 2760 2738 2808 men-

214 2833 336 2904 tita
372 2846 473 2905 est
520 2836 848 2924 iniquitas
896 2836 1051 2917 sibi,
1097 2848 1172 2906 ut
1218 2836 1383 2922 quia
1430 2846 1770 2925 pastorem
1836 2854 1960 2902 nec
2015 2829 2392 2919 corrumpi,
2431 2849 2556 2899 nec
2594 2827 2738 2898 ullo

214 2923 416 2996 modo
464 2924 696 2994 seduci
757 2948 954 3016 posse
1017 2925 1347 3005 sciebant,
1412 2944 1689 3024 gregem
1750 2921 1989 2992 saltem
2039 2921 2127 2990 ab
2166 2920 2315 3010 ejus
2361 2939 2615 3000 amore,
2670 2916 2731 2985 si

213 3012 370 3099 quis
435 3013 713 3084 daretur
772 3014 1166 3105 hujusmodi
1225 3012 1487 3083 fraudis
1556 3033 1957 3101 processus,
2031 3009 2140 3081 his
2214 3006 2732 3078 mendaciorum

215 3102 495 3171 ostentis
542 3115 938 3173 averterent.
1003 3104 1187 3172 Docti
1250 3123 1544 3190 namque
1590 3114 1655 3170 et
1703 3099 1938 3192 magni
1988 3098 2137 3181 viri,
2200 3097 2528 3167 invidiam
2583 3117 2737 3187 pro-

218 3191 463 3259 mereri
517 3204 791 3273 norunt,
853 3192 1102 3275 habere
1158 3192 1423 3264 nolunt.
1479 3195 1568 3259 Ea
1618 3200 2013 3282 tempestate
2073 3190 2159 3258 ab
2209 3192 2626 3277 Imperatore
2670 3195 2736 3253 et

216 3279 513 3379 exercitu
558 3281 705 3372 ejus
752 3281 1029 3352 obsessa
1074 3293 1175 3351 est
1224 3280 1592 3383 Moguntia‚
1637 3278 1805 3349 urbs
1834 3276 2084 3349 nobilis
2109 3288 2172 3346 et
2204 3275 2551 3366 opulenta.
2586 3278 2746 3342 Erat.

218 3389 400 3437 enim
452 3368 693 3439 referta
738 3369 1053 3442 hostibus
1100 3380 1164 3440 et
1211 3369 1731 3439 insidiatoribus
1780 3367 2013 3457 regni:
2065 3378 2130 3436 et
2177 3365 2296 3435 ubi
2358 3364 2581 3455 vigere
2629 3384 2737 3432 so-

219 3457 398 3526 lebat
430 3458 783 3529 sinceritas
824 3459 1196 3549 religionis,
1230 3458 1394 3528 illuc
1446 3458 1742 3527 maxima
1791 3456 2115 3526 confluxit
2173 3453 2434 3525 sentina
2477 3453 2740 3523 dissen-

216 3546 454 3616 sionis.
491 3553 580 3617 De
618 3548 1138 3649 Archiepiscopo
1178 3547 1331 3627 loci,
1387 3547 1617 3615 varius
1663 3544 2081 3636 principum,
2147 3564 2358 3630 aeque
2405 3553 2469 3612 et
2515 3539 2730 3631 vulgi,

216 3658 440 3707 sermo
488 3637 639 3707 fuit.
692 3636 816 3706 Alii
865 3637 1325 3706 innocentiam
1374 3636 1524 3705 e‘us
1556 3636 1623 3703 in
1677 3633 1944 3705 coelum
1978 3633 2172 3713 serre,
2226 3632 2512 3700 virtutes
2539 3652 2736 3722 prae-

215 3726 466 3809 dicare,
518 3749 594 3797 ea
627 3748 802 3814 quae
852 3726 1133 3817 passim,
1170 3738 1234 3795 et
1279 3726 1349 3793 in
1386 3658 1523 3794 illis
1557 3722 1952 3814 praesertim
1991 3722 2325 3813 partibuS,
2381 3742 2502 3810 per
2532 3718 2732 3790 civile

217 3816 478 3886 malum
530 3838 885 3908 perperam
936 3815 1334 3907 agebantur,
1390 3813 1522 3904 ipsi
1573 3834 1735 3903 prae
1785 3811 2111 3881 omnibus
2167 3808 2403 3880 odiosa
2463 3808 2732 3877 dicere:

215 3906 473 3999 quippe
522 3917 746 3999 partes
774 3927 934 3976 eum
960 3904 1258 3976 execrari
1308 3904 1752 3974 testabantur.
1791 3901 2050 3970 Idcirco
2082 3922 2117 3968 e
2147 3898 2372 3968 medio
2396 3897 2731 3979 secedere,

215 3996 582 4067 minimum
634 4017 899 4077 curare,
950 3995 1062 4065 cui
1114 3996 1280 4065 urbs
1331 3994 1606 4084 pateret,
1659 3990 1772 4060 cui
1830 3989 2079 4059 milites
2124 3987 2500 4059 obedirent.
2556 3992 2736 4056 Haec

216 4083 353 4155 fere
401 4086 677 4157 illorum
726 4097 870 4155 erat
908 4083 1238 4156 sententia
1268 4083 1387 4170 qui
1423 4080 1895 4172 conjuratione
1944 4077 2159 4169 impia
2204 4076 2550 4159 foederati,
2586 4076 2737 4146 e'us

209 4175 291 4262 ju
346 4175 648 4247 iauxilio
694 4186 759 4245 et
804 4172 1090 4244 consilio
1138 4173 1206 4241 in
1258 4171 1583 4242 omnibus
1632 4192 1704 4240 se
1751 4168 1954 4238 fretos
2000 4189 2148 4239 esse
2187 4167 2572 4259 jactabant:
2654 4186 2735 4234 oc

217 4286 293 4334 so
322 4288 361 4333 o
408 4288 685 4336 causam
736 4285 933 4335 suam
994 4260 1429 4332 deffendentes
1488 4260 1671 4348 quod
1740 4279 2177 4345 nequaquam
2235 4256 2524 4347 reproba
2584 4275 2736 4324 esse

218 4365 466 4443 posset,
504 4356 615 4425 cui
663 4354 818 4424 talis
856 4352 960 4421 vir
986 4350 1499 4422 communicare
1547 4348 1763 4419 vellet.
1817 4347 1942 4417 Alii
1975 4367 2153 4429 vero,
2198 4359 2264 4417 et
2294 4367 2463 4437 pene
2494 4365 2735 4413 omnes

217 4463 508 4534 quorum
559 4443 883 4513 cordibus
929 4442 1163 4511 divina
1212 4439 1427 4532 gratia
1476 4438 1856 4530 inspiravit,
1902 4448 2297 4528 potestatem
2349 4433 2738 4505 ordinatam

2604 4543 2638 4580 β
