3327 4999
210 353 468 419 MART.
525 353 609 417 ⁴2
1115 371 1198 420 m:
1244 373 1301 421 s.
1356 370 1672 420 caneomo
1719 371 1882 421 ura
2567 351 2687 419 184

209 451 498 522 dicens:
538 473 577 517 e
616 449 960 521 Perlatum
1012 450 1098 521 ad
1134 475 1262 523 nos
1294 466 1418 532 est,
1457 450 2113 522 reverendissimum
2149 449 2430 521 fratrem
2465 461 2785 520 nostrum

207 539 549 609 Basillum
585 540 1017 630 episcopum,
1069 541 1256 611 velut
1303 562 1526 611 unum
1562 540 1647 610 de
1695 538 1915 620 laicis,
1970 540 2040 607 in
2073 538 2305 608 causis
2348 538 2783 609 secularibus
2834 569 2839 586 ‹

206 628 547 719 occupari
595 641 660 698 et
708 629 1066 715 praetoriis
1099 629 1442 700 inutiliter
1488 627 1986 698 obsecundare.
2046 631 2234 709 Quae
2292 648 2403 697 res
2449 627 2785 715 quoniam

206 729 279 786 et
337 717 576 806 ipsum
653 716 856 786 vilem
925 710 1151 786 reddit
1197 729 1262 788 et
1309 717 1757 787 reverentiam
1838 714 2330 786 sacerdotalem
2407 714 2778 794 annihilat,

208 805 448 875 statim
498 815 578 873 ut
624 805 1042 895 experientia
1088 818 1209 876 tua
1242 807 1372 875 hoc
1410 817 1854 896 praeceptum
1909 803 2312 894 susceperit,
2347 825 2509 873 eum
2560 804 2654 873 ita
2697 801 2786 871 ad

209 891 701 962 revertendum
752 893 1062 963 districta
1107 894 1507 964 executione
1553 915 1704 963 corn
1761 892 1946 975 ellat,
1999 905 2344 979 quatenus
2391 891 2455 961 ei
2502 891 2669 972 illic,
2724 901 2791 960 te

213 981 619 1062 insistente,
694 982 1005 1069 quinque
1078 981 1325 1053 diebus
1387 983 1519 1051 sub
1565 1004 1706 1069 qua
1740 982 1876 1050 ibet
1936 980 2373 1050 excusatione
2420 977 2782 1049 immorari

214 1091 354 1138 non
410 1069 643 1138 liceat:
684 1075 797 1149 Ne,
838 1071 896 1139 si
926 1070 1235 1157 quolibet
1274 1070 1478 1139 modo
1526 1092 1687 1140 eum
1721 1069 1975 1138 ibidem
2013 1069 2320 1159 amplius
2354 1090 2615 1138 moram
2668 1068 2788 1136 ha-

212 1158 380 1228 bere
429 1157 875 1246 permiseris:
908 1181 1068 1227 cum
1120 1159 1272 1248 ipso
1302 1157 1487 1249 apud
1547 1180 1673 1228 nos
1745 1158 2044 1249 graviter
2092 1157 2390 1247 incipias
2437 1177 2588 1228 esse
2635 1155 2790 1225 cul-

212 1245 503 1337 pabilis.
545 1267 582 1310 »
634 1251 798 1314 Item
848 1249 917 1315 in
963 1249 1177 1336 Epist.
1232 1256 1340 1326 23,
1396 1252 1465 1315 L.
1501 1257 1568 1316 5.

308 1337 345 1421 ξ
415 1338 576 1404 93.
632 1339 772 1403 Non
823 1335 1105 1414 mirum,
1159 1335 1217 1402 si
1277 1335 1648 1424 Gregorius
1710 1355 1791 1402 ex
1862 1332 2247 1402 ministerio
2295 1331 2431 1401 sibi
2472 1331 2731 1402 credito
2766 1386 2784 1412 ‚

208 1422 509 1490 curabat
555 1421 718 1491 vitia
764 1422 1234 1509 quorumlibet
1302 1422 1854 1513 praepositorum
1906 1421 2130 1489 verbis
2209 1419 2612 1492 salubribus
2680 1421 2791 1488 in-

209 1530 506 1599 crepare
539 1510 666 1596 qui
713 1509 776 1579 la
832 1532 986 1578 sum
1047 1511 1362 1600 propriae
1412 1511 1662 1580 amitae
1723 1532 1859 1579 non
1909 1509 2328 1578 dubitaverit
2380 1508 2463 1578 ad
2520 1509 2788 1578 instru-

210 1599 517 1666 ctionem
597 1533 840 1688 populi
914 1610 1347 1688 posterorum
1422 1598 1798 1668 memoriae
1845 1598 2356 1667 commendare.
2431 1596 2791 1683 Siquidem

209 1685 618 1788 evangelica
667 1687 1025 1766 sententia,
1075 1708 1216 1773 qua
1262 1687 1550 1768 dicitur,
1602 1689 1808 1756 Multi
1848 1696 2005 1755 sunt
2060 1688 2304 1765 vocati,
2375 1688 2592 1776 pauci
2633 1707 2791 1754 vero

209 1777 439 1854 electi,
497 1774 731 1843 volens
780 1774 1159 1845 multorum
1230 1775 1655 1844 vocationem
1709 1798 1747 1843 a
1799 1796 2182 1864 paucorum
2248 1772 2579 1842 electione
2648 1773 2791 1841 for-

208 1862 354 1933 mis
401 1861 877 1951 exemplorum
929 1863 1341 1944 discernere,
1401 1864 1715 1954 perhibet
1761 1863 2042 1932 dicens:
2096 1867 2353 1931 «Pater
2402 1883 2600 1931 meus
2648 1872 2786 1931 tres

209 1972 494 2020 sorores
542 1950 786 2019 habuit
831 1973 1009 2036 quae
1054 1964 1369 2031 cunctae,
1427 1973 1660 2021 sacrae
1692 1951 1993 2042 virgines
2040 1962 2259 2019 erant.
2301 1955 2607 2032 Quarum
2642 1970 2788 2019 una

209 2038 588 2118 Thai-silla,
641 2037 777 2107 alia
825 2039 1191 2120 Gordiana,
1246 2039 1384 2109 alia
1442 2040 1822 2108 Aemiliana
1892 2038 2274 2108 dicebatur.
2338 2043 2479 2107 Uno
2546 2059 2790 2106 omnes

208 2128 466 2196 ardore
513 2148 905 2205 conversae,
979 2149 1118 2197 uno
1165 2127 1546 2213 eodemque
1595 2139 1902 2216 tempore
1952 2139 2308 2206 sacratae,
2363 2127 2496 2195 sub
2552 2124 2793 2195 distri-

210 2215 448 2285 ctione
500 2215 803 2305 regulari
843 2215 1189 2306 degenteS,
1241 2216 1310 2283 in
1361 2215 1568 2286 domo
1671 2215 1901 2305 ropria
1956 2214 2276 2283 socialem
2322 2214 2530 2282 vitam
2580 2213 2794 2282 duce-

207 2303 410 2372 bant.
476 2307 783 2390 Cumque
827 2315 1055 2372 essent
1087 2303 1353 2373 diutius
1402 2303 1473 2372 in
1523 2325 1600 2371 ea
1653 2325 1764 2372 em
1814 2303 2354 2381 conversatione,
2417 2313 2796 2391 coeperunt

210 2391 652 2478 quotidianis
726 2391 1184 2463 incrementis¹
1238 2392 1306 2460 in
1359 2413 1662 2461 amorem
1737 2390 2116 2460 conditoris
2183 2390 2294 2460 sui
2342 2388 2681 2459 Tharsilla
2728 2401 2794 2458 et

210 2480 604 2550 Aemiliana
658 2502 1112 2562 succrescere,
1155 2490 1221 2549 et
1274 2503 1435 2550 curn
1486 2479 1631 2551 solo
1678 2489 1911 2552 essent
1957 2478 2069 2549 hic
2111 2499 2429 2568 corpore,
2482 2477 2794 2566 quotidie

212 2570 459 2637 animo
509 2567 593 2637 ad
660 2581 937 2638 aeterna
999 2569 1313 2639 transire.
1366 2573 1442 2638 At
1490 2581 1731 2637 contra
1778 2567 2161 2639 Gordianae
2226 2567 2508 2638 animus
2570 2567 2797 2657 coepit

211 2657 306 2725 ab
353 2678 595 2726 amore
641 2656 892 2727 caloris
940 2656 1169 2725 intimi
1268 2678 1343 2725 er
1387 2657 1793 2743 quotidiana
1850 2656 2262 2727 detrimenta
2319 2668 2662 2744 tepescere
2730 2665 2797 2724 et

212 2745 585 2900 paulisper
630 2745 714 2813 ad
780 2745 992 2844 liujus
1044 2679 1264 2814 seculi
1311 2766 1616 2814 amorem
1668 2745 1915 2814 redire.
1984 2744 2231 2813 Crebro
2298 2757 2527 2813 autern
2580 2742 2795 2812 Thar-

215 2834 379 2905 silla
488 2833 666 2902 icere
703 2832 1122 2901 Aemilianae
1172 2833 1390 2904 sorori
1442 2855 1609 2902 suae
1657 2855 1818 2902 cum
1873 2854 2127 2922 magno
2176 2832 2440 2922 gemitu
2502 2831 2787 2901 solebat.

214 2920 428 2990 Video
470 2921 890 2991 Gordianam
926 2942 1228 2990 sororem
1268 2934 1598 3002 nostram,
1630 2920 1717 2989 de
1753 2933 1985 2991 nostra
2018 2932 2198 2990 sorte
2232 2942 2581 2990 nonesse.
2635 2925 2796 2989 Per-

215 3010 451 3099 pendo
498 3009 684 3078 enim
735 3009 900 3096 quia
947 3009 1132 3079 foras
1179 3009 1444 3089 defluit,
1482 3020 1548 3078 et
1581 3030 1702 3078 cor
1739 3009 1824 3078 ad
1859 3008 2043 3096 quod
2086 3009 2465 3099 proposuit,
2508 3029 2643 3077 non
2671 3031 2798 3078 cu-

214 3097 451 3167 stodit.
506 3102 727 3180 Quam
775 3099 1115 3166 curabant
1163 3096 1420 3166 blanda
1475 3097 1785 3185 quotidie
1864 3098 2347 3184 redargutione
2393 3097 2739 3186 corripere
2768 3151 2790 3178 ,

213 3199 424 3274 atque
493 3208 534 3255 a
582 3185 852 3255 levitate
898 3207 1177 3256 morum
1245 3186 1329 3254 ad
1381 3185 1785 3275 gravitatem
1854 3186 1967 3256 sui
2033 3185 2314 3255 habitus
2390 3184 2788 3254 reformare.

213 3280 408 3357 Quae
436 3274 721 3361 quidem
773 3274 1167 3344 resumebat
1196 3273 1459 3343 vultum
1510 3273 1742 3343 subito
1838 3273 2145 3343 ravitatis
2189 3273 2369 3342 inter
2401 3273 2606 3342 verba
2641 3294 2796 3342 cor-

211 3363 581 3453 reptionis;
626 3361 741 3431 sed
770 3383 933 3431 cum
963 3362 1275 3451 ejusdem
1310 3361 1766 3451 correptionis
1857 3384 1978 3431 ora
2017 3362 2398 3440 transisset,
2457 3362 2797 3431 transibat

210 3451 537 3540 protinus
566 3463 633 3519 et
665 3450 1084 3540 superducta
1132 3450 1433 3541 gravitas
1461 3449 1874 3530 honestatis,
1926 3471 2221 3537 moxque
2250 3449 2338 3518 ad
2369 3448 2550 3518 levia
2585 3448 2795 3518 verba

211 3538 510 3608 redibat.
571 3537 966 3607 Puellarum
1026 3538 1373 3629 gaudebat
1420 3538 1744 3608 societate
1814 3537 2178 3619 laicarum,
2246 3538 2448 3623 eique
2499 3558 2795 3627 persona

211 3624 416 3696 valde
463 3647 755 3696 onerosa
823 3638 1006 3705 erat,
1077 3648 1562 3714 quaecumque
1622 3626 1788 3695 huic
1840 3626 2102 3694 mundo
2148 3625 2385 3694 dedita
2434 3645 2573 3694 non
2614 3636 2785 3701 erat.

213 3715 534 3799 Quadam
585 3736 744 3784 vero
785 3726 982 3785 nocte
1030 3714 1194 3784 huic
1242 3714 1623 3785 Tharsillae
1688 3714 1941 3783 amitae
1998 3735 2213 3795 meae,
2266 3735 2444 3801 quae
2492 3713 2562 3781 in
2614 3713 2795 3782 inter

208 3824 482 3873 sorores
521 3824 688 3872 suas
718 3802 967 3871 virtute
999 3802 1330 3872 orationis
1377 3804 1777 3881 continuae,
1819 3801 2213 3872 afflictionis
2255 3801 2630 3884 studiosae,
2666 3801 2794 3871 ab·-

210 3892 581 3961 stinentiae
621 3890 1023 3979 singularia,
1078 3891 1410 3981 gravitate
1438 3892 1615 3961 vitae
1646 3890 2084 3970 venerabilis,
2127 3889 2197 3958 in
2235 3889 2496 3959 honore
2543 3900 2609 3958 et
2641 3888 2796 3959 cul-

212 3980 403 4049 mine
462 3979 850 4049 sanctitatis
896 3992 1308 4060 excreverat,
1356 3979 1535 4050 sicut
1583 3980 1742 4070 ipsa
1791 3979 2118 4059 narravit,
2160 3998 2290 4078 per
2337 3978 2673 4048 visionem
2723 3980 2796 4047 a·

213 4078 413 4139 tavus
447 4089 648 4137 meus
681 4066 864 4136 Felix
895 4066 952 4148 ²⁶,
991 4066 1205 4157 hujus
1254 4073 1603 4138 Romanae
1632 4065 1978 4138 Ecclesiae
2026 4071 2320 4136 Antistes
2344 4121 2360 4148 ‚
2415 4064 2786 4157 apparuit,

206 4157 410 4243 eique
443 4155 882 4225 mansionem
915 4167 1288 4255 perpetuae
1325 4154 1660 4227 claritatis
1695 4154 2017 4236 ostendit,
2061 4154 2346 4224 dicens:
2392 4154 2583 4235 Veni,
2623 4153 2792 4240 quia

205 4242 275 4313 in
327 4245 463 4314 hac
516 4255 578 4313 te
609 4243 792 4313 lucis
839 4264 1200 4313 mansione
1246 4243 1578 4334 suscipio.
1632 4248 1823 4325 Quae
1870 4242 2324 4330 subsequenti
2393 4264 2550 4312 mox
2597 4240 2789 4311 febre

204 4345 548 4422 correpta,
582 4332 669 4402 ad
721 4331 904 4401 diem
948 4332 1256 4422 pervenit
1285 4343 1698 4402 extremum.
1736 4337 1813 4402 Et
1844 4332 2025 4403 sicut
2058 4331 2414 4403 nobilibus
2463 4328 2789 4400 foeminis

254 4453 286 4483 ⁸
313 4452 505 4496 mum
522 4453 567 4496 Β.
584 4451 723 4495 rous
740 4453 823 4503 1³1».
838 4452 912 4494 111
931 4454 985 4493 2⁸
1003 4452 1123 4495 febr.
