3327 4999
230 284 337 348 EX
382 284 552 349 JUL.
609 280 650 348 8
1068 304 1147 349 nn
1196 304 1251 349 s,
1306 248 1943 352 nismonoepiscoro
2570 289 2698 353 597

231 404 305 452 se
346 381 614 462 levavit,
659 394 724 450 et
772 381 971 467 quasi
1021 383 1536 469 quodammodo
1588 396 1815 452 mente
1862 395 2364 467 consternatus,
2421 383 2633 454 dixit:
2675 410 2700 445 α
2736 389 2787 454 O

232 484 468 539 sancte
508 473 721 551 Petre,
779 492 968 538 nunc
1029 492 1162 540 non
1228 471 1470 551 fecisti,
1525 471 1707 541 sicut
1753 494 1878 571 ego
1927 472 2351 541 aestimavi.»
2399 476 2450 541 0
2500 473 2782 543 beatum

229 558 455 627 virum
518 558 710 627 omni
778 557 983 626 laude
1052 560 1654 648 prosequendum,
1710 582 1915 649 cujus
1963 561 2253 649 spiritus
2303 560 2589 646 quidem
2638 573 2788 629 erat

282 658 618 735 romptus,
676 646 835 715 licet
882 664 1043 715 caro
1101 646 1423 716 infirma:
1481 648 1599 716 cui
1652 648 1877 718 vivere
1944 649 2256 717 Christus
2305 648 2437 717 fuit
2485 662 2554 718 et
2604 648 2787 718 mori

92 760 149 790 ‹-
254 756 545 813 ucrnm,
598 733 785 802 unde
860 747 1209 825 tantopere
1277 757 1643 826 corporeae
1693 736 2221 805 inhabitationis
2287 737 2537 805 molem
2591 736 2781 806 velut

224 843 569 892 carcerem
622 822 1024 901 abhorrens,
1078 823 1401 912 cupiebat
1434 822 1717 893 dissolvi
1765 837 1830 892 et
1877 846 2025 893 esse
2075 847 2236 893 cum
2301 825 2593 893 Christo.
2649 830 2783 892 Ite-

224 932 381 979 rum
435 909 686 999 spiritu
739 924 1123 990 recreatuS,
1176 933 1295 1000 per
1324 913 1692 981 continuos
1737 912 2050 998 quinque
2097 913 2246 981 dies
2285 913 2544 981 mansit
2589 912 2785 999 quie-

226 1010 361 1079 ωε,
419 1012 654 1087 petens
686 997 774 1066 ab
804 999 1130 1069 omnibus
1181 1000 1438 1081 venias,
1470 1014 1536 1069 et
1583 1001 2134 1069 benedictionem
2186 1000 2524 1080 tribuens;
2562 1000 2784 1069 donec

231 1085 362 1154 'am
412 1091 665 1157 aurora
714 1100 897 1157 sexta
946 1086 1057 1156 die
1106 1086 1589 1169 illucescente,
1662 1088 1933 1157 clericis
1983 1088 2395 1158 canentibus
2443 1100 2509 1157 et
2561 1088 2787 1157 flenti-

273 1197 380 1253 υς,
434 1174 504 1242 in
559 1196 809 1243 manus
860 1175 1131 1244 Domini
1173 1175 1495 1264 spiritum
1559 1199 1764 1247 suum
1815 1176 2354 1256 commendans,
2408 1182 2600 1245 Anno
2651 1181 2782 1244 Do-

224 1260 525 1331 minicae
560 1263 1065 1331 Incarnationis
1104 1284 1510 1346 nccccnxxnl,
1558 1264 1800 1333 aetatis
1848 1285 2014 1334 suae
2062 1264 2481 1353 octogesimo
2547 1264 2779 1343 tertio,

223 1349 695 1420 Ordinationis
725 1372 891 1419 suae
929 1352 1241 1436 quinqua
1293 1353 1533 1431 esimO,
1572 1353 1757 1422 velut
1789 1352 1858 1420 in
1882 1351 2217 1442 J‘ubilan,
2254 1352 2378 1420 hoc
2413 1364 2515 1419 est
2544 1351 2788 1441 plenae

223 1438 656 1508 remissionis
694 1460 901 1520 anno,
950 1438 1191 1507 transit
1280 1461 1317 1508 e
1366 1442 1580 1530 hujus
1614 1440 1861 1511 mundi
1913 1446 2237 1530 Aegypto,
2292 1440 2363 1507 in
2423 1451 2785 1508 aeternum

220 1526 535 1595 victurus
582 1525 667 1594 ad
716 1527 1197 1615 promissionis
1245 1540 1499 1597 terram
1556 1541 1621 1597 et
1674 1551 1755 1597 su
1808 1550 2047 1597 ernam
2111 1527 2309 1617 regni
2359 1528 2783 1617 gaudiorum

220 1614 636 1684 Jerusalem.
691 1616 962 1685 Transit
1010 1628 1241 1684 autem
1280 1639 1348 1685 1v
1401 1622 1626 1685 Nonas
1676 1623 1769 1686 Ju
1801 1617 1871 1685 ii.
1921 1616 2135 1685 Cu‘us
2181 1638 2436 1706 corpus
2484 1638 2646 1684 cum
2700 1636 2784 1684 ex

227 1723 417 1770 more
451 1703 538 1771 ad
589 1702 960 1771 lavandum
1002 1716 1178 1772 esset
1230 1702 1688 1785 denudatum,
1747 1716 1931 1773 tanta
2049 1727 2083 1773 e
2134 1725 2214 1773 eo
2264 1703 2572 1772 manavit
2620 1725 2787 1773 sua-

224 1790 497 1859 vissimi
542 1790 776 1860 odoris
823 1791 1246 1882 fragrantia,
1302 1804 1380 1861 ut
1425 1805 1842 1861 cunctorum
1888 1793 2264 1862 astantium
2331 1790 2782 1880 perfunderet

223 1900 430 1948 nares
476 1892 542 1947 et
582 1893 822 1949 vestes.
886 1884 1036 1948 Post
1085 1879 1251 1948 baec
1296 1893 1527 1948 autem
1578 1880 1983 1949 adveniente
2023 1885 2088 1948 S.
2149 1879 2502 1969 Wolfango
2556 1880 2785 1947 Ratis-

225 1966 521 2035 bonensi
569 1967 928 2056 EpiscopO,
982 1968 1200 2037 sancti
1252 1967 1377 2036 viri
1426 1990 1682 2059 corpus
1730 1968 1800 2035 in
1852 1973 1917 2036 S.
1956 1967 2149 2037 Afrae
2189 1967 2513 2056 martyris
2566 1967 2784 2035 hono-

223 2054 420 2123 rissce
457 2055 822 2124 humatum
857 2068 997 2129 est.
1045 2055 1113 2122 in
1164 2075 1301 2141 quo
1354 2054 1499 2125 loco
1541 2055 1761 2125 multa
1803 2078 1921 2143 per
1965 2057 2116 2146 ejus
2166 2056 2412 2124 merita
2458 2055 2639 2124 fiunt
2676 2076 2786 2122 as-

225 2142 426 2210 sidue
476 2142 858 2221 miracula,
915 2142 1131 2211 multa
1200 2142 1501 2213 infirmis
1561 2156 2001 2231 praestantur
2046 2144 2423 2224 beneficia,
2478 2142 2784 2211 donante

225 2229 472 2299 Christi
515 2232 736 2320 gratia
763 2231 887 2318 qui
924 2253 1085 2301 cum
1130 2235 1321 2299 Patre
1351 2246 1417 2300 et
1449 2231 1709 2321 Spiritu
1755 2236 1999 2300 Sancto
2038 2232 2199 2301 vivit
2229 2245 2294 2301 et
2323 2243 2606 2321 regnat,
2644 2242 2776 2300 etc.

780 2450 1023 2551 vlTA
1089 2451 1164 2552 S.
1239 2449 1678 2552 DlSlBODl
1752 2449 2217 2552 EPlSCOPl

215 2652 257 2698 Α
306 2651 361 2697 S.
417 2650 812 2698 HILDEGARDE
860 2652 1206 2700 ABBATISSA
1253 2652 1450 2699 JUSSU
1498 2651 1852 2699 HELENGERI
1899 2652 2163 2698 ABBATIS
2211 2649 2618 2698 CONSCRIPTA:
2674 2650 2791 2697 SED

306 2740 496 2786 LAUR.
553 2739 782 2786 SURIUS
830 2740 1057 2786 STILUM
1102 2740 1405 2787 MUTAvir.
1466 2740 1831 2788 NUNCIATUR
1880 2739 2203 2787 nlviNiws
2251 2739 2616 2796 nEvssLATA3
2671 2738 2786 2784 SED

306 2827 587 2875 PROPTER
633 2826 946 2875 AUCTORIS
995 2828 1395 2876 SINGULAREM
1444 2827 1873 2876 SANCTITATEM
1920 2827 2147 2875 mmm:
2195 2826 2676 2876 CONTEMNENDA.

854 2947 1042 3003 Obiit
1083 2963 1264 3004 anno
1308 2950 1436 3004 674
1477 2978 1556 2989 —
1596 2950 1752 3005 Nat.
1795 2948 2163 3004 Hibernas.

723 3079 1441 3146 PRAEFATIUNCULA
1476 3067 1555 3146 'S.
1611 3080 2166 3147 HILDEGARDIS
2198 3076 2301 3166 (a)

306 3199 385 3263 In
438 3194 730 3282 mystica
778 3193 1061 3275 visione,
1118 3207 1192 3263 ut
1243 3199 1420 3264 Deus
1462 3195 1697 3275 voluit,
1758 3208 2034 3284 propter
2136 3216 2324 3264 reces
2372 3207 2438 3264 et
2490 3194 2785 3263 manda-

217 3293 364 3351 tum
400 3281 865 3351 Praelatorum
906 3303 1241 3364 meorum,
1277 3282 1555 3350 Abbatis
1582 3282 1947 3372 Helengeri
1981 3295 2048 3351 et
2111 3295 2377 3351 ratrum
2430 3282 2782 3363 omnium,

215 3369 287 3437 in
344 3382 572 3437 monte
623 3369 801 3438 beati
851 3369 1159 3438 Disibodi
1210 3376 1341 3439 Deo
1390 3369 1909 3447 famulantium,
1966 3369 2051 3438 de
2101 3370 2233 3438 vita
2287 3381 2353 3438 et
2404 3369 2674 3440 meritis
2713 3392 2789 3438 e-

205 3455 486 3548 jusdem
526 3458 703 3525 beati
754 3457 967 3547 patris
1000 3457 1450 3546 aspiciebam,
1488 3472 1553 3525 et
1602 3469 1759 3547 post
1804 3456 2071 3527 oblatas
2106 3455 2408 3525 visiones
2444 3456 2609 3525 libri
2643 3478 2791 3526 me-

215 3546 507 3615 ritorum
554 3545 751 3625 vitae,
806 3565 990 3613 anno
1034 3546 1428 3614 Dominicae
1464 3543 1964 3613 incarnationis
1998 3543 2371 3612 millesimo
2405 3545 2790 3615 centesimo

166 3641 171 3648 ’
217 3633 732 3722 septuagesimo
762 3686 777 3712 ,
833 3643 1161 3721 regnante
1224 3632 1566 3702 Friderico
1616 3637 2089 3700 Romanorum
2140 3636 2587 3720 Imperatore,
2653 3634 2790 3704 sub

215 3742 546 3811 pressura
591 3719 1017 3809 Apostolicae
1067 3719 1261 3788 Sedis
1310 3719 1604 3788 triennio
1653 3717 1791 3788 fere
1845 3718 2015 3787 lecto
2056 3718 2506 3800 decumbens,
2547 3741 2629 3788 ex
2676 3720 2789 3789 di-

220 3808 423 3877 vinae
472 3807 858 3899 Sapientiae
957 3808 1157 3877 ietate
1205 3828 1439 3876 vocem
1488 3806 1575 3876 de
1616 3806 1842 3888 coelo,
1896 3823 2181 3898 corpore
2229 3818 2296 3875 et
2334 3806 2569 3877 animo
2619 3807 2795 3898 vigi-

215 3896 396 3977 lans,
455 3895 551 3968 ita
597 3896 836 3965 audivi
946 3896 1276 3965 icentem:

267 4006 327 4050 (a)
357 4005 667 4053 Hildegnrdes
696 4005 839 4054 Virgo
869 4005 1169 4044 sanctissime
1198 4004 1389 4044 Ordinis·
1418 4003 1462 4044 S.
1490 4003 1752 4049 Benedicti,
1784 4002 1984 4055 exeunte
2004 4012 2051 4043 xi
2070 4004 2261 4044 soeculo
2281 4004 2332 4042 in
2353 4012 2472 4054 pago
2491 4004 2790 4043 Bit-kalnam

215 4057 267 4097 in
286 4058 579 4103 Alamannia.
595 4060 772 4106 quanto
792 4059 1043 4098 infirmiori
1063 4059 1112 4097 et
1141 4059 1395 4097 extenuato
1424 4056 1717 4106 corpuscoio.
1746 4058 1878 4096 tento
1905 4057 2056 4105 magis
2086 4057 2260 4106 spiritu
2288 4057 2454 4096 vivens
2485 4059 2533 4096 et
2562 4057 2788 4105 supernis

214 4109 365 4150 ditate
383 4111 649 4152 visionibus
670 4112 719 4151 et
737 4112 931 4160 dignata
946 4111 1332 4156 revelationibus,
1352 4110 1542 4150 divinae
1559 4110 1690 4150 vocis
1711 4112 1980 4158 praecepto,
2007 4110 2122 4150 licet
2149 4110 2483 4150 humaniorum
2511 4110 2786 4149 litterarum

213 4163 405 4212 penitus
435 4165 627 4213 ignara.
652 4174 772 4214 quae
802 4165 1002 4205 caelitus
1033 4165 1246 4205 audisset
1276 4166 1325 4203 et
1352 4164 1554 4204 vidisset
1582 4163 1834 4203 scribenda
1860 4163 2088 4212 suscepit,
2112 4165 2312 4212 jubente
2341 4164 2540 4212 insuper
2569 4162 2786 4212 Eugenio

214 4217 293 4264 Pp.
314 4216 385 4255 111
405 4218 487 4265 qui
508 4217 559 4256 in
578 4218 898 4257 cardinalium
919 4219 968 4257 et
989 4217 1327 4266 Episcopornm
1349 4217 1632 4256 Rhemensis
1652 4216 1852 4256 concilii
1870 4216 2009 4256 coetu
2032 4217 2260 4265 quaedam
2284 4216 2586 4256 admirandae
2606 4214 2794 4255 Christi

214 4269 420 4317 sponsae
443 4271 622 4320 scripte
643 4270 843 4318 legenda.
863 4271 1180 4319 etjuciicmda
1193 4271 1508 4310 commiserat.
1540 4272 1596 4309 In
1623 4270 1700 4308 his
1728 4270 1920 4317 seriptis
1950 4269 2127 4309 eminet
2155 4270 2300 4318 Inuus
2331 4270 2373 4309 S.
2404 4270 2624 4318 Episcopi
2654 4269 2756 4307 Vita
2773 4281 2794 4316 ,-

217 4321 527 4371 mldegurdes
547 4324 673 4363 enim
693 4323 922 4363 Reclnsae
942 4324 1091 4363 vitam
1109 4324 1311 4363 ducebat
1330 4324 1379 4363 in
1398 4324 1505 4363 loco
1534 4323 1617 4372 qui
1644 4320 1849 4362 Dieibbdi
1877 4323 2005 4362 Mons
2034 4323 2378 4372 appellabatur.
2410 4324 2496 4364 Die
2527 4331 2630 4361 xvii
2658 4322 2796 4369 sept.

216 4375 319 4423 ejus
338 4376 567 4415 memorie
588 4378 638 4416 in
657 4378 791 4416 Rom.
810 4377 1056 4426 Max-tyrol.
1078 4377 1323 4417 recolitur.
