3327 4999
701 363 832 432 756
1418 381 1494 430 na
1542 381 1633 431 ss.
1689 382 1857 432 unna
1905 381 1980 431 ar
2027 380 2223 433 socns
2271 382 2387 436 uu.
2675 362 2778 430 Ex
2827 362 3004 431 DEC.
3060 366 3144 430 ⁴0

609 475 777 540 Cum
838 489 992 539 vero
1048 468 1335 551 timeret,
1403 488 1488 536 ne
1547 467 1606 538 si
1662 485 1825 540 cum
1879 490 1957 540 eo
1987 466 2426 541 disseruisset
2497 468 2859 558 (quoniam
2907 480 2974 540 et
3007 469 3140 538 mi-

607 557 862 628 raculis
922 569 987 627 et
1034 556 1310 627 dicendi
1365 556 1688 627 facultate
1723 557 2243 628 existimabatur
2292 578 2442 628 esse
2489 578 2702 648 supra
2748 556 3139 648 hominem)

608 647 757 738 ipse
828 647 1108 735 quidem
1167 646 1384 716 victus
1439 645 1999 718 dedecoraretur:
2053 659 2119 717 et
2169 667 2285 717 eos
2333 646 2538 716 etiam
2596 645 2906 737 perderet
2962 668 3140 735 quos

606 737 836 807 adhue
885 735 1175 806 habebat
1231 756 1458 807 errore
1517 736 1930 826 implicatos,
1990 737 2211 806 sancti
2266 735 2622 806 miraculis
2673 735 2992 808 inductos
3050 737 3138 806 ad

607 826 994 897 veritatem:
1051 824 1374 896 omnibus
1407 824 1928 914 praetermissiS,
1953 825 2153 916 jubet
2191 836 2265 895 ut
2307 847 2468 895 cum
2513 845 2672 894 eum
2721 824 2790 893 in
2840 826 3143 897 obscuro

606 927 670 986 et
716 914 1133 985 tenebricoso
1183 936 1454 984 carcere
1520 913 1966 985 inclusissent
2001 969 2017 995 ,
2144 914 2402 983 rimurn
2487 913 2769 1002 quidem
2826 913 3141 987 vinctum

610 1003 932 1075 manibus
989 1025 1027 1072 a
1076 1013 1248 1073 tecto
1319 1003 1853 1094 suspenderent:
1914 1003 2070 1072 dein
2127 1024 2163 1073 e
2224 1003 2428 1073 etiam
2503 1004 2590 1073 ab
2642 1003 2791 1093 ejus
2843 999 3142 1095 pedibus

612 1093 907 1185 lapidem
949 1090 1416 1183 appenderent
1467 1092 1636 1162 adeo
1738 1114 1998 1175 ravem,
2059 1104 2137 1162 ut
2189 1091 2503 1161 vehiculo
2557 1092 2924 1194 impositus
2955 1148 2970 1174 ,
3034 1093 3146 1163 vix

610 1192 841 1275 posset
888 1180 1083 1252 ferri:
1141 1181 1389 1251 deinde
1413 1203 1573 1253 eum
1627 1203 1699 1252 re
1731 1182 2116 1270 inquerent,
2148 1193 2224 1252 ut
2252 1180 2567 1251 divulsus
2609 1181 2940 1260 nolenter
2992 1203 3141 1252 mo-

610 1282 896 1344 reretur.
1538 1285 1541 1290 ·

700 1363 739 1450 ἐ
800 1364 951 1435 31.
1002 1360 1319 1431 Protinus
1373 1381 1535 1453 ergo
1582 1360 1683 1441 ii,
1749 1382 2044 1449 quorum
2110 1370 2213 1433 est
2273 1359 2403 1430 hoc
2470 1381 2774 1442 munus,
2836 1360 3149 1433 fecerunt

611 1448 797 1539 quod
843 1450 943 1520 eis
988 1449 1212 1520 fuerat
1242 1449 1695 1541 imperatum:
1747 1464 1814 1521 et
1844 1450 1943 1521 sic
1991 1450 2221 1541 ipsum
2274 1448 2630 1524 dimittunt
2695 1471 3143 1542 suspensum,

613 1539 889 1612 nullum
936 1540 1220 1610 omnino
1267 1539 1568 1611 sinentes
1618 1561 1779 1610 eum
1828 1538 2055 1609 videre
2101 1539 2187 1609 ad
2227 1538 2789 1609 consolationem.
2853 1544 3150 1612 Sanetus

612 1640 838 1700 autem
890 1650 1050 1699 cum
1097 1638 1162 1698 et
1189 1628 1399 1719 capiti
1446 1628 1787 1721 impositis
1821 1629 2135 1711 vinculis,
2188 1640 2256 1698 et
2285 1628 2607 1699 deorsum
2641 1629 2949 1700 trahente
2969 1649 3167 1720 pon-

611 1718 772 1794 dere
821 1716 1071 1808 lapidis
1117 1716 1589 1789 extenderetur
1632 1728 1699 1787 et
1727 1718 1791 1787 ei
1840 1717 2337 1809 propemodum
2386 1717 2921 1790 dissolverentur
2957 1740 3151 1792 com-

616 1811 846 1899 pages,
901 1806 1090 1876 nervi
1138 1828 1295 1877 vero
1358 1807 1902 1878 convellerentur
1946 1819 2011 1878 et
2056 1828 2302 1877 carnes
2371 1807 2911 1880 dilacerarentur
2956 1820 3022 1878 et
3069 1819 3150 1879 ut

614 1896 821 1967 semel
862 1895 1113 1976 dicam,
1169 1897 1396 1966 omnis
1433 1897 1498 1967 ei
1556 1896 1693 1966 alia
1740 1897 2035 1987 graviter
2079 1897 2606 1988 abrumperetur
2653 1897 3140 1986 commissura,

612 1985 949 2088 quamdiu
994 1984 1273 2073 quidem
1339 1986 1514 2056 vires
1561 2008 1681 2056 cor
1730 1987 1868 2057 oris
1939 1986 2357 2057 suffecerunt
2411 1985 2495 2055 ad
2557 1986 2771 2055 animi
2820 1997 3148 2057 constan-

615 2089 805 2157 tiam,
845 2075 1140 2177 graviter
1175 2074 1455 2163 quidem
1561 2076 1691 2145 atie
1743 2086 1919 2157 atur,
1975 2075 2310 2166 psallebat
2356 2086 2583 2146 autem
2634 2075 2932 2147 assidue:
2991 2076 3153 2147 Vide

615 2166 1070 2236 humilztatem
1115 2187 1334 2236 meam
1381 2176 1443 2235 et
1526 2167 1790 2236 aborem
1845 2188 2066 2236 meum
2091 2190 2120 2246 ,·
2168 2177 2232 2234 et
2279 2164 2486 2247 illud,
2539 2169 2681 2236 Non
2727 2176 2882 2236 sunt
2921 2165 3154 2235 condi·

614 2277 790 2346 qnae
850 2256 1190 2345 passiones
1253 2255 1457 2344 hujus·
1506 2256 1820 2346 temporis
1881 2255 1971 2325 ad
2029 2257 2338 2344 suturam
2402 2256 2717 2356 gloriam.
2781 2259 3150 2341 Postquam

617 2354 845 2414 autem
876 2341 1082 2433 plane
1117 2343 1180 2411 ei
1226 2344 1659 2444 consumptis
1693 2343 1979 2424 viribuS,
2033 2365 2232 2413 suam
2263 2343 2820 2445 conjunctionem
2863 2343 3151 2414 omnino

617 2431 889 2524 negavit
937 2443 1204 2516 natura,
1268 2454 1427 2503 cum
1475 2431 1806 2516 dixisset,
1861 2432 2125 2503 Gratias
2172 2454 2301 2523 ago
2361 2433 2482 2502 tibi
2513 2488 2528 2514 ‚
2583 2433 2904 2515 Domine,
2958 2432 3145 2522 quod

617 2534 734 2593 tua
767 2522 944 2594 bona
992 2522 1438 2623 perceperim:
1477 2533 1804 2610 tanquam
1837 2522 2138 2613 pondere
2176 2522 2502 2613 supplicii
2553 2534 2831 2613 repente
2875 2522 2932 2591 ei
2985 2545 3150 2595 voce

616 2634 950 2702 repressa,
996 2633 1066 2681 in
1102 2633 1414 2702 soporem
1452 2612 1816 2693 resolutuS,
1870 2612 2104 2681 tacuit.

704 2704 741 2791 ἓ
785 2704 950 2774 88.
1003 2707 1367 2790 Postquam
1417 2723 1572 2773 vcro
1618 2702 1893 2789 utrique
1924 2699 2215 2774 athletae
2255 2712 2441 2772 tanta
2488 2702 2870 2772 constantia
2910 2711 2974 2771 et
3011 2701 3152 2771 for-

617 2790 909 2862 titudine
954 2789 1157 2861 desiit
1201 2802 1543 2861 certamen
1598 2790 1945 2877 martyrii,
2003 2803 2276 2882 repente
2323 2791 2668 2863 affuerunt
2721 2802 3032 2862 amantes
3082 2803 3152 2862 et

617 2880 785 2950 socii
823 2879 1058 2972 Angeli
1105 2880 1187 2950 ad
1257 2902 1372 2950 eos
1419 2879 1906 2951 defendendos:
1959 2892 2024 2948 et
2073 2880 2374 2971 primum
2473 2879 2705 2951 uidem
2745 2901 2907 2952 cum
2961 2900 3144 2948 mar-

619 2970 783 3060 tyris
816 2969 1263 3060 Hermogenis
1292 2991 1553 3059 corpus,
1574 2991 1611 3038 e
1644 2968 1835 3039 fluvii
1869 2968 2208 3059 profundo
2241 2981 2442 3041 sustu
2473 2969 2707 3053 issent,
2760 2983 2825 3040 et
2870 2981 3149 3059 repente

618 3082 776 3129 eum
829 3070 1044 3129 totum
1121 3059 1460 3147 integrum
1520 3058 1979 3128 restituissent
2036 3071 2101 3128 et
2144 3057 2395 3127 deinde
2442 3058 2644 3128 etiam
2697 3058 3146 3141 animassent,

618 3162 683 3218 et
729 3147 1060 3217 dixissent
1107 3168 1177 3218 se
1237 3145 1581 3236 proficisci
1636 3146 1721 3215 ad
1775 3152 2037 3217 Menam
2109 3147 2432 3217 athletam
2482 3158 2546 3218 et
2594 3148 2826 3238 ipsum
2899 3147 3154 3219 hortati

618 3247 866 3314 essent,
939 3246 1615 3323 uttconsequeretur,
1667 3236 1790 3306 ubi
1839 3257 2087 3328 parum
2137 3236 2428 3327 ingressi
2491 3251 2824 3308 venerunt
2888 3236 2974 3307 ad
3025 3260 3153 3309 cu-

621 3325 937 3406 stodiam,
998 3325 1176 3395 intro
1224 3325 1454 3396 statim
1515 3338 2003 3416 perrexerunt,
2055 3326 2319 3396 viribus
2366 3348 2541 3415 quae
2589 3328 2718 3399 sub
2792 3339 3148 3417 aspectum

621 3438 757 3486 non
807 3414 1109 3498 cadunt,
1162 3414 1519 3487 dissolutis
1564 3416 1665 3487 eis
1712 3415 2055 3487 claustris.
2118 3421 2577 3507 Hermogenes
2622 3437 2780 3486 vero
2841 3415 3151 3508 seipsum

622 3505 900 3596 quidem
952 3517 1179 3576 mente
1251 3505 1519 3598 agitans
1587 3518 1651 3577 et
1701 3516 1914 3577 totum
1965 3517 2192 3576 actum
2245 3506 2440 3577 tacite
2496 3504 2981 3589 consideranS,
3033 3506 3155 3577 ob·

622 3596 1095 3699 stupescebat:
1149 3596 1425 3667 beatum
1473 3607 1699 3667 autem
1764 3600 2026 3666 Menam
2075 3594 2277 3665 etiam
2342 3616 2758 3687 suspensum
2808 3594 3155 3687 aspiciens

622 3698 689 3755 et
723 3708 870 3776 Jarn
924 3707 1056 3756 non
1109 3685 1484 3777 spirantem
1560 3684 1863 3776 amplius
1910 3695 1976 3755 et
2023 3694 2437 3755 tormentum
2486 3706 2777 3755 cernens
2827 3684 3156 3756 intolera-

623 3774 781 3854 bile,
836 3773 1111 3844 tristitia
1158 3774 1603 3845 afficiebatur.
1662 3780 1744 3844 Ut
1787 3796 1944 3844 vero
1990 3786 2166 3845 esset
2211 3785 2510 3846 attentus
2549 3785 2613 3845 et
2660 3772 2940 3856 videret,
2996 3773 3153 3845 hor·

623 3864 742 3933 tati
774 3863 1034 3954 Angeli,
1089 3864 1315 3935 statim
1349 3885 1506 3933 cum
1542 3862 1842 3951 quodam
1879 3864 2136 3933 honore
2182 3877 2248 3934 et
2303 3864 2674 3933 reverentia
2707 3863 2794 3932 ad
2836 3874 3153 3934 sanctum

622 3952 982 4025 accedunt.
1060 3952 1400 4024 Relaxatis
1453 3965 1680 4022 autem
1732 3953 2040 4040 utrisque
2095 3951 2429 4034 vinculiS,
2481 3974 2644 4022 cum
2691 3973 2902 4039 quam
2951 3952 3158 4024 susti-

625 4054 911 4125 nuerat,
967 4042 1432 4113 membrorum
1500 4042 1905 4132 juncturam
1967 4063 2207 4131 compe
2259 4042 2471 4113 issent
2517 4053 2583 4111 et
2629 4052 3028 4123 sanassent,
3090 4055 3157 4111 et

623 4152 780 4202 eum
839 4153 1091 4223 magno
1139 4131 1393 4223 gaudio
1438 4140 1504 4200 et
1559 4131 1771 4201 alacri
1819 4130 2035 4200 animi
2093 4142 2203 4202 stu
2260 4130 2322 4200 io
2368 4129 2852 4222 replevissent,
2927 4131 3153 4201 statim

621 4220 899 4308 quidem
955 4220 1228 4293 solvunt
1256 4219 1704 4312 Hermogenis
1737 4240 2111 4291 moerorem
2164 4231 2440 4311 propter
2480 4242 2813 4312 magnum
2859 4224 3152 4291 Menam.

627 4314 795 4379 Cum
862 4321 1091 4380 autem
1138 4332 1362 4398 usque
1408 4309 1492 4379 ad
1554 4310 1970 4380 matutinum
2021 4308 2136 4379 cui
2203 4309 2304 4381 eis
2355 4322 2582 4381 essent
2639 4309 2909 4393 versati,
2961 4322 3025 4381 et
3072 4309 3160 4379 ad

627 4397 934 4488 pericula
982 4397 1345 4469 subeunda
1393 4421 1508 4469 eos
1560 4399 1782 4492 magis
1828 4399 2175 4469 acuissent
2232 4411 2299 4469 et
2348 4398 2724 4500 jussissent
2784 4422 2901 4472 eos
2969 4398 3160 4471 festi-

629 4507 792 4557 nare
831 4486 915 4555 ad
975 4509 1126 4557 mox
1181 4488 1279 4558 eis
1328 4488 1695 4558 mittendas
1742 4510 2052 4571 coronas,
2104 4499 2169 4557 et
2216 4488 2502 4578 polliciti
2552 4499 2779 4559 essent
2825 4511 2897 4560 se
2945 4489 3153 4559 simul
