3327 4999
630 345 756 411 354
1554 363 1634 409 nn
1683 363 1738 409 s·
1790 361 2064 409 :osi-:rao
2695 339 2940 406 MART.
2996 342 3085 407 ⁴9

538 446 979 539 perferuntur
1023 455 1162 516 tam
1210 446 1561 537 praeclara
1608 446 1966 528 miracula,
1997 456 2062 515 et
2088 445 2208 515 illa
2235 444 2437 515 corde
2466 444 2966 544 compungitur
2991 443 3083 513 ob

539 536 927 605 admissum
960 535 1231 605 scelus:
1284 557 1704 623 ascensoque
1749 556 1905 604 mox
1950 556 2148 622 equo,
2187 534 2459 603 veniam
2508 544 2828 622 petitura,
2864 553 2936 602 se
2966 554 3086 602 ac-

539 625 756 725 cingit
804 624 1055 706 itineri‚
1107 624 1292 710 quod
1350 625 1540 695 ducit
1578 625 1665 693 ad
1714 645 1968 714 corpus
2017 623 2362 713 martyris.
2398 627 2569 691 Ecce
2615 633 2845 691 autem
2895 621 3084 690 inter

538 713 992 801 equitandum
1040 714 1135 782 ita
1171 712 1503 783 divinitus
1541 714 2037 793 retardabatur,
2092 724 2170 782 ut
2212 732 2436 799 equus
2472 709 2625 798 ejus
2653 709 3086 780 retrocedere

538 802 770 893 potius
816 823 1024 888 quam
1073 802 1394 893 progredi
1440 802 1806 883 videretur,
1843 824 1964 872 nec
2012 800 2158 870 ulla
2205 801 2467 869 ratione
2513 797 2781 868 efficere
2821 810 3079 889 posset,

539 902 621 960 ut
664 891 724 960 is
759 889 1173 981 procederet.
1212 891 1774 961 Animadvertens
1819 890 2033 982 igitur
2082 911 2205 980 pro
2254 911 2380 959 suo
2427 888 2721 957 immani
2768 887 3083 957 facinore

539 979 772 1049 isthuc
817 1000 890 1049 se
938 979 1219 1070 perpeti,
1276 980 1364 1050 ab
1401 1002 1576 1067 equo
1633 979 2009 1062 descendit,
2065 1001 2188 1069 pro
2236 977 2482 1069 majori
2532 976 2911 1046 reverentia
2960 998 3086 1067 pe-

540 1067 749 1138 dibus
795 1068 943 1139 suis
987 1067 1170 1137 itura
1217 1068 1302 1137 ad
1350 1090 1603 1159 corpus
1671 1069 1891 1138 sancti
1959 1068 2317 1158 martyris:
2383 1066 2501 1138 sed
2570 1076 2736 1135 tunc
2799 1087 3080 1152 quoque

542 1156 756 1227 sensit
794 1179 866 1226 se
915 1156 1154 1247 repelli
1213 1170 1411 1238 retro,
1458 1180 1582 1228 nec
1630 1158 1851 1249 potuit
1900 1169 2050 1226 voto
2098 1156 2302 1247 potiri
2351 1177 2499 1227 suc.
2539 1159 2748 1224 Porro
2797 1176 3084 1224 sacrum

542 1267 797 1334 corpus
841 1244 929 1315 ad
979 1246 1207 1316 locum
1255 1245 1671 1317 destinatum
1708 1246 2140 1337 perductum,
2185 1268 2226 1315 a
2260 1243 2644 1335 virginibus
2685 1242 2935 1313 Christi
2962 1242 3087 1312 ho-

541 1334 825 1404 norifice
869 1348 1252 1424 exceptum,
1312 1345 1377 1404 et
1421 1335 1507 1404 ad
1558 1335 1817 1406 summi
1872 1333 2108 1404 altaris
2204 1344 2418 1404 artem
2478 1331 2824 1403 borealem
2882 1353 3076 1401 reve-

544 1434 771 1492 renter
817 1423 1194 1493 admodum
1243 1424 1599 1493 conditum
1648 1438 1750 1493 est
1795 1447 1882 1492 x11
1937 1423 2133 1493 Calen
2197 1477 2209 1491 .
2265 1421 2527 1492 Martii:
2584 1421 2705 1491 ubi
2753 1420 3086 1510 deinceps

544 1511 767 1581 multa
809 1523 971 1581 sunt
1018 1512 1241 1602 aegris
1287 1512 1617 1582 divinitus
1665 1511 1914 1582 collata
1959 1511 2329 1583 beneficia:
2384 1510 2603 1580 multa
2660 1531 2817 1578 vero
2865 1508 3081 1579 etiam

547 1600 885 1669 miracula
916 1601 1325 1691 scriptorum
1376 1601 1793 1693 negligentia
1841 1623 1978 1670 non
2029 1611 2188 1669 sunt
2222 1599 2436 1669 literis
2475 1609 2820 1679 annotata,
2858 1607 3100 1685 neque

544 1709 673 1759 nos
713 1688 850 1759 alia
896 1689 980 1758 de
1026 1700 1261 1759 sancto
1303 1690 1549 1760 Christi
1598 1704 1897 1779 martyre
1952 1690 2201 1759 referre
2242 1689 2614 1769 voluimuS,
2649 1709 2860 1774 quam
2907 1708 3091 1774 quae

545 1776 633 1846 ab
681 1777 837 1847 aliis
883 1779 1065 1847 bona
1111 1778 1246 1847 fide
1291 1780 1683 1869 conscripta
1729 1778 2145 1859 invenimuS,
2182 1788 2300 1847 aut
2351 1776 2661 1846 fidelium
2719 1776 3088 1845 hominum

545 1865 876 1936 relatione
913 1866 1313 1937 didicimus,
1359 1867 1657 1937 Tandem
1711 1890 1892 1936 anno
1952 1867 2221 1937 Domini
2268 1889 2337 1936 m
2385 1867 2506 1952 qui
2554 1865 2685 1934 fuit
2721 1869 2793 1934 211
2839 1864 2928 1933 ab
2976 1885 3082 1944 ρο,

545 1975 684 2112 guo
734 1955 876 2026 illic
923 1977 1176 2046 corpus
1207 1956 1594 2026 venerabile
1641 1956 2059 2026 tumulatum
2102 1954 2254 2036 fuit,
2293 1955 2630 2025 elevatum
2681 1967 2805 2033 est,
2860 1953 3087 2022 incre-

596 2043 748 2113 ibili
787 2045 1018 2115 odoris
1067 2045 1398 2115 suavitate
1432 2045 1592 2114 inde
1640 2058 1985 2126 manante,
2020 2057 2084 2114 et
2131 2045 2203 2112 in
2253 2043 2496 2113 locello
2535 2054 2853 2112 accurate
2885 2063 3088 2132 prae-

549 2145 788 2222 parato
826 2134 1229 2224 repositum,
1282 2146 1485 2222 atque
1522 2157 1680 2204 cum
1732 2135 1888 2203 aliis
1936 2146 2329 2203 sanctorum
2365 2130 2676 2219 reliquiis
2706 2132 2778 2199 in
2827 2130 3089 2200 sanctis

548 2233 944 2292 sanctorum
1006 2223 1379 2292 honorifice
1443 2222 1879 2293 collocatum.
1933 2229 2097 2293 Nam
2147 2235 2212 2291 et
2257 2222 2404 2311 ipse
2452 2232 2731 2290 sanctus
2780 2241 2894 2288 rex
2942 2219 3091 2288 cui-

550 2309 815 2410 damjn
858 2311 1119 2381 visione
1166 2324 1624 2412 praeceperat,
1668 2323 1744 2381 ut
1791 2313 1940 2413 ejus
1988 2310 2293 2381 coenobii
2345 2309 2699 2379 Abbatissa
2748 2308 3088 2377 indicaret

548 2397 742 2467 fratri
790 2399 1015 2489 ipsius
1044 2421 1186 2491 regi
1222 2400 1602 2482 EthelredO,
1644 2413 1722 2470 ut
1753 2401 1888 2470 allo
1922 2412 2236 2469 sanctum
2270 2421 2524 2489 corpus
2558 2396 2986 2466 transferret:
3025 2408 3092 2464 et

547 2486 698 2578 ipse
746 2489 923 2558 sacri
991 2489 1299 2581 pignoris
1364 2488 1679 2560 tumulus
1736 2488 2041 2576 quotidie
2104 2487 2405 2558 mirabili
2452 2486 2774 2556 facilitate
2821 2509 2860 2555 a
2913 2502 3093 2556 terra

548 2576 963 2660 elevabatur,
1027 2601 1164 2649 non
1213 2579 1503 2649 obscuro
1550 2579 1788 2665 utique
1834 2590 2289 2667 argumento,
2318 2589 2635 2647 sanctum
2682 2597 2921 2667 regem
2978 2597 3089 2646 sa-

548 2688 701 2736 cras
750 2667 1079 2755 reliquias
1125 2690 1288 2738 suas
1335 2667 1500 2736 alibi
1552 2666 1721 2736 velle
1768 2666 2149 2756 transponi.

1465 2944 1587 3043 DE
1653 2943 1737 3044 S.
1808 2943 1855 3043 J
1864 2942 2187 3044 OSEPH

1136 3167 1393 3231 PATRE
1444 3165 1874 3232 PUTATITIO
1919 3166 2114 3232 JESU
2164 3165 2491 3231 CHRISTI

546 3397 626 3443 DE
672 3396 798 3452 QUO
827 3395 964 3442 ETSI
1012 3396 1275 3443 srAnsm
1306 3396 1470 3443 APUD
1510 3393 1784 3443 SANCTOS
1832 3395 2066 3443 PATRES
2098 3393 2476 3443 HABEANTUR
2522 3392 2881 3452 NONNULLA,
2918 3393 3091 3449 QUAE

638 3503 722 3549 An
768 3503 917 3550 EJUS
962 3502 1231 3551 FACIANT
1276 3501 1883 3562 COMMENDATIONEM,
1935 3501 2143 3549 TAMEN
2190 3501 2342 3559 QUIA
2388 3500 2509 3548 Nos
2555 3499 2682 3547 NON
2729 3498 2857 3545 TAM
2895 3499 3094 3548 ENco-

640 3605 754 3652 MIA
801 3605 1139 3664 QUAEDAM,
1192 3593 1367 3661 QUAM
1425 3604 1732 3652 INTEGRAS
1781 3604 2150 3662 HISTORIAS,
2204 3604 2309 3650 UBI
2355 3600 2527 3649 FIERI
2576 3601 2844 3661 POTEST,
2890 3604 3095 3649 EDERE

642 3711 954 3760 curmus:
1008 3711 1253 3759 offlssls
1299 3709 1462 3759 ILLIS
1489 3745 1505 3771 ‚
1557 3689 1762 3760 lfAUCA
1808 3712 2141 3759 DUMTAXAT
2186 3712 2263 3757 Ex
2310 3711 2371 3757 Ι).
2425 3707 2754 3756 BERNARDO
2803 3707 2927 3757 HUC
2974 3711 3094 3756 An-

640 3813 1006 3874 SCRIBEMUS,
1043 3814 1124 3862 NE
1170 3814 1422 3864 TANTUM
1469 3812 1911 3861 PATRIARCHAM
1955 3812 2335 3862 NEGLEXISSE
2383 3812 2726 3859 VIDEAMUR.

637 3990 675 4076 ἓ
735 3994 811 4062 1.
865 3988 1255 4058 Necessario
1303 3987 1432 4058 fuit
1477 3988 1888 4079 desponsata
1937 3986 2146 4055 Maria
2181 3985 2467 4076 Joseph,
2502 3985 2782 4073 quando
2812 4007 2936 4075 per
2961 3987 3094 4056 hoc

549 4088 616 4148 et
662 4101 703 4148 a
752 4078 1046 4149 canibus
1094 4089 1409 4147 sanctum
1457 4076 1927 4157 absconditur,
1981 4087 2046 4145 et
2091 4098 2130 4144 a
2179 4097 2432 4166 sponso
2479 4075 2842 4166 virginitas
2898 4097 3095 4145 com-

552 4169 907 4258 probatur,
941 4178 1004 4237 et
1050 4166 1339 4258 virginis
1388 4177 1525 4235 tam
1575 4165 2028 4235 verecundiae
2076 4164 2403 4255 parcitur,
2441 4184 2649 4251 quam
2682 4163 2906 4232 famae
2934 4186 3096 4255 pro-

554 4256 850 4327 videtur.
905 4255 1082 4339 Quid
1133 4255 1536 4346 sapientius,
1589 4254 1758 4341 quid
1807 4254 2089 4345 dignius
2126 4253 2360 4322 divina
2415 4252 2894 4343 providentia?
2941 4258 3096 4322 Uno

552 4345 677 4416 tali
724 4345 1015 4416 consilio
1063 4344 1341 4414 secretis
1374 4343 1782 4413 coelestibus
1829 4356 1892 4412 et
1940 4343 2327 4412 admittitur
2355 4343 2566 4422 testis,
2603 4355 2667 4411 et
2698 4340 3097 4412 excluditur

555 4435 798 4520 hostia,
850 4447 916 4505 et
961 4435 1226 4524 integra
1274 4445 1583 4504 servatur
1626 4431 1812 4502 sama
1840 4433 2130 4524 virginis
2162 4431 2424 4504 matris.
2460 4431 2774 4519 Alioquin
2808 4429 3095 4518 quando
