3327 4999
200 381 307 446 EX
358 380 531 446 OCT.
588 382 627 445 5
912 399 989 445 nn
1038 400 1094 446 s.
1133 399 1494 446 malumno
1544 397 1712 445 mac.
1766 398 1841 444 Εἰ·
1880 397 2062 446 com-u
2536 383 2652 447 651

197 478 450 568 capitis
524 476 746 546 velum
810 478 1086 548 incaute
1162 478 1491 569 deponit,
1553 478 1763 565 idque
1832 499 1985 546 mox
2046 500 2086 546 a
2149 478 2453 547 flammis
2522 500 2750 548 corre-

198 578 426 658 ptum,
479 566 906 657 conflagrare
953 567 1194 637 cernit.
1259 566 1382 637 Sed
1453 578 1732 637 extensa
1782 587 1997 635 manu
2038 567 2379 636 retrahere
2426 578 2741 648 conatur,

200 677 328 725 nec
360 667 584 724 tamen
639 655 770 724 nisi
822 667 1158 726 extremas
1201 667 1426 746 partes
1483 655 1749 746 recipit,
1796 666 1930 724 toto
1983 655 2121 725 fere
2169 656 2315 725 velo
2356 656 2426 725 in
2478 655 2750 726 favillas

199 745 499 814 redacto.
554 749 723 813 Tum
776 744 895 814 illa
925 745 994 812 in
1047 744 1389 833 lacrymas
1438 756 1932 834 prorumpente
1979 744 2164 830 quod
2216 745 2488 814 nullum
2533 745 2746 815 habe-

197 845 301 903 ret
339 832 557 913 aliud,
610 854 749 919 quo
797 854 869 901 se
917 845 1191 922 tegeret,
1248 833 1352 901 vir
1398 846 1682 903 sanctus
1750 854 1883 903 non
1949 855 2154 913 casu,
2229 832 2345 903 sed
2396 832 2631 902 divina
2682 833 2750 901 id

195 933 447 1012 agente
483 921 932 1012 providentia,
976 922 1041 989 in
1092 922 1377 991 domum
1430 921 1619 990 illam
1657 921 2087 1012 ingreditur:
2140 920 2518 1008 vidensque
2551 921 2749 1012 puel-

198 1010 339 1079 lam
378 1022 762 1100 gementem
815 1021 879 1078 et
929 1009 1336 1099 plorantem,
1394 1032 1545 1079 eam
1596 1011 1823 1079 verbis
1887 1011 2220 1100 primum,
2274 1009 2524 1079 deinde
2572 1009 2749 1079 sac-to

196 1097 602 1167 admirabili
667 1098 1083 1167 consolatur.
1151 1098 1357 1167 Vultu
1419 1099 1602 1168 enim
1665 1099 1736 1166 in
1803 1120 2053 1168 manus
2116 1098 2199 1166 de
2252 1099 2464 1179 osito‚
2528 1100 2749 1167 oravit

194 1188 451 1256 obnixe
501 1187 867 1256 Dominum
904 1242 919 1267 ‚
989 1185 1431 1273 collectisque
1481 1186 1795 1273 reliquiis
1842 1187 2071 1256 adusti
2120 1122 2293 1267 veli,
2347 1186 2522 1256 illud
2573 1188 2751 1256 inte-

196 1298 407 1366 grum
451 1275 747 1345 restituit
794 1275 1242 1361 lacrymanti:
1297 1276 1381 1345 iis
1432 1297 1588 1345 vero
1635 1297 1813 1362 quae
1861 1275 2004 1345 illic
2052 1276 2362 1356 aderant,
2399 1276 2750 1366 praecepit

197 1385 286 1433 ne
319 1364 648 1450 cuiquam
687 1363 755 1433 id
807 1364 1214 1433 indicarent.
1268 1369 1548 1433 Pannus
1595 1364 1711 1433 ille
1760 1386 1980 1451 usque
2014 1362 2082 1432 in
2113 1363 2525 1435 hodiernum
2567 1364 2752 1434 diem

196 1453 383 1521 inter
429 1451 760 1539 reliquias
810 1453 1026 1523 sancti
1080 1453 1456 1543 Meinulphi
1521 1463 1948 1523 asservatur:
2011 1465 2074 1522 et
2133 1452 2289 1522 licet
2352 1453 2468 1522 ille
2540 1475 2755 1523 sanus

196 1553 267 1641 et
299 1542 567 1631 integer
606 1542 713 1621 sit,
772 1552 995 1612 tamen
1047 1542 1116 1610 in
1170 1543 1339 1612 tanti
1392 1541 1711 1612 miraculi
1761 1541 2261 1624 testimonium,
2316 1542 2500 1632 ignis
2547 1543 2753 1612 vesti-

199 1652 316 1721 gia
358 1641 844 1720 repraesentat.

294 1726 333 1799 ἓ
400 1723 477 1790 ⁸2.
532 1719 947 1788 Adventante
995 1731 1223 1788 autern
1254 1732 1583 1809 tempore,
1615 1740 1753 1805 quo
1801 1720 2135 1788 Dominus
2169 1717 2440 1788 fidelem
2477 1741 2753 1789 servum

198 1807 286 1876 ad
326 1819 686 1876 aeternum
735 1808 1123 1876 convivium
1165 1808 1455 1876 invitare
1501 1808 1970 1888 constituerat,
2012 1808 2126 1877 ille
2187 1807 2432 1897 plenus
2483 1807 2752 1877 virtuti-

200 1897 339 1965 hus
369 1908 435 1965 et
472 1896 621 1984 jam
672 1908 987 1966 maturus
1036 1896 1206 1974 aevi,
1264 1896 1456 1964 tertio
1505 1900 1731 1966 Nonas
1779 1897 2089 1966 Octobris
2139 1896 2457 1986 migravit
2489 1896 2571 1965 ad
2628 1901 2754 1966 Do-

204 1985 504 2053 minum.
552 1983 809 2053 Accidit
856 1997 997 2052 tum
1038 2006 1145 2054 res
1172 1983 1627 2054 admiratione
1656 1985 1893 2075 digna.
1933 1990 2097 2055 Nam
2127 2005 2286 2054 cum
2321 2005 2576 2075 corpus
2604 1985 2755 2074 ejus

199 2072 521 2143 exanime
560 2072 626 2140 in
667 2072 908 2141 feretro
947 2073 1229 2163 jaceret,
1285 2073 1565 2142 revixit:
1618 2095 1826 2159 seque
1878 2074 2174 2163 erigens,
2227 2072 2481 2162 apertis
2533 2073 2755 2142 oculis

199 2162 287 2230 ad
340 2161 868 2231 circumstantes
929 2162 1059 2231 ait:
1128 2185 1163 2227 «
1207 2161 1780 2248 Quandoquidem
1839 2182 1964 2252 ego
2015 2161 2207 2231 vobis
2269 2160 2751 2261 praesentibus

198 2250 341 2319 vita
375 2250 679 2332 functuS,
737 2272 979 2320 rursus
1028 2251 1200 2320 vitae
1252 2251 1592 2330 restituor,
1649 2272 1768 2320 vos
1800 2250 2058 2339 gratias
2104 2260 2332 2340 agatis
2381 2255 2537 2331 Deo,
2591 2272 2752 2337 quo·

201 2358 361 2408 rum
394 2338 642 2409 salutis
690 2342 903 2407 causa
951 2338 1020 2407 id
1069 2340 1168 2419 fit,
1205 2349 1269 2408 et
1300 2361 1450 2429 eg0,
1489 2350 1566 2408 ut
1598 2337 1666 2406 id
1704 2339 1917 2415 fieret,
1972 2338 2159 2430 apud
2186 2338 2304 2407 Dei
2339 2338 2749 2408 Genitricem

199 2439 268 2496 et
300 2426 653 2518 Virginem
706 2439 1108 2518 perpetuam
1149 2428 1534 2519 impetravi.
1581 2432 1712 2497 Nec
1760 2427 1934 2495 mihi
1983 2426 2182 2497 facile
2229 2426 2498 2497 videtur
2523 2427 2752 2498 denuo

199 2529 527 2607 oppetere
574 2531 889 2597 mortem,
961 2517 1231 2588 tametsi
1288 2539 1422 2587 non
1475 2517 1570 2586 ita
1617 2516 1962 2598 acerbam,
2028 2530 2106 2587 ut
2144 2516 2273 2586 fuit
2321 2517 2747 2607 nuperrime.

200 2611 330 2677 Vos
394 2617 621 2674 autem
676 2606 788 2685 ite,
849 2627 1128 2693 quaeso,
1177 2606 1263 2674 ad
1313 2607 1753 2696 Episcopum,
1814 2617 1879 2674 et
1925 2617 2092 2692 quot
2143 2605 2519 2675 sudoribus
2578 2605 2751 2674 mibi

199 2694 586 2765 constiterit
617 2695 829 2784 hujus
861 2694 1171 2764 coenobii
1229 2705 1596 2774 structura,
1650 2693 1714 2763 ei
1762 2693 2169 2775 indicanteS‚
2217 2694 2420 2784 petite
2468 2694 2555 2763 ab
2604 2694 2746 2776 illo,

198 2796 277 2852 ut
324 2805 808 2870 quaecumque
856 2783 1068 2874 hujus
1119 2783 1247 2852 loci
1297 2783 1498 2852 fuerit
1548 2782 1762 2852 electa
1828 2783 2230 2862 Abbatissa,
2294 2782 2571 2851 etiamsi
2621 2787 2755 2851 An-

201 2872 367 2941 cilla
401 2872 512 2952 sit,
549 2894 682 2940 non
727 2872 794 2940 id
831 2872 1229 2941 interdicat:
1269 2872 1616 2958 simulque
1646 2871 1851 2940 dicite
1879 2872 1966 2953 ei,
2013 2893 2122 2939 me
2153 2892 2438 2960 corpore
2469 2882 2753 2941 exutum

201 2960 556 3040 didicisse,
610 2960 777 3047 quid
846 2960 930 3029 de
998 2960 1135 3028 illis
1204 2960 1351 3030 fieri
1419 2972 1727 3050 oporteat
1773 2960 1894 3047 qui
1946 2973 2251 3050 pastores
2299 2960 2752 3030 ecclesiarum

201 3070 354 3118 esse
387 3048 779 3118 videntur.»
830 3049 949 3117 His
989 3049 1213 3130 dictis,
1275 3049 1526 3119 elausit
1572 3050 1833 3131 oculo&
1889 3071 2096 3136 seque
2146 3048 2492 3118 reclinans
2540 3049 2613 3117 in
2662 3047 2752 3116 se·

202 3147 493 3216 retrum,
548 3158 627 3205 eo
677 3137 744 3204 in
798 3137 946 3206 loco
994 3139 1404 3227 composuit,
1458 3138 1646 3207 unde
1698 3138 1892 3229 prius
1942 3160 2013 3208 se
2051 3150 2376 3207 erexerat.
2432 3136 2756 3228 Sepultus

202 3237 307 3292 est
356 3235 582 3292 autem
619 3225 798 3293 intra
845 3226 1206 3295 ecclesiam
1256 3226 1473 3307 illam,
1528 3249 1737 3313 quam
1788 3226 1885 3295 ibi
1933 3227 2357 3307 condiderat,
2413 3225 2756 3311 multique

203 3311 293 3380 ad
345 3311 496 3398 ejus
556 3312 947 3382 confluxere
1006 3325 1557 3395 monumentum,
1611 3314 1731 3383 alii
1798 3315 1983 3383 sama
2031 3315 2580 3404 praeteritorum,
2636 3313 2756 3382 alii

205 3399 633 3468 edendorum
678 3401 1176 3471 miraculorum
1234 3425 1357 3492 spe
1416 3403 1706 3472 invitati.
1749 3408 1952 3472 Porro
2008 3403 2254 3472 Christi
2302 3402 2600 3472 famulae
2650 3423 2755 3471 se·

200 3487 531 3586 pulcrum
569 3489 719 3578 ejus
770 3512 892 3580 pro
935 3491 1311 3559 reverentia
1360 3491 1568 3560 linteo
1624 3503 2067 3580 operuerunt,
2105 3503 2306 3577 atque
2355 3491 2478 3561 uni
2526 3512 2562 3558 e
2611 3490 2758 3560 suis

207 3598 346 3645 non
402 3576 836 3647 mediocriter
884 3578 1243 3668 religiosae
1302 3578 1368 3647 id
1430 3578 1681 3647 dedere
1744 3579 2038 3668 negotii,
2105 3591 2180 3647 ut
2233 3579 2387 3667 ejus
2436 3576 2627 3647 lintei
2692 3589 2758 3648 et

205 3665 651 3734 lucernarum
701 3688 937 3736 curam
975 3679 1257 3758 gereret.

297 3757 333 3843 ἓ
400 3757 480 3826 8.
537 3759 627 3823 Ea
678 3776 832 3822 vero
871 3755 1286 3843 quandoque
1352 3776 1596 3845 sopore
1646 3776 1907 3844 pressa,
1967 3775 2240 3824 cereum
2294 3755 2512 3823 instar
2568 3753 2757 3824 orbis

205 3854 621 3922 contortum,
680 3857 884 3929 atque
919 3844 1051 3933 ipsi
1091 3842 1278 3912 nudo
1314 3843 1522 3912 linteo
1573 3843 2002 3933 impositum,
2071 3864 2207 3913 non
2268 3842 2576 3912 extinxit.
2632 3848 2759 3911 Ex-

207 3930 591 4022 pergesacta
627 3943 881 4010 autem,
940 3932 1336 4001 recordatur
1368 3954 1440 4001 se
1478 3954 1753 4001 cereum
1791 3931 2145 4000 ardentem
2185 3931 2255 3999 in
2295 3953 2523 4021 panno
2571 3930 2755 4000 lineo

208 4020 595 4108 reliquisse.
635 4025 874 4106 Itaque
926 4041 1060 4088 non
1112 4042 1355 4109 parum
1408 4021 1642 4090 animo
1687 4032 2143 4100 consternata,
2187 4042 2472 4110 propere
2518 4042 2760 4089 accur-

207 4110 293 4178 rit
340 4109 426 4177 ad
480 4108 902 4200 sepulcrum,
956 4109 1308 4195 cernitque
1353 4131 1433 4177 ex
1469 4108 1724 4179 relictis
1758 4107 2010 4177 favillis
2057 4129 2329 4177 cereum
2365 4120 2576 4178 totum
2630 4108 2757 4177 ab-

209 4210 566 4288 sumptum
617 4198 741 4267 abs
791 4220 878 4267 ue
926 4197 1071 4267 ullo
1120 4199 1332 4287 pauni
1382 4197 1814 4267 detrimento.
1879 4201 2130 4266 Omnes
2182 4197 2393 4288 igitur
2440 4196 2759 4287 magnifi-

207 4296 367 4354 cant
416 4291 654 4367 Deum,
712 4220 856 4374 qk,
893 4309 1017 4387 per
1068 4287 1338 4377 ignem,
1404 4287 1711 4357 defuncti
1765 4286 1893 4354 viri
1944 4287 2163 4356 sancti
2214 4285 2456 4356 merita
2522 4285 2753 4354 denuo

208 4373 596 4456 declararit,
649 4376 750 4444 uti
803 4397 998 4466 prius
1046 4374 1294 4445 fecerat
1341 4375 1571 4445 adhuc
1622 4374 1933 4445 viventis.

297 4465 334 4549 ξ
380 4466 476 4532 9.
530 4469 735 4534 Porro
799 4486 933 4534 non
995 4462 1195 4558 longe
1251 4466 1339 4535 ab
1386 4464 1581 4533 obitu
1631 4463 1909 4537 cuidam
1969 4461 2399 4533 cubiculario
2446 4483 2571 4530 suo
2638 4482 2760 4553 per
