3327 4999
146 391 373 458 MART.
426 392 468 458 2
978 414 1057 461 na
1105 414 1164 462 5.
1215 412 1462 462 cunm
1509 411 1809 462 nmscoro
2513 398 2595 463 ’19

145 489 236 558 vir
277 489 620 579 praefatus
653 503 1095 562 consecratus
1141 494 1451 572 antistes,
1489 492 1872 584 assumptis
1920 491 1992 562 in
2055 492 2447 564 societatem
2499 495 2686 565 ordi-

144 579 425 647 nationis
473 578 745 649 duobus
792 579 878 648 de
927 584 1283 651 Britonum
1333 592 1534 673 gente
1562 581 1912 673 episcopis
1937 582 2059 669 qui
2090 582 2526 651 Dominicum
2559 588 2686 655 Pa-

142 666 327 735 schae
373 666 584 749 diem,
638 678 717 736 ut
764 669 1039 759 saepius
1088 668 1356 740 dictum
1403 682 1528 750 est,
1589 691 1792 740 secus
1841 691 2102 740 morem
2156 671 2572 740 canonicum
2642 694 2685 741 a

139 754 638 840 quartadecima
683 778 906 843 usque
937 757 1022 828 ad
1073 757 1781 849 vicesimamprimam
1821 761 2086 827 Lunam
2118 758 2491 830 celebrant.
2538 764 2685 829 Non

138 844 305 912 enim
353 855 504 913 erat
536 854 702 912 tunc
738 843 953 926 ullus,
1008 858 1288 938 excepto
1335 846 1456 916 illo
1510 845 1710 927 Wini,
1749 845 1822 915 in
1881 857 2022 916 tota
2079 847 2434 917 Britannia
2481 868 2689 918 cano—

136 932 274 1000 nice
317 931 682 1001 ordinatus
729 933 1121 1024 episcopus
1193 939 1643 1004 consecratus
1690 955 1855 1024 ergo
1903 935 1976 1003 in
2026 935 2505 1036 episcopatum
2569 940 2686 1007 Ce—

136 1017 318 1099 adda,
377 1020 758 1089 maximam
807 1043 961 1091 mox
991 1022 1217 1112 coepit
1262 1022 1781 1092 Ecclesiasticae
1809 1023 2077 1093 veritati
2124 1036 2191 1094 et
2238 1024 2537 1095 castitati
2565 1047 2687 1094 cu·
2757 1060 2766 1069 ·

136 1129 261 1175 ram
310 1108 742 1199 impendere,
803 1109 1207 1193 humilitati,
1260 1112 1749 1193 continentiae,
1814 1110 2093 1181 lectioni
2139 1132 2424 1213 operam
2473 1111 2694 1184 daret.

134 1196 394 1285 oppida,
453 1218 646 1274 rura,
699 1219 920 1278 casas,
973 1199 1183 1282 vicos,
1223 1198 1528 1281 castella,
1581 1211 1864 1290 propter
1888 1200 2504 1290 evangelizandum
2547 1223 2687 1272 non

131 1285 514 1371 equitando,
569 1283 688 1353 sed
738 1285 1213 1375 Apostolorum
1268 1309 1455 1357 more
1554 1287 1803 1356 edibus
1842 1288 2253 1370 incedend0‚
2290 1310 2681 1389 peragrare.

133 1376 272 1441 Erat
323 1373 518 1441 enim
586 1371 978 1462 discipulus
1042 1374 1328 1456 Aidani,
1404 1375 1491 1443 iis
1546 1396 1651 1445 em
1706 1397 1795 1444 ue
1869 1376 2142 1447 actibus
2191 1399 2270 1446 ac
2321 1377 2677 1460 moribuS,

123 1459 301 1617 juxdta
329 1460 735 1551 exemplum
767 1461 919 1551 ejus
966 1485 1046 1533 ac
1094 1463 1328 1551 fratris
1369 1463 1479 1535 sui
1530 1463 1656 1533 Ced
1716 1464 1762 1546 i,
1800 1486 1963 1534 suos
2011 1464 2375 1536 instituere
2419 1466 2687 1537 curavit

133 1571 211 1618 au
264 1561 497 1619 utores,

203 1639 238 1724 ξ
306 1643 396 1708 2.
452 1642 697 1724 Itaque
746 1637 1146 1709 Theodorus
1213 1639 1643 1728 perlustrans
1685 1640 2010 1711 universa
2057 1640 2311 1731 (fuerat
2359 1642 2420 1711 is
2466 1642 2687 1712 Theo-

128 1723 322 1795 dorus
390 1731 653 1795 Romae
700 1748 741 1794 a
788 1726 1125 1796 vitaliano
1173 1731 1366 1798 Pont.
1420 1727 1785 1797 ordinatus
1832 1729 2227 1819 episcopus,
2292 1742 2360 1800 et
2424 1729 2688 1800 missus

128 1811 188 1879 in
235 1813 700 1901 Britanniam)
730 1813 1096 1884 ordinabat
1144 1814 1314 1885 locis
1373 1816 1788 1906 opportunis
1836 1816 2223 1908 episcopos,
2268 1829 2334 1888 et
2372 1838 2475 1900 ea,
2507 1839 2688 1905 quae

131 1899 345 1970 minus
440 1901 703 1972 erfecta
748 1902 1022 1992 reperit,
1061 1902 1169 1972 his
1216 1926 1493 1991 quoque
1515 1904 1930 1994 juvantibus
1961 1906 2374 1996 corrigebat.
2412 1910 2489 1975 In
2531 1907 2683 1993 qui·

132 1986 248 2056 bus
289 2003 353 2058 et
433 1989 735 2059 eaddam
768 1991 1175 2081 episcopum
1225 2014 1387 2061 cum
1438 2003 1758 2092 argueret
1807 2014 1944 2062 non
1995 1993 2212 2063 fuisse
2274 1994 2401 2064 rite
2447 2016 2688 2064 conse-

135 2089 400 2158 cratum,
459 2078 900 2168 respondens
946 2079 1095 2168 ipse
1138 2101 1298 2150 voce
1347 2080 1772 2160 humillima,
1825 2080 2038 2150 dixit:
2093 2083 2205 2151 «Si
2259 2083 2681 2170 me‚‘inquit,

135 2166 289 2234 nosti
318 2167 805 2257 episcopatum
845 2189 983 2237 non
1032 2167 1159 2237 rite
1191 2168 1606 2258 suscepisse,
1665 2167 1957 2237 libenter
1982 2170 2069 2239 ab
2105 2169 2330 2239 officio
2370 2171 2679 2240 discedo:

133 2253 361 2353 quippe
391 2254 521 2341 qui
556 2276 784 2341 neque
822 2276 933 2324 me
979 2277 1289 2342 unquam
1350 2257 1478 2326 hoc
1526 2276 1678 2325 esse
1715 2256 2010 2346 dignum
2074 2258 2510 2328 arbitrabar:
2562 2260 2683 2331 sed

132 2341 537 2412 obedientiae
569 2344 786 2411 causa
821 2343 1066 2433 jussus
1114 2344 1349 2413 subire
1396 2345 1524 2413 hoc
1576 2345 1896 2430 quamvis
1922 2343 2259 2445 indignus
2285 2348 2684 2417 consensi.»

132 2432 193 2498 At
237 2430 343 2499 ille
374 2431 685 2502 audiens
735 2430 1190 2502 humilitatem
1228 2454 1336 2504 res
1388 2432 1700 2503 onsionis
1738 2433 1913 2523 ejuS,
1967 2432 2138 2502 dixit
2170 2455 2306 2503 non
2338 2456 2499 2505 eum
2536 2437 2683 2528 epi-

132 2538 228 2586 sco
275 2532 464 2590 atum
518 2519 872 2588 dimittere
904 2520 1188 2590 debere:
1244 2543 1314 2593 se
1397 2522 1544 2613 ipse
1577 2522 2082 2591 ordinationem
2116 2522 2269 2610 ejus
2301 2522 2534 2594 denuo
2563 2548 2682 2594 ca-

134 2605 229 2674 tho
257 2608 355 2676 ica
400 2608 677 2677 ratione
715 2609 1242 2678 consummavit.
1547 2645 1551 2649 >

201 2697 234 2781 ἓ
289 2702 378 2767 8.
435 2701 534 2765 Eo
588 2707 895 2785 tempore
945 2696 1337 2786 provinciae
1385 2697 1856 2768 Merciorum*
1905 2720 2021 2767 rex
2091 2697 2417 2769 vulfhere
2474 2721 2675 2791 prae-

130 2778 263 2850 fuit:
312 2785 434 2870 qui
482 2804 657 2854 cum
710 2796 978 2853 mortuo
1024 2790 1478 2866 Jarumanno,
1535 2786 1668 2856 sibi
1719 2785 2004 2873 suisque
2052 2809 2093 2856 a
2142 2786 2495 2857 Theodoro
2525 2789 2678 2879 epi-

129 2890 387 2961 scopum
437 2871 605 2941 dari
631 2883 907 2960 peteret,
966 2895 1102 2943 non
1152 2874 1251 2942 eis
1298 2895 1554 2944 novum
1606 2873 1825 2944 voluit
1870 2875 2193 2944 ordinare
2240 2877 2677 2967 episcopum,

128 2958 223 3026 sed
258 2959 638 3050 postulavit
685 2982 725 3028 a
767 2981 926 3050 rege
973 2962 1218 3042 Oswio,
1257 2973 1335 3031 ut
1397 2961 1538 3030 illis
1587 2962 1959 3054 episcopus
2010 2963 2279 3033 Ceadda
2346 2965 2671 3035 daretur:

126 3047 226 3130 qui
279 3062 442 3120 tunc
497 3049 577 3118 in
631 3049 1046 3119 monasterio
1095 3071 1243 3130 SUO,
1298 3050 1483 3136 quod
1533 3061 1635 3120 est
1701 3051 1771 3119 in
1825 3050 2308 3142 Lestingaheu,
2369 3054 2678 3141 quietam

128 3134 308 3204 vitam
356 3137 642 3229 agebat,
684 3136 992 3207 Wilfrido
1018 3137 1547 3208 administrante
1579 3138 1812 3228 episco
1867 3151 2057 3207 atum
2086 3141 2539 3211 Eboracensis
2569 3163 2683 3211 ec-

127 3220 377 3307 clesiae,
452 3246 735 3295 necnon
795 3237 860 3294 et
926 3225 1241 3294 omnium
1311 3224 1804 3297 Nordan-Hum
1861 3248 2122 3308 rorum,
2179 3228 2299 3297 sed
2348 3241 2414 3299 et
2459 3230 2683 3300 Picto-

132 3331 264 3380 rum
308 3313 399 3396 *ξ
471 3334 849 3402 quousque
920 3335 1039 3383 rex
1111 3314 1290 3385 Oswi
1358 3314 1733 3404 imperium
1794 3315 2204 3406 protendere
2265 3328 2551 3407 poterat.
2606 3323 2688 3388 Et

126 3399 269 3483 quia
316 3404 535 3472 moris
610 3414 754 3470 erat
813 3401 1038 3470 eidem
1106 3403 1682 3472 reverendissimo
1748 3402 2037 3472 antistiti
2105 3426 2282 3493 opus
2332 3405 2683 3496 Evangelii

131 3489 325 3576 magis
370 3487 810 3565 ambulando
842 3512 965 3580 per
1011 3490 1185 3571 loca,
1221 3513 1431 3578 quam
1465 3491 1841 3592 equitando
1876 3490 2247 3582 perficere:
2279 3493 2494 3581 jussit
2521 3514 2683 3564 eum

129 3574 524 3660 Theodorus,
571 3577 1002 3666 ubicumque
1052 3578 1330 3668 longius
1364 3580 1493 3649 iter
1519 3590 1827 3661 instaret,
1876 3579 2206 3666 equitare,
2243 3581 2684 3670 inultumque

130 3662 507 3738 retinentem
569 3665 803 3736 studio
849 3677 915 3735 et
962 3689 1196 3736 amore
1271 3667 1371 3757 pii
1447 3667 1747 3749 laboris,
1827 3668 1980 3757 ipse
2045 3690 2207 3737 eum
2273 3691 2489 3739 manu
2555 3693 2686 3742 sua

130 3747 343 3825 levavit
389 3756 460 3825 in
514 3776 828 3841 equum:
882 3754 1045 3842 quia
1095 3754 1431 3824 nimirum
1469 3767 1788 3827 sanctum
1840 3756 2064 3825 virum
2117 3777 2267 3826 esse
2315 3760 2677 3850 comperit,

129 3850 303 3927 atque
345 3866 529 3932 equo
566 3841 748 3923 vehi,
793 3864 931 3930 quo
963 3854 1141 3914 esset
1189 3864 1491 3925 necesse,
1528 3844 1891 3935 compulit.

197 3931 230 4015 ξ
286 3936 373 4004 4.
427 3939 855 4021 susceptum
919 3932 1149 4017 itaque
1197 3932 1677 4023 episcopatum
1730 3932 1954 4023 gentis
2004 3934 2413 4003 Merciorum
2466 3935 2677 4006 simul

133 4027 181 4082 et
220 4018 797 4098 Lindisfarorum,
842 4019 1108 4089 Ceadda
1128 4022 1325 4111 juxta
1387 4020 1704 4110 exempla
1752 4033 2030 4110 patrum
2080 4022 2551 4110 antiquorum,
2607 4025 2678 4093 in

135 4121 221 4171 ma
270 4130 352 4177 na
418 4110 603 4180 vitae
673 4106 1088 4208 perfectione
1153 4108 1644 4179 administrare
1717 4110 2006 4180 curavit.
2078 4110 2197 4181 Cui
2280 4111 2484 4181 etiam
2539 4118 2680 4182 Rex

134 4129 416 4268 vuffheoe
439 4198 734 4268 donavlt
760 4208 1007 4266 terram
1040 4197 1543 4287 quinquaginta
1567 4197 1987 4266 familiarum
2015 4198 2098 4266 ad
2125 4199 2675 4269 construendum

177 4384 196 4405 ⁸
210 4387 369 4435 Xereia
389 4395 440 4435 in
462 4392 769 4444 nepta-chia
788 4394 1192 4444 Anglo-Snxonica
1206 4394 1497 4434 latissimum
1523 4395 1799 4435 Britanniae
1833 4395 2052 4444 propriae
2083 4397 2331 4436 orient-alie
2360 4406 2559 4446 regnum
2575 4397 2679 4436 fuit.

180 4441 222 4468 ⁹*
250 4445 346 4486 Picti
372 4449 667 4489 dicebantur
696 4458 725 4486 ο
751 4447 990 4497 pingendo
1020 4448 1260 4487 coloribus
1296 4458 1493 4496 corpore
1532 4448 1792 4496 caledonii,
1812 4450 1995 4488 incolae
2031 4451 2304 4490 Britanniae
2333 4451 2581 4500 Barbarae,
2600 4449 2712 4498 po·“

146 4491 222 4534 Μ
236 4498 430 4548 scotiam
462 4501 779 4543 Caledoniam
798 4500 1058 4542 australem
1077 4502 1378 4550 occupantes,
1398 4503 1505 4543 Picti
1524 4503 1758 4542 „licem-cae
1778 4503 2154 4552 appellabantur.
