<?xml version="1.0" encoding="UTF-8"?>
<!DOCTYPE html PUBLIC "-//W3C//DTD XHTML 1.0 Transitional//EN"
    "http://www.w3.org/TR/xhtml1/DTD/xhtml1-transitional.dtd">
<html xmlns="http://www.w3.org/1999/xhtml" xml:lang="en" lang="en">
 <head>
  <title>
</title>
<meta http-equiv="Content-Type" content="text/html;charset=utf-8" />
  <meta name='ocr-system' content='tesseract 3.04.00' />
  <meta name='ocr-capabilities' content='ocr_page ocr_carea ocr_par ocr_line ocrx_word'/>
</head>
<body>
  <div class='ocr_page' id='page_1' title='image "./historiaeseuvit04lippgoog_0243.png"; bbox 0 0 3327 4999; ppageno 0'>
   <div class='ocr_carea' id='block_1_1' title="bbox 220 338 2674 409">
    <p class='ocr_par' dir='ltr' id='par_1_1' title="bbox 220 338 2674 409">
     <span class='ocr_line' id='line_1_1' title="bbox 220 338 2674 409; baseline 0.002 -6"><span class='ocrx_word' id='word_1_1' title='bbox 220 338 463 404; x_wconf 74' lang='lat' dir='ltr'><strong>MART.</strong></span> <span class='ocrx_word' id='word_1_2' title='bbox 520 338 601 404; x_wconf 65' lang='lat'>42</span> <span class='ocrx_word' id='word_1_3' title='bbox 1108 358 1188 404; x_wconf 73' lang='lat' dir='ltr'>nn</span> <span class='ocrx_word' id='word_1_4' title='bbox 1236 359 1291 406; x_wconf 92' lang='lat' dir='ltr'>s.</span> <span class='ocrx_word' id='word_1_5' title='bbox 1346 358 1661 407; x_wconf 70' lang='lat' dir='ltr'>enasomo</span> <span class='ocrx_word' id='word_1_6' title='bbox 1710 360 1871 406; x_wconf 79' lang='lat' dir='ltr'>PAPA</span> <span class='ocrx_word' id='word_1_7' title='bbox 2547 344 2674 409; x_wconf 88' lang='grc'>229</span> 
     </span>
    </p>
   </div>
   <div class='ocr_carea' id='block_1_2' title="bbox 199 437 2767 4526">
    <p class='ocr_par' dir='ltr' id='par_1_2' title="bbox 212 437 2758 615">
     <span class='ocr_line' id='line_1_2' title="bbox 215 437 2758 531; baseline 0.002 -24"><span class='ocrx_word' id='word_1_8' title='bbox 215 438 337 518; x_wconf 85' lang='lat' dir='ltr'>fui,</span> <span class='ocrx_word' id='word_1_9' title='bbox 380 437 809 507; x_wconf 88' lang='lat' dir='ltr'>orationibus</span> <span class='ocrx_word' id='word_1_10' title='bbox 846 438 1087 509; x_wconf 89' lang='lat' dir='ltr'>vestris</span> <span class='ocrx_word' id='word_1_11' title='bbox 1137 449 1292 529; x_wconf 88' lang='lat' dir='ltr'>peto</span> <span class='ocrx_word' id='word_1_12' title='bbox 1331 451 1408 508; x_wconf 94' lang='lat' dir='ltr'>ut</span> <span class='ocrx_word' id='word_1_13' title='bbox 1453 440 1711 531; x_wconf 89' lang='lat' dir='ltr'>dignus</span> <span class='ocrx_word' id='word_1_14' title='bbox 1757 439 2049 509; x_wconf 86' lang='lat' dir='ltr'>efficiar:</span> <span class='ocrx_word' id='word_1_15' title='bbox 2089 452 2166 509; x_wconf 90' lang='lat' dir='ltr'>ut</span> <span class='ocrx_word' id='word_1_16' title='bbox 2216 441 2274 511; x_wconf 91' lang='lat' dir='ltr'>si</span> <span class='ocrx_word' id='word_1_17' title='bbox 2321 441 2502 513; x_wconf 86' lang='lat' dir='ltr'>bona</span> <span class='ocrx_word' id='word_1_18' title='bbox 2533 442 2604 510; x_wconf 92' lang='lat' dir='ltr'>in</span> <span class='ocrx_word' id='word_1_19' title='bbox 2649 462 2758 512; x_wconf 86' lang='lat' dir='ltr'>me</span> 
     </span>
     <span class='ocr_line' id='line_1_3' title="bbox 212 526 2302 615; baseline 0 -20"><span class='ocrx_word' id='word_1_20' title='bbox 212 549 348 597; x_wconf 86' lang='lat' dir='ltr'>non</span> <span class='ocrx_word' id='word_1_21' title='bbox 402 527 553 596; x_wconf 88' lang='lat' dir='ltr'>ideo</span> <span class='ocrx_word' id='word_1_22' title='bbox 586 526 877 608; x_wconf 75' lang='lat' dir='ltr'>dixistis,</span> <span class='ocrx_word' id='word_1_23' title='bbox 916 527 1082 614; x_wconf 88' lang='lat' dir='ltr'>quia</span> <span class='ocrx_word' id='word_1_24' title='bbox 1131 539 1325 598; x_wconf 90' lang='lat' dir='ltr'>sunt:</span> <span class='ocrx_word' id='word_1_25' title='bbox 1365 527 1518 598; x_wconf 91' lang='lat' dir='ltr'>ideo</span> <span class='ocrx_word' id='word_1_26' title='bbox 1550 529 1707 609; x_wconf 85' lang='lat' dir='ltr'>sint,</span> <span class='ocrx_word' id='word_1_27' title='bbox 1749 529 1914 615; x_wconf 90' lang='lat' dir='ltr'>quia</span> <span class='ocrx_word' id='word_1_28' title='bbox 1946 528 2302 598; x_wconf 81' lang='lat' dir='ltr'>dixistis.»</span> 
     </span>
    </p>

    <p class='ocr_par' dir='ltr' id='par_1_3' title="bbox 201 615 2767 3363">
     <span class='ocr_line' id='line_1_4' title="bbox 296 615 2759 704; baseline 0 -16"><span class='ocrx_word' id='word_1_29' title='bbox 296 620 334 704; x_wconf 67' lang='grc' dir='ltr'>ἓ</span> <span class='ocrx_word' id='word_1_30' title='bbox 382 621 521 688; x_wconf 65' lang='lat'>42.</span> <span class='ocrx_word' id='word_1_31' title='bbox 578 617 703 687; x_wconf 90' lang='lat' dir='ltr'>Sed</span> <span class='ocrx_word' id='word_1_32' title='bbox 757 638 840 685; x_wconf 91' lang='lat' dir='ltr'>ne</span> <span class='ocrx_word' id='word_1_33' title='bbox 888 615 1055 685; x_wconf 89' lang='lat' dir='ltr'>solis</span> <span class='ocrx_word' id='word_1_34' title='bbox 1105 616 1327 687; x_wconf 90' lang='lat' dir='ltr'>verbis</span> <span class='ocrx_word' id='word_1_35' title='bbox 1376 618 1545 686; x_wconf 90' lang='lat' dir='ltr'>tanti</span> <span class='ocrx_word' id='word_1_36' title='bbox 1644 617 1934 686; x_wconf 87' lang='lat' dir='ltr'>raesulis</span> <span class='ocrx_word' id='word_1_37' title='bbox 1991 617 2349 688; x_wconf 78' lang='lat' dir='ltr'>humilitas</span> <span class='ocrx_word' id='word_1_38' title='bbox 2410 618 2759 688; x_wconf 88' lang='lat' dir='ltr'>inculcari</span> 
     </span>
     <span class='ocr_line' id='line_1_5' title="bbox 212 705 2760 798; baseline 0 -23"><span class='ocrx_word' id='word_1_39' title='bbox 212 705 554 785; x_wconf 86' lang='lat' dir='ltr'>credatur,</span> <span class='ocrx_word' id='word_1_40' title='bbox 584 717 894 795; x_wconf 89' lang='lat' dir='ltr'>superest</span> <span class='ocrx_word' id='word_1_41' title='bbox 940 716 1018 774; x_wconf 91' lang='lat' dir='ltr'>ut</span> <span class='ocrx_word' id='word_1_42' title='bbox 1065 710 1476 775; x_wconf 86' lang='lat' dir='ltr'>Graecorum</span> <span class='ocrx_word' id='word_1_43' title='bbox 1528 728 1599 775; x_wconf 90' lang='lat' dir='ltr'>re</span> <span class='ocrx_word' id='word_1_44' title='bbox 1630 706 1977 775; x_wconf 88' lang='lat' dir='ltr'>ationibus</span> <span class='ocrx_word' id='word_1_45' title='bbox 2025 706 2107 775; x_wconf 87' lang='lat' dir='ltr'>ad</span> <span class='ocrx_word' id='word_1_46' title='bbox 2149 728 2257 775; x_wconf 92' lang='lat' dir='ltr'>me</span> <span class='ocrx_word' id='word_1_47' title='bbox 2292 729 2514 798; x_wconf 82' lang='lat' dir='ltr'>nuper</span> <span class='ocrx_word' id='word_1_48' title='bbox 2549 707 2760 777; x_wconf 87' lang='lat' dir='ltr'>inter-</span> 
     </span>
     <span class='ocr_line' id='line_1_6' title="bbox 217 794 2761 885; baseline 0.001 -22"><span class='ocrx_word' id='word_1_49' title='bbox 217 795 502 885; x_wconf 90' lang='lat' dir='ltr'>pretatis</span> <span class='ocrx_word' id='word_1_50' title='bbox 547 794 782 862; x_wconf 78' lang='lat' dir='ltr'>eadem</span> <span class='ocrx_word' id='word_1_51' title='bbox 836 794 1050 883; x_wconf 86' lang='lat' dir='ltr'>patris</span> <span class='ocrx_word' id='word_1_52' title='bbox 1100 794 1457 864; x_wconf 81' lang='lat' dir='ltr'><strong>humilitas</strong></span> <span class='ocrx_word' id='word_1_53' title='bbox 1496 795 1669 863; x_wconf 89' lang='lat' dir='ltr'>vivis</span> <span class='ocrx_word' id='word_1_54' title='bbox 1708 795 2054 885; x_wconf 87' lang='lat' dir='ltr'>operibus,</span> <span class='ocrx_word' id='word_1_55' title='bbox 2093 794 2624 866; x_wconf 75' lang='lat' dir='ltr'><strong>demonstretur.</strong></span> <span class='ocrx_word' id='word_1_56' title='bbox 2681 802 2761 865; x_wconf 90' lang='lat' dir='ltr'>In</span> 
     </span>
     <span class='ocr_line' id='line_1_7' title="bbox 213 881 2763 975; baseline 0 -22"><span class='ocrx_word' id='word_1_57' title='bbox 213 884 476 971; x_wconf 88' lang='lat' dir='ltr'>quibus</span> <span class='ocrx_word' id='word_1_58' title='bbox 520 882 832 951; x_wconf 86' lang='lat' dir='ltr'>videlicet</span> <span class='ocrx_word' id='word_1_59' title='bbox 879 884 972 951; x_wconf 90' lang='lat' dir='ltr'>ita</span> <span class='ocrx_word' id='word_1_60' title='bbox 1017 881 1305 952; x_wconf 86' lang='lat' dir='ltr'>refertur</span> <span class='ocrx_word' id='word_1_61' title='bbox 1349 884 1575 972; x_wconf 53' lang='lat' dir='ltr'>(Pi-ati</span> <span class='ocrx_word' id='word_1_62' title='bbox 1617 886 2036 974; x_wconf 78' lang='lat' dir='ltr'>Spiritualis,</span> <span class='ocrx_word' id='word_1_63' title='bbox 2090 908 2238 975; x_wconf 83' lang='lat' dir='ltr'>cap.</span> <span class='ocrx_word' id='word_1_64' title='bbox 2311 885 2503 974; x_wconf 63' lang='lat'>150:</span> <span class='ocrx_word' id='word_1_65' title='bbox 2550 890 2763 953; x_wconf 88' lang='lat' dir='ltr'>Enar-</span> 
     </span>
     <span class='ocr_line' id='line_1_8' title="bbox 216 971 2765 1053; baseline 0 -12"><span class='ocrx_word' id='word_1_66' title='bbox 216 973 390 1042; x_wconf 89' lang='lat' dir='ltr'>ravit</span> <span class='ocrx_word' id='word_1_67' title='bbox 438 971 639 1041; x_wconf 81' lang='lat' dir='ltr'>nobis</span> <span class='ocrx_word' id='word_1_68' title='bbox 687 973 909 1041; x_wconf 84' lang='lat' dir='ltr'>Abbas</span> <span class='ocrx_word' id='word_1_69' title='bbox 955 977 1254 1041; x_wconf 87' lang='lat' dir='ltr'>Joannes</span> <span class='ocrx_word' id='word_1_70' title='bbox 1302 977 1526 1053; x_wconf 80' lang='lat' dir='ltr'>Persa,</span> <span class='ocrx_word' id='word_1_71' title='bbox 1581 984 1862 1042; x_wconf 85' lang='lat' dir='ltr'>sanctus</span> <span class='ocrx_word' id='word_1_72' title='bbox 1907 984 1974 1041; x_wconf 92' lang='lat' dir='ltr'>et</span> <span class='ocrx_word' id='word_1_73' title='bbox 2019 973 2434 1043; x_wconf 89' lang='lat' dir='ltr'>reverendus</span> <span class='ocrx_word' id='word_1_74' title='bbox 2482 973 2586 1042; x_wconf 90' lang='lat' dir='ltr'>vir</span> <span class='ocrx_word' id='word_1_75' title='bbox 2622 974 2765 1042; x_wconf 84' lang='lat' dir='ltr'>exi-</span> 
     </span>
     <span class='ocr_line' id='line_1_9' title="bbox 215 1061 2759 1151; baseline 0 -20"><span class='ocrx_word' id='word_1_76' title='bbox 215 1074 427 1139; x_wconf 88' lang='lat' dir='ltr'>stens,</span> <span class='ocrx_word' id='word_1_77' title='bbox 465 1061 549 1127; x_wconf 90' lang='lat' dir='ltr'>de</span> <span class='ocrx_word' id='word_1_78' title='bbox 576 1080 825 1150; x_wconf 85' lang='lat' dir='ltr'>magno</span> <span class='ocrx_word' id='word_1_79' title='bbox 857 1061 1178 1129; x_wconf 73' lang='lat' dir='ltr'>Gresrorio</span> <span class='ocrx_word' id='word_1_80' title='bbox 1210 1061 1607 1130; x_wconf 87' lang='lat' dir='ltr'>beatissimo</span> <span class='ocrx_word' id='word_1_81' title='bbox 1632 1067 1812 1151; x_wconf 88' lang='lat' dir='ltr'>Papa</span> <span class='ocrx_word' id='word_1_82' title='bbox 1844 1067 2172 1143; x_wconf 71' lang='lat' dir='ltr'>Romam,</span> <span class='ocrx_word' id='word_1_83' title='bbox 2208 1062 2469 1131; x_wconf 89' lang='lat' dir='ltr'>dicens:</span> <span class='ocrx_word' id='word_1_84' title='bbox 2514 1087 2539 1125; x_wconf 65' lang='grc' dir='ltr'><strong>α</strong></span> <span class='ocrx_word' id='word_1_85' title='bbox 2574 1062 2759 1144; x_wconf 76' lang='lat' dir='ltr'>Quo-</span> 
     </span>
     <span class='ocr_line' id='line_1_10' title="bbox 213 1116 2760 1241; baseline 0 -23"><span class='ocrx_word' id='word_1_86' title='bbox 213 1151 404 1218; x_wconf 90' lang='lat' dir='ltr'>niam</span> <span class='ocrx_word' id='word_1_87' title='bbox 459 1149 549 1217; x_wconf 89' lang='lat' dir='ltr'>ivi</span> <span class='ocrx_word' id='word_1_88' title='bbox 597 1154 881 1218; x_wconf 86' lang='lat' dir='ltr'>Romam</span> <span class='ocrx_word' id='word_1_89' title='bbox 931 1116 1027 1217; x_wconf 68' lang='lat' dir='ltr'>ad&#39;</span> <span class='ocrx_word' id='word_1_90' title='bbox 1066 1148 1497 1218; x_wconf 88' lang='lat' dir='ltr'>adorandum</span> <span class='ocrx_word' id='word_1_91' title='bbox 1552 1149 1810 1219; x_wconf 83' lang='lat' dir='ltr'>loculos</span> <span class='ocrx_word' id='word_1_92' title='bbox 1855 1163 2244 1220; x_wconf 87' lang='lat' dir='ltr'>sanctorum</span> <span class='ocrx_word' id='word_1_93' title='bbox 2284 1149 2760 1241; x_wconf 79' lang='lat' dir='ltr'>Apostolorum</span> 
     </span>
     <span class='ocr_line' id='line_1_11' title="bbox 216 1236 2760 1319; baseline 0.001 -12"><span class='ocrx_word' id='word_1_94' title='bbox 216 1238 390 1308; x_wconf 88' lang='lat' dir='ltr'>Petri</span> <span class='ocrx_word' id='word_1_95' title='bbox 442 1251 507 1305; x_wconf 86' lang='lat' dir='ltr'>et</span> <span class='ocrx_word' id='word_1_96' title='bbox 555 1236 793 1317; x_wconf 89' lang='lat' dir='ltr'>Pauli,</span> <span class='ocrx_word' id='word_1_97' title='bbox 847 1250 911 1305; x_wconf 88' lang='lat' dir='ltr'>et</span> <span class='ocrx_word' id='word_1_98' title='bbox 957 1241 1097 1306; x_wconf 79' lang='lat' dir='ltr'>una</span> <span class='ocrx_word' id='word_1_99' title='bbox 1146 1238 1415 1307; x_wconf 90' lang='lat' dir='ltr'>dierum</span> <span class='ocrx_word' id='word_1_100' title='bbox 1467 1261 1629 1307; x_wconf 90' lang='lat' dir='ltr'>cum</span> <span class='ocrx_word' id='word_1_101' title='bbox 1680 1251 1929 1309; x_wconf 88' lang='lat' dir='ltr'>starem</span> <span class='ocrx_word' id='word_1_102' title='bbox 1990 1239 2060 1308; x_wconf 91' lang='lat' dir='ltr'>in</span> <span class='ocrx_word' id='word_1_103' title='bbox 2125 1239 2349 1308; x_wconf 87' lang='lat' dir='ltr'>medio</span> <span class='ocrx_word' id='word_1_104' title='bbox 2416 1240 2709 1309; x_wconf 81' lang='lat' dir='ltr'>civitatis</span> <span class='ocrx_word' id='word_1_105' title='bbox 2744 1293 2760 1319; x_wconf 91' lang='lat'><strong><em>‚</em></strong></span> 
     </span>
     <span class='ocr_line' id='line_1_12' title="bbox 220 1326 2765 1417; baseline 0.001 -23"><span class='ocrx_word' id='word_1_106' title='bbox 220 1328 413 1396; x_wconf 87' lang='lat' dir='ltr'>video</span> <span class='ocrx_word' id='word_1_107' title='bbox 464 1332 716 1416; x_wconf 80' lang='lat' dir='ltr'>Papam</span> <span class='ocrx_word' id='word_1_108' title='bbox 767 1326 1168 1415; x_wconf 83' lang='lat' dir='ltr'>Gregorium</span> <span class='ocrx_word' id='word_1_109' title='bbox 1219 1348 1341 1416; x_wconf 90' lang='lat' dir='ltr'>per</span> <span class='ocrx_word' id='word_1_110' title='bbox 1374 1348 1481 1396; x_wconf 89' lang='lat' dir='ltr'>me</span> <span class='ocrx_word' id='word_1_111' title='bbox 1529 1327 2007 1408; x_wconf 88' lang='lat' dir='ltr'>transiturum,</span> <span class='ocrx_word' id='word_1_112' title='bbox 2043 1340 2108 1397; x_wconf 90' lang='lat' dir='ltr'>et</span> <span class='ocrx_word' id='word_1_113' title='bbox 2139 1328 2430 1417; x_wconf 84' lang='lat' dir='ltr'>cogitavi</span> <span class='ocrx_word' id='word_1_114' title='bbox 2463 1350 2570 1396; x_wconf 90' lang='lat' dir='ltr'>me</span> <span class='ocrx_word' id='word_1_115' title='bbox 2605 1329 2765 1396; x_wconf 89' lang='lat' dir='ltr'>mit·-</span> 
     </span>
     <span class='ocr_line' id='line_1_13' title="bbox 218 1416 2756 1507; baseline -0 -23"><span class='ocrx_word' id='word_1_116' title='bbox 218 1428 356 1486; x_wconf 90' lang='lat' dir='ltr'>tere</span> <span class='ocrx_word' id='word_1_117' title='bbox 406 1429 563 1485; x_wconf 88' lang='lat' dir='ltr'>ante</span> <span class='ocrx_word' id='word_1_118' title='bbox 609 1437 793 1482; x_wconf 89' lang='lat' dir='ltr'>eum.</span> <span class='ocrx_word' id='word_1_119' title='bbox 872 1419 1037 1483; x_wconf 90' lang='lat' dir='ltr'>Cum</span> <span class='ocrx_word' id='word_1_120' title='bbox 1088 1437 1249 1505; x_wconf 86' lang='lat' dir='ltr'>ergo</span> <span class='ocrx_word' id='word_1_121' title='bbox 1296 1417 1919 1507; x_wconf 79' lang='lat' dir='ltr'>appropinquasset</span> <span class='ocrx_word' id='word_1_122' title='bbox 1967 1416 2138 1485; x_wconf 85' lang='lat' dir='ltr'>mihi</span> <span class='ocrx_word' id='word_1_123' title='bbox 2186 1422 2366 1506; x_wconf 86' lang='lat' dir='ltr'>Papa</span> <span class='ocrx_word' id='word_1_124' title='bbox 2401 1472 2415 1496; x_wconf 95' lang='lat'>,</span> <span class='ocrx_word' id='word_1_125' title='bbox 2471 1417 2709 1485; x_wconf 86' lang='lat' dir='ltr'>videns</span> <span class='ocrx_word' id='word_1_126' title='bbox 2741 1471 2756 1495; x_wconf 87' lang='lat'>,</span> 
     </span>
     <span class='ocr_line' id='line_1_14' title="bbox 213 1504 2759 1662; baseline -0 -87"><span class='ocrx_word' id='word_1_127' title='bbox 213 1506 375 1662; x_wconf 52' lang='lat' dir='ltr'>quia</span> <span class='ocrx_word' id='word_1_128' title='bbox 432 1525 783 1595; x_wconf 78' lang='lat' dir='ltr'>pergerem</span> <span class='ocrx_word' id='word_1_129' title='bbox 835 1517 911 1572; x_wconf 92' lang='lat' dir='ltr'>ut</span> <span class='ocrx_word' id='word_1_130' title='bbox 959 1504 1295 1573; x_wconf 79' lang='lat' dir='ltr'>mitterem</span> <span class='ocrx_word' id='word_1_131' title='bbox 1346 1527 1456 1575; x_wconf 91' lang='lat' dir='ltr'>me</span> <span class='ocrx_word' id='word_1_132' title='bbox 1503 1517 1658 1573; x_wconf 87' lang='lat' dir='ltr'>ante</span> <span class='ocrx_word' id='word_1_133' title='bbox 1706 1527 1889 1584; x_wconf 87' lang='lat' dir='ltr'>eum,</span> <span class='ocrx_word' id='word_1_134' title='bbox 1945 1505 2124 1574; x_wconf 91' lang='lat' dir='ltr'>sicut</span> <span class='ocrx_word' id='word_1_135' title='bbox 2168 1528 2398 1574; x_wconf 87' lang='lat' dir='ltr'>coram</span> <span class='ocrx_word' id='word_1_136' title='bbox 2442 1510 2574 1574; x_wconf 93' lang='lat' dir='ltr'>Deo</span> <span class='ocrx_word' id='word_1_137' title='bbox 2604 1504 2759 1574; x_wconf 84' lang='lat' dir='ltr'>dico</span> 
     </span>
     <span class='ocr_line' id='line_1_15' title="bbox 242 1592 2765 1684; baseline -0 -20"><span class='ocrx_word' id='word_1_138' title='bbox 242 1609 485 1673; x_wconf 76' lang='lat' dir='ltr'>ratreS,</span> <span class='ocrx_word' id='word_1_139' title='bbox 547 1593 812 1684; x_wconf 90' lang='lat' dir='ltr'>primus</span> <span class='ocrx_word' id='word_1_140' title='bbox 862 1592 1049 1661; x_wconf 84' lang='lat' dir='ltr'>misit</span> <span class='ocrx_word' id='word_1_141' title='bbox 1095 1614 1166 1661; x_wconf 90' lang='lat' dir='ltr'>se</span> <span class='ocrx_word' id='word_1_142' title='bbox 1213 1605 1369 1662; x_wconf 87' lang='lat' dir='ltr'>ante</span> <span class='ocrx_word' id='word_1_143' title='bbox 1418 1616 1526 1661; x_wconf 87' lang='lat' dir='ltr'>me</span> <span class='ocrx_word' id='word_1_144' title='bbox 1576 1615 1786 1683; x_wconf 89' lang='lat' dir='ltr'>super</span> <span class='ocrx_word' id='word_1_145' title='bbox 1834 1606 2107 1674; x_wconf 89' lang='lat' dir='ltr'>terram,</span> <span class='ocrx_word' id='word_1_146' title='bbox 2152 1605 2217 1662; x_wconf 92' lang='lat' dir='ltr'>et</span> <span class='ocrx_word' id='word_1_147' title='bbox 2251 1616 2382 1663; x_wconf 91' lang='lat' dir='ltr'>non</span> <span class='ocrx_word' id='word_1_148' title='bbox 2419 1608 2575 1663; x_wconf 87' lang='lat' dir='ltr'>ante</span> <span class='ocrx_word' id='word_1_149' title='bbox 2609 1616 2765 1663; x_wconf 91' lang='lat' dir='ltr'>sur-</span> 
     </span>
     <span class='ocr_line' id='line_1_16' title="bbox 211 1681 2763 1773; baseline -0.001 -21"><span class='ocrx_word' id='word_1_150' title='bbox 211 1684 410 1761; x_wconf 86' lang='lat' dir='ltr'>rexit,</span> <span class='ocrx_word' id='word_1_151' title='bbox 468 1703 674 1769; x_wconf 91' lang='lat' dir='ltr'>quam</span> <span class='ocrx_word' id='word_1_152' title='bbox 726 1703 761 1748; x_wconf 92' lang='lat' dir='ltr'>e</span> <span class='ocrx_word' id='word_1_153' title='bbox 813 1704 853 1749; x_wconf 89' lang='lat' dir='ltr'>o</span> <span class='ocrx_word' id='word_1_154' title='bbox 903 1681 1091 1770; x_wconf 87' lang='lat' dir='ltr'>prior</span> <span class='ocrx_word' id='word_1_155' title='bbox 1137 1703 1528 1769; x_wconf 79' lang='lat' dir='ltr'>surgerem:</span> <span class='ocrx_word' id='word_1_156' title='bbox 1581 1695 1645 1752; x_wconf 93' lang='lat' dir='ltr'>et</span> <span class='ocrx_word' id='word_1_157' title='bbox 1692 1682 2118 1773; x_wconf 84' lang='lat' dir='ltr'>amplexatus</span> <span class='ocrx_word' id='word_1_158' title='bbox 2170 1704 2276 1751; x_wconf 88' lang='lat' dir='ltr'>me</span> <span class='ocrx_word' id='word_1_159' title='bbox 2323 1704 2483 1751; x_wconf 86' lang='lat' dir='ltr'>curn</span> <span class='ocrx_word' id='word_1_160' title='bbox 2543 1681 2763 1751; x_wconf 90' lang='lat' dir='ltr'>multa</span> 
     </span>
     <span class='ocr_line' id='line_1_17' title="bbox 210 1704 2763 1861; baseline -0 -20"><span class='ocrx_word' id='word_1_161' title='bbox 210 1771 630 1850; x_wconf 89' lang='lat' dir='ltr'>humilitate,</span> <span class='ocrx_word' id='word_1_162' title='bbox 687 1704 924 1839; x_wconf 52' lang='lat' dir='ltr'>triffiuit</span> <span class='ocrx_word' id='word_1_163' title='bbox 972 1769 1145 1838; x_wconf 89' lang='lat' dir='ltr'>mihi</span> <span class='ocrx_word' id='word_1_164' title='bbox 1195 1793 1314 1861; x_wconf 89' lang='lat' dir='ltr'>per</span> <span class='ocrx_word' id='word_1_165' title='bbox 1363 1793 1647 1841; x_wconf 90' lang='lat' dir='ltr'>manum</span> <span class='ocrx_word' id='word_1_166' title='bbox 1699 1772 1828 1841; x_wconf 92' lang='lat' dir='ltr'>tria</span> <span class='ocrx_word' id='word_1_167' title='bbox 1877 1771 2394 1851; x_wconf 85' lang='lat' dir='ltr'>nummismata,</span> <span class='ocrx_word' id='word_1_168' title='bbox 2449 1785 2513 1839; x_wconf 91' lang='lat' dir='ltr'>et</span> <span class='ocrx_word' id='word_1_169' title='bbox 2546 1771 2763 1861; x_wconf 87' lang='lat' dir='ltr'>jussit</span> 
     </span>
     <span class='ocr_line' id='line_1_18' title="bbox 212 1858 2764 1950; baseline -0 -20"><span class='ocrx_word' id='word_1_170' title='bbox 212 1862 365 1931; x_wconf 87' lang='lat' dir='ltr'>dari</span> <span class='ocrx_word' id='word_1_171' title='bbox 422 1860 594 1928; x_wconf 89' lang='lat' dir='ltr'>mihi</span> <span class='ocrx_word' id='word_1_172' title='bbox 642 1858 947 1927; x_wconf 89' lang='lat' dir='ltr'>casulam</span> <span class='ocrx_word' id='word_1_173' title='bbox 994 1871 1059 1929; x_wconf 92' lang='lat' dir='ltr'>et</span> <span class='ocrx_word' id='word_1_174' title='bbox 1106 1861 1543 1929; x_wconf 80' lang='lat' dir='ltr'>necessitates</span> <span class='ocrx_word' id='word_1_175' title='bbox 1594 1882 1779 1930; x_wconf 90' lang='lat' dir='ltr'>meas</span> <span class='ocrx_word' id='word_1_176' title='bbox 1827 1882 2090 1929; x_wconf 86' lang='lat' dir='ltr'>omnes.</span> <span class='ocrx_word' id='word_1_177' title='bbox 2163 1859 2550 1929; x_wconf 86' lang='lat' dir='ltr'>Glorificavi</span> <span class='ocrx_word' id='word_1_178' title='bbox 2598 1882 2764 1950; x_wconf 89' lang='lat' dir='ltr'>ergo</span> 
     </span>
     <span class='ocr_line' id='line_1_19' title="bbox 213 1946 2764 2034; baseline -0 -16"><span class='ocrx_word' id='word_1_179' title='bbox 213 1955 460 2029; x_wconf 89' lang='lat' dir='ltr'>Deum,</span> <span class='ocrx_word' id='word_1_180' title='bbox 506 1948 625 2034; x_wconf 85' lang='lat' dir='ltr'>qui</span> <span class='ocrx_word' id='word_1_181' title='bbox 674 1946 952 2015; x_wconf 89' lang='lat' dir='ltr'>donavit</span> <span class='ocrx_word' id='word_1_182' title='bbox 996 1948 1057 2016; x_wconf 92' lang='lat' dir='ltr'>ei</span> <span class='ocrx_word' id='word_1_183' title='bbox 1107 1947 1310 2017; x_wconf 91' lang='lat' dir='ltr'>talem</span> <span class='ocrx_word' id='word_1_184' title='bbox 1361 1948 1822 2017; x_wconf 82' lang='lat' dir='ltr'>humilitatem</span> <span class='ocrx_word' id='word_1_185' title='bbox 1853 1949 2038 2017; x_wconf 89' lang='lat' dir='ltr'>circa</span> <span class='ocrx_word' id='word_1_186' title='bbox 2068 1971 2331 2029; x_wconf 87' lang='lat' dir='ltr'>omnes,</span> <span class='ocrx_word' id='word_1_187' title='bbox 2372 1962 2436 2018; x_wconf 88' lang='lat' dir='ltr'>et</span> <span class='ocrx_word' id='word_1_188' title='bbox 2466 1948 2764 2017; x_wconf 89' lang='lat' dir='ltr'>eleemo-</span> 
     </span>
     <span class='ocr_line' id='line_1_20' title="bbox 213 2036 2763 2126; baseline -0.001 -18"><span class='ocrx_word' id='word_1_189' title='bbox 213 2060 492 2126; x_wconf 85' lang='lat' dir='ltr'>synam,</span> <span class='ocrx_word' id='word_1_190' title='bbox 528 2051 591 2105; x_wconf 91' lang='lat' dir='ltr'>et</span> <span class='ocrx_word' id='word_1_191' title='bbox 620 2036 1048 2105; x_wconf 86' lang='lat' dir='ltr'>charitatem.</span> <span class='ocrx_word' id='word_1_192' title='bbox 1087 2059 1123 2101; x_wconf 84' lang='lat'>»</span> <span class='ocrx_word' id='word_1_193' title='bbox 1160 2038 1333 2105; x_wconf 89' lang='lat' dir='ltr'>Hinc</span> <span class='ocrx_word' id='word_1_194' title='bbox 1365 2048 1486 2115; x_wconf 87' lang='lat' dir='ltr'>est,</span> <span class='ocrx_word' id='word_1_195' title='bbox 1525 2037 1710 2122; x_wconf 90' lang='lat' dir='ltr'>quod</span> <span class='ocrx_word' id='word_1_196' title='bbox 1754 2037 2295 2126; x_wconf 89' lang='lat' dir='ltr'>patientissimus</span> <span class='ocrx_word' id='word_1_197' title='bbox 2327 2050 2558 2126; x_wconf 90' lang='lat' dir='ltr'>pastor</span> <span class='ocrx_word' id='word_1_198' title='bbox 2596 2041 2763 2106; x_wconf 86' lang='lat' dir='ltr'>Gre-</span> 
     </span>
     <span class='ocr_line' id='line_1_21' title="bbox 260 2125 2767 2215; baseline -0.001 -19"><span class='ocrx_word' id='word_1_199' title='bbox 260 2129 460 2197; x_wconf 91' lang='lat' dir='ltr'>orius</span> <span class='ocrx_word' id='word_1_200' title='bbox 490 2147 699 2215; x_wconf 89' lang='lat' dir='ltr'>penes</span> <span class='ocrx_word' id='word_1_201' title='bbox 740 2130 1224 2215; x_wconf 86' lang='lat' dir='ltr'>Imperatorem</span> <span class='ocrx_word' id='word_1_202' title='bbox 1262 2125 1681 2205; x_wconf 86' lang='lat' dir='ltr'>Mauritium,</span> <span class='ocrx_word' id='word_1_203' title='bbox 1726 2125 1858 2193; x_wconf 91' lang='lat' dir='ltr'>sibi</span> <span class='ocrx_word' id='word_1_204' title='bbox 1899 2147 2182 2214; x_wconf 89' lang='lat' dir='ltr'>prorsus</span> <span class='ocrx_word' id='word_1_205' title='bbox 2222 2125 2597 2204; x_wconf 90' lang='lat' dir='ltr'>insensum,</span> <span class='ocrx_word' id='word_1_206' title='bbox 2639 2126 2767 2194; x_wconf 94' lang='lat' dir='ltr'>du-</span> 
     </span>
     <span class='ocr_line' id='line_1_22' title="bbox 214 2149 2767 2303; baseline -0.001 -19"><span class='ocrx_word' id='word_1_207' title='bbox 214 2149 382 2285; x_wconf 56' lang='lat' dir='ltr'>gum</span> <span class='ocrx_word' id='word_1_208' title='bbox 439 2226 826 2294; x_wconf 80' lang='lat' dir='ltr'>accusatuS,</span> <span class='ocrx_word' id='word_1_209' title='bbox 880 2213 1064 2301; x_wconf 92' lang='lat' dir='ltr'>quod</span> <span class='ocrx_word' id='word_1_210' title='bbox 1115 2213 1454 2282; x_wconf 80' lang='lat' dir='ltr'>Malcltum</span> <span class='ocrx_word' id='word_1_211' title='bbox 1506 2212 1945 2302; x_wconf 90' lang='lat' dir='ltr'>episcopum,</span> <span class='ocrx_word' id='word_1_212' title='bbox 2000 2213 2108 2281; x_wconf 93' lang='lat' dir='ltr'>sui</span> <span class='ocrx_word' id='word_1_213' title='bbox 2161 2214 2556 2303; x_wconf 84' lang='lat' dir='ltr'>patrimonii</span> <span class='ocrx_word' id='word_1_214' title='bbox 2606 2236 2767 2303; x_wconf 89' lang='lat' dir='ltr'>pro-</span> 
     </span>
     <span class='ocr_line' id='line_1_23' title="bbox 209 2301 2752 2393; baseline 0 -22"><span class='ocrx_word' id='word_1_215' title='bbox 209 2306 537 2382; x_wconf 81' lang='lat' dir='ltr'>visorem,</span> <span class='ocrx_word' id='word_1_216' title='bbox 590 2324 715 2393; x_wconf 90' lang='lat' dir='ltr'>pro</span> <span class='ocrx_word' id='word_1_217' title='bbox 766 2302 1040 2372; x_wconf 89' lang='lat' dir='ltr'>retentis</span> <span class='ocrx_word' id='word_1_218' title='bbox 1088 2302 1539 2391; x_wconf 84' lang='lat' dir='ltr'>pensionibus</span> <span class='ocrx_word' id='word_1_219' title='bbox 1590 2301 1831 2370; x_wconf 89' lang='lat' dir='ltr'>tandiu</span> <span class='ocrx_word' id='word_1_220' title='bbox 1878 2301 1948 2369; x_wconf 91' lang='lat' dir='ltr'>in</span> <span class='ocrx_word' id='word_1_221' title='bbox 2000 2301 2333 2370; x_wconf 89' lang='lat' dir='ltr'>custodiis</span> <span class='ocrx_word' id='word_1_222' title='bbox 2380 2302 2752 2385; x_wconf 81' lang='lat' dir='ltr'>afflixisset,</span> 
     </span>
     <span class='ocr_line' id='line_1_24' title="bbox 207 2390 2764 2480; baseline -0.001 -18"><span class='ocrx_word' id='word_1_223' title='bbox 207 2413 579 2479; x_wconf 86' lang='lat' dir='ltr'>quousque</span> <span class='ocrx_word' id='word_1_224' title='bbox 627 2392 948 2480; x_wconf 89' lang='lat' dir='ltr'>spiritum</span> <span class='ocrx_word' id='word_1_225' title='bbox 996 2390 1364 2471; x_wconf 84' lang='lat' dir='ltr'>exhalaret,</span> <span class='ocrx_word' id='word_1_226' title='bbox 1420 2390 1790 2469; x_wconf 84' lang='lat' dir='ltr'>Sabiniano</span> <span class='ocrx_word' id='word_1_227' title='bbox 1840 2412 1963 2458; x_wconf 87' lang='lat' dir='ltr'>suo</span> <span class='ocrx_word' id='word_1_228' title='bbox 2013 2390 2764 2480; x_wconf 82' lang='lat' dir='ltr'>Constantinopolitano</span> 
     </span>
     <span class='ocr_line' id='line_1_25' title="bbox 208 2479 2764 2570; baseline -0.001 -18"><span class='ocrx_word' id='word_1_229' title='bbox 208 2482 509 2552; x_wconf 88' lang='lat' dir='ltr'>diacono</span> <span class='ocrx_word' id='word_1_230' title='bbox 558 2480 891 2561; x_wconf 90' lang='lat' dir='ltr'>scribens,</span> <span class='ocrx_word' id='word_1_231' title='bbox 944 2480 1077 2550; x_wconf 88' lang='lat' dir='ltr'>ait:</span> <span class='ocrx_word' id='word_1_232' title='bbox 1133 2504 1169 2546; x_wconf 90' lang='lat'>«</span> <span class='ocrx_word' id='word_1_233' title='bbox 1226 2485 1446 2549; x_wconf 89' lang='lat' dir='ltr'>Unum</span> <span class='ocrx_word' id='word_1_234' title='bbox 1496 2492 1619 2561; x_wconf 91' lang='lat' dir='ltr'>est,</span> <span class='ocrx_word' id='word_1_235' title='bbox 1673 2479 1855 2567; x_wconf 93' lang='lat' dir='ltr'>quod</span> <span class='ocrx_word' id='word_1_236' title='bbox 1900 2479 2190 2549; x_wconf 90' lang='lat' dir='ltr'>breviter</span> <span class='ocrx_word' id='word_1_237' title='bbox 2219 2502 2551 2570; x_wconf 80' lang='lat' dir='ltr'>suggeras</span> <span class='ocrx_word' id='word_1_238' title='bbox 2582 2503 2764 2549; x_wconf 89' lang='lat' dir='ltr'>sere-</span> 
     </span>
     <span class='ocr_line' id='line_1_26' title="bbox 205 2568 2760 2658; baseline -0.002 -17"><span class='ocrx_word' id='word_1_239' title='bbox 205 2570 531 2643; x_wconf 88' lang='lat' dir='ltr'>nissimis</span> <span class='ocrx_word' id='word_1_240' title='bbox 582 2570 887 2638; x_wconf 83' lang='lat' dir='ltr'>Dominis</span> <span class='ocrx_word' id='word_1_241' title='bbox 934 2569 1226 2649; x_wconf 84' lang='lat' dir='ltr'>nostriS,</span> <span class='ocrx_word' id='word_1_242' title='bbox 1282 2569 1443 2657; x_wconf 91' lang='lat' dir='ltr'>quia</span> <span class='ocrx_word' id='word_1_243' title='bbox 1495 2568 1552 2636; x_wconf 90' lang='lat' dir='ltr'>si</span> <span class='ocrx_word' id='word_1_244' title='bbox 1600 2591 1727 2658; x_wconf 84' lang='lat' dir='ltr'>ego</span> <span class='ocrx_word' id='word_1_245' title='bbox 1775 2591 2012 2638; x_wconf 91' lang='lat' dir='ltr'>servus</span> <span class='ocrx_word' id='word_1_246' title='bbox 2057 2591 2297 2638; x_wconf 91' lang='lat' dir='ltr'>eorum</span> <span class='ocrx_word' id='word_1_247' title='bbox 2349 2570 2418 2637; x_wconf 92' lang='lat' dir='ltr'>in</span> <span class='ocrx_word' id='word_1_248' title='bbox 2469 2583 2760 2638; x_wconf 88' lang='lat' dir='ltr'>mortem</span> 
     </span>
     <span class='ocr_line' id='line_1_27' title="bbox 210 2657 2758 2753; baseline -0.002 -24"><span class='ocrx_word' id='word_1_249' title='bbox 210 2659 831 2753; x_wconf 85' lang='lat' dir='ltr'>Longobardorum</span> <span class='ocrx_word' id='word_1_250' title='bbox 882 2680 989 2726; x_wconf 89' lang='lat' dir='ltr'>me</span> <span class='ocrx_word' id='word_1_251' title='bbox 1050 2658 1336 2726; x_wconf 78' lang='lat' dir='ltr'>miscere</span> <span class='ocrx_word' id='word_1_252' title='bbox 1396 2657 1763 2726; x_wconf 88' lang='lat' dir='ltr'>voluissem</span> <span class='ocrx_word' id='word_1_253' title='bbox 1802 2713 1816 2735; x_wconf 94' lang='lat'>,</span> <span class='ocrx_word' id='word_1_254' title='bbox 1882 2657 2083 2727; x_wconf 90' lang='lat' dir='ltr'>hodie</span> <span class='ocrx_word' id='word_1_255' title='bbox 2151 2657 2758 2748; x_wconf 86' lang='lat' dir='ltr'>Longobardorum</span> 
     </span>
     <span class='ocr_line' id='line_1_28' title="bbox 208 2745 2764 2840; baseline -0.002 -20"><span class='ocrx_word' id='word_1_256' title='bbox 208 2773 382 2840; x_wconf 86' lang='lat' dir='ltr'>gens</span> <span class='ocrx_word' id='word_1_257' title='bbox 433 2770 564 2818; x_wconf 89' lang='lat' dir='ltr'>nec</span> <span class='ocrx_word' id='word_1_258' title='bbox 599 2768 853 2836; x_wconf 84' lang='lat' dir='ltr'>regem,</span> <span class='ocrx_word' id='word_1_259' title='bbox 891 2768 1016 2815; x_wconf 89' lang='lat' dir='ltr'>nec</span> <span class='ocrx_word' id='word_1_260' title='bbox 1048 2745 1282 2826; x_wconf 77' lang='lat' dir='ltr'>duceS,</span> <span class='ocrx_word' id='word_1_261' title='bbox 1325 2769 1446 2815; x_wconf 89' lang='lat' dir='ltr'>nec</span> <span class='ocrx_word' id='word_1_262' title='bbox 1480 2747 1765 2815; x_wconf 85' lang='lat' dir='ltr'>comites</span> <span class='ocrx_word' id='word_1_263' title='bbox 1800 2747 2100 2826; x_wconf 85' lang='lat' dir='ltr'>haberet,</span> <span class='ocrx_word' id='word_1_264' title='bbox 2142 2760 2345 2833; x_wconf 92' lang='lat' dir='ltr'>atque</span> <span class='ocrx_word' id='word_1_265' title='bbox 2377 2747 2449 2814; x_wconf 90' lang='lat' dir='ltr'>in</span> <span class='ocrx_word' id='word_1_266' title='bbox 2485 2767 2764 2816; x_wconf 84' lang='lat' dir='ltr'>summa</span> 
     </span>
     <span class='ocr_line' id='line_1_29' title="bbox 205 2831 2764 2925; baseline -0.002 -17"><span class='ocrx_word' id='word_1_267' title='bbox 205 2838 623 2908; x_wconf 86' lang='lat' dir='ltr'>confusione</span> <span class='ocrx_word' id='word_1_268' title='bbox 671 2831 890 2904; x_wconf 86' lang='lat' dir='ltr'>divisa</span> <span class='ocrx_word' id='word_1_269' title='bbox 937 2849 1135 2905; x_wconf 88' lang='lat' dir='ltr'>esset.</span> <span class='ocrx_word' id='word_1_270' title='bbox 1191 2835 1314 2905; x_wconf 88' lang='lat' dir='ltr'>Sed</span> <span class='ocrx_word' id='word_1_271' title='bbox 1366 2835 1530 2920; x_wconf 90' lang='lat' dir='ltr'>quia</span> <span class='ocrx_word' id='word_1_272' title='bbox 1582 2841 1791 2903; x_wconf 91' lang='lat' dir='ltr'>Deum</span> <span class='ocrx_word' id='word_1_273' title='bbox 1826 2836 2052 2914; x_wconf 89' lang='lat' dir='ltr'>timeo,</span> <span class='ocrx_word' id='word_1_274' title='bbox 2095 2835 2165 2903; x_wconf 91' lang='lat' dir='ltr'>in</span> <span class='ocrx_word' id='word_1_275' title='bbox 2209 2848 2493 2905; x_wconf 90' lang='lat' dir='ltr'>mortem</span> <span class='ocrx_word' id='word_1_276' title='bbox 2528 2835 2764 2925; x_wconf 90' lang='lat' dir='ltr'>cujus-</span> 
     </span>
     <span class='ocr_line' id='line_1_30' title="bbox 207 2923 2763 3014; baseline -0.002 -17"><span class='ocrx_word' id='word_1_277' title='bbox 207 2926 373 2998; x_wconf 91' lang='lat' dir='ltr'>libet</span> <span class='ocrx_word' id='word_1_278' title='bbox 408 2925 722 2996; x_wconf 89' lang='lat' dir='ltr'>hominis</span> <span class='ocrx_word' id='word_1_279' title='bbox 752 2946 861 2993; x_wconf 90' lang='lat' dir='ltr'>me</span> <span class='ocrx_word' id='word_1_280' title='bbox 896 2925 1182 2992; x_wconf 89' lang='lat' dir='ltr'>miscere</span> <span class='ocrx_word' id='word_1_281' title='bbox 1214 2924 1529 2993; x_wconf 86' lang='lat' dir='ltr'>formido.</span> <span class='ocrx_word' id='word_1_282' title='bbox 1573 2923 1879 2993; x_wconf 86' lang='lat' dir='ltr'>Malchus</span> <span class='ocrx_word' id='word_1_283' title='bbox 1912 2936 2138 2992; x_wconf 90' lang='lat' dir='ltr'>autem</span> <span class='ocrx_word' id='word_1_284' title='bbox 2176 2924 2359 2992; x_wconf 90' lang='lat' dir='ltr'>idem</span> <span class='ocrx_word' id='word_1_285' title='bbox 2394 2925 2763 3014; x_wconf 90' lang='lat' dir='ltr'>episcopus</span> 
     </span>
     <span class='ocr_line' id='line_1_31' title="bbox 205 3011 2763 3104; baseline -0.002 -18"><span class='ocrx_word' id='word_1_286' title='bbox 205 3038 433 3104; x_wconf 91' lang='lat' dir='ltr'>neque</span> <span class='ocrx_word' id='word_1_287' title='bbox 484 3015 558 3082; x_wconf 90' lang='lat' dir='ltr'>in</span> <span class='ocrx_word' id='word_1_288' title='bbox 611 3012 924 3082; x_wconf 87' lang='lat' dir='ltr'>custodia</span> <span class='ocrx_word' id='word_1_289' title='bbox 970 3011 1119 3093; x_wconf 80' lang='lat' dir='ltr'>fuit,</span> <span class='ocrx_word' id='word_1_290' title='bbox 1176 3034 1392 3097; x_wconf 91' lang='lat' dir='ltr'>neque</span> <span class='ocrx_word' id='word_1_291' title='bbox 1440 3014 1509 3080; x_wconf 88' lang='lat' dir='ltr'>in</span> <span class='ocrx_word' id='word_1_292' title='bbox 1559 3012 1793 3098; x_wconf 87' lang='lat' dir='ltr'>aliqua</span> <span class='ocrx_word' id='word_1_293' title='bbox 1842 3011 2253 3081; x_wconf 80' lang='lat' dir='ltr'>afflictione:</span> <span class='ocrx_word' id='word_1_294' title='bbox 2293 3013 2412 3081; x_wconf 86' lang='lat' dir='ltr'>sed</span> <span class='ocrx_word' id='word_1_295' title='bbox 2452 3012 2587 3094; x_wconf 91' lang='lat' dir='ltr'>die,</span> <span class='ocrx_word' id='word_1_296' title='bbox 2625 3034 2763 3099; x_wconf 90' lang='lat' dir='ltr'>qua</span> 
     </span>
     <span class='ocr_line' id='line_1_32' title="bbox 202 3100 2761 3181; baseline -0.003 -5"><span class='ocrx_word' id='word_1_297' title='bbox 202 3127 494 3175; x_wconf 83' lang='lat' dir='ltr'>causam</span> <span class='ocrx_word' id='word_1_298' title='bbox 549 3102 741 3180; x_wconf 82' lang='lat' dir='ltr'>dixit,</span> <span class='ocrx_word' id='word_1_299' title='bbox 794 3116 859 3170; x_wconf 91' lang='lat' dir='ltr'>et</span> <span class='ocrx_word' id='word_1_300' title='bbox 905 3101 1220 3170; x_wconf 86' lang='lat' dir='ltr'>addictus</span> <span class='ocrx_word' id='word_1_301' title='bbox 1265 3114 1387 3179; x_wconf 82' lang='lat' dir='ltr'>est,</span> <span class='ocrx_word' id='word_1_302' title='bbox 1447 3101 1790 3170; x_wconf 84' lang='lat' dir='ltr'>nesciente</span> <span class='ocrx_word' id='word_1_303' title='bbox 1840 3124 1970 3181; x_wconf 90' lang='lat' dir='ltr'>me,</span> <span class='ocrx_word' id='word_1_304' title='bbox 2025 3123 2065 3170; x_wconf 93' lang='lat' dir='ltr'>a</span> <span class='ocrx_word' id='word_1_305' title='bbox 2111 3100 2459 3170; x_wconf 89' lang='lat' dir='ltr'>Bonifacio</span> <span class='ocrx_word' id='word_1_306' title='bbox 2493 3102 2761 3171; x_wconf 88' lang='lat' dir='ltr'>notario</span> 
     </span>
     <span class='ocr_line' id='line_1_33' title="bbox 203 3189 2761 3279; baseline -0.002 -16"><span class='ocrx_word' id='word_1_307' title='bbox 203 3195 274 3263; x_wconf 90' lang='lat' dir='ltr'>in</span> <span class='ocrx_word' id='word_1_308' title='bbox 326 3194 625 3263; x_wconf 88' lang='lat' dir='ltr'>domum</span> <span class='ocrx_word' id='word_1_309' title='bbox 675 3192 824 3279; x_wconf 84' lang='lat' dir='ltr'>ejus</span> <span class='ocrx_word' id='word_1_310' title='bbox 871 3190 1121 3260; x_wconf 88' lang='lat' dir='ltr'>ductus</span> <span class='ocrx_word' id='word_1_311' title='bbox 1167 3203 1288 3271; x_wconf 90' lang='lat' dir='ltr'>est,</span> <span class='ocrx_word' id='word_1_312' title='bbox 1343 3190 1577 3275; x_wconf 89' lang='lat' dir='ltr'>ibique</span> <span class='ocrx_word' id='word_1_313' title='bbox 1626 3189 1981 3279; x_wconf 87' lang='lat' dir='ltr'>prandidit</span> <span class='ocrx_word' id='word_1_314' title='bbox 2025 3201 2090 3259; x_wconf 92' lang='lat' dir='ltr'>et</span> <span class='ocrx_word' id='word_1_315' title='bbox 2128 3189 2504 3262; x_wconf 84' lang='lat' dir='ltr'>honoratus</span> <span class='ocrx_word' id='word_1_316' title='bbox 2535 3202 2637 3260; x_wconf 88' lang='lat' dir='ltr'>est</span> <span class='ocrx_word' id='word_1_317' title='bbox 2675 3189 2761 3258; x_wconf 93' lang='lat' dir='ltr'>ab</span> 
     </span>
     <span class='ocr_line' id='line_1_34' title="bbox 201 3278 1955 3363; baseline -0.005 -11"><span class='ocrx_word' id='word_1_318' title='bbox 201 3306 304 3363; x_wconf 84' lang='lat' dir='ltr'>eo,</span> <span class='ocrx_word' id='word_1_319' title='bbox 359 3294 427 3353; x_wconf 89' lang='lat' dir='ltr'>et</span> <span class='ocrx_word' id='word_1_320' title='bbox 482 3292 682 3348; x_wconf 87' lang='lat' dir='ltr'>nocte</span> <span class='ocrx_word' id='word_1_321' title='bbox 730 3279 958 3348; x_wconf 87' lang='lat' dir='ltr'>subito</span> <span class='ocrx_word' id='word_1_322' title='bbox 1007 3291 1319 3347; x_wconf 90' lang='lat' dir='ltr'>mortuus</span> <span class='ocrx_word' id='word_1_323' title='bbox 1367 3290 1470 3347; x_wconf 90' lang='lat' dir='ltr'>est</span> <span class='ocrx_word' id='word_1_324' title='bbox 1518 3278 1860 3348; x_wconf 78' lang='lat' dir='ltr'>inventus,</span> <span class='ocrx_word' id='word_1_325' title='bbox 1920 3302 1955 3344; x_wconf 85' lang='lat'>»</span> 
     </span>
    </p>

    <p class='ocr_par' dir='ltr' id='par_1_4' title="bbox 199 3365 2765 4526">
     <span class='ocr_line' id='line_1_35' title="bbox 289 3365 2762 3459; baseline -0.004 -15"><span class='ocrx_word' id='word_1_326' title='bbox 289 3375 327 3459; x_wconf 69' lang='grc' dir='ltr'>ἓ</span> <span class='ocrx_word' id='word_1_327' title='bbox 376 3374 534 3444; x_wconf 71' lang='grc'>48.</span> <span class='ocrx_word' id='word_1_328' title='bbox 589 3367 809 3457; x_wconf 84' lang='lat' dir='ltr'>Igitur</span> <span class='ocrx_word' id='word_1_329' title='bbox 854 3368 922 3435; x_wconf 90' lang='lat' dir='ltr'>in</span> <span class='ocrx_word' id='word_1_330' title='bbox 960 3367 1286 3435; x_wconf 90' lang='lat' dir='ltr'>omnibus</span> <span class='ocrx_word' id='word_1_331' title='bbox 1315 3368 1461 3437; x_wconf 91' lang='lat' dir='ltr'>suis</span> <span class='ocrx_word' id='word_1_332' title='bbox 1492 3366 1698 3436; x_wconf 87' lang='lat' dir='ltr'>dictis</span> <span class='ocrx_word' id='word_1_333' title='bbox 1733 3366 1830 3436; x_wconf 90' lang='lat' dir='ltr'>vel</span> <span class='ocrx_word' id='word_1_334' title='bbox 1864 3367 2189 3456; x_wconf 91' lang='lat' dir='ltr'>operibus</span> <span class='ocrx_word' id='word_1_335' title='bbox 2221 3372 2349 3437; x_wconf 89' lang='lat' dir='ltr'>Gre</span> <span class='ocrx_word' id='word_1_336' title='bbox 2399 3367 2589 3435; x_wconf 88' lang='lat' dir='ltr'>orius</span> <span class='ocrx_word' id='word_1_337' title='bbox 2626 3365 2762 3434; x_wconf 89' lang='lat' dir='ltr'>im-</span> 
     </span>
     <span class='ocr_line' id='line_1_36' title="bbox 204 3455 2765 3546; baseline -0.002 -18"><span class='ocrx_word' id='word_1_338' title='bbox 204 3460 591 3528; x_wconf 87' lang='lat' dir='ltr'>minentem</span> <span class='ocrx_word' id='word_1_339' title='bbox 645 3455 915 3526; x_wconf 85' lang='lat' dir='ltr'>futurae</span> <span class='ocrx_word' id='word_1_340' title='bbox 962 3455 1431 3525; x_wconf 86' lang='lat' dir='ltr'>retributionis</span> <span class='ocrx_word' id='word_1_341' title='bbox 1478 3456 1659 3524; x_wconf 91' lang='lat' dir='ltr'>diem</span> <span class='ocrx_word' id='word_1_342' title='bbox 1713 3456 2038 3525; x_wconf 90' lang='lat' dir='ltr'>ultimum</span> <span class='ocrx_word' id='word_1_343' title='bbox 2084 3477 2334 3546; x_wconf 90' lang='lat' dir='ltr'>perpen</span> <span class='ocrx_word' id='word_1_344' title='bbox 2393 3455 2568 3534; x_wconf 91' lang='lat' dir='ltr'>ebat,</span> <span class='ocrx_word' id='word_1_345' title='bbox 2609 3466 2765 3523; x_wconf 89' lang='lat' dir='ltr'>tan-</span> 
     </span>
     <span class='ocr_line' id='line_1_37' title="bbox 202 3545 2762 3636; baseline -0.002 -19"><span class='ocrx_word' id='word_1_346' title='bbox 202 3559 409 3636; x_wconf 88' lang='lat' dir='ltr'>toque</span> <span class='ocrx_word' id='word_1_347' title='bbox 460 3545 741 3614; x_wconf 85' lang='lat' dir='ltr'>cautius</span> <span class='ocrx_word' id='word_1_348' title='bbox 789 3560 1037 3615; x_wconf 87' lang='lat' dir='ltr'>cuncta</span> <span class='ocrx_word' id='word_1_349' title='bbox 1075 3556 1482 3614; x_wconf 87' lang='lat' dir='ltr'>cunctorum</span> <span class='ocrx_word' id='word_1_350' title='bbox 1521 3546 1787 3635; x_wconf 89' lang='lat' dir='ltr'>negotia</span> <span class='ocrx_word' id='word_1_351' title='bbox 1826 3545 2270 3634; x_wconf 85' lang='lat' dir='ltr'>ponderabat,</span> <span class='ocrx_word' id='word_1_352' title='bbox 2307 3555 2565 3631; x_wconf 90' lang='lat' dir='ltr'>quanto</span> <span class='ocrx_word' id='word_1_353' title='bbox 2600 3565 2762 3634; x_wconf 88' lang='lat' dir='ltr'>pro-</span> 
     </span>
     <span class='ocr_line' id='line_1_38' title="bbox 201 3631 2765 3727; baseline -0.003 -21"><span class='ocrx_word' id='word_1_354' title='bbox 201 3637 549 3727; x_wconf 89' lang='lat' dir='ltr'>pinquius</span> <span class='ocrx_word' id='word_1_355' title='bbox 598 3634 805 3702; x_wconf 87' lang='lat' dir='ltr'>finem</span> <span class='ocrx_word' id='word_1_356' title='bbox 857 3632 1099 3702; x_wconf 88' lang='lat' dir='ltr'>mundi</span> <span class='ocrx_word' id='word_1_357' title='bbox 1149 3633 1484 3712; x_wconf 88' lang='lat' dir='ltr'>insistere,</span> <span class='ocrx_word' id='word_1_358' title='bbox 1543 3633 1765 3704; x_wconf 87' lang='lat' dir='ltr'>ruinis</span> <span class='ocrx_word' id='word_1_359' title='bbox 1794 3634 1947 3720; x_wconf 89' lang='lat' dir='ltr'>ejus</span> <span class='ocrx_word' id='word_1_360' title='bbox 1987 3633 2601 3712; x_wconf 76' lang='lat' dir='ltr'>crebrescentibUS,</span> <span class='ocrx_word' id='word_1_361' title='bbox 2644 3631 2765 3700; x_wconf 89' lang='lat' dir='ltr'>ad-</span> 
     </span>
     <span class='ocr_line' id='line_1_39' title="bbox 199 3721 2756 3812; baseline -0.002 -21"><span class='ocrx_word' id='word_1_362' title='bbox 199 3728 536 3797; x_wconf 85' lang='lat' dir='ltr'>vertebat.</span> <span class='ocrx_word' id='word_1_363' title='bbox 617 3726 1044 3812; x_wconf 85' lang='lat' dir='ltr'>Quapropter</span> <span class='ocrx_word' id='word_1_364' title='bbox 1089 3723 1161 3790; x_wconf 92' lang='lat' dir='ltr'>in</span> <span class='ocrx_word' id='word_1_365' title='bbox 1210 3722 1527 3791; x_wconf 89' lang='lat' dir='ltr'>Homiliis</span> <span class='ocrx_word' id='word_1_366' title='bbox 1574 3723 1988 3812; x_wconf 88' lang='lat' dir='ltr'>evangelicis</span> <span class='ocrx_word' id='word_1_367' title='bbox 2049 3722 2405 3811; x_wconf 81' lang='lat' dir='ltr'>perhibet,</span> <span class='ocrx_word' id='word_1_368' title='bbox 2476 3721 2756 3790; x_wconf 86' lang='lat' dir='ltr'>dicens:</span> 
     </span>
     <span class='ocr_line' id='line_1_40' title="bbox 204 3810 2764 3902; baseline -0.002 -21"><span class='ocrx_word' id='word_1_369' title='bbox 204 3838 239 3881; x_wconf 83' lang='lat'>«</span> <span class='ocrx_word' id='word_1_370' title='bbox 292 3822 602 3902; x_wconf 80' lang='lat' dir='ltr'>Exurget</span> <span class='ocrx_word' id='word_1_371' title='bbox 646 3832 817 3900; x_wconf 87' lang='lat' dir='ltr'>gens</span> <span class='ocrx_word' id='word_1_372' title='bbox 863 3822 1100 3879; x_wconf 84' lang='lat' dir='ltr'>contra</span> <span class='ocrx_word' id='word_1_373' title='bbox 1147 3824 1442 3900; x_wconf 88' lang='lat' dir='ltr'>gentem,</span> <span class='ocrx_word' id='word_1_374' title='bbox 1496 3822 1559 3879; x_wconf 92' lang='lat' dir='ltr'>et</span> <span class='ocrx_word' id='word_1_375' title='bbox 1606 3832 1898 3901; x_wconf 87' lang='lat' dir='ltr'>regnum</span> <span class='ocrx_word' id='word_1_376' title='bbox 1947 3810 2274 3880; x_wconf 88' lang='lat' dir='ltr'>adversus</span> <span class='ocrx_word' id='word_1_377' title='bbox 2322 3830 2641 3900; x_wconf 89' lang='lat' dir='ltr'>regnum,</span> <span class='ocrx_word' id='word_1_378' title='bbox 2697 3822 2764 3877; x_wconf 88' lang='lat' dir='ltr'>et</span> 
     </span>
     <span class='ocr_line' id='line_1_41' title="bbox 202 3896 2753 3990; baseline -0.002 -18"><span class='ocrx_word' id='word_1_379' title='bbox 202 3912 913 3974; x_wconf 62' lang='lat' dir='ltr'>erunt,terraemotus</span> <span class='ocrx_word' id='word_1_380' title='bbox 962 3901 1198 3990; x_wconf 86' lang='lat' dir='ltr'>magni</span> <span class='ocrx_word' id='word_1_381' title='bbox 1260 3921 1379 3989; x_wconf 92' lang='lat' dir='ltr'>per</span> <span class='ocrx_word' id='word_1_382' title='bbox 1448 3899 1636 3980; x_wconf 89' lang='lat' dir='ltr'>loca,</span> <span class='ocrx_word' id='word_1_383' title='bbox 1705 3911 1771 3968; x_wconf 88' lang='lat' dir='ltr'>et</span> <span class='ocrx_word' id='word_1_384' title='bbox 1835 3899 2302 3989; x_wconf 88' lang='lat' dir='ltr'>pestilentiae,</span> <span class='ocrx_word' id='word_1_385' title='bbox 2376 3912 2440 3968; x_wconf 92' lang='lat' dir='ltr'>et</span> <span class='ocrx_word' id='word_1_386' title='bbox 2510 3896 2753 3968; x_wconf 87' lang='lat' dir='ltr'>fames.</span> 
     </span>
     <span class='ocr_line' id='line_1_42' title="bbox 205 3986 2763 4079; baseline -0.002 -18"><span class='ocrx_word' id='word_1_387' title='bbox 205 3998 281 4061; x_wconf 86' lang='lat' dir='ltr'>Et</span> <span class='ocrx_word' id='word_1_388' title='bbox 324 3988 761 4079; x_wconf 89' lang='lat' dir='ltr'>quibusdam</span> <span class='ocrx_word' id='word_1_389' title='bbox 812 3988 1231 4078; x_wconf 88' lang='lat' dir='ltr'>interpositis</span> <span class='ocrx_word' id='word_1_390' title='bbox 1266 4043 1281 4069; x_wconf 92' lang='lat'>,</span> <span class='ocrx_word' id='word_1_391' title='bbox 1335 3987 1687 4073; x_wconf 83' lang='lat' dir='ltr'>adjunxit:</span> <span class='ocrx_word' id='word_1_392' title='bbox 1743 3993 1820 4056; x_wconf 91' lang='lat' dir='ltr'>Et</span> <span class='ocrx_word' id='word_1_393' title='bbox 1864 3987 2311 4078; x_wconf 86' lang='lat' dir='ltr'>eruntsigna</span> <span class='ocrx_word' id='word_1_394' title='bbox 2375 3989 2445 4055; x_wconf 91' lang='lat' dir='ltr'>in</span> <span class='ocrx_word' id='word_1_395' title='bbox 2499 3986 2642 4056; x_wconf 90' lang='lat' dir='ltr'>sole</span> <span class='ocrx_word' id='word_1_396' title='bbox 2696 3998 2763 4056; x_wconf 89' lang='lat' dir='ltr'>et</span> 
     </span>
     <span class='ocr_line' id='line_1_43' title="bbox 207 4075 2760 4166; baseline -0.001 -18"><span class='ocrx_word' id='word_1_397' title='bbox 207 4079 374 4150; x_wconf 90' lang='lat' dir='ltr'>luna</span> <span class='ocrx_word' id='word_1_398' title='bbox 420 4091 492 4149; x_wconf 87' lang='lat' dir='ltr'>et</span> <span class='ocrx_word' id='word_1_399' title='bbox 542 4076 783 4157; x_wconf 88' lang='lat' dir='ltr'>stellis,</span> <span class='ocrx_word' id='word_1_400' title='bbox 835 4088 902 4146; x_wconf 89' lang='lat' dir='ltr'>et</span> <span class='ocrx_word' id='word_1_401' title='bbox 949 4076 1019 4144; x_wconf 92' lang='lat' dir='ltr'>in</span> <span class='ocrx_word' id='word_1_402' title='bbox 1068 4078 1265 4148; x_wconf 89' lang='lat' dir='ltr'>terris</span> <span class='ocrx_word' id='word_1_403' title='bbox 1314 4099 1639 4166; x_wconf 88' lang='lat' dir='ltr'>pressura</span> <span class='ocrx_word' id='word_1_404' title='bbox 1677 4075 1986 4166; x_wconf 89' lang='lat' dir='ltr'>gentium</span> <span class='ocrx_word' id='word_1_405' title='bbox 2021 4098 2184 4165; x_wconf 88' lang='lat' dir='ltr'>prae</span> <span class='ocrx_word' id='word_1_406' title='bbox 2216 4075 2623 4146; x_wconf 87' lang='lat' dir='ltr'>confusione</span> <span class='ocrx_word' id='word_1_407' title='bbox 2653 4097 2760 4145; x_wconf 92' lang='lat' dir='ltr'>so—</span> 
     </span>
     <span class='ocr_line' id='line_1_44' title="bbox 210 4163 2762 4255; baseline -0.002 -18"><span class='ocrx_word' id='word_1_408' title='bbox 210 4171 397 4240; x_wconf 88' lang='lat' dir='ltr'>nitus</span> <span class='ocrx_word' id='word_1_409' title='bbox 450 4166 672 4237; x_wconf 88' lang='lat' dir='ltr'>maris</span> <span class='ocrx_word' id='word_1_410' title='bbox 718 4179 781 4235; x_wconf 91' lang='lat' dir='ltr'>et</span> <span class='ocrx_word' id='word_1_411' title='bbox 831 4165 1192 4234; x_wconf 88' lang='lat' dir='ltr'>fluctuum.</span> <span class='ocrx_word' id='word_1_412' title='bbox 1270 4170 1362 4234; x_wconf 87' lang='lat' dir='ltr'>Ex</span> <span class='ocrx_word' id='word_1_413' title='bbox 1407 4165 1663 4252; x_wconf 90' lang='lat' dir='ltr'>quibus</span> <span class='ocrx_word' id='word_1_414' title='bbox 1716 4165 2009 4255; x_wconf 81' lang='lat' dir='ltr'>profecto</span> <span class='ocrx_word' id='word_1_415' title='bbox 2056 4165 2382 4235; x_wconf 86' lang='lat' dir='ltr'>omnibus</span> <span class='ocrx_word' id='word_1_416' title='bbox 2429 4163 2565 4234; x_wconf 89' lang='lat' dir='ltr'>alia</span> <span class='ocrx_word' id='word_1_417' title='bbox 2611 4163 2762 4251; x_wconf 88' lang='lat' dir='ltr'>jam</span> 
     </span>
     <span class='ocr_line' id='line_1_45' title="bbox 206 4252 2760 4344; baseline -0.003 -18"><span class='ocrx_word' id='word_1_418' title='bbox 206 4257 384 4328; x_wconf 86' lang='lat' dir='ltr'>facta</span> <span class='ocrx_word' id='word_1_419' title='bbox 434 4253 819 4335; x_wconf 81' lang='lat' dir='ltr'>cernimuS,</span> <span class='ocrx_word' id='word_1_420' title='bbox 859 4253 994 4323; x_wconf 88' lang='lat' dir='ltr'>alia</span> <span class='ocrx_word' id='word_1_421' title='bbox 1021 4276 1058 4323; x_wconf 93' lang='lat' dir='ltr'>e</span> <span class='ocrx_word' id='word_1_422' title='bbox 1087 4254 1398 4344; x_wconf 80' lang='lat' dir='ltr'>proximo</span> <span class='ocrx_word' id='word_1_423' title='bbox 1434 4266 1718 4323; x_wconf 89' lang='lat' dir='ltr'>ventura</span> <span class='ocrx_word' id='word_1_424' title='bbox 1748 4252 2228 4322; x_wconf 79' lang='lat' dir='ltr'>formidamus,</span> <span class='ocrx_word' id='word_1_425' title='bbox 2282 4252 2449 4324; x_wconf 86' lang='lat' dir='ltr'>Nam</span> <span class='ocrx_word' id='word_1_426' title='bbox 2484 4265 2760 4342; x_wconf 85' lang='lat' dir='ltr'>gentem</span> 
     </span>
     <span class='ocr_line' id='line_1_46' title="bbox 208 4341 2755 4438; baseline -0.004 -23"><span class='ocrx_word' id='word_1_427' title='bbox 208 4367 421 4438; x_wconf 87' lang='lat' dir='ltr'>super</span> <span class='ocrx_word' id='word_1_428' title='bbox 477 4354 754 4435; x_wconf 88' lang='lat' dir='ltr'>gentem</span> <span class='ocrx_word' id='word_1_429' title='bbox 813 4363 1181 4433; x_wconf 86' lang='lat' dir='ltr'>exurgere,</span> <span class='ocrx_word' id='word_1_430' title='bbox 1241 4364 1618 4428; x_wconf 86' lang='lat' dir='ltr'>earumque</span> <span class='ocrx_word' id='word_1_431' title='bbox 1675 4363 2066 4432; x_wconf 91' lang='lat' dir='ltr'>pressuram</span> <span class='ocrx_word' id='word_1_432' title='bbox 2135 4343 2331 4412; x_wconf 91' lang='lat' dir='ltr'>terris</span> <span class='ocrx_word' id='word_1_433' title='bbox 2393 4341 2755 4417; x_wconf 88' lang='lat' dir='ltr'>insistere,</span> 
     </span>
     <span class='ocr_line' id='line_1_47' title="bbox 210 4425 2762 4526; baseline -0.004 -23"><span class='ocrx_word' id='word_1_434' title='bbox 210 4434 370 4526; x_wconf 88' lang='lat' dir='ltr'>plus</span> <span class='ocrx_word' id='word_1_435' title='bbox 412 4434 567 4524; x_wconf 83' lang='lat' dir='ltr'>jam</span> <span class='ocrx_word' id='word_1_436' title='bbox 632 4431 694 4499; x_wconf 90' lang='lat' dir='ltr'>in</span> <span class='ocrx_word' id='word_1_437' title='bbox 752 4432 1004 4500; x_wconf 87' lang='lat' dir='ltr'>nostris</span> <span class='ocrx_word' id='word_1_438' title='bbox 1036 4431 1599 4501; x_wconf 89' lang='lat' dir='ltr'>tribulationibus</span> <span class='ocrx_word' id='word_1_439' title='bbox 1651 4430 2024 4513; x_wconf 81' lang='lat' dir='ltr'>cernimuS,</span> <span class='ocrx_word' id='word_1_440' title='bbox 2056 4452 2261 4518; x_wconf 89' lang='lat' dir='ltr'>quam</span> <span class='ocrx_word' id='word_1_441' title='bbox 2301 4430 2370 4498; x_wconf 90' lang='lat' dir='ltr'>in</span> <span class='ocrx_word' id='word_1_442' title='bbox 2405 4425 2762 4497; x_wconf 87' lang='lat' dir='ltr'>codicibus</span> 
     </span>
    </p>
   </div>
  </div>
 </body>
</html>
