3327 4999
140 358 241 426 Ex
293 358 471 425 NOV.
525 359 608 424 26
1021 378 1098 424 DE
1147 377 1200 423 s.
1256 309 1476 423 Atvrlo
1524 375 1774 424 clomTA
2447 361 2563 425 7211

136 463 518 554 cujuslibet·
561 461 950 552 Scripturae
998 462 1271 532 divinae
1320 484 1570 553 capax,
1624 473 1976 550 tamquam
2044 482 2375 551 generosa
2433 463 2668 553 planta
2721 521 2722 532 ,

136 575 373 624 recens
423 553 750 644 plantata,
792 551 1221 642 spiritalibus
1264 551 1782 642 irrigationibus
1817 550 2085 641 pietatis
2119 550 2342 623 ferens
2372 550 2661 632 fructus,

140 655 218 713 ut
267 664 401 712 non
455 641 670 711 multo
721 652 873 732 post
919 641 1334 713 ostendetur.

229 734 265 819 ἓ
312 737 403 804 3.
456 730 713 801 Accidit
759 752 942 821 erg0,
994 742 1072 800 ut
1119 729 1237 799 illo
1288 743 1589 820 tempore
1629 739 1902 800 sanctae
1953 729 2319 799 memoriae
2368 729 2670 799 Theodo-

143 843 284 902 rus,
339 843 495 890 cum
529 820 614 890 ad
657 819 865 889 finem
918 819 1088 889 vitae
1149 819 1589 910 pervenisset,
1644 841 1810 888 suae
1859 818 2003 890 sedi
2059 840 2522 890 successorem
2567 841 2671 888 re-

142 910 417 997 liquerit
445 910 567 997 qui
613 921 757 979 erat
792 908 1101 998 ejusdem
1136 910 1339 998 cujus
1385 908 1532 999 ipse
1573 907 1876 978 nominis
1922 919 1987 977 et
2036 908 2344 977 moribus
2394 908 2666 979 similis.

141 999 603 1081 Quamobrem
654 1021 726 1066 se
774 1011 1124 1085 tamquam
1176 997 1451 1067 fratrem
1510 997 1876 1067 ostendens
1914 998 2062 1086 ejus
2109 998 2230 1084 qui
2281 1018 2668 1087 praecesse-

138 1101 266 1171 rat,
308 1088 505 1157 valde
541 1086 777 1156 dilexit
824 1085 1163 1177 Alypium.
1202 1087 1468 1156 Invenit
1496 1086 1680 1155 enim
1716 1108 1870 1156 vere
1918 1097 2147 1176 pastor
2175 1085 2390 1155 divini
2443 1098 2670 1176 pasto-

140 1179 239 1246 ris
288 1199 482 1248 ovem
535 1174 960 1257 rationalem,
1020 1177 1087 1244 in
1138 1177 1438 1247 bonitate
1484 1175 1896 1257 educatam,
1950 1175 2151 1264 cujus
2189 1175 2475 1264 juventa
2529 1188 2674 1245 erat

145 1268 263 1335 Dei
313 1268 555 1335 timore
603 1265 894 1334 munita.
950 1266 1215 1334 Invenit
1248 1266 1484 1335 ssorem
1535 1265 1796 1345 aetatis,
1841 1264 1960 1351 qui
2012 1263 2282 1333 nullum
2318 1264 2674 1354 proprium

140 1377 280 1443 quo
327 1354 651 1445 cognosci
700 1365 947 1444 posset,
1003 1353 1403 1425 ostendebat
1450 1354 1753 1445 signum.
1791 1359 1954 1424 Nam
2002 1352 2186 1440 quod
2219 1352 2287 1422 in
2338 1353 2360 1420 i
2414 1375 2489 1423 so
2521 1353 2675 1441 qui-

148 1444 306 1513 dem
356 1443 782 1524 cernebatur,
853 1443 1089 1513 multis
1138 1467 1287 1516 esse
1334 1443 1691 1513 videbatur
1745 1442 2149 1533 juventutis.
2204 1447 2348 1524 Quo
2444 1455 2672 1512 autem

146 1532 233 1602 ad
286 1532 436 1621 ejus
484 1554 708 1601 mores
762 1533 1255 1622 propemodum
1310 1533 1623 1615 venisset,
1671 1539 1906 1622 aperte
1946 1530 2344 1601 ostendebat
2390 1531 2516 1599 viri
2562 1553 2674 1600 sa-

146 1622 400 1712 pientis
446 1621 794 1691 canitiem:
847 1623 1175 1709 quoniam
1225 1634 1369 1692 erat
1406 1622 1611 1691 etiam
1660 1622 1728 1689 in
1780 1642 1858 1691 eo
1908 1620 2110 1691 timor
2151 1620 2286 1700 Dei,
2322 1619 2442 1707 qui
2481 1619 2676 1710 prin-

145 1711 212 1778 ci
269 1710 410 1780 ium
462 1711 835 1801 sapientiae
882 1710 1088 1780 efficit
1137 1711 1206 1779 in
1256 1711 1681 1780 hominibus.
1736 1715 1900 1780 Cum
1950 1722 2178 1780 autem
2221 1709 2489 1798 pietatis
2520 1729 2678 1799 ope-

142 1800 204 1869 ri
259 1822 340 1869 us
380 1799 571 1869 visus
617 1811 794 1870 esset
855 1801 1183 1870 omnibus
1237 1799 1678 1879 antecellere,
1732 1798 2087 1869 communi
2143 1797 2472 1888 suffragio
2517 1818 2677 1866 eum

147 1888 342 1979 eligit
403 1909 594 1960 sacer
640 1886 967 1960 ecclesiae
1013 1902 1269 1972 coetuS,
1322 1900 1400 1958 ut
1457 1909 1874 1959 oeconomus
1927 1897 2102 1957 esset
2175 1885 2671 1956 fidelissimus:

148 1976 480 2065 quoniam
531 1977 659 2047 hoc
729 1977 1098 2049 credebant
1158 1977 1472 2048 futurum
1520 1977 1847 2049 omnibus
1893 1976 2110 2047 utile:
2163 1996 2299 2045 non
2348 1974 2532 2064 quod
2580 1994 2682 2044 re-

150 2087 309 2135 rum
351 2065 568 2135 ullam'
616 2066 897 2138 haberet
941 2067 1455 2168 experientiam,
1519 2065 1635 2135 sed
1683 2066 1866 2168 quod
1916 2075 2094 2137 esset
2139 2063 2374 2134 divina
2431 2063 2679 2155 plenus

148 2153 628 2246 intelligentia.
679 2155 870 2238 Quod
918 2156 1198 2243 quidem
1248 2155 1649 2226 desideran‘s
1707 2178 1765 2225 is
1825 2154 1946 2243 qui
2009 2166 2172 2224 tunc
2220 2163 2532 2244 praeerat
2575 2174 2682 2223 ec·-

151 2242 446 2324 clesiae,
528 2244 737 2314 simul
785 2266 946 2314 eum
1023 2246 1177 2315 fecit
1249 2265 1701 2314 oeconomum
1749 2255 1813 2314 et
1859 2243 2229 2313 diaconum
2290 2242 2681 2312 divinorum

154 2345 769 2402 sacramentorum.
811 2339 1113 2403 Fuerunt
1139 2334 1304 2403 haec
1345 2333 1542 2423 signa
1581 2344 1772 2403 ortus
1817 2331 2060 2422 Alypii.
2096 2331 2216 2421 qui
2264 2332 2686 2402 educebatur

151 2421 238 2491 ad
292 2421 522 2491 vitam.
578 2421 687 2491 Sic
760 2444 955 2492 sacra
1003 2423 1069 2490 in
1149 2423 1365 2493 sacris
1426 2420 1715 2492 aedibus
1779 2421 1907 2491 fuit
1952 2420 2098 2490 ovis
2148 2419 2405 2491 nutrita
2463 2422 2550 2490 ab
2598 2419 2684 2489 iis

151 2533 327 2598 quos
377 2510 570 2602 prius
619 2511 921 2582 diximus
954 2513 1342 2602 pastoribus
1376 2510 1446 2580 in
1483 2511 1751 2602 pietate.
1791 2512 2122 2596 Quisnam
2153 2521 2380 2581 autem
2420 2521 2486 2580 et
2512 2532 2684 2599 qua-

154 2599 242 2669 lis
291 2599 495 2669 fuerit
544 2600 610 2668 in
653 2622 729 2668 ea
778 2622 952 2687 quae
1000 2602 1311 2689 sequitur
1356 2602 1516 2682 vita,
1562 2622 1698 2669 non
1754 2611 1930 2670 esset
1978 2622 2208 2669 meum
2261 2599 2509 2681 dicere,
2564 2599 2685 2688 qui

155 2701 434 2779 propter
481 2688 769 2759 dicendi·
808 2691 1248 2780 imperitiam,
1286 2690 1582 2782 gloriosa
1626 2690 1776 2780 ejus
1803 2689 1976 2760 facta
1999 2688 2221 2780 magis
2267 2687 2679 2768 diminuam,

154 2799 396 2866 quam,
451 2792 789 2867 quantum
852 2783 1228 2869 oporteret,
1283 2778 1635 2852 ostendam
1699 2779 2097 2851 veritatem:
2150 2778 2376 2848 dicam
2426 2788 2679 2857 tamen,

154 2868 225 2936 in
268 2868 481 2957 patris
530 2867 662 2938 mei
703 2869 996 2959 egregiis
1043 2869 1319 2940 dotibus
1356 2868 1669 2956 jucunde
1715 2891 2019 2939 versans:
2071 2879 2136 2938 et
2184 2866 2468 2938 fortasse
2516 2888 2689 2937 non-

153 2956 421 3027 nullam
479 2957 769 3027 narrabo
812 2958 1189 3048 portionem
1240 2979 1478 3029 eorum
1528 2979 1706 3046 quae
1752 2959 1839 3029 ab
1888 2959 2038 3050 ipso
2086 2968 2265 3028 recte
2311 2969 2376 3027 et
2421 2979 2500 3026 ex
2551 2955 2686 3025 vir-

156 3058 301 3116 tute
332 3057 523 3135 gesta
570 3059 754 3116 sunt.

246 3137 282 3220 §
333 3140 417 3207 4.
474 3135 778 3205 Habebat
826 3140 1035 3206 Deum
1089 3137 1156 3205 in
1226 3148 1453 3207 mente
1496 3136 1832 3228 Alypius:
1883 3135 2176 3207 habebat
2224 3144 2452 3205 autem
2515 3139 2692 3203 Deus

156 3244 431 3310 quoque
464 3225 745 3293 omnino
793 3224 1139 3315 Alypium:
1178 3238 1243 3295 et
1290 3225 1758 3297 recordatione
1805 3226 2161 3295 beatorum
2214 3225 2364 3315 ejus
2419 3244 2694 3313 praece-

210 3325 459 3391 torum,
515 3311 785 3382 animae
834 3335 1087 3403 purum
1130 3326 1195 3382 et
1243 3313 1552 3384 lucidum
1618 3315 1881 3385 habens
1928 3313 2247 3395 oculum,
2300 3311 2694 3383 considera-

159 3333 277 3471 bat
330 3400 398 3469 in
454 3421 868 3488 unoquoque
917 3413 1243 3502 tempore,
1314 3402 1649 3490 quidnam
1701 3425 1913 3494 agens
1997 3403 2069 3471 in
2145 3401 2483 3493 praesenti
2530 3400 2688 3481 vita,

157 3501 383 3580 posset
449 3488 690 3559 audire
737 3489 1004 3559 beatam
1057 3489 1243 3559 illam
1300 3513 1571 3572 vocem,
1626 3496 1812 3582 Euqe
1858 3515 2042 3561 serve
2116 3494 2274 3561 bone
2321 3501 2383 3559 ct
2441 3490 2686 3579 fidelis,

160 3578 427 3647 Invenit
480 3591 708 3648 autem
762 3579 1073 3668 protinus
1121 3578 1534 3649 solutionem
1582 3581 1732 3670 ejus
1764 3635 1779 3661 ,
1833 3579 2013 3667 quod
2063 3579 2540 3667 quaerebatur,
2607 3581 2695 3649 ab

160 3689 240 3738 eo
290 3668 462 3758 ipso,
518 3689 721 3754 quem
771 3668 1223 3751 desiderabat,
1278 3668 1539 3737 Christo
1570 3667 1815 3739 doctus
1863 3668 2135 3759 pietatis
2182 3668 2522 3739 semitam.
2573 3672 2697 3738 Bo-

160 3778 294 3826 nus
341 3756 525 3825 enim
594 3767 824 3847 pastor
870 3756 989 3845 qui
1058 3780 1180 3848 pro
1229 3779 1434 3848 grege
1482 3779 1679 3828 suam
1749 3758 1977 3848 posuit
2041 3757 2370 3838 animam,
2425 3762 2732 3848 portam'

159 3847 365 3915 etiam
415 3846 711 3915 ostendit
757 3846 864 3927 iis,
918 3847 1037 3934 qui
1110 3846 1425 3916 volebant
1474 3846 1786 3937 pulsare,
1840 3845 2072 3917 omnia
2139 3846 2562 3916 constituens
2610 3844 2697 3914 ad

162 3935 456 4005 salutem
509 3947 894 4017 amatorum
949 3936 1140 4026 regni
1199 3935 1571 4005 coelorum.
1626 3936 1930 4006 Primum
1982 3936 2260 4024 quidem
2311 3934 2570 4015 dicenS,
2625 3945 2700 4004 ut

162 4029 375 4094 Deum
408 4034 543 4093 tota
589 4023 822 4094 anima
854 4023 1256 4114 diligamus:
1296 4024 1600 4095 secundo
1652 4048 1830 4106 vero,
1886 4037 1961 4095 ut
1993 4025 2053 4094 ei
2087 4024 2388 4095 debitam
2440 4025 2701 4094 tribua-

164 4135 321 4184 mus
369 4111 840 4183 reverentiam.
897 4112 1152 4182 Deinde
1180 4112 1265 4183 ad
1307 4112 1619 4183 altiorem
1654 4115 1970 4205 pietatem
2020 4126 2084 4184 et
2130 4113 2699 4205 perfectissimam

165 4201 280 4271 Dei
327 4202 728 4273 charitatem
765 4203 1154 4284 traducens,
1191 4202 1485 4275 venditis
1514 4203 1843 4274 omnibus
1880 4225 2058 4291 quae
2108 4225 2241 4273 non
2283 4203 2694 4284 consistunt,

161 4287 601 4362 facultatibus
648 4305 714 4362 et
762 4292 831 4361 in
882 4292 1086 4363 rebus
1123 4302 1403 4361 manent
1449 4291 1914 4373 inferioribuS,
1968 4315 2085 4363 eas
2121 4292 2321 4383 jubet
2372 4290 2700 4383 suppedi-

163 4391 306 4450 tare
352 4380 796 4472 pauperibus:
849 4393 913 4451 et
964 4381 1221 4451 nudam
1275 4381 1572 4451 tollendo
1606 4404 1905 4459 crucem,
1950 4383 2099 4473 ejus
2147 4382 2336 4469 sequi
2381 4381 2692 4470 vestigia.

164 4470 525 4559 Oportebat
556 4492 716 4562 ergo
765 4470 1114 4541 hominem
1150 4469 1289 4553 Dei,
1343 4472 1697 4561 oportebat
1749 4470 2125 4543 maximum
2165 4469 2352 4558 quod
2402 4469 2702 4540 restabat

327 4591 566 4650 surius
600 4620 624 4635 -
664 4587 818 4653 Vitae
843 4591 946 4654 SS.
979 4622 1001 4635 -
1030 4589 1153 4652 Vol.
1198 4587 1295 4649 111.
2471 4590 2547 4645 46
