3327 4999
205 228 456 294 MART.
513 230 593 294 49
955 247 1035 293 nn
1083 246 1175 294 ss.
1227 244 1595 293 LANnoAmo
1640 245 1717 292 m
1764 240 2044 291 annno
2311 268 2314 273 ,
2467 250 2472 253 ⁷
2532 226 2647 290 36⁴

205 333 463 423 pariter
494 331 843 421 responsis
890 331 1262 413 visionum,
1299 353 1414 402 eos
1450 329 1642 400 illinc
1674 350 1835 400 cum
1868 329 2081 420 digna
2121 328 2498 399 reverentia
2528 341 2747 399 trans-

206 420 386 503 tulit,
435 433 499 490 et
545 442 781 490 eorum
835 421 1111 513 tumbas
1158 442 1283 511 pro
1332 419 1782 511 possibilitate
1831 441 1958 489 sua
2006 418 2315 487 decorari
2369 418 2741 487 mandavit.

201 515 406 580 Facta
442 519 543 579 est
588 521 817 578 autem
857 509 1025 579 haec
1057 509 1412 580 translatio
1440 508 1754 577 Calendis
1789 507 2204 588 DecembriS,
2233 528 2371 594 quo
2401 506 2511 575 die
2537 517 2600 576 et
2628 507 2743 575 de-

199 599 618 669 dicationem
664 597 974 688 ejusdem
1023 598 1349 668 ecclesiae
1397 620 1611 688 supra
1643 596 1950 666 diximus
1983 608 2456 666 memoratam.
2498 596 2748 665 Mansit

195 710 361 758 vero
410 687 649 767 honor,
702 686 932 758 cultus
977 699 1043 756 et
1089 687 1463 757 reverentia
1510 686 1696 756 circa
1745 700 2140 756 sanctorum
2192 706 2514 776 corpora,
2576 706 2751 771 quo-

195 776 518 864 adusque
563 778 767 846 efl'era
814 798 984 864 gens
1030 782 1635 857 Nortmannorum,
1683 775 1967 846 sedibus
2013 774 2162 844 suis
2212 796 2347 843 non
2399 786 2740 855 contenta,

195 877 416 937 totam
469 887 640 955 pene
687 863 976 935 Galliam
1031 865 1475 955 perturbavit:
1514 876 1579 934 et
1612 864 1854 934 timore
1902 862 2286 953 eruptionis
2346 884 2608 943 eorum,
2663 884 2750 931 ne

193 966 599 1024 sanctorum
645 954 1067 1023 violarentur
1114 954 1338 1036 busta,
1376 965 1593 1023 terrae
1641 964 1801 1022 sunt
1849 974 1889 1021 a
1937 950 2260 1020 fidelibus
2309 950 2736 1020 remandata.

192 1044 381 1114 Huic
428 1041 830 1133 repositioni
878 1042 1187 1112 interfuit
1281 1043 1514 1112 uidam
1559 1047 1968 1131 FrangeruS,
2016 1040 2219 1108 homo
2248 1051 2479 1108 nostra
2525 1051 2744 1109 aetate

191 1133 641 1211 senissimus
678 1132 798 1218 qui
844 1144 909 1201 et
965 1145 1121 1202 ante
1170 1132 1236 1200 in
1270 1131 1670 1202 estationem
1723 1150 2177 1230 paganorum,
2216 1150 2457 1198 novem
2509 1128 2738 1211 anniS‚

186 1221 406 1291 villae
451 1220 756 1311 ejusdem
789 1220 1095 1290 extiterat
1129 1233 1532 1311 procurator
1577 1231 1642 1289 et
1687 1219 1984 1287 villicus.
2026 1216 2539 1286 Hildebrandus
2568 1237 2742 1303 quo-

189 1332 339 1398 que
389 1311 765 1399 presbyter,
813 1331 1018 1396 quem
1070 1310 1347 1400 propria
1396 1330 1606 1377 manu
1654 1321 1812 1376 ante
1858 1328 2076 1376 annos
2128 1305 2491 1375 tumulavit
2545 1310 2743 1374 Sara-

188 1400 439 1471 bertus
486 1418 700 1485 aeque
748 1399 1151 1487 presbyter,
1207 1399 1420 1488 hujus
1467 1396 1748 1466 notitiae
1795 1397 2044 1466 relator
2090 1393 2565 1476 fidelissimus,
2620 1394 2743 1481 qui

187 1501 265 1558 et
332 1487 552 1567 haee,
607 1508 784 1573 quae
880 1487 1366 1567 raemisimuS,
1420 1486 1507 1555 ab
1558 1485 1795 1554 eodem
1861 1490 2200 1574 Frangero
2247 1494 2742 1553 commemorat

190 1576 445 1645 multis
492 1576 835 1646 attestanti
886 1598 970 1644 us
1020 1598 1089 1645 se
1137 1575 1436 1656 audisse,
1490 1586 1553 1643 et
1592 1573 1903 1643 libellum
1956 1573 2041 1641 de
2090 1572 2224 1642 vita
2271 1571 2743 1662 eorum.pari-

188 1676 305 1735 ter
352 1663 626 1734 vidisse.
691 1668 903 1745 Quem
954 1665 1118 1750 quia
1165 1664 1555 1750 antiquaria
1605 1684 1817 1732 manu
1864 1674 2356 1732 commemorat
2403 1660 2740 1751 scriptum

189 1763 268 1824 et
306 1775 345 1821 a
378 1752 729 1823 stillicidio
776 1775 969 1823 cerae
1019 1761 1190 1843 pene
1230 1752 1564 1832 infusum,
1605 1751 1923 1821 lectorem
1965 1751 2120 1838 ejus
2153 1772 2285 1819 non
2332 1750 2737 1839 ignoramus

189 1842 419 1911 fuisse
477 1863 860 1932 perrarum.
925 1848 1001 1910 At
1067 1864 1223 1911 vero
1283 1863 1460 1928 quae
1520 1840 1851 1910 hactenus
1921 1840 2164 1929 paucis
2211 1839 2740 1938 perstrinximus

190 1930 452 2017 verbis,
491 1929 684 1999 illinc
737 1951 809 1999 se
858 1930 1218 2009 delibasse,
1279 1952 1377 1999 nu
1429 1929 1719 1997 errimae
1767 1950 1922 1997 vero
1982 1929 2374 1997 incursmne
2421 1932 2741 2017 Hungro-

193 2041 391 2097 rum,
448 2031 723 2109 propter
770 2019 1110 2088 incuriam
1161 2030 1353 2088 custo
1411 2018 1511 2086 iae
1544 2072 1560 2099 ,
1621 2038 1779 2087 cum
1831 2017 1987 2087 aliis
2036 2017 2242 2086 rebus
2290 2015 2607 2085 eumdem
2662 2014 2743 2084 li-

189 2106 467 2179 bellum
514 2108 951 2198 deflagrasse.
1009 2108 1135 2177 Sed
1185 2109 1352 2177 haec
1400 2106 1757 2177 hactenus.
2674 2154 2684 2161 ›

289 2198 328 2284 ξ
377 2200 468 2266 6.
524 2202 678 2266 Post
723 2197 1278 2266 Nortmannicam
1328 2210 1552 2264 autem
1605 2192 2096 2294 repulsionem,
2135 2193 2406 2283 primus
2452 2191 2737 2279 quidam

192 2283 647 2355 'thietboldus
722 2284 948 2354 locum
1026 2285 1532 2376 praelibatum,
1585 2284 1708 2354 ubl
1756 2303 2041 2372 corpora
2092 2296 2486 2351 sanctorum
2536 2292 2734 2351 erant

196 2374 522 2464 reposita,
559 2397 599 2441 a
629 2375 883 2443 Comite
922 2373 1346 2455 Flandrensi,
1393 2374 1747 2442 Abbatiam
1783 2372 2004 2441 sancti
2042 2370 2457 2440 confessoris
2489 2368 2737 2439 Christi

196 2464 493 2533 Bavonis
524 2475 816 2546 tenente,
852 2463 1114 2555 aceepit
1152 2464 1310 2554 jure
1349 2461 1689 2532 beneficii:
1727 2471 1878 2551 post
1909 2480 2065 2529 eum
2105 2458 2566 2550 Adelgandus.
2607 2459 2737 2542 Qui

198 2552 430 2642 potius
461 2553 858 2642 cogitantes,
902 2575 1077 2640 quae
1117 2565 1278 2622 sunt
1329 2551 1593 2633 mundi,
1628 2572 1834 2639 quam
1871 2571 2047 2636 quae
2081 2549 2371 2628 Domini,
2433 2547 2736 2635 aliquem

197 2643 614 2711 reverentiae
661 2641 923 2711 cultum
979 2647 1381 2712 Sanctorum
1435 2639 2020 2731 parvipenderunt
2053 2638 2398 2725 reliquum
2432 2659 2580 2707 esse
2609 2637 2735 2705 ho-

196 2730 378 2799 nori.
416 2729 749 2813 Quocirca
797 2729 1128 2821 paulatim
1181 2731 1418 2800 haberi
1469 2730 1693 2819 coepit
1740 2727 2191 2817 contemptui.
2227 2732 2308 2796 Ut
2349 2748 2508 2796 vero
2536 2730 2729 2810 Aper,

192 2833 473 2890 nostrae
518 2820 719 2889 aetati
794 2820 1180 2899 finitimus,
1233 2840 1391 2888 cum
1444 2817 1607 2886 filiis
1654 2817 1882 2885 locum
1951 2816 2259 2906 precario
2307 2816 2590 2884 sortitus
2637 2825 2738 2883 est

192 2909 454 2994 ipsum,
501 2909 644 2998 jam
696 2909 919 2997 ipsius
971 2909 1082 2978 Dei
1121 2908 1364 2976 timore
1414 2906 1810 2997 postposito,
1855 2900 2146 2974 ecclesia
2194 2905 2346 2994 ipsa
2394 2926 2529 2973 non
2591 2915 2739 2973 tan-

189 3009 345 3066 tum
386 2998 614 3065 Sancti
656 2997 912 3066 honore
960 2996 1344 3077 condebitO,
1380 3017 1613 3064 verum
1668 3016 1793 3078 suo
1842 2994 2124 3063 omnino
2172 3006 2459 3062 vacuata
2501 3004 2603 3061 est
2631 3014 2739 3062 or-

188 3097 543 3154 namentO.
570 3085 1012 3155 Wamboldus
1042 3085 1365 3174 deinceps
1393 3084 1461 3152 in
1487 3084 1796 3154 dominio
1820 3082 2126 3173 ejusdem
2152 3083 2483 3152 successit
2502 3080 2727 3163 villae,

186 3173 317 3243 ubi
362 3186 427 3243 et
473 3175 737 3265 accepit
798 3175 1027 3244 locum
1076 3173 1493 3264 sepulturae.
1558 3178 1685 3241 Pro
1733 3172 1937 3261 cujus
1987 3171 2488 3252 tumulatione,
2545 3170 2735 3241 filius

190 3262 448 3331 deinde
503 3264 653 3353 ejus
718 3264 1160 3344 Lambertus‚
1215 3261 1443 3331 cordis
1492 3274 1711 3330 tactus
1775 3273 1877 3329 est
1923 3259 2278 3329 devotione
2309 3315 2325 3341 ,
2377 3272 2455 3329 ut
2503 3258 2729 3328 locum

188 3351 383 3421 hunc
429 3351 705 3421 deberet
749 3353 1093 3431 excolere,
1152 3350 1538 3442 pariterque
1590 3348 2083 3418 miraculorum
2118 3404 2133 3431 ,
2195 3370 2373 3436 quae
2418 3347 2562 3417 illic
2612 3346 2732 3417 fie-

187 3440 383 3520 bant,
419 3463 801 3531 suspensus
848 3440 1338 3510 admonitione.
1393 3444 1699 3524 Namque
1745 3438 2433 3527 domino-praedium
2498 3437 2732 3526 ipsum

188 3528 324 3600 sibi
359 3539 524 3599 tunc
575 3529 995 3610 vendicante,
1058 3551 1095 3596 a
1145 3527 1415 3609 vicinis,
1470 3527 1966 3618 praeeuntibus
2011 3525 2398 3596 inimicitiis
2445 3525 2734 3612 quibus-

185 3617 378 3699 dam,
431 3617 829 3700 dissidente,
875 3617 1140 3687 familia
1187 3617 1408 3707 ipsius
1447 3616 1650 3685 villae
1699 3615 1868 3685 telas
1900 3628 1964 3684 et
2001 3613 2175 3684 alias
2221 3626 2460 3695 vestes,
2500 3614 2583 3683 ad
2620 3636 2732 3684 ec-

186 3706 477 3777 clesiam
516 3705 917 3798 confugium
959 3706 1240 3787 faciens,
1286 3726 1494 3794 super
1527 3718 1924 3774 sanctorum
1965 3703 2242 3773 tumbas
2273 3702 2543 3787 abjecit.
2580 3707 2733 3772 Pre-

185 3796 423 3886 sbyter
467 3817 505 3865 e
551 3809 785 3864 contra
826 3794 1228 3865 Sarabertus
1275 3794 1520 3863 exinde
1566 3816 1647 3863 ea
1694 3791 2104 3863 deturbavit.
2179 3791 2307 3861 Sed
2347 3792 2433 3862 iis
2481 3792 2732 3860 iterum

185 3906 227 3954 a
273 3883 540 3954 familia
584 3884 946 3975 reportatis
995 3883 1277 3965 ibidem,
1331 3895 1397 3953 et
1446 3883 1845 3973 presbytero
1901 3879 2249 3962 deterrito,
2295 3903 2381 3950 ne
2435 3880 2732 3950 ulterius

188 3974 534 4044 resisteret
579 3974 702 4054 εἰς,
758 3995 888 4042 nox
936 3972 1352 4061 supervenit,
1388 3970 1654 4040 familia
1703 3971 1855 4062 ipsa
1902 3968 2278 4039 dormitum
2330 3992 2402 4040 se
2450 3969 2723 4039 locavit.

193 4065 386 4131 Mane
424 4061 906 4156 expergefacti,
949 4061 1183 4131 vident
1239 4061 1586 4151 insperato
1636 4071 1702 4130 et
1749 4061 1898 4130 sine
1945 4080 2070 4128 sua
2124 4057 2420 4129 laesione
2454 4058 2623 4128 telas
2669 4070 2734 4129 et

192 4170 369 4237 quae
410 4152 872 4242 deposuerant
918 4150 1239 4221 ambusta
1284 4171 1456 4219 esse.

278 4242 316 4326 ξ
360 4244 436 4311 2.
491 4246 608 4311 Est
664 4250 1014 4331 praeterea
1079 4237 1579 4339 phylacterium
1614 4237 1830 4338 ‘quod
1895 4258 2051 4306 vere
2114 4236 2372 4307 dicitur
2436 4240 2502 4305 S.
2558 4241 2727 4304 Lan-

186 4326 417 4400 doaldi
463 4328 679 4400 fuisse
725 4328 1128 4421 proprium,
1188 4349 1259 4396 ιη
1314 4349 1451 4415 quo
1510 4348 1630 4414 qu1
1689 4327 2041 4418 perJurare
2097 4324 2515 4417 praesumit,
2582 4344 2720 4392 non
