3327 4999
717 328 843 392 438
1521 346 1599 391 ΒΕ
1648 347 1703 392 s.
1759 342 2073 393 caesonio
2122 345 2283 391 ΡΑΡΑ
2786 325 3012 390 MART.
3061 325 3126 388 ⁴¹12
3242 347 3245 420 i

620 443 881 501 vestrae
927 429 1346 500 venerationi
1393 442 1656 516 quanta
1700 430 2056 500 devotione
2103 429 2591 508 substernitur,
2636 427 2897 518 explere
2934 427 3126 495 verbis
3238 479 3245 542 5

621 541 909 606 nequeo.
962 525 1091 588 Nec
1141 531 1370 587 tamen
1421 542 1528 587 me
1578 519 1864 608 prodere
1913 519 2171 597 laboro,
2228 518 2391 605 quia
2422 533 2489 586 et
2523 539 2631 586 me
2662 529 2914 586 tacente
2944 517 3007 585 in
3038 539 3127 585 ve-

623 621 760 679 stro
807 608 1011 677 corde
1059 608 1308 698 legitis,
1361 607 1530 694 quid
1578 607 1662 676 de
1713 631 1864 676 mea
1893 608 2249 677 devotione
2282 607 2617 676 sentiatis.
2672 606 2869 674 Miror
2900 617 3122 684 autem,

620 697 803 784 quod
856 697 925 765 in
979 721 1086 766 me
1125 695 1407 765 collatas
1439 696 1709 765 dudum
1749 697 2205 765 continentias
2245 708 2526 775 vestras,
2564 718 2645 764 ex
2679 695 2804 766 hac
2838 694 3128 763 moderna
3242 659 3245 752 l

627 785 989 877 pastoralis
1036 784 1243 854 officii
1291 785 1712 854 continentia
1761 785 2211 855 distraxistis:
2270 786 2337 852 in
2387 807 2521 876 qua
2573 785 2704 853 sub
2752 784 2966 853 colore
3007 782 3130 871 epi·

629 887 950 964 scopatus
998 874 1082 943 ad
1136 874 1446 944 seculum
1497 897 1651 943 sum
1705 873 2052 954 reductu5‚
2107 875 2178 942 in
2227 896 2365 959 qua
2415 874 2621 942 tantis
2673 873 2948 941 terrenis
2973 870 3132 941 curis

622 963 945 1042 inservi0‚
999 963 1277 1050 quantis
1327 985 1434 1030 me
1485 965 1553 1031 in
1606 963 1741 1031 vita
1772 962 1947 1032 laica
1984 985 2421 1049 nequaquam
2464 963 2850 1031 deseruisse
2884 959 3131 1030 remini-

623 1074 798 1121 scor.
853 1052 997 1121 Alta
1044 1053 1228 1120 enim
1278 1052 1529 1138 quietis
1579 1073 1770 1121 meae
1818 1052 2072 1141 gaudia
2123 1051 2416 1142 perdidi,
2470 1064 2535 1120 et
2584 1051 2773 1120 intus
2810 1070 3124 1126 corruens,

623 1141 1017 1210 ascendisse
1061 1140 1358 1209 exterius
1405 1140 1662 1210 videor.
1724 1141 1911 1209 Unde
1950 1164 2059 1209 me
2102 1163 2142 1209 a
2175 1140 2558 1210 Conditoris
2590 1140 2727 1208 mei
2759 1140 2927 1208 facie
2964 1139 3129 1225 longe

627 1229 991 1318 expulsum
1052 1230 1356 1319 deploro.
1445 1231 1754 1299 Conabar
1816 1252 2114 1316 namque
2166 1229 2472 1316 quotidie
2521 1241 2712 1297 extra
2779 1228 3128 1302 mundum,

622 1334 810 1387 extra
858 1340 1134 1387 carnem
1188 1318 1359 1398 fieri,
1417 1330 1667 1387 cuncta
1715 1318 2198 1408 phantasmata
2246 1318 2556 1408 corporis
2604 1318 2691 1386 ab
2725 1317 2941 1386 oculis
2977 1336 3133 1385 men-

627 1408 712 1476 tis
746 1408 1043 1497 abigere,
1082 1417 1149 1476 et
1180 1429 1483 1496 superna
1511 1407 1769 1496 gaudia
1817 1406 2337 1497 incorporaliter
2386 1406 2651 1475 videre:
2706 1421 2771 1475 et
2821 1429 2952 1474 non
3001 1403 3132 1474 solis

623 1497 953 1574 vocibus.
1007 1496 1122 1565 sed
1190 1496 1343 1565 totis
1410 1496 1734 1566 medullis
1800 1496 2027 1565 cordis
2092 1495 2176 1564 ad
2248 1496 2365 1565 Dei
2424 1496 2724 1586 speciem
2789 1495 3130 1570 anhelanS,

628 1584 989 1655 dicebam:
1043 1585 1190 1654 Tibi
1240 1585 1408 1653 dixit
1454 1608 1570 1655 cor
1619 1607 1877 1665 meum,
1931 1585 2237 1671 quaesivi
2286 1584 2553 1654 vultum
2606 1598 2804 1653 tuum
2836 1640 2850 1665 ‚
2904 1582 3132 1652 vultum

629 1686 826 1743 tuum
882 1674 1164 1742 Domine
1217 1674 1589 1760 requiram.
1655 1673 1833 1742 Nihil
1888 1686 2117 1742 autem
2173 1674 2242 1742 in
2303 1674 2429 1742 hoc
2492 1674 2756 1742 mundo
2817 1683 3130 1764 appetens,

627 1762 800 1830 nihil
875 1762 1408 1851 pertimescens,
1493 1762 1775 1831 videbar
1845 1763 2017 1831 mihi
2089 1763 2156 1830 in
2225 1762 2526 1849 quodam
2610 1784 2847 1831 rerum
2926 1759 3134 1830 vertice

625 1864 834 1931 stare,
892 1851 982 1919 ita
1030 1862 1105 1919 ut
1153 1852 1222 1919 in
1277 1873 1385 1919 me
1441 1873 1612 1941 pene
1660 1852 2024 1942 impletum
2080 1851 2457 1933 crederent,
2510 1851 2696 1938 quod
2748 1850 3135 1941 pollicitante

627 1940 914 2008 Domino
970 1962 1052 2008 ex
1109 1940 1438 2030 propheta
1500 1939 1942 2009 didicissem:
2015 1939 2383 2010 sustollam
2467 1954 2527 2009 te
2596 1962 2810 2029 super
2870 1936 3135 2007 altitudi-

631 2051 754 2098 nes
816 2041 1054 2097 terrae.
1129 2034 1348 2119 Super
1412 2028 1810 2098 altitudines
1873 2029 2122 2097 etenim
2191 2041 2411 2097 terrae
2475 2029 2889 2108 sustollitur,
2951 2026 3136 2114 quiet

631 2118 806 2207 ipsa,
859 2140 1037 2203 quae
1064 2118 1201 2186 alta
1232 2141 1311 2187 ac
1343 2118 1641 2208 gloriosa
1676 2117 2051 2208 praesentis
2091 2118 2409 2186 videntur
2455 2118 2694 2198 seculi,
2752 2139 2878 2205 per
2927 2113 3136 2184 mentis

625 2207 1025 2293 despectum
1073 2207 1313 2275 calcat.
1370 2207 1496 2276 Sed
1547 2219 1824 2298 repente
1870 2230 1910 2275 a
1957 2228 2189 2275 rerum
2239 2206 2483 2275 vertice
2532 2206 2931 2277 tentationis
2960 2204 3136 2298 hujus

633 2295 909 2365 turbine
957 2295 1328 2385 impulsus,
1382 2296 1466 2364 ad
1510 2297 1790 2365 timores
1826 2317 2245 2385 pavoresque
2276 2295 2546 2364 corrui:
2602 2296 2777 2377 Quia
2826 2294 2951 2364 etsi
3000 2291 3136 2362 miln

632 2384 807 2452 nihil
859 2385 1086 2464 timeo,
1139 2385 1238 2454 eis
1289 2397 1540 2464 tamen,
1596 2386 1763 2471 quia
1810 2385 1981 2452 mihi
2029 2384 2384 2454 commissi
2439 2395 2623 2465 sunt,
2687 2384 2988 2454 multum
3032 2380 3136 2448 for-

633 2473 845 2542 mido.
922 2474 1233 2562 Undique
1298 2495 1668 2543 causarum
1737 2474 2063 2544 fluctibus
2122 2472 2436 2560 quatior,
2508 2495 2587 2542 ac
2653 2469 3142 2564 tempestatibus

631 2563 1003 2652 deprimor,
1059 2564 1151 2633 ita
1199 2577 1276 2632 ut
1324 2574 1499 2631 recte
1539 2562 1804 2631 dicam:
1851 2562 2013 2631 Veni
2046 2563 2114 2630 in
2149 2562 2585 2632 altitudinem
2622 2563 2864 2643 maris,
2900 2574 2963 2631 et
3001 2573 3139 2628 tem-

629 2664 857 2742 pestas
905 2652 1230 2721 demersit
1279 2673 1411 2719 me.
1465 2650 1711 2720 Redire
1762 2664 1911 2741 post
1956 2673 2202 2719 causas
2251 2651 2335 2720 ad
2369 2674 2488 2721 cor
2520 2651 2864 2734 desidero,
2906 2649 3017 2720 sed
3049 2668 3143 2715 va-

627 2741 737 2809 nis
785 2741 872 2808 ab
918 2762 996 2809 eo
1044 2739 1536 2830 cogitationum
1590 2741 2003 2809 tumultibus
2035 2740 2380 2819 exclusus,
2423 2740 2646 2808 redire
2680 2762 2818 2809 non
2862 2756 3138 2840 possum.

627 2834 706 2898 Et
752 2829 880 2898 hoc
929 2851 1091 2919 ergo
1141 2827 1312 2896 mihi
1363 2827 1564 2917 longe
1611 2828 1868 2897 factum
1918 2840 2041 2909 est,
2096 2828 2280 2914 quod
2329 2829 2510 2897 intra
2561 2850 2667 2897 me
2698 2840 2826 2911 est„
2866 2841 2957 2898 ita
2986 2839 3055 2895 ut
3079 2845 3140 2891 o-

627 2917 861 2986 bedire
909 2939 1239 3002 nequeam
1295 2916 1731 3005 propheticae
1778 2918 1947 2999 voci,
2001 2940 2137 3003 qua
2187 2917 2462 2997 dicitur,
2500 2917 2712 2987 redite
2748 2917 3144 3008 praevarica-

629 3018 806 3075 tores
854 3006 939 3074 ad
988 3029 1128 3075 cor.
1183 3005 1309 3073 Sed
1360 3004 1587 3074 stultis
1638 3027 1915 3094 pressus
1963 3006 2518 3095 cogitationibuS‚
2574 3006 3010 3076 solummodo
3051 3023 3142 3070 ex-

627 3094 926 3163 clamare
974 3093 1372 3183 compellor,
1427 3105 1493 3162 et
1538 3116 1655 3162 cor
1703 3116 1935 3163 meum
1986 3094 2349 3181 dereliquit
2397 3116 2528 3163 me.
2595 3093 3145 3185 Contemplativae

627 3184 802 3252 vitae
834 3181 1420 3272 pulchritudinem
1455 3182 1639 3252 velut
1669 3183 2033 3252 Rachelem
2067 3183 2274 3251 dilexi
2305 3183 2631 3263 sterilem,
2671 3184 2790 3254 sed
2829 3184 3142 3252 videntem

628 3286 708 3341 ac
757 3272 1144 3362 pulchram.
1197 3273 1389 3354 Quae
1436 3272 1561 3341 etsi
1613 3294 1733 3361 per
1764 3273 2061 3358 quietem
2104 3295 2303 3341 suam
2338 3273 2573 3341 minus
2607 3286 2912 3363 generat,
2949 3274 3145 3341 lucem
3240 3296 3245 3361 ἕ

628 3373 856 3430 tamon
907 3360 1233 3430 subtilius
1280 3359 1482 3429 videt.
1540 3361 1665 3428 Sed
1717 3383 1854 3447 quo
1893 3360 2161 3461 judicio
2202 3361 2456 3442 nesci0‚
2513 3360 2627 3429 Lia
2669 3362 2843 3430 mihi
2875 3362 2943 3430 in
2980 3358 3147 3428 nocte
3242 3364 3247 3429 l

629 3450 997 3538 conjuncta
1043 3461 1166 3529 est,
1219 3450 1437 3519 activa
1487 3449 1800 3519 videlicet
1847 3464 2004 3529 vita,
2060 3449 2431 3530 foecunda,
2489 3449 2607 3519 sed
2659 3450 2875 3540 lippa,
2942 3449 3150 3517 minus
3196 3517 3200 3523 ,
3240 3432 3245 3559 ff

627 3539 892 3618 videm,
945 3538 1262 3624 quamvis
1310 3538 1615 3627 amplius
1667 3538 1965 3627 pariens.
2022 3539 2265 3607 Sedere
2303 3538 2387 3607 ad
2435 3539 2640 3629 pedes
2686 3540 2976 3616 Domini,
3010 3553 3148 3604 cum

630 3627 839 3696 Maria
891 3627 1241 3708 festinavi,
1296 3627 1500 3695 verba
1548 3627 1689 3697 oris
1736 3626 1890 3713 ejus
1940 3628 2324 3718 percipere:
2379 3640 2444 3696 et
2487 3650 2644 3699 ecce
2691 3651 2852 3698 cum
2916 3621 3152 3695 Martha
3244 3642 3245 3649 ¹

628 3716 1005 3805 compellor
1054 3716 1123 3784 in
1171 3716 1622 3785 exterioribus
1675 3716 2089 3797 ministrare,
2146 3730 2350 3803 atque
2389 3738 2551 3807 erga
2586 3717 2806 3787 multa
2836 3730 3146 3805 satagere.

630 3805 929 3895 Expulsa
976 3828 1015 3872 a
1052 3827 1180 3884 me,
1224 3817 1299 3874 ut
1326 3805 1613 3883 credidi,
1655 3803 1922 3894 legione
1952 3805 2393 3885 daemonum,
2444 3805 2624 3874 volui
2656 3804 2971 3876 oblivisci
2999 3817 3151 3889 quos

633 3894 811 3973 novi,
864 3907 931 3962 et
975 3893 1058 3961 ad
1114 3894 1477 3963 Salvatoris
1517 3894 1725 3984 pedes
1759 3895 2149 3981 quiescere:
2196 3906 2261 3963 et
2289 3916 2445 3963 ecce
2476 3894 2648 3963 mihi
2680 3894 2941 3963 nolenti
2969 3905 3151 3976 atque

630 3983 989 4072 compulso
1037 3982 1325 4052 dicitur:
1382 3989 1734 4052 Revertere
1766 3983 1836 4051 in
1868 3983 2155 4052 domum
2190 3994 2402 4063 tuam,
2437 3994 2502 4051 et
2534 3984 2883 4052 annuncia
2917 3987 3153 4072 quanta

632 4071 755 4141 tibi
807 4071 1039 4140 fecerit
1091 4072 1441 4143 Dominus.
1498 4073 1625 4141 Sed
1676 4073 1834 4158 quis
1882 4072 2059 4141 inter
2099 4084 2192 4140 tot
2234 4085 2536 4142 terrenas
2567 4094 2771 4142 curas
2800 4070 3016 4140 valeat
3054 4070 3152 4133 Dei

634 4160 970 4230 miracula
1021 4162 1436 4251 praedicare,
1490 4184 1648 4231 cum
1691 4162 1840 4251 jam
1891 4161 2063 4229 mihi
2111 4159 2392 4230 difficile
2439 4161 2527 4232 sit
2556 4160 2794 4231 saltem
2830 4152 3152 4229 recolere?

632 4255 949 4321 Pressum
995 4273 1293 4338 namque
1320 4250 1392 4318 in
1435 4251 1563 4319 hoc
1603 4251 1883 4330 honore,
1924 4249 2227 4319 tumultu
2262 4249 2678 4319 secularium
2711 4248 3144 4341 negotiorum,

630 4362 709 4407 ex
758 4340 856 4407 eis
909 4362 1014 4410 me
1062 4364 1210 4411 esse
1260 4340 1476 4421 video,
1531 4339 1617 4408 de
1663 4339 1920 4426 quibus
1968 4338 2304 4428 scriptum
2335 4348 2474 4407 est:
2530 4341 2845 4428 Dejeeisti
2872 4360 2977 4406 eos
3008 4334 3151 4401 dum

633 4431 1097 4499 allevarentur
1139 4430 1278 4520 (Ps.
1333 4429 1471 4518 72).
1525 4433 1752 4515 Neque
1804 4426 1988 4496 enim
2039 4426 2230 4510 dixit,
2289 4427 2597 4518 dejecisti
2626 4450 2765 4509 θος,
2810 4437 3150 4518 postquam
