3327 4999
651 314 782 379 2⁴6
1483 334 1563 379 ns
1611 333 1668 379 s.
1723 328 2037 381 caesonio
2087 327 2250 376 rArA
2760 310 2998 374 MART.
3055 310 3134 380 ⁴2

563 410 1112 503 professionibus
1158 411 1481 501 congruit
1521 410 1826 481 favorem
1871 409 2296 501 impendere,
2335 418 2400 476 et
2438 407 2708 476 sincera
2746 427 2917 483 esse,
2955 426 3127 493 quae

561 500 870 590 sapiunt,
924 499 1300 569 declarare.
1350 505 1562 586 Atque
1613 500 1789 581 ideo,
1830 497 2000 569 dum
2049 498 2172 567 tibi
2214 497 2301 565 ab
2333 495 2703 566 Athanasio
2739 495 3126 595 presbytero

562 587 965 658 monasterii
1040 588 1260 658 sancti
1312 587 1563 668 Melae,
1617 589 1732 657 cui
1784 600 1887 659 est
1935 584 2352 657 vocabulum
2400 588 2762 663 Tannaco,
2817 581 2997 668 quod
3057 602 3122 651 in

563 676 888 749 Licaonia
933 687 1036 745 est
1081 674 1437 765 provincia
1507 676 1965 749 constitutum
1993 729 2009 758 ,
2051 670 2398 744 contraria
2432 671 2740 771 integrae
2777 670 2937 739 fidei
2982 681 3128 739 orta

564 762 871 853 suspicio
924 774 1071 843 est,
1122 775 1199 832 ut
1266 763 1714 853 professionis
1766 776 1920 833 tuae
1969 763 2308 852 potuisset
2359 761 2719 849 integritas
2766 761 3119 848 apparere,

564 852 653 921 ad
693 850 1149 940 Apostolicam
1202 850 1461 932 sedem,
1516 853 1632 922 cui
1680 851 2193 943 praesidemuS‚
2247 848 2516 937 elegisti
2567 868 2962 917 recurrere:
3021 867 3128 914 as-

567 961 805 1012 serens
871 938 1081 1008 etiam
1130 952 1192 1008 te
1238 941 1690 1030 corporaliter
1736 941 2223 1019 verberatum,
2278 937 2512 1023 aliqua
2561 936 2818 1025 injuste
2865 956 2946 1004 ac
2992 934 3128 1003 vio-

567 1027 787 1097 lenter
832 1025 1098 1097 fecisse.
1165 1031 1245 1097 Et
1292 1049 1720 1116 quamquam
1768 1049 1872 1108 ea,
1928 1049 2112 1113 quae
2159 1027 2225 1095 vi
2277 1024 2724 1114 impulsionis
2774 1024 2973 1103 fiunt,
3025 1044 3131 1090 ca-

569 1137 832 1185 nonum
886 1115 1178 1184 minime
1228 1137 1522 1185 censura
1556 1116 1866 1205 recipiat,
1910 1128 1976 1184 et
1995 1117 2162 1206 jure
2209 1114 2598 1182 habeantur
2628 1112 2936 1187 infirma,
2975 1110 3134 1197 quia

570 1205 722 1295 ipse
767 1225 849 1272 ea
897 1203 1246 1284 dissolvit,
1300 1205 1418 1290 qui
1470 1204 1816 1292 injustum
1867 1203 2067 1272 fateri
2114 1201 2510 1291 compellit:
2567 1200 2686 1270 sed
2751 1200 2974 1290 magis
3022 1198 3134 1265 illa

569 1304 672 1364 est
704 1291 1151 1381 suscipienda
1182 1304 1247 1361 et
1277 1292 1759 1382 amplectenda
1792 1291 2158 1371 confessio,
2197 1312 2375 1377 quae
2404 1311 2483 1358 ex
2518 1299 2903 1377 spontanea
2939 1307 3129 1355 mon-

574 1392 835 1449 stratur
897 1378 1246 1449 voluntate
1349 1381 1669 1450 rocedere
1704 1435 1720 1461 ‚
1782 1380 1961 1450 sicut
2017 1378 2203 1470 apud
2257 1400 2383 1448 nos
2430 1376 2675 1446 fecisse
2720 1375 3123 1445 dinosceris.

570 1473 667 1538 Ne
712 1466 881 1553 quid
935 1478 1159 1537 tamen
1212 1490 1299 1536 no
1351 1470 1411 1538 is
1459 1469 1876 1559 ambiguum
1931 1469 2265 1557 potuisset
2311 1466 2640 1546 existere,
2695 1463 3130 1534 sanctissimo

576 1555 855 1636 ioanni,
904 1555 1258 1641 quondam
1307 1555 1502 1625 fratri
1544 1570 1780 1625 nostro
1820 1553 2620 1644 Constantinopolitanae
2667 1552 2968 1622 civitatis
3015 1554 3168 1619 Διὶ--

574 1643 795 1724 tistiti‚
847 1642 932 1710 de
981 1654 1043 1711 te
1107 1644 1581 1733 praevidimus
1629 1642 2109 1723 scribendum,
2166 1654 2242 1711 ut
2290 1642 2437 1711 suis
2485 1663 2634 1721 nos,
2689 1641 2865 1726 quid
2914 1650 3136 1737 actum

576 1743 778 1812 esset,
830 1727 1140 1820 epistolis
1191 1732 1614 1801 informaret.
1671 1732 1801 1814 Qui
1851 1752 2056 1822 saepe
2089 1754 2128 1800 a
2171 1731 2371 1800 nobis
2418 1729 2867 1809 admonitus,
2908 1747 3142 1797 rescri-

576 1821 777 1899 bens,
817 1819 1144 1900 innotuit,
1183 1819 1557 1905 quemdam
1611 1819 1919 1889 codicem
1970 1820 2159 1910 apud
2208 1831 2273 1888 te
2320 1818 2537 1887 fuisse
2583 1817 2977 1895 inventum,
3010 1833 3142 1901 quo

577 1906 785 1997 plura
853 1907 1393 1977 continebantur
1437 1908 1831 1977 haeretica:
1885 1920 1952 1977 et
2013 1907 2100 1978 ob
2143 1908 2274 1976 hoc
2321 1905 2654 1976 adversus
2701 1904 3145 1974 dilectionem

578 2008 771 2065 tuam
820 1993 1037 2064 fuisse
1084 2006 1535 2065 commotum.
1598 2001 1814 2079 Quem
1863 1995 2029 2082 quia
2076 1995 2164 2064 ad
2207 2016 2332 2064 nos
2380 1993 2648 2063 studuit
2699 2014 2829 2083 pro
2878 1988 3146 2061 satisfa-

578 2082 806 2153 ctione
859 2083 1364 2165 transmittere,
1419 2084 1684 2173 priores
1731 2084 1886 2172 ejus
1932 2095 2162 2174 partes
2209 2082 2478 2152 solicita
2527 2081 2824 2150 lectione
2874 2099 3150 2171 percur-

580 2171 831 2241 rimuS.
887 2176 964 2240 Et
1011 2172 1345 2258 quoniam
1398 2172 1764 2242 manifesta
1808 2173 1879 2241 in
1931 2192 2011 2241 eo
2046 2171 2427 2240 haereticae
2458 2168 2862 2239 infectionis
2896 2186 3149 2237 venena

580 2259 974 2349 reperimus
1002 2313 1021 2339 ,
1082 2281 1166 2328 ne
1214 2261 1443 2329 denuo
1490 2261 1845 2331 debuisset
1893 2259 2082 2351 legi,
2135 2259 2505 2329 vetuimus.
2562 2257 2690 2326 Sed
2744 2257 2916 2344 quia
2963 2256 3150 2325 hunc

583 2360 647 2417 te
696 2347 1111 2437 simpliciter
1160 2348 1410 2439 legisse
1458 2361 1744 2419 testatus
1807 2370 1922 2429 eS,
1973 2360 2040 2416 et
2084 2346 2173 2416 ad
2222 2345 2727 2437 amputandam
2779 2345 3148 2434 ambiguae

582 2434 1010 2527 suspicionis
1057 2437 1419 2507 materiam
1460 2491 1475 2517 ,
1530 2436 1842 2507 libellum
1897 2435 2098 2506 nobis
2148 2455 2363 2505 manu
2412 2446 2530 2505 tua
2579 2433 2952 2524 porrexisti
3052 2449 3154 2499 er-

583 2525 947 2614 scriptum‚
1004 2524 1072 2592 in
1114 2547 1253 2611 quo
1302 2524 1509 2593 fidem
1561 2537 1749 2594 tuam
1800 2546 2176 2614 exponenS‚
2236 2545 2478 2592 omnes
2527 2523 2952 2613 generaliter
3048 2539 3155 2588 ae·-

582 2633 792 2693 reses‚
831 2612 934 2682 vel
984 2612 1320 2698 quicquid
1370 2611 1700 2681 adversus
1750 2612 2134 2682 Catholicae
2182 2610 2631 2701 professionis
2681 2610 3152 2701 integritatem

582 2711 735 2781 est,
787 2701 1221 2791 apertissime
1267 2699 1790 2780 condemnasti,
1844 2712 1910 2769 et
1955 2712 2202 2770 cuncta
2231 2754 2247 2780 ,
2299 2721 2478 2786 quae
2527 2710 2813 2769 sanctae
2862 2707 3158 2785 quatuor

583 2788 1010 2857 universales
1042 2787 1290 2876 synodi
1320 2788 1455 2856 reci
1514 2788 1687 2869 iunt‚
1719 2800 1782 2857 te
1812 2809 2086 2878 semper
2116 2789 2458 2876 recepisse
2490 2808 2569 2855 ac
2602 2788 2945 2877 recipere,
2982 2800 3153 2871 quae

582 2877 1258 2952 condemnaverunt,
1313 2897 1441 2944 con
1497 2897 1816 2945 emnasse
1875 2876 2477 2961 condemnareque
2539 2873 2930 2965 professus.
2996 2878 3154 2942 Eam

588 2984 864 3049 quoque
911 2962 1283 3052 synodum,
1317 2985 1494 3049 quae
1541 2964 1983 3054 Imperatoris
2030 2963 2409 3033 Justiniani
2451 2963 2893 3063 temporibus
2926 2962 3015 3030 de
3049 2957 3158 3056 tri-

586 3050 721 3121 bus
770 3050 1103 3141 Capitulis
1131 3051 1239 3140 (a)
1274 3050 1452 3122 facta
1482 3064 1606 3133 est,
1645 3064 1709 3121 te
1739 3064 1805 3121 et
1834 3052 2212 3143 suscipere,
2245 3064 2311 3121 et
2348 3051 2698 3122 custodire
2736 3048 3148 3142 promisisti:

636 3219 706 3274 (a)
736 3221 1098 3261 celeberrimam
1118 3222 1276 3260 Tium«
1296 3221 1636 3262 Carti-omnum
1655 3221 2009 3264 contentionem
2025 3231 2148 3271 quae
2168 3222 2428 3262 Ecclesiam
2449 3221 2663 3262 turbavit
2683 3221 2746 3262 ab
2778 3230 2936 3263 nxuv
2966 3220 3025 3261 ad
3052 3224 3166 3262 nost·

582 3276 635 3316 in
654 3275 815 3317 odium
835 3274 1007 3322 synodi
1026 3274 1423 3314 Chalcedonensis
1452 3275 1680 3315 haeretici
1709 3277 1989 3320 excitarunt.
2018 3275 2309 3315 schismatici
2335 3277 2499 3324 postea
2526 3276 2832 3314 reverentiae
2870 3276 2923 3314 in
2951 3273 3159 3315 eamdem

583 3330 694 3378 Syn.
716 3329 963 3376 praetextu
981 3327 1216 3366 foverunt.
1251 3327 1542 3377 origenistas
1561 3339 1670 3368 cum
1690 3329 1994 3376 Eutychianis
2018 3330 2160 3377 atque
2188 3329 2296 3368 aliis
2325 3328 2374 3369 id
2403 3337 2550 3378 genus
2579 3330 2821 3368 monstris
2853 3323 3159 3367 damnaverat

583 3381 848 3422 concilium
869 3380 1148 3420 Chalcedon.
1175 3380 1481 3421 Oecumenico
1502 3381 1577 3426 lv,
1597 3382 1709 3420 anni
1729 3391 1882 3421 ccccm
1903 3382 2283 3430 praesidentibus
2302 3382 2345 3420 S.
2368 3381 2539 3421 Leonis
2557 3380 2720 3430 Magni
2751 3381 2964 3429 Legatls.
2999 3378 3157 3418 Valer-

581 3437 701 3476 rimc
722 3437 835 3473 tunc
854 3432 1129 3473 Theodorus
1150 3433 1480 3473 caesareensis
1498 3434 1823 3482 Eutychianns
1842 3445 1895 3475 ac
1917 3435 2292 3484 Origenistarum
2318 3434 2474 3473 fautor
2507 3434 2780 3474 discordiae
2811 3432 3005 3474 zizanie
3036 3428 3167 3472 semi·

587 3489 734 3532 navit,
754 3489 896 3535 atque
916 3486 970 3525 ut
990 3486 1251 3525 Concilium
1271 3486 1571 3535 deprimeret.
1587 3488 1861 3528 Justiuiano
1882 3488 1978 3537 qni.
1992 3498 2101 3528 cum
2119 3488 2268 3536 regali
2286 3490 2491 3535 sceptro,
2529 3488 2811 3527 Pontificale
2845 3487 3062 3528 Pastoris
3095 3486 3178 3523 δν·

588 3542 750 3580 culum
769 3542 945 3579 temere
966 3539 1265 3579 tractandum
1284 3544 1572 3588 susceperat.
1590 3541 1729 3580 facile
1749 3540 1915 3585 suasit.
1942 3541 2140 3581 dissidia
2166 3542 2292 3580 inter
2326 3540 2646 3587 Eutychianos
2678 3543 2729 3579 et
2756 3540 3039 3580 catholicos
3070 3537 3167 3576 scre

589 3594 759 3642 sopita.
781 3593 821 3631 si
842 3593 1061 3641 Episcopi
1082 3593 1165 3631 Iba
1183 3592 1450 3633 Edessenns
1469 3604 1523 3633 ac
1542 3594 1818 3634 Theodorus
1849 3594 2166 3642 Mopsuestiae
2195 3591 2337 3644 (qnos
2367 3593 2648 3639 Concilium.
2672 3594 2973 3641 proscriptis
3003 3597 3166 3632 eorum

593 3646 748 3692 libris,
765 3646 815 3684 in
833 3647 1210 3688 communionem
1229 3645 1389 3684 tamen
1408 3649 1666 3695 receperat)
1687 3657 1772 3687 nec
1793 3657 1888 3687 non
1907 3647 2181 3688 Theodorus
2203 3647 2352 3694 Cyrri,
2372 3646 2670 3687 anathemate
2692 3646 3044 3697 deiicerentur.
3065 3643 3173 3684 Tria

589 3699 707 3740 haec
734 3699 1087 3739 constituebant
1106 3699 1334 3747 capitula,
1353 3699 1550 3748 proinde
1570 3701 1620 3738 in
1642 3700 1728 3740 hos
1760 3701 2177 3740 anathematismus
2208 3700 2361 3738 Trium
2386 3699 2687 3749 capitulorum
2725 3700 2980 3740 damnatio
3016 3694 3169 3744 coepit

597 3753 840 3801 appellari.
868 3752 987 3792 Dolo
1004 3749 1281 3801 imprudens
1300 3753 1484 3792 fallitur
1504 3754 1793 3802 Imperator:
1824 3754 1974 3793 instat
2003 3764 2129 3804 ergo.
2157 3754 2296 3802 urget
2326 3753 2381 3792 nt
2411 3752 2686 3801 apostolica
2721 3752 2878 3793 Sedes
2907 3752 3073 3802 petitis
3103 3756 3172 3788 aa»

594 3806 855 3847 sentiatur:
885 3805 1084 3852 vigilius
1105 3806 1227 3853 Papa
1244 3808 1383 3844 caute
1402 3807 1610 3853 primum
1628 3805 1866 3846 sententia
1885 3807 2186 3855 supersedet:
2203 3815 2443 3846 morarum
2466 3805 2723 3853 impatiens
2742 3804 3057 3846 «lastinianus
3074 3800 3166 3842 edi·

592 3860 723 3899 ctum
755 3857 1072 3898 damnationis
1101 3859 1386 3908 promulgat.
1415 3861 1599 3899 extorto
1631 3870 1719 3908 per
1748 3860 2146 3908 subscriptionem
2172 3860 2487 3908 plurimorum
2519 3858 2846 3898 Orientalium
2878 3858 3162 3899 Antistitnm

591 3919 840 3951 consensu.
860 3910 917 3949 At
937 3909 1249 3950 Occidentalis
1269 3911 1591 3961 Episcopatus.
1612 3913 1690 3952 cui
1705 3913 1872 3962 perfidi
1891 3913 2126 3954 Theodori
2155 3912 2326 3953 techna
2357 3911 2674 3955 suboleverat.
2693 3913 2879 3951 renuit.
2896 3910 3161 3952 concilium

593 3965 756 4012 itaque
788 3964 1014 4012 impetrat
1042 3964 1366 4009 Iustiniannsz
1394 3966 1521 4015 cogit
1552 3965 1961 4015 constantinopoli
2011 3966 2234 4015 vigilius:
2265 3965 2347 4004 sed
2377 3965 2515 4014 pauci
2551 3963 2733 4004 adeunt
2774 3963 3164 4004 occidentalium.

593 4017 723 4058 Nihil
742 4016 1137 4057 Chalcedonensis
1157 4018 1451 4058 venerandae
1475 4020 1750 4059 auctoritati
1769 4019 1960 4059 videtur
1976 4017 2186 4060 detrahi:
2217 4018 2418 4067 Vigilius
2439 4027 2523 4066 per
2541 4017 2758 4057 Litteras
2779 4018 3044 4066 synodicas
3064 4023 3163 4056 aen·

591 4067 743 4109 tentia
760 4070 1076 4109 damnationis
1098 4071 1332 4119 significat
1352 4081 1447 4110 non
1469 4071 1735 4112 abhorrere.
1765 4073 1884 4111 Hinc
1906 4072 2228 4112 occidentales
2248 4071 2554 4111 vehementer
2585 4072 2837 4117 commoti,
2867 4080 3020 4120 qnare
3050 4070 3163 4108 Pon·

593 4123 709 4162 tifex
726 4122 900 4162 litteris
920 4122 976 4163 ad
996 4124 1186 4164 interim
1206 4124 1459 4173 abrogatis.
1475 4126 1572 4173 egit
1590 4135 1700 4164 cum
1718 4126 2008 4174 Imperatore
2036 4126 2095 4164 dc
2124 4125 2310 4172 synodo
2346 4124 2556 4174 generali
2587 4123 2887 4164 celebranda
2916 4132 3040 4172 qnae
3068 4119 3170 4171 pari

593 4177 834 4215 constaret
868 4175 1237 4216 occidentalium
1264 4180 1312 4216 et
1338 4177 1647 4217 Orientalium
1681 4179 1876 4219 Pati-nm
1905 4187 2118 4218 numero.
2146 4177 2373 4226 Perpauci
2410 4178 2565 4217 denno
2594 4177 2970 4225 constantinop.
3002 4183 3169 4216 conve·

592 4229 733 4268 ninnt
749 4229 927 4271 Latini:
955 4229 1078 4273 nihil
1092 4230 1238 4278 igitur
1263 4231 1420 4279 quoad
1447 4231 1720 4271 Concilium.
1748 4231 1931 4271 Rursus
1961 4234 2064 4271 tum
2090 4231 2389 4288 lastinianus
2416 4239 2573 4270 moras
2599 4238 2842 4278 rumpens
2877 4229 3167 4271 sententiam

591 4281 643 4321 in
663 4282 879 4330 capitula
906 4280 1060 4326 edicit,
1088 4283 1213 4331 quod
1241 4293 1349 4323 cnm
1374 4284 1592 4323 Pontifici
1612 4284 1723 4332 jure
1754 4285 2067 4333 improbetur.
2095 4284 2397 4324 Jnatinianus
2428 4283 2650 4323 celeriter
2681 4283 2960 4324 concilium
2999 4280 3161 4322 baberi

594 4337 750 4377 curat:
781 4337 1022 4374 intersunt
1041 4337 1324 4376 Graecorum
1349 4337 1579 4385 plerique.
1597 4337 1692 4376 rari
1710 4337 1882 4377 Latini.
1912 4337 2045 4386 Quod
2062 4337 2116 4377 in
2135 4339 2268 4376 tanto
2287 4337 2478 4386 negotio
2497 4336 2703 4384 vigilius
2725 4341 2910 4387 egerat,
2929 4337 3163 4376 landatur:

599 4387 708 4427 Tria
727 4390 927 4440 capienda
964 4390 1216 4429 Chalcedon.
1235 4389 1540 4429 damnantur:
1572 4390 1786 4439 vigilius.
1807 4393 1972 4440 utpote
2001 4390 2085 4439 qui
2114 4390 2412 4440 compertum
2441 4388 2636 4429 haberet
2668 4390 3005 4431 orthodoxam
3034 4386 3171 4429 tidem
