3327 4999
247 330 491 397 MAR'I.
545 330 630 394 27
1083 347 1164 393 ηε
1211 348 1266 394 S.
1323 347 1604 397 nurnero
1651 346 1948 396 ssr1scoro
2564 332 2691 398 533

246 436 515 524 integra
561 430 868 531 corporis
916 430 1250 531 pudicitia
1308 442 1374 501 et
1418 432 1748 513 castitate,
1788 454 1947 503 cum
1998 432 2395 501 columbina
2444 432 2780 525 simplici-

241 537 381 595 tate
410 534 744 610 serpentis
792 521 1109 590 obtinens
1141 519 1604 609 prudentiam,
1643 521 1713 589 in
1766 520 2091 590 laudibus
2126 521 2238 588 Dei
2273 521 2578 603 devotuS,
2618 545 2782 592 con-

248 613 403 685 silio
437 609 785 700 providus,
844 607 1216 679 inferendis
1252 610 1606 681 sententiis
1636 611 1895 700 justu5‚
1938 610 2184 701 plenus
2216 614 2458 680 Sancto
2490 611 2772 701 Spiritu,

247 725 288 772 a
326 700 579 770 dextris
608 712 672 767 et
720 721 759 766 a
793 696 1093 766 sinistris
1150 699 1496 787 praeclare
1537 699 1864 768 virtutum
1931 699 2144 770 armis
2193 699 2532 779 munitus,
2588 701 2783 791 gregi

247 812 372 860 suo
418 788 676 878 optime
707 786 974 855 vivendi
1013 787 1107 856 sei
1165 810 1318 856 sum
1366 787 1656 857 formam
1707 788 2059 859 exhibens,
2100 788 2282 873 quod
2313 810 2626 857 sermone
2657 789 2782 858 do-

244 879 411 956 cuit,
459 878 590 946 vita
637 888 703 945 et
750 874 945 944 sactis
991 876 1114 945 dcc
1147 898 1392 946 arans:
1444 899 1698 966 corpus
1746 876 2046 945 assiduis
2099 876 2353 967 vigiliis
2402 878 2782 966 perpetuis-

242 990 378 1055 que
395 965 682 1056 jejuniis
709 985 1086 1044 maceranS,
1111 987 1398 1053 operum
1423 965 1930 1034 misericordiae
1966 963 2156 1033 valde
2178 965 2553 1044 studiosus,
2583 966 2785 1035 adeo-

241 1079 378 1144 que
426 1055 662 1143 largus
707 1065 772 1121 et
819 1053 1162 1143 benignus
1198 1053 1263 1121 in
1309 1054 1567 1143 inopes,
1608 1068 1682 1123 ut
1721 1054 1888 1123 dum
1922 1053 2077 1122 illos
2108 1052 2359 1123 'foveret
2393 1054 2770 1134 beneficiiS,

245 1147 554 1234 seipsum
603 1142 685 1210 ad
739 1142 1042 1231 inopiam
1097 1142 1449 1232 redigeret,
1502 1156 1706 1229 atque
1756 1144 1881 1211 hoc
1922 1143 2143 1211 solum
2195 1165 2399 1212 suum
2453 1165 2603 1213 esse
2653 1165 2781 1234 pu-

248 1246 419 1304 taret
463 1230 646 1317 quod
679 1232 745 1298 in
801 1232 1087 1301 miseros
1126 1244 1190 1300 et
1235 1253 1486 1321 egenos
1534 1231 1957 1300 contulisset.
2220 1254 2223 1257 ·

336 1326 372 1407 ξ
442 1328 528 1392 2.
587 1322 788 1389 Fama
837 1333 1066 1389 autem
1123 1320 1500 1390 sanctitatis
1555 1321 1705 1407 ejus
1755 1342 1888 1389 non
1951 1319 2151 1388 modo
2212 1342 2333 1409 per
2380 1320 2610 1401 urbeS,
2659 1320 2779 1391 sed

247 1412 456 1480 etiam
509 1430 625 1498 per
657 1409 966 1498 regiones
1001 1408 1297 1499 vulgata,
1341 1409 1659 1499 permulti
1695 1408 1775 1477 ad
1837 1431 1993 1477 eum
2051 1407 2351 1478 illustres
2397 1410 2785 1478 confluxere

253 1500 407 1579 viri,
454 1520 588 1566 non
639 1496 862 1567 solum
898 1519 935 1567 e
983 1497 1247 1579 viciniS,
1287 1498 1403 1567 sed
1452 1498 1656 1567 etiam
1715 1497 2109 1585 longinquis
2165 1497 2462 1587 populis,
2515 1510 2591 1566 ut
2635 1498 2787 1587 ejus

256 1586 694 1657 sanctissima
726 1585 1035 1654 doctrina
1071 1586 1564 1667 imbuerentur,
1606 1600 1671 1655 et
1701 1586 2077 1655 catholicae
2123 1585 2495 1675 religionis,
2536 1608 2616 1656 ex
2665 1586 2783 1656 illo

256 1698 500 1779 puram
553 1685 1042 1763 cognoscerent
1090 1675 1459 1755 veritatem,
1497 1675 1597 1743 vel
1646 1689 1825 1744 certe
1864 1675 2065 1744 etiam
2106 1674 2192 1745 ab
2239 1676 2389 1764 ejus
2436 1697 2629 1745 sacro
2661 1696 2779 1744 ore

254 1789 325 1836 tn
377 1766 582 1834 rebus
614 1763 808 1832 duris
855 1774 919 1832 et
968 1765 1229 1853 asperis
1276 1764 1646 1833 salutarem
1705 1764 2059 1832 haurirent
2106 1764 2666 1833 consolationem.
2706 1769 2784 1834 Et

258 1853 453 1923 multi
507 1874 671 1922 sane
720 1852 909 1921 illius
956 1858 1160 1942 opera
1209 1855 1294 1924 ab
1331 1853 1546 1921 hostis
1578 1853 1842 1938 antiqui
1895 1852 2157 1939 laqueis
2189 1853 2679 1934 suntextracti,
2719 1865 2787 1922 et

251 1943 319 2011 in
367 1943 543 2011 viam
577 1940 817 2011 salutis
866 1954 1180 2010 aeternae
1232 1941 1581 2031 perducti:
1640 1963 1839 2031 porro
1886 1941 2200 2010 homines
2252 1941 2443 2031 impii
2500 1955 2566 2010 et
2618 1941 2784 2010 hae-

252 2032 444 2100 retici
478 2031 598 2116 qui
630 2044 773 2099 tum
828 2051 961 2097 non
1012 2030 1215 2120 pauci
1263 2032 1446 2120 apud
1499 2026 1891 2120 Vangiones
1917 2030 2331 2109 visebantur,
2372 2030 2589 2099 virum
2622 2051 2785 2098 san·-

253 2132 437 2189 ctum
491 2140 624 2188 non
675 2117 986 2197 serentes,
1025 2119 1260 2188 multis
1306 2142 1465 2189 eum
1499 2119 1863 2209 suppliciis
1909 2119 2225 2188 affectum
2258 2132 2322 2188 et
2349 2118 2557 2208 virgis
2590 2118 2782 2207 igno-

258 2208 546 2276 miniose
578 2228 881 2286 caesum,
937 2207 1023 2276 ab
1071 2208 1323 2299 oppido
1372 2231 1527 2277 cum
1584 2231 1831 2297 magna
1868 2207 2122 2296 injuria
2151 2207 2584 2297 expulerunt.
2614 2213 2786 2278 Sunt

252 2297 375 2382 qui
422 2297 725 2365 scribant
775 2295 1212 2386 Beringerum
1266 2296 1530 2386 regium
1564 2297 1909 2376 comitem,
1940 2318 2142 2382 quem
2173 2296 2292 2365 alii
2341 2296 2782 2365 Bercliarium

188 2386 214 2406 ⁸
261 2397 524 2461 vocant,
562 2385 702 2451 viro
753 2386 864 2454 Dei
914 2408 1349 2465 succensum,
1402 2407 1559 2453 eum
1614 2385 1699 2453 ita
1754 2385 2221 2454 inhumaniter
2251 2397 2598 2464 tractasse,
2636 2406 2781 2453 ma-

253 2474 434 2545 xime
470 2473 649 2560 quod
713 2473 768 2545 is
828 2475 1233 2563 Beringerus
1283 2474 1582 2544 Arrianis
1630 2474 1902 2544 faveret.
1952 2479 2194 2544 Verum
2248 2474 2374 2543 hac
2422 2473 2782 2544 occasione

255 2563 517 2651 majora
567 2563 832 2652 pietatis
882 2565 1074 2633 lucra
1123 2578 1358 2633 sancto
1394 2564 1535 2632 viro
1566 2576 2025 2633 accesserunt.
2062 2568 2225 2632 Nam
2260 2585 2379 2652 per
2411 2562 2477 2631 id
2512 2576 2785 2652 tempus

252 2651 545 2732 Theod0,
601 2657 1012 2722 Bavarorum
1067 2658 1208 2721 Dux
1260 2653 1580 2742 inclytus,
1643 2653 1935 2722 audiens
1983 2651 2234 2720 famam
2286 2651 2589 2721 hominis
2640 2651 2778 2730 Dei,

252 2741 553 2827 itemque
593 2742 1019 2811 sanctitatem
1053 2755 1116 2810 et
1150 2741 1481 2811 miracula
1513 2763 1689 2829 quae
1723 2763 1842 2832 per
1878 2763 2033 2810 eum
2071 2740 2396 2809 Dominus
2424 2740 2781 2821 efficiebat,

251 2852 504 2920 magno
543 2831 694 2920 ejus
745 2830 1019 2899 videndi
1072 2831 1413 2901 desiderio
1462 2853 1818 2911 accensus,
1884 2830 2071 2899 misit
2118 2830 2453 2916 quosdam
2488 2852 2568 2897 ex
2617 2828 2783 2898 viris

254 2918 606 3007 primariis
652 2920 772 3004 qui
820 2941 976 2988 eum
1041 2920 1287 2989 obnixe
1339 2933 1817 3010 precarentur.
1886 2931 1962 2988 ut
2012 2924 2420 2988 Bavarorum
2472 2917 2785 3007 regiones

251 3007 658 3096 dignaretur
696 3007 1008 3088 invisere,
1044 3021 1107 3077 et
1136 3009 1236 3077 eis
1284 3022 1560 3078 sanctae
1606 3008 1769 3078 fidei
1817 3009 1992 3077 viam
2043 3007 2407 3097 explicare.
2447 3011 2525 3076 Ut
2554 3021 2786 3076 autem

251 3095 354 3163 vir
400 3107 682 3164 sanctus
734 3095 1112 3183 legatorum
1164 3109 1307 3165 tum
1344 3081 1830 3186 piaestantiam
1885 3111 2027 3166 tum
2083 3118 2316 3186 preces
2343 3095 2605 3173 didicit,
2646 3117 2783 3164 non

251 3184 580 3273 ignorans
619 3183 890 3252 (livinae
941 3184 1403 3274 providentiae
1439 3186 1897 3255 moderatione
1937 3186 2164 3255 isthuc
2212 3185 2356 3274 geri
2395 3184 2771 3275 negotium,

251 3272 509 3428 gratias
541 3272 678 3371 egit
728 3273 1146 3360 praepotenti
1185 3279 1314 3342 Deo
1373 3273 1554 3360 quod
1604 3274 2002 3343 sedentibus
2054 3275 2119 3342 in
2174 3273 2472 3343 tenebris
2518 3285 2584 3342 et
2629 3294 2787 3341 um·-

306 3381 377 3427 ra
415 3372 652 3428 mortis
700 3382 932 3430 verum
986 3362 1157 3430 vitae
1192 3361 1422 3430 lumen
1476 3362 1818 3432 Christum
1852 3369 2090 3431 ‚Iesum
2123 3362 2383 3431 Filium.
2413 3383 2617 3431 suum
2656 3361 2786 3429 im-

251 3446 504 3537 pertire
554 3462 973 3538 percuperet.
1041 3455 1274 3536 Itaque
1312 3473 1470 3520 cum
1522 3450 1766 3540 legatis
1814 3449 1953 3518 illis
1999 3450 2334 3536 quosdam
2376 3472 2456 3519 ex
2508 3452 2793 3540 presby-

253 3535 416 3606 teris
475 3536 621 3605 suis
687 3536 771 3605 ad
845 3544 1089 3607 Ducem
1162 3539 1536 3628 praemisit,
1603 3559 1727 3606 nec
1776 3539 1995 3607 multo
2058 3539 2407 3627 interjecto
2457 3538 2788 3628 temporis

252 3625 495 3715 spatio,
552 3624 697 3714 ipse
728 3647 842 3696 eos
891 3628 1302 3697 subsecutus
1348 3639 1471 3696 est.
1505 3626 1695 3709 Quod
1749 3627 1870 3695 ubi
1918 3627 2001 3696 ad
2060 3627 2260 3695 Ducis
2293 3627 2600 3695 notitiam
2641 3648 2793 3717 per·

251 3715 465 3783 latum
516 3727 639 3795 est,
683 3713 939 3805 ingenti
991 3716 1104 3784 ille
1155 3714 1474 3804 perfusus
1514 3714 1794 3804 gaudi0,
1829 3737 1988 3784 cum
2028 3715 2428 3804 proceribus
2461 3715 2606 3786 suis
2636 3737 2792 3807 pro-

249 3803 454 3873 cessit
499 3802 770 3872 obviam
820 3818 1055 3873 sancto
1089 3803 1254 3884 viro,
1300 3814 1366 3873 et
1415 3804 1480 3872 in
1514 3803 1773 3894 oppido
1805 3804 2287 3893 Ratisponensi
2317 3824 2474 3872 eum
2510 3825 2789 3874 summa

248 3890 596 3962 alacritate
628 3893 914 3982 excepit.
2276 3955 2283 3960 .

342 3982 378 4067 ξ
443 3984 534 4051 8.
591 3986 793 4050 Porro
841 3992 1124 4051 sanctus
1163 3986 1508 4072 Rupertus
1569 3980 1847 4051 indictis
1886 3980 2200 4071 jejuniiS,
2251 3980 2336 4049 de
2382 3980 2794 4051 coelestibus

253 4069 600 4157 mysteriis
652 4074 902 4140 Ducem
962 4070 1277 4152 instituit,
1314 4082 1380 4139 et
1425 4070 1494 4138 in
1548 4092 1703 4139 vera
1744 4068 1878 4139 fide
1926 4069 2381 4151 confirmavit,
2434 4070 2794 4155 effecitque

249 4170 328 4227 ut
373 4156 788 4229 daemonum
832 4159 1052 4228 cultui
1100 4181 1384 4249 prorsus
1419 4158 1874 4237 renunciaret,
1910 4173 1975 4229 et
2003 4170 2343 4249 postremo
2389 4159 2460 4228 in
2513 4158 2792 4228 nomine

253 4260 725 4317 sacrosanctae
756 4248 1106 4318 Trinitatis
1154 4248 1548 4350 baptizavit:
1590 4269 1810 4334 neque
1839 4247 2037 4317 illum
2070 4247 2444 4330 dumtaxat,
2478 4248 2596 4316 sed
2628 4267 2793 4316 cum

249 4333 372 4404 illo
433 4337 690 4426 pariter
738 4336 920 4408 viros
983 4337 1346 4428 primarios
1400 4348 1466 4406 et
1533 4358 1666 4407 non
1736 4337 2054 4427 exiguam
2155 4337 2351 4427 opuli
2411 4334 2800 4405 multitudi-

260 4444 441 4505 nem,
508 4425 775 4496 nobiles
841 4426 1049 4497 simul
1115 4438 1181 4497 et
1239 4424 1614 4517 ignobiles:
1663 4425 1783 4513 qui
1831 4446 2072 4496 omnes
2109 4359 2497 4496 laudabant
2552 4421 2793 4493 mundi
