3327 4999
176 318 444 385 MART.
496 320 571 383 2⁴
1030 337 1109 383 m:
1157 336 1214 384 s.
1268 336 1611 385 annumero
1659 336 1904 384 Annua
2524 320 2657 385 423

177 422 323 503 Qui
379 420 922 511 responderunt:
970 442 1005 486 «
1035 426 1463 507 Nusquam.»
1487 421 1753 504 Quibus
1787 420 1901 489 ille
1933 420 2051 489 ait:
2090 419 2367 497 «Quare
2413 421 2509 489 ita
2557 441 2750 489 men-

170 510 465 579 timini?
510 507 859 594 Numquid
912 508 1103 577 illius
1172 508 1323 577 talis
1388 508 1726 578 foeminae
1784 507 2257 577 habitaculum
2327 530 2464 577 non
2531 508 2751 577 intra-

169 599 363 668 stis?
408 597 756 683 Numquid
809 596 932 664 hos
993 607 1197 682 atque
1261 595 1419 665 illos
1484 596 1675 667 cibos
1730 618 1867 665 non
1926 595 2339 685 accepistis?
2398 596 2750 683 Numquid

172 698 281 755 tot
324 685 578 754 calices
626 706 761 753 non
814 684 1170 754 bibistis'b)
1193 688 1498 770 Cumque
1546 685 1645 754 eis
1695 684 2107 753 venerabilis
2157 696 2354 772 pater·
2396 696 2462 752 et
2515 684 2752 773 hospi-

173 773 365 841 tium
419 772 732 843 mulie-ris
779 783 846 841 et
868 793 1121 861 genera
1152 771 1491 852 ciborum,
1527 784 1592 841 et
1640 794 2011 841 numerum
2056 748 2415 863 potionufn
2467 772 2747 854 diceret,

172 880 262 929 co
322 873 682 930 noscentes
728 871 979 929 cuncta
1024 881 1202 945 quae
1249 872 1551 949 egerant,
1607 859 1696 929 ad
1757 860 1911 947 ejus
1961 859 2169 948 pedes
2219 858 2594 930 tremefacti
2629 882 2754 957 pe-

152 950 240 1041 ,ci
298 960 529 1027 erunt,
559 961 625 1017 et
664 964 737 1018 se
781 947 1155 1033 deliquisse
1202 946 1497 1016 confessi
1539 960 1722 1017 sunt.
1778 953 1933 1037 Ipse
1967 960 2194 1016 autem
2249 948 2566 1036 protinus
2602 948 2755 1017 cul-

169 1058 313 1125 pae
368 1035 693 1126 pepercit,
757 1036 1190 1124 perpendens
1236 1034 1416 1120 quod
1470 1036 1542 1104 in
1591 1035 1744 1124 ejus
1791 1036 2103 1105 absentia
2149 1034 2332 1104 ultra
2381 1058 2517 1105 non
2569 1035 2750 1106 sace-

169 1136 361 1203 rent,
418 1145 624 1214 quem
662 1133 1087 1211 praesentem
1130 1123 1265 1191 sibi
1311 1145 1460 1191 esse
1498 1123 1570 1190 in
1621 1123 1874 1212 spiritu
1922 1123 2199 1193 scirent.

266 1214 309 1298 ξ
374 1216 513 1283 is.
567 1215 797 1279 Frater
841 1231 1116 1296 quoque
1150 1209 1630 1291 Valentiniani,
1683 1212 1850 1299 ejus·
1886 1210 2229 1292 monachi,
2285 1210 2488 1299 cujus
2537 1233 2746 1300 supe·-

170 1299 338 1367 rius
382 1298 785 1367 memoriam
835 1297 988 1377 feci,
1045 1298 1146 1365 vir
1191 1311 1335 1367 erat
1374 1297 1617 1380 laicus,
1674 1298 1792 1368 sed
1843 1299 2230 1388 religiosus.
2285 1299 2418 1380 Qui
2458 1311 2534 1368 ut
2567 1300 2746 1368 servi

170 1387 303 1455 Dei
367 1386 746 1455 orationem
823 1385 1202 1475 perciperet
1242 1397 1308 1453 et
1355 1407 1763 1475 germanum
1846 1386 2124 1455 fratrem
2183 1385 2482 1465 videret,
2538 1387 2758 1457 annis-

170 1473 488 1563 singulis
536 1474 621 1541 de
669 1474 817 1542 loco
859 1495 984 1542 suo
1032 1473 1116 1540 ad
1167 1472 1412 1541 cellam
1463 1474 1613 1563 ejus
1646 1473 1936 1561 jejunus
1984 1474 2216 1542 venire
2264 1487 2738 1544 consueverat.

172 1561 501 1643 Quadam
536 1561 749 1651 igitur
810 1560 921 1629 die
967 1560 1137 1629 dum
1185 1559 1314 1628 iter
1360 1561 1446 1629 ad
1500 1562 1995 1630 monasterium
2047 1562 2299 1629 faceret
2335 1616 2350 1643 ‚
2430 1583 2579 1631 sese
2640 1561 2749 1630 illi

171 1649 361 1718 alter
408 1648 625 1717 viator
687 1648 1004 1736 adjunxit
1073 1648 1194 1733 qui
1263 1649 1639 1719 sumendos
1701 1649 1893 1719 cibos
1943 1649 2012 1717 in
2081 1649 2324 1717 itinere
2402 1650 2742 1737 portabat.

172 1740 495 1822 Cumque
532 1736 678 1825 jam
732 1736 901 1806 hora
953 1735 1210 1804 tardior
1255 1736 1683 1814 excrevisset,
1741 1737 1936 1805 dixit:
1974 1737 2180 1805 «Veni
2231 1736 2460 1815 frater,
2502 1758 2742 1806 suma-

174 1845 348 1893 mus
395 1823 657 1902 cibum‚
690 1845 777 1892 ne
826 1823 1166 1893 lassemur
1212 1822 1283 1890 in
1320 1824 1495 1891 via.»
1533 1825 1655 1893 Cui
1680 1824 2207 1914 illefrespondit:
2248 1824 2477 1893 «Absit
2512 1824 2752 1905 frater,

175 1911 318 1979 hoc
371 1932 505 1979 non
540 1911 786 1980 faciam
818 1934 833 1977 ε
877 1911 1039 1997 quia
1068 1910 1155 1978 ad
1188 1910 1645 1980 venerabilem
1696 1924 1958 2000 patrem
1987 1911 2432 1981 Benedictum
2458 1912 2750 2000 jejunus

182 2020 470 2087 semper
517 1999 870 2088 pervenire
932 1999 1331 2067 consuevi.»
1358 2003 1505 2079 Quo
1555 2020 1883 2087 responso
1933 2013 2251 2089 percepto
2283 2053 2297 2080 ‚
2352 2000 2435 2067 ad
2504 1999 2747 2068 horam

176 2087 540 2155 conviator
588 2086 821 2155 tacuit.
870 2086 996 2154 Sed
1030 2108 1192 2155 cum
1243 2086 1550 2175 posthoc
1583 2085 2095 2172 aliquantulum
2146 2086 2413 2154 itineris
2444 2087 2751 2174 spatium

180 2175 515 2264 egissent,
569 2195 815 2244 rursus
888 2173 1292 2253 admonuit,
1346 2185 1423 2242 ut
1481 2172 2005 2242 manducarent.
2065 2174 2295 2245 Noluit
2358 2175 2751 2243 consentire

180 2262 625 2415 quigejunus
670 2261 1028 2360 pervenire
1069 2261 1479 2330 decreverat.
1538 2262 1775 2329 Tacuit
1822 2262 2101 2347 quidem
2142 2262 2265 2348 qui
2313 2261 2400 2330 ad
2452 2262 2754 2330 mandu-

181 2370 317 2416 can
377 2371 492 2417 um
545 2349 947 2417 invitaverat
991 2359 1058 2418 et
1102 2371 1260 2417 cum
1312 2370 1391 2417 eo
1432 2348 1723 2438 jejunus
1789 2349 2018 2418 adhuc
2069 2371 2191 2438 per
2238 2370 2352 2418 ere
2396 2350 2750 2419 modicum

179 2437 560 2512 consensit.
603 2440 911 2523 Cumque
967 2436 1095 2505 iter
1144 2435 1422 2527 longius
1461 2448 1742 2526 agerent
1786 2450 1850 2506 et
1895 2458 2014 2506 eos
2073 2450 2177 2506 tar
2233 2438 2331 2505 ior
2380 2437 2548 2506 hora
2596 2436 2754 2506 fati-

182 2537 383 2613 garet
458 2524 941 2606 ambulantes,
997 2524 1406 2594 invenerunt
1477 2525 1546 2594 in
1596 2524 1838 2594 itinere
1913 2537 2186 2616 pratum
2251 2539 2318 2594 et
2382 2523 2636 2594 fontem
2687 2535 2755 2595 et

181 2632 506 2698 quaeque
546 2625 858 2702 poterant
889 2611 976 2681 ad
1024 2612 1475 2682 reficiendum
1508 2634 1764 2702 corpus
1802 2612 2234 2682 delectabilia
2282 2612 2521 2681 videri.
2559 2618 2750 2682 Tunc

184 2700 548 2769 conviator
595 2701 728 2769 ait:
763 2705 975 2770 «Ecce
1021 2722 1302 2786 aquarn,
1353 2721 1510 2769 ecce
1566 2712 1867 2790 pratum,
1924 2721 2082 2771 ecce
2140 2721 2473 2769 amoenus
2523 2699 2741 2779 locuS,

184 2787 259 2856 in
312 2809 450 2873 quo
522 2810 894 2877 possumus
962 2788 1152 2856 refici
1200 2801 1265 2857 et
1314 2809 1558 2878 parum
1630 2789 1985 2874 quiescere
2016 2842 2030 2870 ,
2085 2801 2163 2857 ut
2219 2787 2570 2857 valeamus
2618 2788 2748 2856 iter

184 2889 503 2943 nostrum
556 2875 997 2964 postmodum
1029 2875 1414 2945 incolumes
1452 2875 1795 2964 explere.»
1828 2881 1992 2944 Cum
2025 2876 2240 2966 igitur
2276 2888 2340 2945 et
2388 2877 2592 2944 verba
2623 2898 2751 2945 au-

184 2963 385 3031 ribus
420 2974 485 3031 et
534 2962 682 3032 loca
721 2962 944 3032 oculis
1009 2962 1521 3044 blandirentur,
1577 2965 1768 3033 tertia
1821 2963 2290 3032 admonitione
2340 2985 2741 3052 persuasus,

182 3051 540 3136 consensit
582 3065 647 3119 et
692 3050 1035 3119 comedit:
1091 3051 1475 3140 vespertina
1523 3072 1681 3118 vero
1744 3052 1913 3119 hora
1969 3052 2276 3140 pervenit
2330 3052 2417 3119 ad
2467 3051 2740 3120 cellam.

186 3142 671 3208 Praesentatus
738 3151 967 3207 autem
1049 3137 1422 3206 venerabili
1472 3137 1834 3208 Benedicto
1885 3139 2084 3238 patri,
2153 3139 2284 3209 sibi
2361 3139 2743 3208 orationem

186 3225 427 3315 petiit:
481 3226 599 3295 sed
653 3248 808 3295 mox
854 3227 917 3295 ei
964 3225 1068 3294 vir
1123 3239 1403 3296 sanctus
1464 3226 1594 3294 hoc
1657 3227 1842 3312 quod
1893 3248 1959 3294 m
2015 3227 2122 3295 via
2169 3238 2420 3314 egerat,
2475 3226 2744 3317 impro-

185 3314 778 3403 peravitdicens:
815 3313 1035 3396 «Quid
1084 3326 1208 3394 est,
1262 3311 1490 3395 frater,
1526 3313 1712 3400 quod
1776 3314 2125 3403 malignus
2184 3314 2401 3383 hostis
2448 3314 2571 3399 qui
2622 3313 2749 3382 tibi

187 3423 314 3491 per
360 3403 820 3470 conviatorem
872 3415 1068 3470 tuum
1144 3401 1414 3471 locutus
1460 3414 1600 3482 est,
1669 3401 1877 3470 semel
1946 3402 2067 3470 tibi
2114 3401 2535 3500 persuadere
2609 3423 2747 3470 non

187 3490 453 3580 potuit,
508 3495 814 3558 secundo
876 3511 1014 3558 non
1057 3491 1296 3578 potuit,
1370 3490 1563 3564 tertio
1609 3510 1768 3558 vero
1817 3502 2182 3579 persuasit,
2235 3501 2301 3558 et
2351 3501 2414 3558 te
2480 3489 2564 3557 ad
2619 3489 2752 3558 hoc

184 3577 370 3663 quod
423 3576 658 3658 voluit,
723 3577 1070 3667 superavit
1089 3578 1160 3643 Ρ»
1192 3583 1383 3646 Tunc
1434 3577 1548 3645 ille
1585 3588 1851 3645 reatum
1901 3577 2221 3645 infirmae
2268 3597 2435 3644 suae
2486 3577 2742 3644 mentis

186 3685 600 3754 agnoscens,
656 3665 806 3753 ejus
856 3665 1151 3754 pedibus
1198 3664 1627 3754 provolutus,
1683 3676 1869 3750 tanto
1903 3664 2127 3754 magis
2186 3663 2412 3753 coepit
2457 3662 2743 3754 culpam

188 3752 445 3820 deflere
476 3764 542 3821 et
587 3753 1012 3832 erubescere,
1050 3765 1309 3838 quanto
1357 3774 1429 3822 se
1475 3751 1794 3842 cognovit
1840 3751 2044 3820 etiam
2096 3751 2449 3819 absentem
2500 3750 2571 3819 in
2624 3756 2748 3820 Be·

188 3839 487 3909 nedictis
536 3841 750 3929 patris
796 3840 1017 3909 oculis
1060 3840 1458 3928 deliquisse.

277 3929 317 4013 ἓ
379 3932 531 3999 19.
587 3928 988 3996 Gotthorum
1036 3928 1328 4016 (autem)
1375 3925 1824 4016 temporibuS,
1878 3947 2037 3994 cum
2080 3945 2196 3993 rex
2242 3945 2481 3993 eorum
2534 3923 2752 3995 Totila

192 4026 511 4085 sanctum
564 4015 789 4084 virum
824 4016 1222 4105 prophetiae
1261 4014 1512 4083 habere
1545 4014 1870 4105 spiritum
1920 4011 2247 4094 audisset,
2293 4012 2381 4081 ad
2421 4013 2574 4101 ejus
2608 4035 2753 4083 mo-

190 4103 570 4173 nasterium
633 4124 960 4193 pergenS,
1024 4102 1233 4194 paulo
1301 4101 1577 4191 longius
1624 4100 1952 4182 substitit,
2004 4100 2204 4187 eique
2252 4122 2325 4169 se
2372 4114 2748 4170 venturum

186 4210 339 4259 esse
384 4190 763 4261 nunciavit.
820 4191 941 4260 Cui
973 4190 1144 4260 dum
1180 4190 1495 4281 protinus
1544 4188 1952 4258 mandatum
2003 4190 2090 4257 dc
2128 4189 2544 4258 monasterio
2574 4188 2751 4258 fuis-

190 4289 293 4348 set
331 4290 408 4347 ut
439 4279 722 4360 veniret,
767 4279 939 4369 ipse,
974 4278 1156 4347 sicut
1202 4277 1504 4369 perfidae
1551 4277 1805 4346 mentis
1837 4276 1987 4358 suit,
2041 4298 2128 4346 an
2163 4277 2270 4345 vir
2301 4277 2417 4345 Dei
2457 4276 2753 4366 prophe·

190 4364 322 4434 tiae
369 4367 695 4457 spiritum
745 4366 1064 4448 haberet,
1115 4366 1470 4457 explorare
1524 4375 1814 4435 conatus
1860 4377 1984 4436 est.
2039 4364 2337 4448 Quidam
2384 4386 2540 4433 vero
2588 4364 2749 4451 ejus
