3327 4999
1773 246 1800 259 e

181 279 392 348 MART.
445 286 521 351 12
1014 315 1092 362 π
1142 318 1196 364 s,
1252 319 1562 370 cnncomo
1609 326 1771 374 PAPA
2266 316 2282 334 “
2445 324 2569 389 457

178 394 549 470 repererunt.
604 390 750 456 Mox
797 389 879 458 ad
930 394 1125 464 urbis
1173 401 1445 470 moenia
1492 425 1650 473 cum
1703 404 1931 478 surore
1966 410 2178 483 nimio
2221 432 2649 506 revertentes,

177 490 278 557 per
315 470 852 546 Archidiaconem
904 502 943 548 a
990 487 1311 574 Gregorio
1361 512 1431 559 se
1479 491 1755 565 delusos
1804 496 2037 580 fuisse,
2082 513 2157 571 ut
2239 529 2309 574 ro
2343 509 2656 598 reliquiis

176 557 342 626 vilem
387 582 684 649 pannum
736 569 1200 658 susciperent,
1256 577 1573 649 flebiliter
1617 586 2122 671 querebantur,
2229 597 2480 668 icentes
2531 600 2655 670 do-

178 646 365 716 minos
405 671 559 719 suos
609 653 1096 741 pulcherrimis
1146 665 1373 753 palliis
1419 670 1794 754 abundare,
1849 697 1928 743 ac
1977 685 2097 767 pe'r
2144 681 2271 754 hoc
2320 690 2657 758 Romano-

180 755 310 803 rum
349 736 584 807 vilibus
631 742 951 816 ,brandeis
1002 772 1134 818 non
1185 757 1404 843 egere.
1459 762 1649 828 Forte
1690 772 1853 832 tunc
1893 769 2259 857 Gregorius
2296 774 2652 846 Missarum

183 822 454 894 solemnia
485 828 896 902 celebrabat.
941 839 1205 918 Quibus
1238 845 1543 934 expletis,
1583 849 1670 917 ab
1702 850 1958 921 eisdem
1999 855 2236 947 legatis
2270 862 2652 935 brandeum

181 931 360 982 coram
401 918 670 986 cunctis
716 922 1074 1012 recipiens,
1130 951 1338 1028 super
1383 934 1594 1005 altare
1643 943 2053 1040 composuit,
2108 969 2315 1036 seque
2362 975 2520 1021 cum
2576 976 2651 1024 o-

175 1084 471 1162 liminibus
533 1098 1003 1184 Apostolorum
1055 1106 1139 1174 de
1187 1130 1374 1178 more
1427 1116 1906 1188 transmissum
1957 1135 2097 1203 est,
2158 1147 2276 1214 pro
2328 1130 2645 1217 reliquiis

170 1193 486 1268 martyrum
539 1188 847 1255 venerari
881 1189 1174 1270 deberet,
1213 1211 1641 1291 quantocyus
1678 1205 2032 1279 indicaret.
2080 1215 2327 1286 Deinde
2360 1219 2446 1288 ab
2486 1242 2641 1289 ora-

170 1264 306 1336 tione
343 1291 650 1362 surgens,
708 1274 1095 1351 incredulos
1143 1284 1397 1376 legatos
1446 1292 1731 1390 propius
1761 1295 2030 1368 adstare
2061 1299 2238 1384 fecit,
2277 1306 2635 1378 cultellum

165 1356 328 1441 petiit,
363 1381 542 1429 more
575 1365 990 1437 sanctissimi
1025 1394 1238 1462 papae
1273 1381 1509 1448 Leonis
1545 1380 1929 1455 brandeum
1966 1393 2281 1482 pupugit,
2322 1396 2404 1464 de
2436 1398 2640 1488 cujus

161 1447 601 1531 punctionibus
649 1456 931 1543 sanguis
982 1463 1292 1549 protinus
1340 1469 1706 1539 emanavit.
1777 1478 1920 1556 Quo
1972 1478 2304 1552 miraculo
2356 1498 2488 1555 tam
2541 1487 2639 1556 le-

155 1535 262 1618 gati
300 1535 582 1618 confusi,
634 1562 842 1626 quam
890 1567 1128 1618 omnes
1175 1554 1295 1639 qui
1345 1554 1626 1626 aderant
1661 1562 2057 1647 tremefacti,
2088 1569 2296 1658 jussu
2332 1576 2637 1665 Gregorii

151 1639 276 1689 cum
319 1645 390 1692 eo
439 1639 656 1697 terrae
705 1637 1020 1719 prostrati
1069 1654 1267 1709 sunt:
1322 1665 1445 1711 nec
1477 1660 1675 1716 antea
1709 1650 1795 1719 ab
1827 1655 2130 1725 oratione
2169 1677 2630 1746 cessaverunt,

148 1729 315 1794 quam
361 1729 611 1785 cuncta
656 1717 1111 1796 brandeorum
1164 1729 1501 1802 foramina
1550 1735 1880 1809 divinitus
1926 1743 2432 1820 clauderentur.

217 1803 244 1882 ξ
279 1806 422 1873 23.
477 1805 771 1887 Quidam
811 1825 1153 1900 praeterea
1191 1818 1479 1890 divitum
1517 1829 2006 1912 Romanorum,
2050 1834 2276 1907 relicta
2311 1841 2625 1933 conjuge,

153 1883 325 1958 fuerat
366 1913 400 1958 a
453 1895 777 1965 Pontifice
824 1905 1311 1975 commuuione,
1365 1911 1689 1999 privatus.
1747 1920 1937 2008 Quod
1988 1921 2103 1992 ille
2153 1927 2634 1999 molestissime

151 1972 346 2056 serens,
398 1993 460 2050 et
506 1986 982 2059 auctoritatem
1037 1995 1201 2063 tanti
1250 1999 1597 2072 Pontificis
1644 2026 1974 2077 evacuare
2024 2034 2159 2081 non
2202 2019 2628 2105 praevalens,

150 2081 455 2155 magorum
507 2073 840 2165 suffragia
889 2081 1275 2166 requisivit:
1329 2087 1448 2173 qui
1501 2091 1771 2182 magnis
1824 2100 2226 2172 muneribus
2276 2107 2625 2195 persuasi,

154 2169 302 2236 posse
345 2179 412 2226 se
461 2161 613 2228 suis
660 2166 1085 2238 carminibus
1134 2195 1355 2262 agere,
1410 2189 1487 2246 ut
1535 2178 1848 2252 immisso
1894 2185 2262 2272 daemone,
2319 2205 2452 2263 tam
2506 2196 2628 2265 diu

155 2237 400 2314 caballus
449 2249 801 2322 Pontificis
850 2271 1223 2340 vexaretur,
1276 2285 1635 2353 quousque
1682 2292 1838 2339 cum
1890 2296 2150 2347 sessore
2190 2302 2315 2349 suo
2357 2285 2627 2383 pericli-

153 2335 372 2412 taretur,
407 2336 825 2409 fiducialiter
859 2348 1342 2432 promiserunt.
1398 2359 1536 2424 Hac
1569 2358 1872 2440 incestus
1897 2363 2108 2449 judex
2146 2369 2626 2456 pollicitatione

153 2409 402 2503 laetatus,
458 2446 700 2516 magos
733 2429 930 2517 juxta
963 2435 1136 2505 viam
1195 2463 1315 2540 per
1349 2464 1555 2530 quam
1594 2449 1896 2521 Pontifex
1929 2453 2011 2523 ad
2066 2457 2421 2529 stationem
2476 2484 2627 2552 pro-

147 2499 393 2581 secturus
424 2525 598 2594 erat,
641 2518 711 2585 in
747 2520 977 2591 abdito
1009 2536 1073 2593 et
1101 2527 1280 2598 edito
1316 2546 1490 2602 stare
1526 2538 1859 2635 permisit,
1900 2555 1975 2613 ut
2010 2545 2234 2615 videre
2269 2561 2627 2620 transeun-

145 2602 237 2671 tes,
276 2620 398 2668 non
452 2602 673 2674 videri
721 2630 756 2674 a
811 2618 1324 2686 transeuntibus
1356 2634 1758 2710 potuissent.
1801 2634 2105 2719 Cumque
2147 2638 2328 2727 magi
2370 2660 2443 2707 ex
2479 2640 2627 2728 pla-

147 2696 471 2760 netatorum
521 2697 1219 2796 mappulatorumque
1260 2712 1816 2797 processionibus
1854 2742 2185 2824 magnum
2233 2727 2622 2829 Pontificem

142 2778 609 2861 cognovissent,
685 2788 996 2857 1mmisso
1052 2791 1381 2865 daemone
1431 2812 1569 2870 tam
1621 2803 1881 2876 sortiter
1927 2832 2079 2897 ejus
2126 2834 2346 2900 equus
2397 2838 2621 2886 vexari

137 2854 408 2947 fecerunt,
462 2882 542 2937 ut
593 2893 1021 2962 nequaquam
1070 2902 1108 2950 a
1157 2906 1418 2956 sessore
1465 2890 1606 2960 sive
1653 2915 1692 2961 a
1734 2900 2139 2969 stratoribus
2180 2904 2387 2972 teneri
2427 2928 2625 2995 posse

137 2963 458 3042 putaretur.
495 2963 689 3030 Tunc
720 2965 1108 3055 GregoriuS,
1143 2973 1476 3046 revelante
1511 2980 1771 3070 Spiritu
1804 2989 2071 3070 Sancto,
2099 2989 2618 3064 daemoniacam

133 3041 581 3115 immissionem
632 3071 1090 3140 cognoscenS,
1144 3060 1318 3131 facto
1365 3069 1594 3139 crucis
1643 3070 2026 3162 signacu10‚
2084 3090 2219 3147 tam
2270 3083 2617 3153 caballum

129 3142 159 3221 a
235 3135 508 3203 raesenti
563 3138 746 3208 rabie
797 3141 1149 3230 liberavit,
1214 3172 1420 3236 quam
1477 3157 1824 3230 maleficos
1885 3186 1965 3233 ex
2025 3165 2258 3236 latenti
2315 3172 2619 3242 culmine

121 3230 182 3295 Ju
222 3236 329 3290 ens
352 3222 717 3312 deponere,
757 3247 1084 3322 perpetua
1115 3240 1435 3312 caecitate
1471 3246 1845 3319 mulctavit.
1883 3258 2064 3335 Quos
2104 3270 2362 3328 reatum
2407 3284 2610 3331 suum

128 3311 516 3394 suggestione
564 3315 802 3386 incesti
841 3320 1103 3409 judicis
1149 3330 1549 3403 confitentes
1583 3390 1598 3416 ,
1661 3360 1740 3406 ac
1791 3344 2228 3429 postmodum
2290 3348 2377 3417 ad
2434 3349 2613 3433 sacri

126 3384 514 3480 baptismatis
562 3406 849 3494 gratiam
913 3413 1300 3498 venientes,
1363 3418 1749 3495 luminibus
1796 3430 2073 3514 quidem
2107 3489 2121 3514 ,
2178 3457 2261 3504 ne
2311 3441 2608 3528 magiam

122 3478 487 3588 relegerent,
544 3493 826 3565 reddere
874 3499 1132 3587 noluit,
1186 3526 1302 3576 eos
1350 3520 1575 3581 tamen
1626 3515 2090 3590 ecclesiastica
2139 3524 2312 3615 stipe
2362 3527 2613 3596 nutriri

128 3911 259 3993 latus
301 3927 542 4014 luerat,
599 3941 989 4013 recordatus
1027 3958 1230 4034 atque
1267 3969 1684 4028 memoratus
1718 3961 1828 4030 sit.
1883 3964 2074 4045 Quod
2111 3967 2391 4052 scilicet,
2431 3971 2610 4041 sicut

131 4013 505 4097 §prioribus
556 4026 866 4107 traditur,
923 4032 1016 4101 ita
1064 4057 1135 4104 se
1185 4038 1408 4111 habet.
1472 4046 1781 4126 Quodam
1832 4062 2135 4141 tempore
2183 4058 2470 4149 Trajano
2521 4061 2605 4132 ad

135 4102 495 4179 mminentis
561 4111 720 4183 belli
786 4121 1215 4208 procinctum
1286 4130 1879 4208 vehementissime
1942 4140 2333 4228 festinanti,
2401 4149 2608 4220 vidua

137 4191 401 4266 quaedam
434 4205 784 4289 processit,
818 4208 1137 4281 flebiliter
1172 4214 1452 4288 dicens:
1493 4244 1527 4287 «
1565 4222 1777 4295 Filius
1813 4248 2005 4298 meus
2038 4231 2370 4307 innocens
2401 4248 2462 4307 te
2497 4262 2602 4308 re-

141 4284 321 4351 gnante
365 4305 758 4380 peremptus
803 4309 923 4367 est.
980 4301 1309 4385 Obsecro,
1366 4320 1442 4377 ut
1487 4311 1651 4396 quia
1698 4335 1858 4384 eum
1913 4320 2082 4389 mihi
2130 4324 2411 4395 reddere
2460 4350 2594 4396 non

143 4356 305 4450 vales,
365 4374 768 4468 sanguinem
823 4386 972 4476 ejus
1028 4389 1333 4482 digneris
1388 4396 1698 4490 legaliter
1753 4404 2123 4480 vindicare.
2190 4436 2225 4479 »
2297 4419 2599 4504 Cumque
