3327 4999
210 330 426 396 MART.
482 330 563 394 ⁴2
1071 349 1149 395 nn
1197 349 1254 396 s.
1309 346 1621 396 cnseomo
1669 347 1833 394 PAPA
2510 329 2637 395 ⁴67

208 449 389 519 penes
435 427 857 519 Hispaniam,
912 428 1359 518 Agnoitarum
1407 448 1564 497 vero
1613 449 1825 518 penes
1860 426 2382 509 Alexandriam,
2437 429 2729 518 scripto-

209 539 345 587 rum
388 539 664 587 suorum
701 516 1146 586 validissimis
1195 517 1722 588 auctoritatibus
1763 515 2318 607 importunisque
2367 516 2730 607 legationi-

211 605 346 686 bus,
391 606 670 675 Domino
718 605 1164 696 suffragante,
1218 629 1258 675 a
1306 627 1593 694 corpore
1642 606 1850 675 totius
1889 618 2167 676 sanctae
2210 606 2452 675 matris
2500 606 2730 676 Eccle-

217 693 337 764 siae
376 706 846 783 sequestrarat.
888 695 1042 764 Sola
1073 716 1286 786 penes
1320 695 1610 765 Galliam
1661 693 2176 785 Neophytorum
2222 694 2530 764 haeresis
2560 706 2729 782 quot

224 783 586 853 Simoniacis
633 783 1066 865 muneribuS,
1105 783 1306 872 quasi
1358 795 1452 854 tot
1501 784 1855 854 radicibus
1886 782 2269 873 pullulans,
2321 782 2524 874 longe
2561 783 2727 853 late-
2782 842 2789 850 .

224 892 334 958 que
372 895 645 963 prorsus
717 884 1102 944 excreverat
1148 887 1214 942 et
1259 873 1582 943 manebat
1621 872 1680 943 *.
1734 876 1980 942 Contra
2038 893 2250 960 quam
2315 873 2731 944 venerabilis

221 973 373 1049 pater
401 962 580 1051 apud
632 961 1147 1032 Brunichildem
1183 963 1518 1053 reginam,
1558 961 2057 1032 Theodericum
2091 982 2367 1050 quoque
2403 973 2470 1032 et
2517 962 2735 1030 Theo-

215 1047 528 1119 debertum
610 1055 1029 1121 Francorum
1084 1072 1156 1120 re
1246 1073 1279 1120 s
1325 1051 1588 1121 fortiter
1646 1050 2089 1141 expugnavit,
2161 1050 2380 1120 donec
2446 1049 2733 1120 collecta

211 1139 472 1228 generali
519 1139 809 1228 synodO,
861 1139 1043 1209 hanc
1083 1161 1166 1209 su
1254 1141 1690 1211 anathemate
1728 1139 2202 1209 damnandam
2265 1140 2545 1240 peni-tus
2593 1139 2729 1209 im-

215 1239 485 1316 petraret.
547 1234 682 1297 Nec
741 1240 898 1298 ante
974 1228 1240 1320 Siagrio
1286 1230 1610 1320 episcopo
1670 1228 2311 1329 Augustudunenffl,
2370 1228 2612 1318 regina
2660 1240 2727 1298 et

211 1316 452 1405 regibus
498 1316 791 1408 pallium
829 1317 1065 1387 multis
1114 1318 1436 1408 precibus
1475 1319 1562 1387 fla
1618 1318 1974 1398 itanttbuS,
2014 1317 2224 1398 dedit,
2262 1339 2473 1404 quam
2524 1339 2721 1408 prae-

203 1417 359 1474 sente
403 1408 680 1495 Cyriaco
728 1428 854 1475 suo
900 1407 1153 1477 Abbate
1195 1406 1352 1497 ipsi,
1414 1430 1552 1496 quo
1651 1407 1737 1476 de
1784 1406 2251 1499 propellendis
2318 1406 2721 1476 haeresibus

212 1494 421 1563 moniti
466 1495 762 1574 fuerant,
817 1494 1297 1585 adimplerent.

266 1583 299 1668 ξ
361 1589 441 1654 2.
494 1591 666 1654 Nam
718 1606 839 1674 pro
888 1584 997 1654 his
1045 1584 1477 1654 Brunichildi
1550 1585 1831 1674 reginae
1880 1585 2057 1654 inter
2102 1594 2366 1653 caetera
2428 1583 2711 1666 scribit,

192 1668 521 1740 dicenst«
559 1672 991 1743 sacerdotale
1028 1672 1333 1742 officium
1385 1674 1457 1742 in
1518 1684 1779 1742 tantam
1830 1673 2010 1753 illic,
2065 1673 2245 1743 sicut
2292 1672 2718 1754 didicimuS,

195 1761 612 1830 ambitionem
665 1761 1074 1850 perductum
1126 1775 1247 1843 est,
1302 1774 1379 1832 ut
1425 1763 1814 1832 sacerdotes
1853 1763 2106 1842 subit0‚
2160 1761 2341 1848 quod
2429 1784 2587 1832 rave
2619 1761 2728 1831 ni-

197 1848 308 1917 mis
358 1861 477 1929 est,
531 1873 613 1919 ex
673 1849 867 1920 laicis
930 1849 1359 1920 ordinentur.
1416 1850 1544 1920 Sed
1593 1852 1756 1938 quid
1816 1852 1927 1921 isti
1976 1851 2197 1920 acturi
2244 1849 2360 1939 qui
2465 1849 2727 1942 populo

199 1940 581 2024 praestaturi
632 1951 793 2010 sunt
837 1939 959 2025 qui
1007 1962 1141 2008 non
1176 1939 1262 2008 ad
1312 1939 1703 2022 utilitatem,
1758 1941 1874 2009 sed
1930 1939 2078 2009 fieri
2137 1939 2221 2009 ad
2275 1939 2608 2009 honorem
2657 1962 2727 2008 e—

238 2024 431 2117 iscopi
495 2027 1051 2118 concupiscunt?
1097 2028 1219 2097 His
1267 2028 1290 2096 i
1341 2029 1480 2097 itur
1534 2029 1656 2116 qui
1722 2029 2020 2099 necdum
2074 2028 2258 2116 quod
2309 2028 2553 2098 docere
2605 2028 2727 2096 de·-

199 2201 208 2212 ·
265 2129 393 2197 ant,
447 2117 879 2186 didicerunt:
933 2117 1098 2203 quid
1135 2117 1274 2187 aliu
1374 2131 1613 2208 agunt,
1653 2118 1788 2187 nisi
1820 2131 1895 2187 ut
1942 2139 2325 2207 paucorum
2360 2129 2724 2207 provectus

192 2201 492 2285 illicitus,
579 2207 702 2275 fiat
748 2205 987 2275 multis
1065 2206 1380 2276 interitus
1431 2218 1495 2275 et
1542 2206 1613 2275 in
1661 2206 2136 2276 confusionem
2211 2206 2723 2276 Ecclesiasticae

197 2293 662 2364 moderationis
733 2294 1169 2365 observantia
1236 2294 1670 2365 deducatur?
1733 2296 2001 2387 Quippe
2074 2294 2197 2363 ubi
2264 2295 2501 2364 nullus
2551 2294 2721 2364 ordo

199 2383 504 2469 regularis
577 2394 910 2453 servatur.
965 2388 1130 2452 Nam
1206 2384 1327 2472 qui
1374 2384 1463 2453 ad
1537 2385 1689 2473 ejus
1758 2384 2066 2474 regimen
2144 2383 2567 2469 improvisus
2613 2383 2718 2453 vel

198 2473 390 2557 praeci
446 2474 657 2544 itatus
703 2472 965 2543 accedit
1011 2495 1149 2560 qua
1195 2472 1669 2544 admonitione
1715 2474 2060 2564 subjectos
2108 2471 2462 2555 aedificet,
2515 2472 2721 2562 cujus

194 2578 400 2653 exemp
435 2585 556 2632 um
599 2584 734 2631 non
786 2562 1119 2631 rationem
1170 2562 1440 2643 docuit,
1496 2563 1615 2633 sed
1682 2568 2035 2633 errorem?
2083 2561 2299 2631 Pudet
2355 2561 2709 2652 profecte,

193 2648 371 2734 pudet
407 2651 571 2721 aliis
600 2651 942 2742 imperare
977 2650 1162 2738 quod
1195 2651 1343 2741 ipse
1378 2652 1600 2721 nescis
1648 2653 2020 2722 custodire.
2060 2656 2191 2720 Nec
2225 2650 2400 2719 illud
2434 2650 2721 2738 quidem

197 2739 344 2820 quod
392 2740 612 2809 simili
660 2740 1136 2809 emendatione
1184 2740 1567 2810 radendum
1601 2753 1725 2822 est,
1763 2743 2241 2832 praeterimus,
2277 2739 2396 2808 sed
2431 2739 2719 2808 omnino

191 2829 539 2898 execrabile
586 2840 653 2897 et
699 2849 848 2899 esse
894 2829 1383 2920 gravissimum
1431 2828 1882 2911 detestamur,
1935 2828 2118 2917 quod
2170 2829 2350 2898 sacri
2398 2828 2542 2898 illic
2593 2832 2720 2897 Or-

187 2910 356 2986 dines
404 2940 528 3009 per
586 2917 1049 2988 Simoniacam
1111 2918 1451 2987 haeresim
1510 2940 1690 3005 quae
1756 2919 1982 3010 prima
2047 2930 2285 2987 contra
2333 2917 2719 2988 Ecclesiam

192 3018 332 3087 orta,
366 3019 430 3076 et
466 3007 780 3076 districta
812 3006 1295 3076 maledictione
1326 3007 1653 3077 damnata
1679 3020 1802 3088 est,
1847 3007 2311 3078 conferantur.
2353 3006 2529 3077 Hinc
2557 3027 2721 3097 ergo

191 3093 411 3188 agitur,
461 3110 542 3165 ut
589 3094 1035 3166 sacerdotalis
1063 3095 1365 3187 dignitas
1413 3097 1482 3165 in
1534 3097 1655 3167 des
1708 3108 1867 3167 ectu.
1910 3109 1976 3166 et
2024 3108 2307 3166 sanctus
2357 3097 2448 3166 sit
2499 3096 2722 3165 honor

193 3198 251 3247 1n
292 3183 603 3253 crimine.
644 3185 822 3255 Perit
868 3184 1107 3272 utique
1153 3185 1551 3265 reverentia,
1590 3208 1631 3254 a
1686 3186 1923 3254 lmitur
1951 3184 2344 3273 disciplina:
2398 3184 2562 3271 quia
2600 3183 2723 3272 qui

190 3269 409 3362 culpas
445 3272 687 3343 debuit
717 3274 1108 3356 emendare,
1161 3274 1556 3344 committit:
1593 3288 1657 3345 et
1688 3274 1947 3344 nefaria
1979 3274 2375 3355 ambitione,
2414 3274 2714 3342 honora-

190 3353 328 3430 bilis
373 3361 738 3433 sacerdotii
784 3362 1064 3432 ducitur
1112 3362 1182 3431 in
1214 3362 1772 3453 depravationem
1800 3385 2118 3434 censura.
2173 3368 2342 3432 Nam
2391 3362 2550 3449 quis
2596 3361 2715 3430 de-

190 3466 310 3518 nuo
353 3461 716 3521 veneretur
761 3451 947 3537 quod
995 3449 1357 3521 venditur?
1385 3458 1529 3522 Aut
1557 3453 1715 3540 quis
1762 3474 1900 3522 non
1931 3451 2061 3520 vile
2090 3463 2281 3541 putet
2325 3472 2475 3522 esse
2522 3450 2711 3538 quod

187 3534 462 3608 emitur?
498 3538 690 3609 Unde
722 3538 918 3609 valde
966 3541 1333 3611 contristor
1386 3555 1453 3611 et
1500 3555 1716 3611 terrae
1764 3541 1867 3610 illi
1899 3539 2265 3611 condoleo:
2329 3540 2496 3626 quia
2540 3539 2712 3609 dum

193 3625 501 3712 Spiritum
564 3633 890 3698 Sanctum
943 3651 1148 3716 quem
1201 3651 1323 3719 per
1370 3652 1620 3701 manus
1691 3630 2203 3721 impositionem
2275 3628 2714 3719 omnipotens

192 3712 346 3810 Deus
397 3716 801 3786 hominibus
859 3717 1097 3808 largiri
1134 3717 1486 3809 dignatur,
1538 3718 1772 3788 divino
1839 3740 2130 3788 munere
2184 3716 2435 3786 habere
2482 3716 2713 3874 despi-

191 3816 385 3885 ctunt,
438 3804 555 3876 sed
608 3805 934 3897 praemiis
963 3820 1448 3894 assequuntur,
1486 3807 1944 3879 sacerdotium
1994 3806 2138 3876 illic
2185 3806 2563 3877 subsistere
2644 3805 2717 3876 iu

197 3904 311 3959 non
342 3894 660 3972 arbitror.
713 3900 879 3965 Nam
910 3896 1033 3967 ubi
1082 3894 1264 3966 dona
1310 3918 1652 3986 supernae
1742 3896 1953 3966 ratiae
1983 3893 2250 3965 venalia
2273 3895 2706 3985 judicantur,

189 3976 266 4045 'ad
311 3983 419 4082 pei
466 3983 821 4054 servitium
855 4007 991 4055 non
1025 3986 1162 4055 vita
1199 3985 1579 4074 quaeritur,
1621 3920 1739 4056 seg
1789 3984 2012 4075 magis
2058 3996 2297 4054 contra
2328 3989 2541 4054 Deum
2593 4006 2714 4076 pe-

201 4084 417 4140 cumae
465 4083 948 4144 venerantur.»

268 4157 300 4243 ξ
356 4164 447 4232 3.
515 4165 684 4232 Item
745 4162 832 4232 de
888 4161 1149 4234 eisdem
1179 4218 1196 4246 ,
1272 4161 1689 4233 Theodorico
1758 4173 1825 4233 et
1894 4161 2356 4233 Theodeberto
2432 4162 2717 4253 regibus

242 4298 264 4323 ⁸
287 4301 513 4350 Epistola
536 4305 752 4357 Gregorii
771 4304 1035 4348 afferuntur
1053 4317 1173 4357 quae
1201 4309 1477 4348 Tractatum
1506 4307 1761 4348 conficiunt
1789 4308 1847 4348 de
1877 4308 2103 4352 Simonis:
2134 4306 2320 4348 scilicet
2348 4316 2491 4356 quam
2518 4305 2721 4345 vilescat

205 4345 546 4399 dueetdotnus
563 4361 816 4409 pnelatlm
844 4363 1022 4410 quanta
1039 4361 1148 4401 inde
1167 4363 1383 4403 oriantur
1401 4364 1593 4403 damna:
1623 4371 1766 4411 quam
1794 4362 1957 4411 inique
1986 4372 2071 4411 per
2086 4362 2217 4405 illum
2239 4361 2467 4402 beneficia
2485 4368 2720 4408 aucupen·

207 4396 267 4444 t⁴¹¹⁵
281 4410 322 4447 et
336 4412 678 4453 ecclesiasticae
709 4415 968 4462 ‹umtates
986 4416 1035 4456 et
1052 4416 1233 4466 indigni
1253 4416 1312 4456 nd
1330 4415 1647 4456 sacerdotium
1666 4417 1996 4462 assumantun
2025 4416 2083 4456 de
2103 4415 2312 4456 Simonis
2327 4415 2532 4463 denique
2565 4413 2712 4453 varus

209 4460 982 4519 mummaammn).
