3327 4999
127 353 228 419 EX
276 352 457 420 NOV.
510 353 593 418 26
1007 371 1085 418 nr:
1132 373 1187 418 s.
1238 370 1459 417 Atvmo
1506 369 1754 419 (nomm
2427 353 2553 418 723

125 456 469 548 martyris:
501 467 566 527 et
598 455 835 529 multis
885 456 1159 527 tandem
1192 479 1599 547 persuasum
1631 456 1975 547 precibuS,
2022 455 2290 526 reduxit
2322 456 2408 526 ad
2441 479 2642 526 suam

124 547 500 626 civitatem:
552 556 616 616 et
662 545 805 616 illic
874 546 1222 616 decaetero
1303 558 1582 617 sanctus
1656 546 2105 616 monasticam
2164 545 2367 616 vitam
2416 545 2645 615 divine
2737 584 2741 588 ·

122 635 403 728 peregit.
459 633 567 705 Sic
613 636 796 704 enim
848 636 945 706 sic
993 635 1293 723 quadam
1343 634 1762 726 benignitate
1811 657 1917 704 res
1975 645 2241 705 nostras
2302 639 2478 705 Deus
2526 635 2645 704 ad·-

128 725 557 806 ministravit‚
610 737 687 795 ut
732 725 848 811 qui
900 747 978 794 ex
1026 725 1175 814 ipsa
1224 725 1443 815 patria
1479 723 1854 814 productus
1887 722 2107 794 fuerat
2155 723 2440 803 fructus,
2485 745 2645 793 eum

125 815 258 906 ipsi
307 836 546 885 rursus
596 813 853 904 patriae
903 813 1229 883 laetitiam
1274 812 1537 882 dederit
1585 813 1979 883 salutarem.
2033 812 2303 884 Audivit
2349 824 2527 882 certe
2574 812 2646 881 in

125 903 385 975 somnis
433 904 534 972 vir
582 903 696 973 ille
735 903 969 991 justus
1016 903 1326 973 divinum
1378 903 1785 985 consilium,
1841 924 1925 971 ne
1984 923 2182 993 aegre
2228 901 2432 972 ferret
2477 913 2650 970 tarn-

121 1016 330 1081 quam
378 993 542 1079 quia
601 992 710 1062 via
758 994 1028 1083 sperat-81
1098 993 1499 1062 aberrasset.
1554 991 1705 1061 Illic
1760 992 1946 1061 enim
1992 1013 2140 1060 esse
2207 1002 2444 1062 sancta
2498 991 2644 1060 loca

122 1082 294 1152 dixit
339 1081 454 1151 ille
485 1081 605 1169 qui
641 1094 846 1151 noctu
878 1094 1312 1183 apparuerat,
1348 1081 1415 1150 in
1466 1081 1721 1169 quibus
1763 1086 1975 1151 Deum
2022 1102 2263 1150 amans
2301 1080 2649 1238 quispiam

122 1171 374 1262 eligere
422 1183 648 1261 posset
696 1170 803 1261 pie
874 1193 1115 1240 vivere.
1171 1171 1291 1241 His
1347 1192 1507 1262 ergo
1555 1170 1939 1241 visionibus
1999 1169 2351 1251 excitatus,
2419 1191 2457 1239 0
2512 1169 2651 1240 ibat

123 1260 388 1342 hilariS,
443 1269 880 1350 perscrutans
927 1260 1180 1342 locum,
1248 1261 1313 1329 in
1365 1282 1501 1347 quo
1551 1273 1778 1350 posset
1815 1259 2024 1350 figere
2071 1259 2593 1329 tabernaculum
2627 1314 2642 1339 ,

124 1363 464 1420 remotum
501 1370 540 1417 a
573 1347 983 1430 civitatibus,
1021 1363 1085 1420 et
1121 1350 1331 1441 pacis,
1384 1349 1833 1436 quietumque
1880 1361 1945 1419 et
1991 1371 2032 1417 a
2079 1347 2368 1438 strepitu
2416 1349 2650 1438 sejun-

123 1450 338 1508 ctum.
379 1437 691 1508 Ascendit
724 1459 885 1529 ergo
933 1437 1001 1506 in
1052 1460 1274 1508 unum
1318 1451 1616 1509 montem
1668 1438 1751 1507 ad
1818 1436 2336 1507 meridionalem
2436 1450 2649 1506 artem

123 1526 440 1607 civitatis,
493 1539 556 1596 et
588 1549 746 1596 cum
779 1527 1205 1617 cognovisset
1299 1526 1808 1597 ulchrum-csse
1838 1537 2139 1596 montem
2187 1538 2252 1595 et
2300 1547 2382 1594 su
2435 1525 2651 1595 latum

124 1617 197 1684 in
250 1616 466 1685 altum
516 1628 582 1684 et
627 1617 713 1686 ab
760 1617 951 1685 omni
1020 1616 1219 1685 turba
1295 1615 1561 1685 iberum
1593 1669 1608 1696 ‚
1673 1629 1863 1686 stans
1921 1615 1988 1684 in
2040 1615 2288 1685 vertice
2351 1614 2602 1684 montis
2633 1669 2648 1695 ,

127 1703 614 1796 speculabatur
660 1704 993 1792 undique:
1047 1705 1403 1792 oculisque
1450 1704 1579 1775 fuit
1632 1704 2029 1785 delectatus,
2068 1703 2400 1790 valdeque
2447 1703 2655 1773 laeta·

129 1808 242 1864 tus
292 1794 416 1864 fuit
446 1794 692 1885 spiritu
739 1806 803 1863 et
849 1795 1188 1882 acquievit
1233 1795 1294 1864 ei
1334 1794 1635 1874 animus:
1696 1794 1842 1865 loco
1895 1804 2125 1864 autem
2172 1792 2402 1863 deerat
2449 1814 2651 1881 aqua,

130 1894 196 1954 et
244 1883 372 1953 hoc
422 1882 599 1952 male
645 1882 940 1952 habebat
992 1894 1329 1954 sanctum.

218 1974 255 2059 ξ
298 1974 375 2043 ¹2.
415 1977 568 2042 Post
613 1993 835 2041 unum
885 1972 1111 2059 itaque
1145 1972 1325 2041 diem
1375 1983 1651 2064 accepto
1686 1983 1905 2044 rastro
1930 1983 1995 2042 et
2043 1970 2292 2063 ligone,
2346 1971 2415 2040 in
2466 1991 2660 2040 mon-

132 2072 269 2130 tem
345 2083 587 2131 rursus
657 2061 1035 2131 revertitur.
1089 2061 1429 2145 Quaesivit
1494 2085 1649 2133 vero
1704 2072 1769 2132 et
1814 2060 1984 2132 fodit
2056 2084 2140 2131 us
2189 2081 2277 2131 ue
2320 2059 2409 2130 ad
2457 2059 2662 2129 meri-

130 2149 316 2218 diem
363 2161 429 2218 et
477 2171 609 2218 non
663 2150 941 2231 invenit,
996 2171 1119 2218 nec
1165 2161 1331 2220 erat.
1385 2151 1719 2233 Quocirca
1768 2149 2040 2222 tristitia
2087 2172 2126 2220 a
2180 2160 2370 2220 ectus
2399 2203 2415 2231 ,
2485 2148 2663 2219 sedit

179 2249 284 2307 ost
332 2237 632 2307 laborem
682 2252 746 2307 et
784 2239 1029 2308 sedens
1075 2239 1466 2321 obdormiit;
1522 2240 1591 2309 in
1642 2239 1904 2309 visione
1948 2249 2175 2308 autem
2213 2237 2382 2308 vidit
2427 2238 2658 2308 virum

158 2349 361 2396 ocum
394 2327 860 2396 ostendentem
909 2341 973 2396 et
1009 2328 1072 2396 ei
1118 2328 1614 2409 consulentem,
1671 2342 1749 2399 ut
1796 2328 1891 2399 ibi
1937 2325 2216 2397 foderet.
2265 2328 2567 2397 Surrexit
2596 2339 2662 2396 et

130 2415 326 2496 fodit;
390 2438 545 2485 ecce
607 2428 834 2486 autem
882 2417 1220 2505 quaedam
1265 2439 1477 2519 parva
1530 2416 1903 2509 pinguedo:
1983 2428 2048 2487 et
2096 2416 2388 2509 perrexit
2434 2414 2663 2486 fodere

132 2505 570 2596 profundiuS,
616 2519 679 2575 et
725 2528 904 2593 aqua
951 2506 1407 2598 erupit;'1pse
1453 2528 1609 2577 vero
1647 2506 1972 2578 exultavit
2017 2507 2275 2585 animo,
2323 2517 2389 2575 et
2451 2510 2662 2575 Deum

129 2594 416 2683 rogavit,
456 2594 575 2681 qui
621 2594 782 2664 facit
830 2593 1369 2665 inisericordiam
1420 2619 1616 2667 suam
1651 2597 1720 2665 in
1770 2618 1886 2667 eos
1931 2596 2051 2683 qui
2100 2594 2182 2664 ad
2235 2595 2466 2686 ipsum
2499 2616 2661 2665 con-

134 2683 435 2772 fugiunt:
474 2696 536 2753 et
586 2706 871 2774 propere
924 2685 1228 2754 cucurrit
1274 2686 1359 2754 ad
1409 2708 1618 2755 suum
1667 2684 2043 2755 Antistitem
2095 2695 2160 2754 et
2208 2706 2351 2754 rem
2401 2683 2456 2756 si
2513 2683 2666 2752 nifi-

132 2772 333 2853 cavit,
373 2784 437 2844 et
487 2773 676 2864 petiit
705 2786 778 2843 ut
826 2796 982 2844 arae
1019 2775 1256 2864 figeret
1295 2773 1847 2856 fundamentum,
1886 2795 2044 2844 cum
2086 2774 2232 2864 ipse
2279 2774 2450 2843 bene
2505 2773 2667 2842 ixis-

134 2873 259 2932 set.
315 2862 437 2932 Ille
484 2875 709 2932 autem
747 2885 905 2933 cum
956 2863 1085 2933 hoc
1135 2863 1538 2945 rescivisset,
1576 2876 1811 2933 sancto
1857 2862 2137 2950 quidem
2186 2885 2510 2933 assensus
2539 2873 2662 2943 est,

132 2964 216 3022 ut
262 2951 494 3021 omnia
540 2951 809 3022 faceret.
866 2953 1050 3022 Clam
1094 2975 1248 3022 vero
1297 2953 1595 3034 mittenS,
1649 2952 1989 3024 obstruxit
2016 2975 2094 3023 os
2141 2951 2370 3032 fontiS,
2426 2963 2503 3021 ut
2530 2964 2669 3021 tae-

134 3039 252 3108 dio
300 3041 607 3122 affectuS,
663 3052 959 3111 montem
1009 3042 1285 3129 quidem
1339 3041 1792 3131 relinqueret,
1853 3054 1931 3112 ut
1976 3062 2268 3111 ascensu
2315 3039 2669 3111 difficilem

135 3127 352 3213 etqui
399 3150 718 3219 asperum
754 3141 817 3198 et
865 3131 1161 3201 arduum
1211 3130 1294 3200 ad
1336 3153 1495 3201 eum
1545 3130 1914 3201 ascendere
1947 3130 2333 3201 volentibus
2389 3130 2669 3199 haberet

139 3238 533 3286 ascensum:
590 3218 876 3287 inferius
925 3231 1151 3289 autem
1202 3220 1538 3290 habitaret
1584 3242 1866 3310 campos
1911 3221 2032 3306 qui
2072 3230 2232 3289 sunt
2278 3219 2463 3289 circa
2508 3218 2675 3288 civi-

142 3316 401 3385 tatem,
457 3316 530 3375 ut
577 3306 661 3375 ad
710 3327 883 3392 quos
958 3307 1280 3378 omnibus
1328 3308 1550 3378 facilis
1618 3321 1841 3400 pateat
1905 3309 2158 3379 aditus.
2225 3308 2469 3377 Omnia
2517 3329 2674 3376 vero

146 3393 483 3464 lustrabat
528 3406 593 3463 et
651 3393 988 3465 circuibat
1048 3409 1349 3477 sanctim,
1404 3396 1631 3467 locum
1704 3397 2121 3488 investigans
2168 3418 2238 3465 se
2290 3408 2557 3467 aratum
2614 3407 2679 3465 et

145 3495 511 3552 remotum.
563 3483 755 3552 Videt
787 3495 1014 3553 autem
1042 3496 1197 3554 ante
1229 3484 1567 3554 civitatem
1601 3485 1976 3573 quamdam
2017 3486 2223 3556 solitu
2278 3485 2458 3555 inem
2493 3506 2671 3573 quae

141 3584 291 3642 erat
331 3571 532 3661 plena
579 3594 650 3641 se
703 3571 915 3643 ulcris
947 3573 1474 3660 antiquissimis:
1530 3575 1599 3642 in
1649 3596 1788 3660 quo
1837 3574 1984 3644 loco
2020 3596 2352 3665 magnum
2401 3595 2671 3665 agmem

142 3661 519 3753 spirituum
568 3661 652 3730 de
686 3661 998 3743 itescens‚
1053 3684 1205 3731 eam
1276 3662 1601 3732 reddebat
1652 3675 1890 3732 tetram
1957 3676 2021 3733 et
2068 3663 2481 3733 horrendam
2531 3684 2679 3732 om-

144 3751 359 3820 nibus
398 3749 823 3822 hominibus.
870 3750 960 3819 Ad
995 3773 1205 3838 quam
1256 3751 1498 3823 Christi
1553 3751 1748 3821 miles
1777 3752 2078 3843 primurn
2129 3764 2194 3821 et
2243 3752 2510 3842 primus
2556 3773 2682 3820 au-

147 3862 272 3909 sus
304 3851 404 3909 est
444 3840 786 3919 accedere,
841 3862 1090 3930 magno
1123 3852 1399 3930 stupore
1494 3840 1785 3911 erculsis
1811 3841 1976 3909 viris
2024 3840 2185 3922 illis,
2217 3863 2379 3911 cum
2426 3840 2683 3928 quibus

147 3928 384 3998 obibat
422 3928 868 3999 considerans
931 3941 995 3998 et
1040 3950 1377 4017 quaerens
1469 3952 1673 4000 ocum
1720 3930 1993 4016 quietis.
2049 3935 2274 4016 Neque
2333 3930 2518 3999 enim
2567 3929 2683 3999 Dei

152 4038 349 4086 amor
396 4016 524 4090 scit
588 4039 898 4105 unquam
950 4029 1345 4108 suspectum
1395 4019 1648 4089 habere
1698 4018 2079 4109 periculum
2114 4073 2129 4099 ,
2179 4029 2258 4088 ut
2301 4018 2420 4106 qui
2469 4018 2555 4088 ad
2615 4017 2682 4087 id

153 4105 340 4193 quod
394 4106 682 4186 videtur,
728 4128 850 4196 spe
899 4106 1126 4197 potius
1175 4128 1213 4176 a
1264 4118 1419 4177 atur
1465 4107 1768 4178 meliore.
1823 4113 2008 4178 Inter
2054 4129 2126 4177 se
2173 4118 2401 4177 autem
2450 4128 2688 4177 omnes

149 4193 240 4263 ad
290 4194 523 4286 ipsum
556 4194 685 4265 viri
744 4217 941 4267 voces
989 4195 1220 4266 emitte
1273 4208 1429 4279 ant,
1486 4196 1727 4287 procul
1775 4196 2105 4268 distantes
2151 4207 2217 4267 et
2262 4196 2679 4266 clamantes:

156 4282 488 4366 Quisnam
538 4284 828 4355 daemon
882 4299 945 4355 te
991 4307 1031 4354 a
1081 4284 1278 4355 nobis
1305 4284 1403 4356 sic
1437 4297 1713 4377 raptum
1763 4286 1929 4357 illuc
1963 4284 2333 4367 transtulit,
2367 4307 2406 4354 o
2438 4283 2692 4354 homo?

150 4375 302 4442 Heu
350 4372 484 4443 heu
532 4373 791 4456 recede,
847 4374 1170 4464 egredere
1215 4398 1293 4446 ex
1340 4375 1470 4446 hac
1520 4375 1704 4446 mala
1752 4375 2160 4457 solitudine,
2214 4396 2353 4462 qua
2394 4373 2522 4474 soli
2570 4373 2691 4443 de-

156 4461 496 4534 lectantur
530 4462 924 4546 daemones;
984 4476 1049 4537 et
1096 4462 1182 4535 ad
1232 4485 1305 4535 se
1360 4486 1606 4537 rursus
1661 4464 1973 4537 conversi
2021 4462 2364 4536 dicebant:
2418 4466 2544 4532 Hic
2589 4472 2693 4532 est
