3327 4999
605 329 732 393 430
941 325 944 336 '
1415 348 1493 393 na
1544 347 1597 394 s.
1651 346 1963 394 cancomo
2013 344 2173 393 ΡΑΡΑ
2676 327 2923 393 MART.
2982 330 3073 394 ⁴2

514 426 700 495 sedis
732 425 1156 506 Pontificem,
1188 426 1411 516 coepit
1438 427 1873 496 vehementer
1900 438 2233 516 expetere,
2267 437 2344 494 ut
2373 425 2444 494 in
2478 426 2901 496 Britanniam
2936 427 3075 496 ali-

512 537 687 602 quos
735 515 923 584 verbi
965 513 1317 583 ministros
1364 516 1721 585 emitteret.
1777 520 1923 598 Quo
1970 536 2131 585 cum
2180 514 2529 583 neminem
2572 515 2667 584 ire
2730 514 2901 585 velle
2948 538 3073 585 co-

510 615 889 693 gnosceret,
931 603 1377 691 semetipsum
1407 626 1680 691 quoque
1730 626 1866 672 non
1917 603 2257 673 dubitavit
2304 603 2638 693 ingerere,
2678 604 3072 674 dummodo

513 691 816 762 Pontifex
865 692 997 760 sibi
1045 691 1393 760 licentiam
1444 693 1934 762 commodaret.
1976 693 2129 775 Qui,
2176 691 2333 761 licet
2382 715 2542 760 cum
2595 715 2845 784 magna
2886 717 3069 762 cun·

513 781 806 851 ctatione
857 780 1061 849 totius
1109 780 1272 849 cleri
1322 803 1401 849 ac
1452 781 1733 871 populi,
1789 782 2197 871 Gregorium
2248 794 2492 870 sponte
2542 781 2885 870 proficisci
2936 805 3070 852 cu-

513 871 810 960 pientem
835 869 1024 938 abire
1052 869 1383 959 permisit,
1412 870 1831 959 imprecatus
1858 872 1918 939 ei
1941 870 2273 940 divinitus
2298 892 2624 960 prospera
2652 871 3063 940 ministrari.

603 961 638 1045 §
685 965 834 1031 172.
890 963 980 1026 De
1026 959 1225 1048 cujus
1273 959 1584 1028 absentia
1633 960 1925 1028 Romani
1976 958 2360 1050 plurimum
2411 960 2827 1048 perturbati,
2883 960 3066 1029 deli-

514 1046 750 1117 berato
799 1046 1107 1126 consilio,
1162 1046 1419 1115 trifarie
1467 1070 1588 1138 per
1637 1047 1786 1117 loca
1836 1049 1980 1117 viae
2028 1047 2375 1137 contigua,
2416 1048 2599 1117 unde
2633 1048 2940 1117 Pontifex
2975 1050 3068 1118 ad

517 1135 696 1205 beati
744 1136 919 1204 Petri
968 1134 1400 1225 profecturus
1447 1148 1591 1206 erat
1637 1137 2035 1218 basilicam,
2092 1136 2509 1226 partiuntur,
2573 1158 2874 1223 eumque
2924 1150 3071 1207 tur-

521 1225 762 1293 matim
813 1224 1035 1293 taliter
1080 1224 1574 1311 alloquuntur:
1627 1230 1902 1295 Petrum
1950 1225 2335 1305 offendisti,
2388 1231 2675 1294 Romam
2727 1227 3069 1295 destruxi-

521 1315 652 1394 sti,
705 1312 869 1400 quia
917 1315 1320 1402 Gregorium
1368 1313 1717 1384 dimisisti.
1795 1315 2062 1396 Quibus
2111 1314 2467 1383 sententiis
2532 1314 2819 1383 omnino
2879 1318 3067 1405 Papa

521 1402 968 1493 perterritus,
1023 1402 1210 1472 misit
1255 1404 1583 1473 continuo
1632 1404 1967 1485 nuncioS‚
2020 1404 2139 1489 qui
2186 1403 2411 1471 virum
2466 1403 2734 1471 Domini
2788 1425 3068 1473 revoca-

521 1504 674 1560 rent
721 1491 1122 1581 Gregorium
1155 1545 1175 1570 ,
1230 1492 1415 1577 quod
1467 1493 1612 1582 ipse
1660 1492 1793 1561 sibi
1840 1492 2388 1561 commeantibus
2429 1491 2577 1577 jam
2630 1492 3068 1581 praedixerat

522 1580 663 1648 fore
693 1580 1030 1648 futurum.
1068 1585 1360 1666 Jamque
1398 1580 1609 1650 trium
1657 1581 1924 1649 dierum
1979 1581 2220 1650 itinere
2269 1580 2653 1671 profligatO,
2691 1581 2779 1649 ad
2822 1603 3073 1668 quem-

521 1668 681 1737 dam
745 1668 971 1737 locum
1018 1669 1389 1754 requieturi
1442 1669 1608 1738 forte
1655 1670 2088 1738 diverterant.
2157 1674 2303 1751 Quo
2353 1668 2649 1758 singulis
2694 1670 3067 1756 quiescen-

523 1757 755 1836 tibus,
814 1758 1178 1847 Gregorius
1227 1757 1590 1827 lectitabat.
1648 1763 1863 1840 Quem
1925 1758 2189 1827 locusta
2237 1757 2727 1847 superveniens
2765 1814 2779 1839 ‚
2835 1760 3066 1848 coegit

521 1845 886 1936 paululum
922 1869 962 1913 a
993 1846 1278 1936 legendo
1325 1847 1718 1932 quiescere,
1764 1861 1826 1916 et
1875 1870 1953 1915 ex
2000 1846 2546 1918 consideratione
2596 1849 2703 1916 sui
2754 1849 3074 1918 nominis

522 1935 757 2004 docuit
801 1956 957 2002 eum
1009 1935 1080 2003 in
1129 1934 1366 2003 eodem
1418 1935 1562 2005 loco
1612 1950 1865 2006 restare
1911 1935 2177 2005 debere.
2262 1941 2449 2004 Tunc
2496 1934 2711 2004 fertur
2759 1935 3069 2006 dixisse:

524 2029 904 2103 «Locusta,
963 2023 1208 2110 inquit,
1246 2023 1383 2092 dici
1435 2038 1673 2113 potest,
1727 2026 1928 2113 quasi
1979 2029 2115 2094 loco
2161 2035 2288 2094 sta.
2330 2048 2365 2089 >⁸
2418 2024 2795 2112 Statimque
2842 2028 3073 2096 comi-

523 2124 622 2181 tes
669 2112 1093 2194 adhortatu8‚
1149 2111 1586 2183 festinantius
1634 2115 1733 2184 ire
1780 2117 2104 2183 certabat:
2160 2114 2277 2184 sed
2329 2113 2933 2203 praevenientibus
2988 2122 3079 2183 A-

522 2201 873 2290 postolicis
913 2201 1210 2282 nunciis,
1272 2202 1424 2271 licet
1463 2226 1881 2294 magnopere
1929 2203 2335 2283 tristaretur,
2391 2202 2612 2271 redire
2660 2202 2744 2270 ad
2797 2206 3081 2293 proprii

519 2289 923 2380 compulsus
993 2302 1092 2361 est
1165 2293 1563 2360 monasterii
1628 2315 1893 2361 curam.
1961 2293 2261 2378 Denique
2309 2313 2598 2360 cernens
2646 2291 3069 2363 Benedictus

517 2378 928 2447 venerabilis
987 2379 1286 2448 Pontifex
1333 2379 1662 2449 virtutum
1715 2380 2047 2471 gradibus
2096 2379 2498 2470 Gregorium
2547 2379 2631 2448 ad
2697 2380 2834 2450 alta
2894 2403 3073 2449 con·-

518 2467 863 2547 scendere,
911 2468 1240 2537 violenter
1286 2490 1442 2537 eum
1494 2492 1532 2538 a
1581 2468 1806 2556 quiete
1855 2470 1965 2540 sui
2016 2468 2411 2539 monasterii
2461 2469 2893 2549 abstrahens.
2940 2474 3079 2540 Ec-

516 2558 878 2629 clesiastici
945 2558 1207 2625 ordinis
1264 2556 1489 2625 officio
1557 2558 2003 2639 sublimavit,
2060 2559 2495 2644 Levitamque
2543 2558 2918 2647 septimum
2974 2560 3072 2630 ad

517 2669 723 2717 suum
773 2646 1194 2735 adjutorium
1245 2648 1686 2715 consecravit.
1766 2652 1841 2715 In
1904 2670 2041 2734 quo
2090 2645 2499 2716 venerabilis
2566 2660 2756 2736 pater
2805 2652 3079 2738 Grego-

514 2736 660 2807 rius
711 2748 897 2804 tanta
944 2733 1333 2803 humilitate
1383 2736 1617 2825 viguit,
1674 2740 1858 2804 tanta
1900 2735 2175 2805 solertia
2222 2735 2660 2814 ministravit,
2713 2746 2790 2805 ut
2832 2736 2901 2804 in
2943 2743 3077 2807 Ec-

514 2824 933 2894 clesiasticae
1004 2822 1431 2907 hierarchiae
1483 2824 1861 2893 ministerio
1910 2825 2254 2894 videretur
2301 2824 2555 2894 divinis
2602 2847 2687 2893 an
2743 2824 2871 2893 elis
2921 2848 3077 2896 non

516 2913 737 2981 solum
790 2912 1008 2980 nitore
1056 2911 1356 2993 habituS,
1401 2935 1634 2982 verum
1674 2915 1876 2983 etiam
1912 2914 2218 2983 claritate
2257 2935 2529 2982 morum
2584 2935 2705 3003 pro
2759 2913 3074 2984 abilium

514 3001 842 3069 veraciter
880 3002 1243 3087 coaequari
1278 3001 1334 3070 *.

603 3091 637 3175 ξ
684 3093 832 3162 m.
912 3095 1042 3158 Nec
1094 3090 1307 3159 multo
1358 3103 1509 3182 post
1555 3113 1678 3180 pro
1729 3091 2079 3181 responsis
2128 3089 2623 3161 Ecclesiasticis
2671 3091 2759 3160 ad
2808 3091 3073 3161 urbem

517 3177 1169 3267 Constantinopolim
1224 3202 1261 3247 a
1297 3179 1564 3270 Pelagio
1613 3181 1933 3249 Praesule
1982 3180 2386 3250 destinatur.
2443 3180 2568 3249 Ubi
2616 3179 2941 3266 quamvis
2993 3182 3076 3251 in

516 3279 782 3337 terreno
830 3280 1344 3336 conversaretur
1392 3270 1666 3358 palatio,
1704 3269 1877 3338 vitae
1926 3269 2237 3339 coelestis
2286 3291 2421 3338 non
2472 3269 2845 3338 intermisit
2894 3291 3073 3358 pro-

513 3357 841 3445 positum.
881 3357 1105 3424 Secuti
1157 3380 1452 3443 namque
1501 3370 1661 3427 sunt
1707 3380 1868 3428 eum
1912 3358 2107 3427 multi
2158 3380 2238 3427 ex
2286 3380 2411 3426 suo
2461 3358 2878 3427 monasterio
2918 3357 3073 3427 fra-

514 3458 673 3525 treS,
727 3466 1055 3534 germana
1101 3445 1394 3515 devincti
1446 3446 1816 3516 charitate:
1870 3448 2053 3534 quod
2102 3446 2339 3515 divina
2384 3445 2642 3517 factum
2693 3445 3078 3547 dispensa-

516 3535 696 3603 tione
743 3534 1188 3624 conspicitur,
1245 3546 1321 3604 ut
1367 3556 1603 3603 eorum
1660 3535 1971 3604 videlicet
2019 3535 2331 3626 exemplo
2379 3534 2465 3604 ad
2531 3535 2864 3605 orationis
2917 3535 3080 3625 pla-

513 3622 747 3692 cidum
799 3622 984 3705 litus,
1023 3623 1223 3709 quasi
1272 3645 1561 3693 ancorae
1609 3623 1772 3693 fune
1822 3625 2293 3715 stringeretur:
2346 3638 2413 3694 et
2459 3624 2631 3694 dum
2678 3646 3075 3693 causarum

514 3711 930 3781 secularium
997 3712 1415 3782 continuatis
1463 3713 1915 3804 vertiginibus
1964 3714 2364 3794 fluctuaret,
2420 3713 2504 3782 ad
2556 3711 2839 3783 illorum
2893 3736 3081 3783 con—

512 3801 826 3882 sortium,
883 3800 1065 3870 velut
1111 3801 1197 3869 ad
1250 3802 1573 3871 tutissimi
1622 3814 1862 3892 portus
1910 3802 2167 3884 sinum,
2222 3802 2584 3893 refugeret.
2640 3807 2716 3870 Et
2767 3801 2931 3871 licet
2982 3803 3081 3871 il-

512 3889 631 3958 lud
682 3910 839 3990 eum
883 3889 1350 3990 ‘ministerium
1401 3914 1442 3958 a
1489 3892 1901 3961 monasterio
1950 3893 2393 3973 abstractum,
2433 3914 2473 3976 a
2522 3890 2855 3981 pristinae
2886 3913 3079 3978 quo-

508 4000 640 4064 que
687 3992 936 4065 quletis
1000 3992 1175 4060 vita,
1232 4003 1561 4050 mucrone
1609 4004 1773 4051 suae
1820 3982 2293 4072 occupationis
2342 3981 2817 4069 extingueret,
2876 3981 3072 4051 inter

506 4089 622 4136 eos
669 4080 896 4137 tamen
948 4090 1068 4157 per
1114 4068 1460 4139 studiosae
1534 4069 1847 4140 lectionis
1895 4069 2300 4157 alloquium,
2371 4068 2817 4157 quotidianae
2868 4071 3077 4160 aspi-

507 4156 678 4225 ratio
749 4158 1304 4246 compunctionis
1362 4159 1735 4229 animabat.
1805 4164 2113 4242 Quorum
2161 4159 2503 4229 consortio
2554 4180 2687 4227 non
2742 4157 2973 4228 solum
3026 4183 3077 4230 a

504 4245 791 4315 terrenis
839 4259 938 4316 est
986 4247 1298 4318 munitus
1347 4248 1770 4330 incursibuS,
1825 4270 2060 4318 verum
2114 4249 2316 4319 etiam
2381 4246 2467 4317 ad
2516 4247 2695 4316 vitae
2735 4246 3075 4320 coelestis

505 4334 824 4404 exercitia
893 4334 1115 4426 magis
1181 4336 1541 4426 magisque
1589 4360 1990 4409 succensus.
2051 4344 2219 4409 Nam
2270 4339 2356 4407 ab
2404 4335 2664 4406 eisdem
2716 4335 3071 4407 fratribus

561 4459 589 4486 *
617 4459 720 4501 Non
739 4469 766 4500 a
783 4459 1049 4507 Benedicto,
1066 4460 1151 4501 sed
1169 4470 1196 4500 a
1212 4460 1492 4502 succedente
1509 4462 1699 4512 Pelagio
1716 4462 1761 4502 11
1784 4462 1940 4502 factus
1959 4462 2032 4503 est
2051 4462 2287 4503 Diaconus
2309 4462 2353 4501 S.
2377 4459 2645 4510 Gregorius.
