3327 4999
274 348 525 416 MART.
2600 350 2728 417 565

960 551 1271 634 ΒΕΑΤΙ
1321 514 1640 634 PETRI
1693 555 2138 635 DAMIANI

1221 749 1503 799 Emscorl
1550 750 1874 799 osrllthts

880 911 1215 1014 santio
1283 859 1389 1013 nv
1460 912 1788 1015 coaNA
1858 911 2217 1014 notum

761 1145 842 1194 UT
889 1146 1178 1194 HABETUR
1225 1145 1465 1195 OCTAvo
1522 1144 1687 1194 Touo
1733 1144 1967 1193 Amtsn
2015 1144 2330 1195 LYPouANI

368 1324 406 1409 ξ
451 1328 529 1392 1.
585 1319 839 1401 Hodie,
895 1318 1137 1389 fratres
1185 1319 1602 1397 charissimi,
1657 1319 1824 1388 dum
1884 1341 2137 1388 coenae
2202 1318 2596 1389 Dominicae
2642 1318 2824 1389 sole-

282 1411 472 1479 mnia
520 1409 991 1491 celebramus,
1047 1407 1347 1498 plurima
1411 1408 1737 1478 virtutum
1790 1407 2185 1477 coelestium
2239 1420 2663 1477 sacramenta
2716 1429 2823 1477 re-

280 1500 602 1569 colimus.
641 1498 857 1567 Hodie
893 1520 1190 1585 namque
1224 1496 1529 1566 Salvator
1564 1510 1814 1579 noster,
1848 1497 1970 1584 qui
2003 1510 2211 1588 caput
2239 1511 2341 1566 est
2381 1497 2819 1588 Angelorum,

279 1587 450 1657 dum
500 1586 649 1657 suis
695 1585 1063 1677 discipulis
1112 1586 1395 1676 vestigia
1444 1585 1655 1667 tersit,
1695 1608 1890 1655 verae
1923 1586 2122 1657 nobis
2158 1586 2569 1655 humilitatis
2596 1607 2827 1655 exem-

282 1676 477 1768 plum
533 1674 888 1745 manifeste
940 1674 1336 1765 proposuit:
1393 1688 1468 1745 ut
1513 1674 1697 1762 quod
1741 1675 2082 1765 impendit
2136 1674 2464 1745 Dominus
2512 1673 2819 1756 famuliS,

280 1767 461 1836 servi
496 1787 627 1833 non
665 1764 1128 1855 dedignentur
1159 1764 1479 1834 exhibere
1510 1764 1893 1833 conservis:
1945 1778 2010 1834 et
2059 1763 2286 1855 pulvis
2343 1786 2478 1832 non
2536 1762 2828 1855 deneget

280 1854 575 1946 pulveri,
612 1854 790 1940 quod
837 1854 969 1922 sibi
1016 1874 1398 1944 congruere
1446 1866 1672 1922 tantae
1701 1853 1924 1922 visum
1962 1865 2062 1922 est
2095 1851 2452 1922 ma‘estati.
2493 1852 2620 1921 Ubi
2658 1874 2821 1922 cum

280 1949 522 2014 Petrus
570 1943 976 2028 obsequium
1030 1942 1383 2032 suscipere
1431 1942 1602 2011 tanti
1650 1942 2113 2031 Praeceptoris
2160 1965 2194 2011 a
2255 1952 2490 2010 nueret
2523 1995 2538 2023 ,
2592 1952 2657 2010 et
2707 1940 2823 2009 ille

281 2032 511 2101 minas
563 2030 975 2120 repulsionis
1025 2031 1160 2101 nisi
1218 2053 1289 2102 se
1337 2029 1548 2100 lavari
1599 2031 2063 2123 permitteret,
2117 2030 2520 2111 intentaret,
2577 2042 2825 2099 treme-

282 2120 508 2190 factus
559 2120 857 2200 tandem,
912 2134 976 2188 et
1034 2119 1415 2190 insistentis
1462 2120 1754 2210 imperio
1806 2114 2120 2210 prbtinus
2159 2119 2645 2206 acquiescens,
2683 2119 2816 2188 ait:

282 2210 579 2289 Domine,
616 2232 744 2277 non
775 2219 1037 2277 tantum
1065 2210 1264 2299 pedes
1301 2232 1501 2290 mem,
1538 2211 1655 2278 sed
1697 2219 1757 2278 et
1800 2232 2041 2278 manus
2070 2219 2133 2278 et
2162 2219 2363 2299 caput
2390 2208 2616 2298 (Joan.
2646 2208 2816 2296 xm).

283 2303 361 2366 In
413 2297 671 2383 quibus
707 2297 945 2385 utique
982 2298 1207 2367 verbis
1256 2299 1494 2367 beatus
1528 2297 1891 2388 Apostolus
1936 2319 2142 2388 opera
2193 2311 2446 2376 nostra,
2502 2296 2709 2367 simul
2757 2307 2826 2366 et

284 2386 754 2478 cogitationes,
808 2400 884 2455 ut
929 2408 968 2454 a
1023 2387 1306 2455 Domino
1355 2387 1812 2477 purificentur
1858 2399 2062 2474 atque
2115 2385 2578 2466 mundentur,
2636 2384 2823 2454 indi-

287 2497 449 2566 gere
496 2474 812 2565 signavit.
890 2474 1255 2561 Siquidem,
1295 2476 1617 2546 manibus
1666 2498 2060 2567 operamur,
2114 2474 2543 2566 cognitiones
2590 2487 2825 2544 autem

197 2650 209 2660 η
286 2588 365 2634 ex
418 2577 664 2645 mente,
699 2585 878 2651 quae
923 2578 1133 2654 caput
1180 2579 1281 2634 est
1336 2566 1684 2636 interioris
1731 2564 2073 2640 hominis.
2128 2563 2597 2656 proferuntur.
2657 2568 2830 2632 Vera

285 2676 448 2744 ergo
495 2653 911 2743 ac'perfecta
960 2655 1276 2745 purgatio
1319 2669 1443 2736 est,
1497 2677 1655 2724 cum
1725 2660 1901 2724 Deus
1946 2655 2382 2744 omnipotens
2420 2675 2556 2723 non
2599 2651 2829 2722 solum

285 2765 493 2833 opera
543 2755 774 2812 nostra
823 2743 1081 2813 munda
1132 2757 1198 2813 et
1262 2743 1710 2813 immaculata
1760 2743 2092 2824 custodit,
2158 2742 2277 2812 sed
2324 2740 2530 2811 etiam
2583 2762 2833 2832 pravas

284 2832 732 2922 cogitationes
779 2855 819 2901 a
865 2833 1195 2902 cordibus
1230 2834 1481 2902 nostris
1512 2833 1742 2903 Sancti
1792 2833 2087 2923 Spiritus
2134 2831 2482 2901 infusione
2533 2829 2820 2920 repellit.

285 2922 501 2991 Hodie
550 2920 855 2991 Salvator
904 2921 1152 2990 terreni
1204 2921 1404 3010 panis
1451 2944 1530 2991 ac
1579 2921 1723 2990 vini
1772 2922 2065 3012 speciem
2119 2921 2190 2989 in
2240 2919 2350 2990 sui
2400 2919 2718 3011 Corporis
2763 2930 2832 2988 et

287 3010 662 3099 Sanguinis
711 3024 1137 3078 sacramenta
1189 3010 1543 3091 convertit,
1590 3011 1875 3097 suisque
1922 3008 2290 3112 discipulis
2339 3008 2563 3078 vitalis
2589 3007 2834 3076 alimo-

287 3098 444 3166 niae
493 3096 825 3188 pabulum
880 3098 1318 3168 ministravit.
1357 3100 1564 3170 Cibus
1610 3099 1796 3170 enim
1840 3099 1953 3169 ille
2006 3101 2271 3180 vetum,
2310 3120 2516 3185 quem
2561 3097 2832 3186 primus

286 3186 536 3265 homo,
590 3186 1089 3256 intumescente
1144 3187 1472 3275 superbia
1534 3200 1601 3258 et
1658 3188 1825 3280 gula
1873 3189 2225 3279 pruriente
2258 3242 2275 3270 ,
2329 3185 2655 3279 percepit,
2712 3206 2835 3276 per

285 3273 612 3343 universa
651 3273 799 3350 eius
849 3273 1105 3344 viscera
1145 3275 1462 3346 vitiorum
1514 3279 1828 3346 onmium
1881 3299 1960 3346 ac
2011 3276 2320 3347 mortalis
2365 3274 2833 3366 corruptionis

288 3382 553 3429 venena
600 3360 898 3429 diffudit.
953 3367 1193 3432 Contra
1248 3364 1375 3434 hoc
1424 3365 1636 3455 igitur
1685 3364 1881 3434 letale
1929 3366 2118 3435 virus
2147 3363 2532 3435 antidotum
2568 3385 2608 3431 a
2639 3363 2833 3433 Chri-

289 3449 514 3520 stiano
549 3448 803 3539 populo
836 3453 1160 3533 sumitur,
1200 3474 1322 3542 per
1352 3452 1534 3540 quod
1587 3452 1973 3543 spiritualis
2026 3453 2248 3523 morbi
2299 3451 2686 3542 pestilentia
2720 3473 2835 3521 sa-

289 3537 583 3608 lubriter
650 3550 1027 3632 evomatur.
1110 3541 1336 3631 Hujus
1405 3541 1562 3610 novi
1621 3540 2033 3611 sacramenti
2108 3542 2355 3610 virtute
2417 3539 2835 3609 fermentum

289 3627 453 3697 ilico
500 3625 998 3697 condemnatae
1045 3629 1404 3699 vetustatis
1463 3628 1917 3719 expellimus.
1974 3642 2052 3699 ut
2108 3629 2194 3698 de
2241 3629 2566 3699 servitute
2610 3628 2695 3698 ad
2749 3628 2834 3696 li-

290 3717 620 3788 bertatem
666 3714 993 3805 spiritus,
1038 3729 1103 3786 et
1140 3717 1224 3787 ad
1278 3739 1448 3786 nova
1499 3717 2037 3809 regenerationis
2082 3739 2322 3807 azyma
2372 3730 2829 3788 transeamus,

378 3807 415 3892 §
466 3810 553 3876 8.
606 3803 822 3873 Hodie
869 3826 1146 3875 sacrum
1194 3806 1500 3875 chrisma
1538 3805 1926 3887 conficitur,
1992 3828 2113 3909 per
2170 3805 2349 3894 quod
2397 3805 2463 3874 in
2517 3807 2717 3877 nobis
2765 3828 2839 3875 o—

291 3893 562 3963 mnium
616 3893 1014 3963 coelestium
1050 3894 1548 3965 charismatum
1599 3895 2053 3965 sanctificatio
2099 3895 2526 3986 designatur.
2562 3900 2703 3964 Hoc
2733 3892 2839 3963 vi-

289 3980 537 4051 delicet
586 3981 756 4051 illud
808 4003 958 4052 esse
1004 3995 1525 4054 sacrosanctum
1580 3983 1886 4054 chrisma
1932 3984 2412 4075 cognoscitur,
2462 3984 2643 4070 quod
2698 4005 2837 4052 non

290 4070 496 4139 modo
546 4070 967 4153 Sacerdotes,
1043 4077 1262 4164 Reges
1310 4088 1513 4161 atque
1559 4078 1688 4143 Pro
1744 4074 1935 4143 betas
1980 4073 2177 4143 unxit
2224 4072 2297 4141 in
2359 4072 2561 4142 veteri
2610 4076 2838 4142 Testa-

290 4172 523 4228 mento
557 4213 576 4239 ,
634 4159 753 4230 sed
820 4160 1026 4230 etiarn
1091 4174 1369 4232 sanctos
1436 4165 1682 4263 Aposto
1712 4183 1833 4244 OS,
1890 4167 2218 4252 Martyres
2276 4172 2343 4230 et
2402 4160 2881 4239 Confessores'

291 4246 748 4319 sanctificavit
782 4249 850 4317 in
895 4271 1092 4319 novo.
1147 4249 1366 4320 Hodie
1411 4265 1615 4320 etlam
1670 4272 1796 4321 nos
1841 4250 1989 4321 oleo
2021 4251 2295 4321 divinae
2325 4250 2599 4320 virtutis
2627 4249 2840 4326 inun-

291 4336 546 4427 gimur,
582 4349 661 4407 ut
705 4337 774 4407 in
818 4338 1202 4430 spiritualis
1237 4339 1616 4431 palaestrae
1647 4340 2021 4409 certamine
2051 4340 2525 4422 colluctanteS,
2560 4338 2644 4406 de
2675 4336 2839 4406 sub·

293 4424 465 4508 actis
512 4436 719 4516 atque
767 4427 1103 4501 convictis
1150 4428 1469 4510 hostibus
1516 4428 2052 4521 triumphemus,

777 4649 812 4680 N„
