<?xml version="1.0" encoding="UTF-8"?>
<!DOCTYPE html PUBLIC "-//W3C//DTD XHTML 1.0 Transitional//EN"
    "http://www.w3.org/TR/xhtml1/DTD/xhtml1-transitional.dtd">
<html xmlns="http://www.w3.org/1999/xhtml" xml:lang="en" lang="en">
 <head>
  <title>
</title>
<meta http-equiv="Content-Type" content="text/html;charset=utf-8" />
  <meta name='ocr-system' content='tesseract 3.04.00' />
  <meta name='ocr-capabilities' content='ocr_page ocr_carea ocr_par ocr_line ocrx_word'/>
</head>
<body>
  <div class='ocr_page' id='page_1' title='image "./historiaeseuvit04lippgoog_0658.png"; bbox 0 0 3327 4999; ppageno 0'>
   <div class='ocr_carea' id='block_1_1' title="bbox 687 342 3126 411">
    <p class='ocr_par' dir='ltr' id='par_1_1' title="bbox 687 342 3126 411">
     <span class='ocr_line' id='line_1_1' title="bbox 687 342 3126 411; baseline 0 -3"><span class='ocrx_word' id='word_1_1' title='bbox 687 342 813 408; x_wconf 75' lang='lat'><strong>634</strong></span> <span class='ocrx_word' id='word_1_2' title='bbox 1437 362 1515 408; x_wconf 74' lang='lat' dir='ltr'><strong>nn</strong></span> <span class='ocrx_word' id='word_1_3' title='bbox 1561 361 1617 409; x_wconf 92' lang='lat' dir='ltr'><strong>s.</strong></span> <span class='ocrx_word' id='word_1_4' title='bbox 1674 359 1958 411; x_wconf 64' lang='lat' dir='ltr'><strong>sanaem</strong></span> <span class='ocrx_word' id='word_1_5' title='bbox 2003 358 2298 409; x_wconf 76' lang='lat' dir='ltr'><strong>amscoro</strong></span> <span class='ocrx_word' id='word_1_6' title='bbox 2655 342 2757 408; x_wconf 83' lang='lat' dir='ltr'><strong>Ex</strong></span> <span class='ocrx_word' id='word_1_7' title='bbox 2806 343 3024 409; x_wconf 85' lang='lat' dir='ltr'><strong>SEPT.</strong></span> <span class='ocrx_word' id='word_1_8' title='bbox 3079 342 3126 409; x_wconf 85' lang='lat'><strong>3</strong></span> 
     </span>
    </p>
   </div>
   <div class='ocr_carea' id='block_1_2' title="bbox 592 441 3136 4373">
    <p class='ocr_par' dir='ltr' id='par_1_2' title="bbox 595 441 3136 1048">
     <span class='ocr_line' id='line_1_2' title="bbox 598 441 3124 534; baseline 0 -22"><span class='ocrx_word' id='word_1_9' title='bbox 598 441 909 532; x_wconf 86' lang='lat' dir='ltr'><strong>cogitans</strong></span> <span class='ocrx_word' id='word_1_10' title='bbox 956 462 1037 513; x_wconf 92' lang='lat' dir='ltr'><strong>ea</strong></span> <span class='ocrx_word' id='word_1_11' title='bbox 1082 445 1293 514; x_wconf 75' lang='lat' dir='ltr'><strong>causa</strong></span> <span class='ocrx_word' id='word_1_12' title='bbox 1340 442 1632 514; x_wconf 91' lang='lat' dir='ltr'><strong>missum</strong></span> <span class='ocrx_word' id='word_1_13' title='bbox 1665 464 1823 514; x_wconf 90' lang='lat' dir='ltr'><strong>eum</strong></span> <span class='ocrx_word' id='word_1_14' title='bbox 1857 441 2169 513; x_wconf 80' lang='lat' dir='ltr'><strong>fortassis</strong></span> <span class='ocrx_word' id='word_1_15' title='bbox 2207 464 2249 513; x_wconf 98' lang='lat' dir='ltr'><strong>a</strong></span> <span class='ocrx_word' id='word_1_16' title='bbox 2286 441 2598 525; x_wconf 88' lang='lat' dir='ltr'><strong>Domino,</strong></span> <span class='ocrx_word' id='word_1_17' title='bbox 2643 443 2904 534; x_wconf 86' lang='lat' dir='ltr'><strong>rogavit</strong></span> <span class='ocrx_word' id='word_1_18' title='bbox 2928 464 3124 524; x_wconf 88' lang='lat' dir='ltr'><strong>eum,</strong></span> 
     </span>
     <span class='ocr_line' id='line_1_3' title="bbox 597 530 3134 625; baseline 0.001 -24"><span class='ocrx_word' id='word_1_19' title='bbox 597 551 685 601; x_wconf 89' lang='lat' dir='ltr'><strong>ne</strong></span> <span class='ocrx_word' id='word_1_20' title='bbox 730 531 818 601; x_wconf 86' lang='lat' dir='ltr'><strong>ab</strong></span> <span class='ocrx_word' id='word_1_21' title='bbox 862 530 1017 621; x_wconf 91' lang='lat' dir='ltr'><strong>ipso</strong></span> <span class='ocrx_word' id='word_1_22' title='bbox 1062 531 1479 602; x_wconf 87' lang='lat' dir='ltr'><strong>discederet:</strong></span> <span class='ocrx_word' id='word_1_23' title='bbox 1558 542 1704 602; x_wconf 90' lang='lat' dir='ltr'><strong>tum</strong></span> <span class='ocrx_word' id='word_1_24' title='bbox 1767 543 2116 625; x_wconf 88' lang='lat' dir='ltr'><strong>praeterea</strong></span> <span class='ocrx_word' id='word_1_25' title='bbox 2172 533 2261 602; x_wconf 94' lang='lat' dir='ltr'><strong>ob</strong></span> <span class='ocrx_word' id='word_1_26' title='bbox 2319 530 2562 602; x_wconf 86' lang='lat' dir='ltr'><strong>fratres</strong></span> <span class='ocrx_word' id='word_1_27' title='bbox 2617 531 2684 600; x_wconf 87' lang='lat' dir='ltr'><strong>in</strong></span> <span class='ocrx_word' id='word_1_28' title='bbox 2751 531 3134 623; x_wconf 78' lang='lat' dir='ltr'><strong>disciplina</strong></span> 
     </span>
     <span class='ocr_line' id='line_1_4' title="bbox 596 619 3136 715; baseline 0.001 -26"><span class='ocrx_word' id='word_1_29' title='bbox 596 619 1076 715; x_wconf 66' lang='lat' dir='ltr'><strong>continendos,</strong></span> <span class='ocrx_word' id='word_1_30' title='bbox 1128 620 1742 692; x_wconf 83' lang='lat' dir='ltr'><strong>Malmundariensi</strong></span> <span class='ocrx_word' id='word_1_31' title='bbox 1789 621 2139 703; x_wconf 90' lang='lat' dir='ltr'><strong>coenobio,</strong></span> <span class='ocrx_word' id='word_1_32' title='bbox 2183 620 2385 712; x_wconf 91' lang='lat' dir='ltr'><strong>cujus</strong></span> <span class='ocrx_word' id='word_1_33' title='bbox 2430 620 2750 691; x_wconf 89' lang='lat' dir='ltr'><strong>monachi</strong></span> <span class='ocrx_word' id='word_1_34' title='bbox 2799 626 2864 693; x_wconf 90' lang='lat' dir='ltr'><strong>S.</strong></span> <span class='ocrx_word' id='word_1_35' title='bbox 2920 626 3136 692; x_wconf 86' lang='lat' dir='ltr'><strong>Bene·-</strong></span> 
     </span>
     <span class='ocr_line' id='line_1_5' title="bbox 598 708 3133 793; baseline 0.002 -15"><span class='ocrx_word' id='word_1_36' title='bbox 598 708 765 781; x_wconf 88' lang='lat' dir='ltr'><strong>dicti</strong></span> <span class='ocrx_word' id='word_1_37' title='bbox 812 709 1124 781; x_wconf 91' lang='lat' dir='ltr'><strong>instituto</strong></span> <span class='ocrx_word' id='word_1_38' title='bbox 1170 710 1510 792; x_wconf 82' lang='lat' dir='ltr'><strong>vivebant,</strong></span> <span class='ocrx_word' id='word_1_39' title='bbox 1560 710 1750 782; x_wconf 89' lang='lat' dir='ltr'><strong>salva</strong></span> <span class='ocrx_word' id='word_1_40' title='bbox 1793 712 1865 781; x_wconf 90' lang='lat' dir='ltr'><strong>in</strong></span> <span class='ocrx_word' id='word_1_41' title='bbox 1914 710 2243 781; x_wconf 89' lang='lat' dir='ltr'><strong>omnibus</strong></span> <span class='ocrx_word' id='word_1_42' title='bbox 2305 711 2704 781; x_wconf 88' lang='lat' dir='ltr'><strong>auctoritate</strong></span> <span class='ocrx_word' id='word_1_43' title='bbox 2750 732 2900 793; x_wconf 88' lang='lat' dir='ltr'><strong>sua,</strong></span> <span class='ocrx_word' id='word_1_44' title='bbox 2960 732 3133 782; x_wconf 87' lang='lat' dir='ltr'><strong>eum</strong></span> 
     </span>
     <span class='ocr_line' id='line_1_6' title="bbox 599 798 3131 890; baseline 0.001 -21"><span class='ocrx_word' id='word_1_45' title='bbox 599 798 942 889; x_wconf 89' lang='lat' dir='ltr'><strong>praefecit.</strong></span> <span class='ocrx_word' id='word_1_46' title='bbox 993 803 1206 887; x_wconf 80' lang='lat' dir='ltr'><strong>Atque</strong></span> <span class='ocrx_word' id='word_1_47' title='bbox 1252 799 1415 869; x_wconf 91' lang='lat' dir='ltr'><strong>inde</strong></span> <span class='ocrx_word' id='word_1_48' title='bbox 1460 799 1863 871; x_wconf 89' lang='lat' dir='ltr'><strong>Stabulaum</strong></span> <span class='ocrx_word' id='word_1_49' title='bbox 1911 799 1946 836; x_wconf 60' lang='lat'><strong>⁴*</strong></span> <span class='ocrx_word' id='word_1_50' title='bbox 1992 821 2327 881; x_wconf 83' lang='lat' dir='ltr'><strong>reversuS‚</strong></span> <span class='ocrx_word' id='word_1_51' title='bbox 2372 798 2458 870; x_wconf 89' lang='lat' dir='ltr'><strong>ad</strong></span> <span class='ocrx_word' id='word_1_52' title='bbox 2487 799 2748 890; x_wconf 87' lang='lat' dir='ltr'><strong>majora</strong></span> <span class='ocrx_word' id='word_1_53' title='bbox 2790 800 3131 871; x_wconf 88' lang='lat' dir='ltr'><strong>virtutum</strong></span> 
     </span>
     <span class='ocr_line' id='line_1_7' title="bbox 595 888 3133 990; baseline 0 -33"><span class='ocrx_word' id='word_1_54' title='bbox 595 909 802 979; x_wconf 88' lang='lat' dir='ltr'><strong>opera</strong></span> <span class='ocrx_word' id='word_1_55' title='bbox 833 909 906 990; x_wconf 82' lang='lat' dir='ltr'><strong>se</strong></span> <span class='ocrx_word' id='word_1_56' title='bbox 937 888 1253 971; x_wconf 83' lang='lat' dir='ltr'><strong>accinxit,</strong></span> <span class='ocrx_word' id='word_1_57' title='bbox 1305 889 1587 977; x_wconf 90' lang='lat' dir='ltr'><strong>suisque</strong></span> <span class='ocrx_word' id='word_1_58' title='bbox 1632 888 1969 982; x_wconf 84' lang='lat' dir='ltr'><strong>exemplis</strong></span> <span class='ocrx_word' id='word_1_59' title='bbox 2014 888 2391 980; x_wconf 87' lang='lat' dir='ltr'><strong>permultos</strong></span> <span class='ocrx_word' id='word_1_60' title='bbox 2418 888 2506 958; x_wconf 93' lang='lat' dir='ltr'><strong>ad</strong></span> <span class='ocrx_word' id='word_1_61' title='bbox 2537 889 2647 961; x_wconf 90' lang='lat' dir='ltr'><strong>sui</strong></span> <span class='ocrx_word' id='word_1_62' title='bbox 2673 888 3133 961; x_wconf 88' lang='lat' dir='ltr'><strong>imitationem</strong></span> 
     </span>
     <span class='ocr_line' id='line_1_8' title="bbox 684 989 942 1048; baseline -0.004 0"><span class='ocrx_word' id='word_1_63' title='bbox 684 989 942 1048; x_wconf 82' lang='lat' dir='ltr'><strong>rtraxit.</strong></span> 
     </span>
    </p>

    <p class='ocr_par' dir='ltr' id='par_1_3' title="bbox 592 999 3130 3104">
     <span class='ocr_line' id='line_1_9' title="bbox 594 999 3122 1171; baseline -0.002 -31"><span class='ocrx_word' id='word_1_64' title='bbox 594 999 718 1155; x_wconf 67' lang='lat' dir='ltr'><strong>pe§</strong></span> <span class='ocrx_word' id='word_1_65' title='bbox 780 1070 933 1140; x_wconf 68' lang='lat'><strong>18.</strong></span> <span class='ocrx_word' id='word_1_66' title='bbox 986 1068 1153 1152; x_wconf 86' lang='lat' dir='ltr'><strong>Quis</strong></span> <span class='ocrx_word' id='word_1_67' title='bbox 1197 1067 1381 1171; x_wconf 88' lang='lat' dir='ltr'><strong>apud</strong></span> <span class='ocrx_word' id='word_1_68' title='bbox 1430 1067 1630 1149; x_wconf 85' lang='lat' dir='ltr'><strong>illum</strong></span> <span class='ocrx_word' id='word_1_69' title='bbox 1681 1067 2023 1141; x_wconf 90' lang='lat' dir='ltr'><strong>tristitiam</strong></span> <span class='ocrx_word' id='word_1_70' title='bbox 2058 1089 2196 1138; x_wconf 91' lang='lat' dir='ltr'><strong>non</strong></span> <span class='ocrx_word' id='word_1_71' title='bbox 2234 1067 2520 1138; x_wconf 87' lang='lat' dir='ltr'><strong>mutavit</strong></span> <span class='ocrx_word' id='word_1_72' title='bbox 2546 1067 2619 1136; x_wconf 88' lang='lat' dir='ltr'><strong>in</strong></span> <span class='ocrx_word' id='word_1_73' title='bbox 2649 1066 3122 1159; x_wconf 66' lang='lat' dir='ltr'><strong>gaudium?**</strong></span> 
     </span>
     <span class='ocr_line' id='line_1_10' title="bbox 594 1155 3123 1249; baseline 0 -22"><span class='ocrx_word' id='word_1_74' title='bbox 594 1155 761 1239; x_wconf 85' lang='lat' dir='ltr'><strong>Quis</strong></span> <span class='ocrx_word' id='word_1_75' title='bbox 806 1156 981 1227; x_wconf 91' lang='lat' dir='ltr'><strong>iram</strong></span> <span class='ocrx_word' id='word_1_76' title='bbox 1038 1156 1256 1228; x_wconf 82' lang='lat' dir='ltr'><strong>animi</strong></span> <span class='ocrx_word' id='word_1_77' title='bbox 1302 1157 1794 1246; x_wconf 80' lang='lat' dir='ltr'><strong>tranquillitate</strong></span> <span class='ocrx_word' id='word_1_78' title='bbox 1846 1170 1929 1229; x_wconf 91' lang='lat' dir='ltr'><strong>et·</strong></span> <span class='ocrx_word' id='word_1_79' title='bbox 1958 1180 2124 1249; x_wconf 91' lang='lat' dir='ltr'><strong>pace</strong></span> <span class='ocrx_word' id='word_1_80' title='bbox 2170 1178 2305 1227; x_wconf 91' lang='lat' dir='ltr'><strong>non</strong></span> <span class='ocrx_word' id='word_1_81' title='bbox 2354 1155 2669 1248; x_wconf 74' lang='lat' dir='ltr'><strong>depulit?</strong></span> <span class='ocrx_word' id='word_1_82' title='bbox 2714 1158 2882 1242; x_wconf 89' lang='lat' dir='ltr'><strong>Quis</strong></span> <span class='ocrx_word' id='word_1_83' title='bbox 2932 1157 3123 1228; x_wconf 90' lang='lat' dir='ltr'><strong>orbi-</strong></span> 
     </span>
     <span class='ocr_line' id='line_1_11' title="bbox 595 1245 3124 1349; baseline 0.002 -35"><span class='ocrx_word' id='word_1_84' title='bbox 595 1245 751 1317; x_wconf 83' lang='lat' dir='ltr'><strong>tatis</strong></span> <span class='ocrx_word' id='word_1_85' title='bbox 796 1245 1083 1328; x_wconf 88' lang='lat' dir='ltr'><strong>luctum,</strong></span> <span class='ocrx_word' id='word_1_86' title='bbox 1136 1247 1222 1319; x_wconf 89' lang='lat' dir='ltr'><strong>ad</strong></span> <span class='ocrx_word' id='word_1_87' title='bbox 1254 1247 1404 1349; x_wconf 78' lang='lat' dir='ltr'><strong>ejus</strong></span> <span class='ocrx_word' id='word_1_88' title='bbox 1449 1259 1896 1339; x_wconf 88' lang='lat' dir='ltr'><strong>conspectum</strong></span> <span class='ocrx_word' id='word_1_89' title='bbox 1945 1269 2082 1319; x_wconf 90' lang='lat' dir='ltr'><strong>non</strong></span> <span class='ocrx_word' id='word_1_90' title='bbox 2132 1245 2488 1317; x_wconf 74' lang='lat' dir='ltr'><strong>cohibuit?</strong></span> <span class='ocrx_word' id='word_1_91' title='bbox 2544 1247 2711 1331; x_wconf 84' lang='lat' dir='ltr'><strong>Quis</strong></span> <span class='ocrx_word' id='word_1_92' title='bbox 2759 1268 2894 1318; x_wconf 93' lang='lat' dir='ltr'><strong>non</strong></span> <span class='ocrx_word' id='word_1_93' title='bbox 2943 1268 3124 1338; x_wconf 90' lang='lat' dir='ltr'><strong>pau-</strong></span> 
     </span>
     <span class='ocr_line' id='line_1_12' title="bbox 593 1335 3118 1428; baseline 0 -24"><span class='ocrx_word' id='word_1_94' title='bbox 593 1346 851 1424; x_wconf 85' lang='lat' dir='ltr'><strong>pertate</strong></span> <span class='ocrx_word' id='word_1_95' title='bbox 896 1358 1196 1427; x_wconf 80' lang='lat' dir='ltr'><strong>pressuS,</strong></span> <span class='ocrx_word' id='word_1_96' title='bbox 1248 1358 1399 1428; x_wconf 74' lang='lat' dir='ltr'><strong>ejus</strong></span> <span class='ocrx_word' id='word_1_97' title='bbox 1445 1336 1881 1409; x_wconf 74' lang='lat' dir='ltr'><strong>sermonibus</strong></span> <span class='ocrx_word' id='word_1_98' title='bbox 1927 1337 2024 1409; x_wconf 87' lang='lat' dir='ltr'><strong>ita</strong></span> <span class='ocrx_word' id='word_1_99' title='bbox 2077 1335 2472 1407; x_wconf 86' lang='lat' dir='ltr'><strong>sublevatus</strong></span> <span class='ocrx_word' id='word_1_100' title='bbox 2518 1347 2643 1418; x_wconf 86' lang='lat' dir='ltr'><strong>est,</strong></span> <span class='ocrx_word' id='word_1_101' title='bbox 2703 1349 2781 1407; x_wconf 91' lang='lat' dir='ltr'><strong>ut</strong></span> <span class='ocrx_word' id='word_1_102' title='bbox 2826 1347 2892 1406; x_wconf 91' lang='lat' dir='ltr'><strong>et</strong></span> <span class='ocrx_word' id='word_1_103' title='bbox 2938 1335 3118 1407; x_wconf 88' lang='lat' dir='ltr'><strong>divi-</strong></span> 
     </span>
     <span class='ocr_line' id='line_1_13' title="bbox 595 1424 3122 1518; baseline -0.001 -23"><span class='ocrx_word' id='word_1_104' title='bbox 595 1434 739 1497; x_wconf 88' lang='lat' dir='ltr'><strong>tum</strong></span> <span class='ocrx_word' id='word_1_105' title='bbox 790 1446 954 1516; x_wconf 89' lang='lat' dir='ltr'><strong>opes</strong></span> <span class='ocrx_word' id='word_1_106' title='bbox 999 1425 1420 1517; x_wconf 87' lang='lat' dir='ltr'><strong>despiceret,</strong></span> <span class='ocrx_word' id='word_1_107' title='bbox 1479 1437 1544 1496; x_wconf 91' lang='lat' dir='ltr'><strong>et</strong></span> <span class='ocrx_word' id='word_1_108' title='bbox 1601 1448 1728 1497; x_wconf 87' lang='lat' dir='ltr'><strong>sua</strong></span> <span class='ocrx_word' id='word_1_109' title='bbox 1794 1426 2028 1518; x_wconf 75' lang='lat' dir='ltr'><strong>inopia</strong></span> <span class='ocrx_word' id='word_1_110' title='bbox 2095 1425 2513 1496; x_wconf 75' lang='lat' dir='ltr'><strong>laetaretur?</strong></span> <span class='ocrx_word' id='word_1_111' title='bbox 2567 1424 2735 1509; x_wconf 84' lang='lat' dir='ltr'><strong>Quis</strong></span> <span class='ocrx_word' id='word_1_112' title='bbox 2801 1425 3122 1497; x_wconf 90' lang='lat' dir='ltr'><strong>laborum</strong></span> 
     </span>
     <span class='ocr_line' id='line_1_14' title="bbox 593 1514 3124 1606; baseline 0 -23"><span class='ocrx_word' id='word_1_113' title='bbox 593 1535 798 1584; x_wconf 89' lang='lat' dir='ltr'><strong>onere</strong></span> <span class='ocrx_word' id='word_1_114' title='bbox 845 1526 1353 1606; x_wconf 83' lang='lat' dir='ltr'><strong>praegravatuS,</strong></span> <span class='ocrx_word' id='word_1_115' title='bbox 1393 1515 1545 1602; x_wconf 86' lang='lat' dir='ltr'><strong>ejus</strong></span> <span class='ocrx_word' id='word_1_116' title='bbox 1592 1536 1730 1585; x_wconf 90' lang='lat' dir='ltr'><strong>non</strong></span> <span class='ocrx_word' id='word_1_117' title='bbox 1776 1528 1880 1588; x_wconf 91' lang='lat' dir='ltr'><strong>est</strong></span> <span class='ocrx_word' id='word_1_118' title='bbox 1904 1515 2379 1587; x_wconf 79' lang='lat' dir='ltr'><strong>adhortatione</strong></span> <span class='ocrx_word' id='word_1_119' title='bbox 2409 1518 2726 1587; x_wconf 74' lang='lat' dir='ltr'><strong>erectus?</strong></span> <span class='ocrx_word' id='word_1_120' title='bbox 2755 1514 2922 1598; x_wconf 85' lang='lat' dir='ltr'><strong>Quis</strong></span> <span class='ocrx_word' id='word_1_121' title='bbox 2950 1514 3124 1584; x_wconf 90' lang='lat' dir='ltr'><strong>ado-</strong></span> 
     </span>
     <span class='ocr_line' id='line_1_15' title="bbox 596 1602 3125 1696; baseline 0 -24"><span class='ocrx_word' id='word_1_122' title='bbox 596 1603 859 1674; x_wconf 89' lang='lat' dir='ltr'><strong>lescens</strong></span> <span class='ocrx_word' id='word_1_123' title='bbox 907 1604 1265 1675; x_wconf 89' lang='lat' dir='ltr'><strong>saevientis</strong></span> <span class='ocrx_word' id='word_1_124' title='bbox 1313 1602 1623 1675; x_wconf 90' lang='lat' dir='ltr'><strong>libidinis</strong></span> <span class='ocrx_word' id='word_1_125' title='bbox 1669 1604 1829 1696; x_wconf 89' lang='lat' dir='ltr'><strong>igne</strong></span> <span class='ocrx_word' id='word_1_126' title='bbox 1852 1626 2251 1684; x_wconf 76' lang='lat' dir='ltr'><strong>succensuS,</strong></span> <span class='ocrx_word' id='word_1_127' title='bbox 2288 1625 2424 1673; x_wconf 90' lang='lat' dir='ltr'><strong>non</strong></span> <span class='ocrx_word' id='word_1_128' title='bbox 2458 1603 2818 1674; x_wconf 86' lang='lat' dir='ltr'><strong>confestim</strong></span> <span class='ocrx_word' id='word_1_129' title='bbox 2847 1602 2932 1674; x_wconf 92' lang='lat' dir='ltr'><strong>ad</strong></span> <span class='ocrx_word' id='word_1_130' title='bbox 2964 1603 3125 1692; x_wconf 85' lang='lat' dir='ltr'><strong>ejus</strong></span> 
     </span>
     <span class='ocr_line' id='line_1_16' title="bbox 595 1692 3130 1785; baseline 0 -24"><span class='ocrx_word' id='word_1_131' title='bbox 595 1692 1132 1764; x_wconf 86' lang='lat' dir='ltr'><strong>admonitionem</strong></span> <span class='ocrx_word' id='word_1_132' title='bbox 1166 1692 1717 1776; x_wconf 84' lang='lat' dir='ltr'><strong>saluberrimam,</strong></span> <span class='ocrx_word' id='word_1_133' title='bbox 1749 1694 2125 1785; x_wconf 88' lang='lat' dir='ltr'><strong>pudicitiae</strong></span> <span class='ocrx_word' id='word_1_134' title='bbox 2154 1693 2378 1764; x_wconf 92' lang='lat' dir='ltr'><strong>cultor</strong></span> <span class='ocrx_word' id='word_1_135' title='bbox 2408 1693 2672 1764; x_wconf 78' lang='lat' dir='ltr'><strong>extitit?</strong></span> <span class='ocrx_word' id='word_1_136' title='bbox 2700 1693 2995 1764; x_wconf 88' lang='lat' dir='ltr'><strong>Curabat</strong></span> <span class='ocrx_word' id='word_1_137' title='bbox 3017 1714 3130 1762; x_wconf 86' lang='lat' dir='ltr'><strong>ve-</strong></span> 
     </span>
     <span class='ocr_line' id='line_1_17' title="bbox 593 1781 3117 1874; baseline 0 -22"><span class='ocrx_word' id='word_1_138' title='bbox 593 1792 785 1854; x_wconf 86' lang='lat' dir='ltr'><strong>xatos</strong></span> <span class='ocrx_word' id='word_1_139' title='bbox 830 1805 872 1852; x_wconf 91' lang='lat' dir='ltr'><strong>a</strong></span> <span class='ocrx_word' id='word_1_140' title='bbox 917 1783 1310 1853; x_wconf 89' lang='lat' dir='ltr'><strong>daemonio:</strong></span> <span class='ocrx_word' id='word_1_141' title='bbox 1363 1781 1622 1853; x_wconf 89' lang='lat' dir='ltr'><strong>illicitis</strong></span> <span class='ocrx_word' id='word_1_142' title='bbox 1677 1783 2207 1874; x_wconf 85' lang='lat' dir='ltr'><strong>cogitationibus</strong></span> <span class='ocrx_word' id='word_1_143' title='bbox 2269 1794 2696 1863; x_wconf 85' lang='lat' dir='ltr'><strong>aestuantes,</strong></span> <span class='ocrx_word' id='word_1_144' title='bbox 2755 1782 2843 1853; x_wconf 89' lang='lat' dir='ltr'><strong>ab</strong></span> <span class='ocrx_word' id='word_1_145' title='bbox 2905 1804 3117 1873; x_wconf 89' lang='lat' dir='ltr'><strong>opere</strong></span> 
     </span>
     <span class='ocr_line' id='line_1_18' title="bbox 596 1870 3122 1965; baseline 0 -25"><span class='ocrx_word' id='word_1_146' title='bbox 596 1870 779 1941; x_wconf 89' lang='lat' dir='ltr'><strong>malo</strong></span> <span class='ocrx_word' id='word_1_147' title='bbox 827 1872 1231 1954; x_wconf 87' lang='lat' dir='ltr'><strong>retrahebat,</strong></span> <span class='ocrx_word' id='word_1_148' title='bbox 1271 1872 1523 1943; x_wconf 88' lang='lat' dir='ltr'><strong>docens</strong></span> <span class='ocrx_word' id='word_1_149' title='bbox 1567 1892 1684 1944; x_wconf 88' lang='lat' dir='ltr'><strong>eas</strong></span> <span class='ocrx_word' id='word_1_150' title='bbox 1730 1872 1817 1943; x_wconf 89' lang='lat' dir='ltr'><strong>ad</strong></span> <span class='ocrx_word' id='word_1_151' title='bbox 1854 1885 2115 1965; x_wconf 88' lang='lat' dir='ltr'><strong>petram</strong></span> <span class='ocrx_word' id='word_1_152' title='bbox 2155 1871 2498 1943; x_wconf 84' lang='lat' dir='ltr'><strong>Christum</strong></span> <span class='ocrx_word' id='word_1_153' title='bbox 2546 1871 2849 1942; x_wconf 90' lang='lat' dir='ltr'><strong>allidere.</strong></span> <span class='ocrx_word' id='word_1_154' title='bbox 2904 1877 3122 1942; x_wconf 83' lang='lat' dir='ltr'><strong>Nove-</strong></span> 
     </span>
     <span class='ocr_line' id='line_1_19' title="bbox 594 1960 3123 2052; baseline -0 -22"><span class='ocrx_word' id='word_1_155' title='bbox 594 1970 700 2031; x_wconf 87' lang='lat' dir='ltr'><strong>rat</strong></span> <span class='ocrx_word' id='word_1_156' title='bbox 735 1982 872 2048; x_wconf 89' lang='lat' dir='ltr'><strong>quo</strong></span> <span class='ocrx_word' id='word_1_157' title='bbox 916 1961 1207 2050; x_wconf 90' lang='lat' dir='ltr'><strong>quisque</strong></span> <span class='ocrx_word' id='word_1_158' title='bbox 1235 1961 1573 2031; x_wconf 87' lang='lat' dir='ltr'><strong>laboraret</strong></span> <span class='ocrx_word' id='word_1_159' title='bbox 1619 1962 1880 2045; x_wconf 89' lang='lat' dir='ltr'><strong>morbo,</strong></span> <span class='ocrx_word' id='word_1_160' title='bbox 1918 1974 1985 2032; x_wconf 91' lang='lat' dir='ltr'><strong>et</strong></span> <span class='ocrx_word' id='word_1_161' title='bbox 2013 1984 2096 2031; x_wconf 84' lang='lat' dir='ltr'><strong>ex</strong></span> <span class='ocrx_word' id='word_1_162' title='bbox 2126 1961 2302 2032; x_wconf 91' lang='lat' dir='ltr'><strong>vitae</strong></span> <span class='ocrx_word' id='word_1_163' title='bbox 2330 1960 2593 2031; x_wconf 90' lang='lat' dir='ltr'><strong>meritis</strong></span> <span class='ocrx_word' id='word_1_164' title='bbox 2618 1960 2933 2052; x_wconf 89' lang='lat' dir='ltr'><strong>singulos</strong></span> <span class='ocrx_word' id='word_1_165' title='bbox 2978 1962 3123 2030; x_wconf 83' lang='lat' dir='ltr'><strong>exi-</strong></span> 
     </span>
     <span class='ocr_line' id='line_1_20' title="bbox 592 2049 3122 2210; baseline 0 -89"><span class='ocrx_word' id='word_1_166' title='bbox 592 2049 906 2132; x_wconf 86' lang='lat' dir='ltr'><strong>stimans,</strong></span> <span class='ocrx_word' id='word_1_167' title='bbox 943 2073 1069 2210; x_wconf 59' lang='grc' dir='ltr'><strong>Ετο</strong></span> <span class='ocrx_word' id='word_1_168' title='bbox 1114 2050 1374 2123; x_wconf 87' lang='lat' dir='ltr'><strong>ratione</strong></span> <span class='ocrx_word' id='word_1_169' title='bbox 1408 2051 1830 2135; x_wconf 88' lang='lat' dir='ltr'><strong>morborum,</strong></span> <span class='ocrx_word' id='word_1_170' title='bbox 1865 2050 2235 2122; x_wconf 88' lang='lat' dir='ltr'><strong>adhibebat</strong></span> <span class='ocrx_word' id='word_1_171' title='bbox 2280 2050 2866 2141; x_wconf 86' lang='lat' dir='ltr'><strong>reprehensiones.</strong></span> <span class='ocrx_word' id='word_1_172' title='bbox 2899 2055 3122 2121; x_wconf 88' lang='lat' dir='ltr'><strong>Inter-</strong></span> 
     </span>
     <span class='ocr_line' id='line_1_21' title="bbox 594 2138 3126 2228; baseline 0 -18"><span class='ocrx_word' id='word_1_173' title='bbox 594 2158 677 2210; x_wconf 86' lang='lat' dir='ltr'><strong>ea</strong></span> <span class='ocrx_word' id='word_1_174' title='bbox 712 2160 942 2211; x_wconf 88' lang='lat' dir='ltr'><strong>cresce</strong></span> <span class='ocrx_word' id='word_1_175' title='bbox 991 2150 1059 2212; x_wconf 89' lang='lat' dir='ltr'><strong>at</strong></span> <span class='ocrx_word' id='word_1_176' title='bbox 1106 2138 1246 2209; x_wconf 93' lang='lat' dir='ltr'><strong>illic</strong></span> <span class='ocrx_word' id='word_1_177' title='bbox 1292 2139 1509 2209; x_wconf 90' lang='lat' dir='ltr'><strong>divini</strong></span> <span class='ocrx_word' id='word_1_178' title='bbox 1562 2140 1820 2210; x_wconf 85' lang='lat' dir='ltr'><strong>amoris</strong></span> <span class='ocrx_word' id='word_1_179' title='bbox 1851 2140 2158 2211; x_wconf 91' lang='lat' dir='ltr'><strong>studium</strong></span> <span class='ocrx_word' id='word_1_180' title='bbox 2205 2152 2270 2211; x_wconf 90' lang='lat' dir='ltr'><strong>et</strong></span> <span class='ocrx_word' id='word_1_181' title='bbox 2307 2139 2532 2225; x_wconf 87' lang='lat' dir='ltr'><strong>ardor,</strong></span> <span class='ocrx_word' id='word_1_182' title='bbox 2571 2140 3126 2228; x_wconf 85' lang='lat' dir='ltr'><strong>monasticaeque</strong></span> 
     </span>
     <span class='ocr_line' id='line_1_22' title="bbox 592 2227 3122 2321; baseline 0 -23"><span class='ocrx_word' id='word_1_183' title='bbox 592 2228 1003 2321; x_wconf 86' lang='lat' dir='ltr'><strong>disciplinae</strong></span> <span class='ocrx_word' id='word_1_184' title='bbox 1050 2228 1234 2320; x_wconf 87' lang='lat' dir='ltr'><strong>rigor</strong></span> <span class='ocrx_word' id='word_1_185' title='bbox 1279 2228 1699 2300; x_wconf 82' lang='lat' dir='ltr'><strong>inflexibilis,</strong></span> <span class='ocrx_word' id='word_1_186' title='bbox 1753 2236 1969 2314; x_wconf 87' lang='lat' dir='ltr'><strong>Quam</strong></span> <span class='ocrx_word' id='word_1_187' title='bbox 2012 2252 2180 2301; x_wconf 87' lang='lat' dir='ltr'><strong>-vero</strong></span> <span class='ocrx_word' id='word_1_188' title='bbox 2235 2230 2305 2299; x_wconf 89' lang='lat' dir='ltr'><strong>in</strong></span> <span class='ocrx_word' id='word_1_189' title='bbox 2362 2227 2648 2300; x_wconf 89' lang='lat' dir='ltr'><strong>caeteris</strong></span> <span class='ocrx_word' id='word_1_190' title='bbox 2683 2229 2831 2319; x_wconf 87' lang='lat' dir='ltr'><strong>ejus</strong></span> <span class='ocrx_word' id='word_1_191' title='bbox 2878 2250 3122 2299; x_wconf 90' lang='lat' dir='ltr'><strong>mona-</strong></span> 
     </span>
     <span class='ocr_line' id='line_1_23' title="bbox 593 2316 3122 2410; baseline 0 -22"><span class='ocrx_word' id='word_1_192' title='bbox 593 2318 783 2390; x_wconf 89' lang='lat' dir='ltr'><strong>sterii</strong></span> <span class='ocrx_word' id='word_1_193' title='bbox 815 2316 1112 2389; x_wconf 82' lang='lat' dir='ltr'><strong>officinis</strong></span> <span class='ocrx_word' id='word_1_194' title='bbox 1150 2319 1377 2390; x_wconf 88' lang='lat' dir='ltr'><strong>omnis</strong></span> <span class='ocrx_word' id='word_1_195' title='bbox 1425 2317 1627 2390; x_wconf 85' lang='lat' dir='ltr'><strong>fuerit</strong></span> <span class='ocrx_word' id='word_1_196' title='bbox 1665 2319 1998 2410; x_wconf 88' lang='lat' dir='ltr'><strong>peccandi</strong></span> <span class='ocrx_word' id='word_1_197' title='bbox 2043 2318 2404 2390; x_wconf 88' lang='lat' dir='ltr'><strong>interdicta</strong></span> <span class='ocrx_word' id='word_1_198' title='bbox 2450 2318 2762 2399; x_wconf 72' lang='lat' dir='ltr'><strong>facultas„</strong></span> <span class='ocrx_word' id='word_1_199' title='bbox 2800 2318 2989 2388; x_wconf 90' lang='lat' dir='ltr'><strong>testis</strong></span> <span class='ocrx_word' id='word_1_200' title='bbox 3017 2329 3122 2389; x_wconf 87' lang='lat' dir='ltr'><strong>est</strong></span> 
     </span>
     <span class='ocr_line' id='line_1_24' title="bbox 595 2406 3121 2496; baseline 0.001 -20"><span class='ocrx_word' id='word_1_201' title='bbox 595 2407 697 2479; x_wconf 89' lang='lat' dir='ltr'><strong>vel</strong></span> <span class='ocrx_word' id='word_1_202' title='bbox 747 2407 935 2480; x_wconf 90' lang='lat' dir='ltr'><strong>solus</strong></span> <span class='ocrx_word' id='word_1_203' title='bbox 980 2406 1365 2479; x_wconf 89' lang='lat' dir='ltr'><strong>dormitorii</strong></span> <span class='ocrx_word' id='word_1_204' title='bbox 1402 2407 1615 2480; x_wconf 77' lang='lat' dir='ltr'><strong>locuS.</strong></span> <span class='ocrx_word' id='word_1_205' title='bbox 1669 2408 1882 2479; x_wconf 91' lang='lat' dir='ltr'><strong>Testis</strong></span> <span class='ocrx_word' id='word_1_206' title='bbox 1926 2420 2028 2479; x_wconf 90' lang='lat' dir='ltr'><strong>est</strong></span> <span class='ocrx_word' id='word_1_207' title='bbox 2071 2419 2137 2478; x_wconf 91' lang='lat' dir='ltr'><strong>et</strong></span> <span class='ocrx_word' id='word_1_208' title='bbox 2184 2419 2463 2479; x_wconf 89' lang='lat' dir='ltr'><strong>sanctus</strong></span> <span class='ocrx_word' id='word_1_209' title='bbox 2496 2407 2898 2479; x_wconf 90' lang='lat' dir='ltr'><strong>Lambertus</strong></span> <span class='ocrx_word' id='word_1_210' title='bbox 2932 2407 3058 2496; x_wconf 89' lang='lat' dir='ltr'><strong>qui</strong></span> <span class='ocrx_word' id='word_1_211' title='bbox 3083 2430 3121 2478; x_wconf 90' lang='lat' dir='ltr'><strong>e</strong></span> 
     </span>
     <span class='ocr_line' id='line_1_25' title="bbox 593 2495 3115 2591; baseline 0.001 -23"><span class='ocrx_word' id='word_1_212' title='bbox 593 2521 723 2569; x_wconf 90' lang='lat' dir='ltr'><strong>sua</strong></span> <span class='ocrx_word' id='word_1_213' title='bbox 769 2495 1015 2589; x_wconf 91' lang='lat' dir='ltr'><strong>pulsus</strong></span> <span class='ocrx_word' id='word_1_214' title='bbox 1061 2498 1243 2580; x_wconf 93' lang='lat' dir='ltr'><strong>sede,</strong></span> <span class='ocrx_word' id='word_1_215' title='bbox 1280 2520 1358 2570; x_wconf 94' lang='lat' dir='ltr'><strong>eo</strong></span> <span class='ocrx_word' id='word_1_216' title='bbox 1396 2496 1835 2589; x_wconf 87' lang='lat' dir='ltr'><strong>potissimum</strong></span> <span class='ocrx_word' id='word_1_217' title='bbox 1880 2496 2190 2591; x_wconf 84' lang='lat' dir='ltr'><strong>confugit</strong></span> <span class='ocrx_word' id='word_1_218' title='bbox 2233 2497 2416 2586; x_wconf 91' lang='lat' dir='ltr'><strong>quod</strong></span> <span class='ocrx_word' id='word_1_219' title='bbox 2450 2519 2586 2568; x_wconf 89' lang='lat' dir='ltr'><strong>non</strong></span> <span class='ocrx_word' id='word_1_220' title='bbox 2611 2511 2788 2568; x_wconf 86' lang='lat' dir='ltr'><strong>esset</strong></span> <span class='ocrx_word' id='word_1_221' title='bbox 2814 2496 3115 2582; x_wconf 80' lang='lat' dir='ltr'><strong>nesciuS,</strong></span> 
     </span>
     <span class='ocr_line' id='line_1_26' title="bbox 596 2586 3125 2690; baseline 0.001 -34"><span class='ocrx_word' id='word_1_222' title='bbox 596 2588 738 2658; x_wconf 92' lang='lat' dir='ltr'><strong>illic</strong></span> <span class='ocrx_word' id='word_1_223' title='bbox 778 2586 881 2659; x_wconf 89' lang='lat' dir='ltr'><strong>vel</strong></span> <span class='ocrx_word' id='word_1_224' title='bbox 929 2588 1227 2659; x_wconf 86' lang='lat' dir='ltr'><strong>maxime</strong></span> <span class='ocrx_word' id='word_1_225' title='bbox 1274 2599 1547 2659; x_wconf 87' lang='lat' dir='ltr'><strong>sanctae</strong></span> <span class='ocrx_word' id='word_1_226' title='bbox 1591 2587 1944 2679; x_wconf 87' lang='lat' dir='ltr'><strong>religionis</strong></span> <span class='ocrx_word' id='word_1_227' title='bbox 1988 2588 2216 2690; x_wconf 87' lang='lat' dir='ltr'><strong>vigere</strong></span> <span class='ocrx_word' id='word_1_228' title='bbox 2257 2587 2547 2659; x_wconf 89' lang='lat' dir='ltr'><strong>cultum.</strong></span> <span class='ocrx_word' id='word_1_229' title='bbox 2586 2586 2802 2659; x_wconf 88' lang='lat' dir='ltr'><strong>Testis</strong></span> <span class='ocrx_word' id='word_1_230' title='bbox 2846 2608 3125 2676; x_wconf 92' lang='lat' dir='ltr'><strong>quoque</strong></span> 
     </span>
     <span class='ocr_line' id='line_1_27' title="bbox 596 2676 3123 2780; baseline 0 -33"><span class='ocrx_word' id='word_1_231' title='bbox 596 2689 700 2749; x_wconf 88' lang='lat' dir='ltr'><strong>est</strong></span> <span class='ocrx_word' id='word_1_232' title='bbox 747 2681 920 2748; x_wconf 86' lang='lat' dir='ltr'><strong>Crux</strong></span> <span class='ocrx_word' id='word_1_233' title='bbox 970 2677 1239 2780; x_wconf 88' lang='lat' dir='ltr'><strong>lapidea</strong></span> <span class='ocrx_word' id='word_1_234' title='bbox 1272 2733 1287 2759; x_wconf 93' lang='lat'><strong>,</strong></span> <span class='ocrx_word' id='word_1_235' title='bbox 1342 2676 1423 2747; x_wconf 90' lang='lat' dir='ltr'><strong>ad</strong></span> <span class='ocrx_word' id='word_1_236' title='bbox 1474 2698 1685 2764; x_wconf 89' lang='lat' dir='ltr'><strong>quam</strong></span> <span class='ocrx_word' id='word_1_237' title='bbox 1750 2677 1837 2748; x_wconf 92' lang='lat' dir='ltr'><strong>ob</strong></span> <span class='ocrx_word' id='word_1_238' title='bbox 1884 2690 2244 2768; x_wconf 90' lang='lat' dir='ltr'><strong>strep1tum</strong></span> <span class='ocrx_word' id='word_1_239' title='bbox 2304 2676 2596 2747; x_wconf 89' lang='lat' dir='ltr'><strong>labentis</strong></span> <span class='ocrx_word' id='word_1_240' title='bbox 2656 2676 2912 2759; x_wconf 88' lang='lat' dir='ltr'><strong>calcei,</strong></span> <span class='ocrx_word' id='word_1_241' title='bbox 2980 2699 3123 2765; x_wconf 90' lang='lat' dir='ltr'><strong>quo</strong></span> 
     </span>
     <span class='ocr_line' id='line_1_28' title="bbox 597 2764 3124 2867; baseline 0.001 -32"><span class='ocrx_word' id='word_1_242' title='bbox 597 2764 1131 2854; x_wconf 74' lang='lat' dir='ltr'><strong>fratrumquies</strong></span> <span class='ocrx_word' id='word_1_243' title='bbox 1178 2767 1307 2838; x_wconf 89' lang='lat' dir='ltr'><strong>fuit</strong></span> <span class='ocrx_word' id='word_1_244' title='bbox 1352 2767 1757 2867; x_wconf 87' lang='lat' dir='ltr'><strong>interrupta,</strong></span> <span class='ocrx_word' id='word_1_245' title='bbox 1809 2767 1907 2837; x_wconf 89' lang='lat' dir='ltr'><strong>ire</strong></span> <span class='ocrx_word' id='word_1_246' title='bbox 1944 2768 2189 2858; x_wconf 88' lang='lat' dir='ltr'><strong>jussus</strong></span> <span class='ocrx_word' id='word_1_247' title='bbox 2236 2778 2431 2837; x_wconf 88' lang='lat' dir='ltr'><strong>nocte</strong></span> <span class='ocrx_word' id='word_1_248' title='bbox 2479 2765 2728 2848; x_wconf 88' lang='lat' dir='ltr'><strong>media,</strong></span> <span class='ocrx_word' id='word_1_249' title='bbox 2781 2787 3002 2853; x_wconf 91' lang='lat' dir='ltr'><strong>usque</strong></span> <span class='ocrx_word' id='word_1_250' title='bbox 3049 2767 3124 2837; x_wconf 91' lang='lat' dir='ltr'><strong>in</strong></span> 
     </span>
     <span class='ocr_line' id='line_1_29' title="bbox 592 2854 3113 2947; baseline 0 -22"><span class='ocrx_word' id='word_1_251' title='bbox 592 2855 1077 2947; x_wconf 87' lang='lat' dir='ltr'><strong>crepusculum</strong></span> <span class='ocrx_word' id='word_1_252' title='bbox 1135 2855 1267 2926; x_wconf 93' lang='lat' dir='ltr'><strong>sub</strong></span> <span class='ocrx_word' id='word_1_253' title='bbox 1314 2854 1435 2925; x_wconf 88' lang='lat' dir='ltr'><strong>illa</strong></span> <span class='ocrx_word' id='word_1_254' title='bbox 1492 2868 1692 2938; x_wconf 80' lang='lat' dir='ltr'><strong>stetit,</strong></span> <span class='ocrx_word' id='word_1_255' title='bbox 1747 2855 2308 2946; x_wconf 90' lang='lat' dir='ltr'><strong>psalmodiaeque</strong></span> <span class='ocrx_word' id='word_1_256' title='bbox 2353 2866 2419 2926; x_wconf 93' lang='lat' dir='ltr'><strong>et</strong></span> <span class='ocrx_word' id='word_1_257' title='bbox 2466 2855 2787 2946; x_wconf 87' lang='lat' dir='ltr'><strong>precibus</strong></span> <span class='ocrx_word' id='word_1_258' title='bbox 2833 2877 3113 2935; x_wconf 88' lang='lat' dir='ltr'><strong>vacans,</strong></span> 
     </span>
     <span class='ocr_line' id='line_1_30' title="bbox 593 2943 3124 3103; baseline -0 -88"><span class='ocrx_word' id='word_1_259' title='bbox 593 2955 808 3103; x_wconf 43' lang='lat' dir='ltr'><strong>attgue·</strong></span> <span class='ocrx_word' id='word_1_260' title='bbox 842 2943 926 3014; x_wconf 86' lang='lat' dir='ltr'><strong>fri</strong></span> <span class='ocrx_word' id='word_1_261' title='bbox 981 2967 1063 3102; x_wconf 60' lang='lat' dir='ltr'><strong>uis</strong></span> <span class='ocrx_word' id='word_1_262' title='bbox 1098 2957 1569 3026; x_wconf 89' lang='lat' dir='ltr'><strong>contemnens,</strong></span> <span class='ocrx_word' id='word_1_263' title='bbox 1620 2957 1687 3014; x_wconf 91' lang='lat' dir='ltr'><strong>et</strong></span> <span class='ocrx_word' id='word_1_264' title='bbox 1727 2945 1916 3015; x_wconf 87' lang='lat' dir='ltr'><strong>nives</strong></span> <span class='ocrx_word' id='word_1_265' title='bbox 1959 2946 2258 3029; x_wconf 81' lang='lat' dir='ltr'><strong>calcans,</strong></span> <span class='ocrx_word' id='word_1_266' title='bbox 2293 2944 2674 3016; x_wconf 89' lang='lat' dir='ltr'><strong>sanctitatis</strong></span> <span class='ocrx_word' id='word_1_267' title='bbox 2722 2965 2888 3017; x_wconf 89' lang='lat' dir='ltr'><strong>suae</strong></span> <span class='ocrx_word' id='word_1_268' title='bbox 2935 2957 3124 3014; x_wconf 89' lang='lat' dir='ltr'><strong>certa</strong></span> 
     </span>
     <span class='ocr_line' id='line_1_31' title="bbox 598 3045 2002 3104; baseline 0 -2"><span class='ocrx_word' id='word_1_269' title='bbox 598 3056 668 3102; x_wconf 80' lang='lat' dir='ltr'><strong>in</strong></span> <span class='ocrx_word' id='word_1_270' title='bbox 725 3055 856 3104; x_wconf 80' lang='lat' dir='ltr'><strong>iola</strong></span> <span class='ocrx_word' id='word_1_271' title='bbox 950 3055 985 3103; x_wconf 90' lang='lat' dir='ltr'><strong>e</strong></span> <span class='ocrx_word' id='word_1_272' title='bbox 1037 3045 1111 3104; x_wconf 90' lang='lat' dir='ltr'><strong>1t.</strong></span> <span class='ocrx_word' id='word_1_273' title='bbox 1993 3091 2002 3102; x_wconf 94' lang='lat'>.</span> 
     </span>
    </p>

    <p class='ocr_par' dir='ltr' id='par_1_4' title="bbox 593 3121 3131 4373">
     <span class='ocr_line' id='line_1_32' title="bbox 686 3121 3122 3213; baseline -0.001 -18"><span class='ocrx_word' id='word_1_274' title='bbox 686 3125 724 3210; x_wconf 65' lang='grc' dir='ltr'><strong>ἓ</strong></span> <span class='ocrx_word' id='word_1_275' title='bbox 772 3126 933 3195; x_wconf 62' lang='lat'><strong>21).</strong></span> <span class='ocrx_word' id='word_1_276' title='bbox 988 3127 1143 3193; x_wconf 87' lang='lat' dir='ltr'><strong>Post</strong></span> <span class='ocrx_word' id='word_1_277' title='bbox 1188 3122 1355 3192; x_wconf 91' lang='lat' dir='ltr'><strong>haec</strong></span> <span class='ocrx_word' id='word_1_278' title='bbox 1406 3127 1539 3192; x_wconf 84' lang='lat' dir='ltr'><strong>Rex</strong></span> <span class='ocrx_word' id='word_1_279' title='bbox 1586 3121 1725 3205; x_wconf 89' lang='lat' dir='ltr'><strong>ille,</strong></span> <span class='ocrx_word' id='word_1_280' title='bbox 1775 3145 1933 3194; x_wconf 92' lang='lat' dir='ltr'><strong>cum</strong></span> <span class='ocrx_word' id='word_1_281' title='bbox 1985 3124 2368 3196; x_wconf 81' lang='lat' dir='ltr'><strong>Austrasiae</strong></span> <span class='ocrx_word' id='word_1_282' title='bbox 2415 3145 2487 3193; x_wconf 86' lang='lat' dir='ltr'><strong>re</strong></span> <span class='ocrx_word' id='word_1_283' title='bbox 2540 3145 2705 3194; x_wconf 88' lang='lat' dir='ltr'><strong>num</strong></span> <span class='ocrx_word' id='word_1_284' title='bbox 2772 3121 3122 3213; x_wconf 85' lang='lat' dir='ltr'><strong>praeclare</strong></span> 
     </span>
     <span class='ocr_line' id='line_1_33' title="bbox 594 3210 3127 3302; baseline 0 -21"><span class='ocrx_word' id='word_1_285' title='bbox 594 3211 901 3291; x_wconf 83' lang='lat' dir='ltr'><strong>rexisset,</strong></span> <span class='ocrx_word' id='word_1_286' title='bbox 957 3210 1139 3281; x_wconf 91' lang='lat' dir='ltr'><strong>diem</strong></span> <span class='ocrx_word' id='word_1_287' title='bbox 1188 3211 1434 3282; x_wconf 90' lang='lat' dir='ltr'><strong>clausit</strong></span> <span class='ocrx_word' id='word_1_288' title='bbox 1480 3223 1885 3283; x_wconf 85' lang='lat' dir='ltr'><strong>extremum.</strong></span> <span class='ocrx_word' id='word_1_289' title='bbox 1955 3218 2162 3283; x_wconf 87' lang='lat' dir='ltr'><strong>Porro</strong></span> <span class='ocrx_word' id='word_1_290' title='bbox 2230 3214 2503 3284; x_wconf 86' lang='lat' dir='ltr'><strong>Grimoa</strong></span> <span class='ocrx_word' id='word_1_291' title='bbox 2534 3213 2666 3282; x_wconf 90' lang='lat' dir='ltr'><strong>dus</strong></span> <span class='ocrx_word' id='word_1_292' title='bbox 2738 3212 2955 3302; x_wconf 80' lang='lat' dir='ltr'><strong>major</strong></span> <span class='ocrx_word' id='word_1_293' title='bbox 3000 3211 3127 3282; x_wconf 89' lang='lat' dir='ltr'><strong>do-</strong></span> 
     </span>
     <span class='ocr_line' id='line_1_34' title="bbox 596 3299 3123 3394; baseline 0 -24"><span class='ocrx_word' id='word_1_294' title='bbox 596 3322 775 3382; x_wconf 75' lang='lat' dir='ltr'><strong>mus„</strong></span> <span class='ocrx_word' id='word_1_295' title='bbox 810 3300 951 3370; x_wconf 86' lang='lat' dir='ltr'><strong>sive</strong></span> <span class='ocrx_word' id='word_1_296' title='bbox 977 3299 1358 3391; x_wconf 85' lang='lat' dir='ltr'><strong>praefectus</strong></span> <span class='ocrx_word' id='word_1_297' title='bbox 1395 3300 1649 3391; x_wconf 87' lang='lat' dir='ltr'><strong>palatii,</strong></span> <span class='ocrx_word' id='word_1_298' title='bbox 1698 3301 1823 3382; x_wconf 88' lang='lat' dir='ltr'><strong>vel,</strong></span> <span class='ocrx_word' id='word_1_299' title='bbox 1858 3314 1935 3372; x_wconf 92' lang='lat' dir='ltr'><strong>ut</strong></span> <span class='ocrx_word' id='word_1_300' title='bbox 1966 3301 2085 3372; x_wconf 90' lang='lat' dir='ltr'><strong>alii</strong></span> <span class='ocrx_word' id='word_1_301' title='bbox 2115 3302 2372 3382; x_wconf 86' lang='lat' dir='ltr'><strong>volunt,</strong></span> <span class='ocrx_word' id='word_1_302' title='bbox 2408 3302 2734 3394; x_wconf 86' lang='lat' dir='ltr'><strong>magister</strong></span> <span class='ocrx_word' id='word_1_303' title='bbox 2780 3302 3123 3389; x_wconf 89' lang='lat' dir='ltr'><strong>equitum,</strong></span> 
     </span>
     <span class='ocr_line' id='line_1_35' title="bbox 595 3390 3131 3481; baseline -0.002 -17"><span class='ocrx_word' id='word_1_304' title='bbox 595 3390 728 3464; x_wconf 87' lang='lat' dir='ltr'><strong>sub</strong></span> <span class='ocrx_word' id='word_1_305' title='bbox 775 3401 1125 3480; x_wconf 84' lang='lat' dir='ltr'><strong>praetextu</strong></span> <span class='ocrx_word' id='word_1_306' title='bbox 1171 3411 1534 3460; x_wconf 86' lang='lat' dir='ltr'><strong>munerum</strong></span> <span class='ocrx_word' id='word_1_307' title='bbox 1584 3390 2169 3481; x_wconf 87' lang='lat' dir='ltr'><strong>accipiendorum,</strong></span> <span class='ocrx_word' id='word_1_308' title='bbox 2222 3414 2262 3462; x_wconf 89' lang='lat' dir='ltr'><strong>a</strong></span> <span class='ocrx_word' id='word_1_309' title='bbox 2311 3391 2636 3462; x_wconf 87' lang='lat' dir='ltr'><strong>Clodoveo</strong></span> <span class='ocrx_word' id='word_1_310' title='bbox 2683 3390 2889 3460; x_wconf 87' lang='lat' dir='ltr'><strong>fratre</strong></span> <span class='ocrx_word' id='word_1_311' title='bbox 2935 3391 3131 3481; x_wconf 82' lang='lat' dir='ltr'><strong>Sige-</strong></span> 
     </span>
     <span class='ocr_line' id='line_1_36' title="bbox 594 3478 3126 3567; baseline 0 -18"><span class='ocrx_word' id='word_1_312' title='bbox 594 3478 769 3550; x_wconf 91' lang='lat' dir='ltr'><strong>berti</strong></span> <span class='ocrx_word' id='word_1_313' title='bbox 805 3479 1100 3550; x_wconf 88' lang='lat' dir='ltr'><strong>Parisios</strong></span> <span class='ocrx_word' id='word_1_314' title='bbox 1144 3492 1484 3560; x_wconf 61' lang='lat' dir='ltr'><strong>evocatus»,</strong></span> <span class='ocrx_word' id='word_1_315' title='bbox 1527 3478 1667 3549; x_wconf 88' lang='lat' dir='ltr'><strong>illic</strong></span> <span class='ocrx_word' id='word_1_316' title='bbox 1716 3493 2017 3551; x_wconf 87' lang='lat' dir='ltr'><strong>retentus</strong></span> <span class='ocrx_word' id='word_1_317' title='bbox 2053 3494 2157 3551; x_wconf 87' lang='lat' dir='ltr'><strong>est</strong></span> <span class='ocrx_word' id='word_1_318' title='bbox 2201 3480 2383 3567; x_wconf 91' lang='lat' dir='ltr'><strong>quod</strong></span> <span class='ocrx_word' id='word_1_319' title='bbox 2418 3480 2639 3550; x_wconf 83' lang='lat' dir='ltr'><strong>filium</strong></span> <span class='ocrx_word' id='word_1_320' title='bbox 2704 3479 2972 3549; x_wconf 89' lang='lat' dir='ltr'><strong>domini</strong></span> <span class='ocrx_word' id='word_1_321' title='bbox 3011 3482 3126 3550; x_wconf 93' lang='lat' dir='ltr'><strong>sui</strong></span> 
     </span>
     <span class='ocr_line' id='line_1_37' title="bbox 597 3568 3127 3661; baseline 0 -22"><span class='ocrx_word' id='word_1_322' title='bbox 597 3569 950 3661; x_wconf 80' lang='lat' dir='ltr'><strong>sigeberti,</strong></span> <span class='ocrx_word' id='word_1_323' title='bbox 984 3590 1185 3656; x_wconf 90' lang='lat' dir='ltr'><strong>quem</strong></span> <span class='ocrx_word' id='word_1_324' title='bbox 1236 3568 1307 3638; x_wconf 91' lang='lat' dir='ltr'><strong>in</strong></span> <span class='ocrx_word' id='word_1_325' title='bbox 1343 3590 1540 3640; x_wconf 88' lang='lat' dir='ltr'><strong>suam</strong></span> <span class='ocrx_word' id='word_1_326' title='bbox 1579 3568 1788 3639; x_wconf 86' lang='lat' dir='ltr'><strong>fidem</strong></span> <span class='ocrx_word' id='word_1_327' title='bbox 1837 3582 2253 3660; x_wconf 89' lang='lat' dir='ltr'><strong>susceperat,</strong></span> <span class='ocrx_word' id='word_1_328' title='bbox 2309 3582 2383 3640; x_wconf 92' lang='lat' dir='ltr'><strong>ut</strong></span> <span class='ocrx_word' id='word_1_329' title='bbox 2429 3591 2587 3641; x_wconf 90' lang='lat' dir='ltr'><strong>eum</strong></span> <span class='ocrx_word' id='word_1_330' title='bbox 2643 3568 2816 3660; x_wconf 86' lang='lat' dir='ltr'><strong>patri</strong></span> <span class='ocrx_word' id='word_1_331' title='bbox 2875 3568 2943 3637; x_wconf 91' lang='lat' dir='ltr'><strong>in</strong></span> <span class='ocrx_word' id='word_1_332' title='bbox 3015 3591 3127 3640; x_wconf 87' lang='lat' dir='ltr'><strong>re·-</strong></span> 
     </span>
     <span class='ocr_line' id='line_1_38' title="bbox 594 3657 3124 3749; baseline 0.001 -21"><span class='ocrx_word' id='word_1_333' title='bbox 594 3680 731 3749; x_wconf 91' lang='lat' dir='ltr'><strong>gno</strong></span> <span class='ocrx_word' id='word_1_334' title='bbox 779 3659 1242 3741; x_wconf 90' lang='lat' dir='ltr'><strong>substitueret,</strong></span> <span class='ocrx_word' id='word_1_335' title='bbox 1288 3659 1623 3730; x_wconf 88' lang='lat' dir='ltr'><strong>Clericum</strong></span> <span class='ocrx_word' id='word_1_336' title='bbox 1654 3658 1989 3730; x_wconf 85' lang='lat' dir='ltr'><strong>effecisset</strong></span> <span class='ocrx_word' id='word_1_337' title='bbox 2017 3658 2158 3732; x_wconf 86' lang='lat' dir='ltr'><strong>sive</strong></span> <span class='ocrx_word' id='word_1_338' title='bbox 2187 3659 2611 3740; x_wconf 86' lang='lat' dir='ltr'><strong>totondisset,</strong></span> <span class='ocrx_word' id='word_1_339' title='bbox 2649 3681 2855 3728; x_wconf 90' lang='lat' dir='ltr'><strong>suum</strong></span> <span class='ocrx_word' id='word_1_340' title='bbox 2890 3657 3124 3730; x_wconf 81' lang='lat' dir='ltr'><strong>silium</strong></span> 
     </span>
     <span class='ocr_line' id='line_1_39' title="bbox 596 3747 3123 3840; baseline -0.001 -21"><span class='ocrx_word' id='word_1_341' title='bbox 596 3754 847 3840; x_wconf 88' lang='lat' dir='ltr'><strong>Regem</strong></span> <span class='ocrx_word' id='word_1_342' title='bbox 898 3748 1131 3819; x_wconf 86' lang='lat' dir='ltr'><strong>volens</strong></span> <span class='ocrx_word' id='word_1_343' title='bbox 1175 3748 1609 3819; x_wconf 84' lang='lat' dir='ltr'><strong>constituere.</strong></span> <span class='ocrx_word' id='word_1_344' title='bbox 1673 3748 1999 3820; x_wconf 84' lang='lat' dir='ltr'><strong>Clodoveo</strong></span> <span class='ocrx_word' id='word_1_345' title='bbox 2052 3770 2325 3837; x_wconf 87' lang='lat' dir='ltr'><strong>quoque</strong></span> <span class='ocrx_word' id='word_1_346' title='bbox 2388 3748 2732 3829; x_wconf 89' lang='lat' dir='ltr'><strong>defunct0,</strong></span> <span class='ocrx_word' id='word_1_347' title='bbox 2779 3747 3123 3817; x_wconf 71' lang='lat' dir='ltr'><strong>clotarius</strong></span> 
     </span>
     <span class='ocr_line' id='line_1_40' title="bbox 595 3836 3122 3926; baseline -0.001 -18"><span class='ocrx_word' id='word_1_348' title='bbox 595 3838 783 3909; x_wconf 83' lang='lat' dir='ltr'><strong>filius</strong></span> <span class='ocrx_word' id='word_1_349' title='bbox 828 3837 978 3926; x_wconf 86' lang='lat' dir='ltr'><strong>ejus</strong></span> <span class='ocrx_word' id='word_1_350' title='bbox 1016 3838 1086 3907; x_wconf 89' lang='lat' dir='ltr'><strong>in</strong></span> <span class='ocrx_word' id='word_1_351' title='bbox 1142 3837 1527 3920; x_wconf 88' lang='lat' dir='ltr'><strong>Occidente,</strong></span> <span class='ocrx_word' id='word_1_352' title='bbox 1578 3837 1787 3909; x_wconf 91' lang='lat' dir='ltr'><strong>frater</strong></span> <span class='ocrx_word' id='word_1_353' title='bbox 1851 3837 2123 3910; x_wconf 87' lang='lat' dir='ltr'><strong>Clotarii</strong></span> <span class='ocrx_word' id='word_1_354' title='bbox 2181 3836 2605 3910; x_wconf 75' lang='lat' dir='ltr'><strong>childericus</strong></span> <span class='ocrx_word' id='word_1_355' title='bbox 2653 3836 2720 3907; x_wconf 90' lang='lat' dir='ltr'><strong>in</strong></span> <span class='ocrx_word' id='word_1_356' title='bbox 2773 3837 3122 3908; x_wconf 77' lang='lat' dir='ltr'><strong>Austrasia</strong></span> 
     </span>
     <span class='ocr_line' id='line_1_41' title="bbox 597 3924 3123 4019; baseline -0 -21"><span class='ocrx_word' id='word_1_357' title='bbox 597 3939 994 4019; x_wconf 84' lang='lat' dir='ltr'><strong>regnarunt.</strong></span> <span class='ocrx_word' id='word_1_358' title='bbox 1046 3932 1245 3998; x_wconf 90' lang='lat' dir='ltr'><strong>Hunc</strong></span> <span class='ocrx_word' id='word_1_359' title='bbox 1293 3949 1455 4018; x_wconf 89' lang='lat' dir='ltr'><strong>ergo</strong></span> <span class='ocrx_word' id='word_1_360' title='bbox 1502 3927 1743 3998; x_wconf 91' lang='lat' dir='ltr'><strong>beatus</strong></span> <span class='ocrx_word' id='word_1_361' title='bbox 1791 3927 2154 3999; x_wconf 89' lang='lat' dir='ltr'><strong>Remaclus</strong></span> <span class='ocrx_word' id='word_1_362' title='bbox 2200 3926 2416 4009; x_wconf 90' lang='lat' dir='ltr'><strong>adiit,</strong></span> <span class='ocrx_word' id='word_1_363' title='bbox 2486 3939 2552 3998; x_wconf 92' lang='lat' dir='ltr'><strong>et</strong></span> <span class='ocrx_word' id='word_1_364' title='bbox 2595 3924 2778 4014; x_wconf 92' lang='lat' dir='ltr'><strong>quod</strong></span> <span class='ocrx_word' id='word_1_365' title='bbox 2829 3937 3123 4016; x_wconf 91' lang='lat' dir='ltr'><strong>patruus</strong></span> 
     </span>
     <span class='ocr_line' id='line_1_42' title="bbox 595 4015 3125 4108; baseline -0.001 -23"><span class='ocrx_word' id='word_1_366' title='bbox 595 4017 732 4107; x_wconf 91' lang='lat' dir='ltr'><strong>ipsi</strong></span> <span class='ocrx_word' id='word_1_367' title='bbox 779 4015 1121 4099; x_wconf 88' lang='lat' dir='ltr'><strong>donasset,</strong></span> <span class='ocrx_word' id='word_1_368' title='bbox 1158 4030 1236 4087; x_wconf 93' lang='lat' dir='ltr'><strong>ut</strong></span> <span class='ocrx_word' id='word_1_369' title='bbox 1281 4016 1740 4098; x_wconf 86' lang='lat' dir='ltr'><strong>confirmaret,</strong></span> <span class='ocrx_word' id='word_1_370' title='bbox 1793 4016 2007 4108; x_wconf 89' lang='lat' dir='ltr'><strong>petiit.</strong></span> <span class='ocrx_word' id='word_1_371' title='bbox 2047 4021 2186 4086; x_wconf 80' lang='lat' dir='ltr'><strong>Rex</strong></span> <span class='ocrx_word' id='word_1_372' title='bbox 2232 4016 2456 4087; x_wconf 89' lang='lat' dir='ltr'><strong>libens</strong></span> <span class='ocrx_word' id='word_1_373' title='bbox 2501 4015 2767 4096; x_wconf 89' lang='lat' dir='ltr'><strong>annuit,</strong></span> <span class='ocrx_word' id='word_1_374' title='bbox 2821 4027 2886 4084; x_wconf 91' lang='lat' dir='ltr'><strong>et</strong></span> <span class='ocrx_word' id='word_1_375' title='bbox 2912 4028 2989 4085; x_wconf 91' lang='lat' dir='ltr'><strong>ut</strong></span> <span class='ocrx_word' id='word_1_376' title='bbox 3017 4015 3125 4082; x_wconf 90' lang='lat' dir='ltr'><strong>vir</strong></span> 
     </span>
     <span class='ocr_line' id='line_1_43' title="bbox 596 4104 3124 4197; baseline -0.002 -20"><span class='ocrx_word' id='word_1_377' title='bbox 596 4106 712 4177; x_wconf 91' lang='lat' dir='ltr'><strong>Dei</strong></span> <span class='ocrx_word' id='word_1_378' title='bbox 759 4105 1063 4195; x_wconf 86' lang='lat' dir='ltr'><strong>petierat,</strong></span> <span class='ocrx_word' id='word_1_379' title='bbox 1117 4107 1268 4197; x_wconf 84' lang='lat' dir='ltr'><strong>ejus</strong></span> <span class='ocrx_word' id='word_1_380' title='bbox 1315 4127 1776 4178; x_wconf 89' lang='lat' dir='ltr'><strong>successorem</strong></span> <span class='ocrx_word' id='word_1_381' title='bbox 1818 4105 2292 4176; x_wconf 71' lang='lat' dir='ltr'><strong>&#39;theodardum</strong></span> <span class='ocrx_word' id='word_1_382' title='bbox 2333 4118 2400 4175; x_wconf 92' lang='lat' dir='ltr'><strong>et</strong></span> <span class='ocrx_word' id='word_1_383' title='bbox 2445 4105 2744 4176; x_wconf 87' lang='lat' dir='ltr'><strong>Odonem</strong></span> <span class='ocrx_word' id='word_1_384' title='bbox 2793 4104 3124 4173; x_wconf 88' lang='lat' dir='ltr'><strong>domesti-</strong></span> 
     </span>
     <span class='ocr_line' id='line_1_44' title="bbox 593 4192 3124 4285; baseline -0.002 -19"><span class='ocrx_word' id='word_1_385' title='bbox 593 4217 779 4276; x_wconf 90' lang='lat' dir='ltr'><strong>cum,</strong></span> <span class='ocrx_word' id='word_1_386' title='bbox 807 4194 1016 4285; x_wconf 86' lang='lat' dir='ltr'><strong>jussit</strong></span> <span class='ocrx_word' id='word_1_387' title='bbox 1051 4195 1360 4285; x_wconf 87' lang='lat' dir='ltr'><strong>ejusdem</strong></span> <span class='ocrx_word' id='word_1_388' title='bbox 1412 4217 1774 4266; x_wconf 88' lang='lat' dir='ltr'><strong>mensurae</strong></span> <span class='ocrx_word' id='word_1_389' title='bbox 1812 4195 2038 4266; x_wconf 89' lang='lat' dir='ltr'><strong>solum</strong></span> <span class='ocrx_word' id='word_1_390' title='bbox 2088 4194 2422 4266; x_wconf 86' lang='lat' dir='ltr'><strong>remetiri:</strong></span> <span class='ocrx_word' id='word_1_391' title='bbox 2487 4194 2690 4285; x_wconf 88' lang='lat' dir='ltr'><strong>cujus</strong></span> <span class='ocrx_word' id='word_1_392' title='bbox 2724 4205 2986 4285; x_wconf 85' lang='lat' dir='ltr'><strong>partem</strong></span> <span class='ocrx_word' id='word_1_393' title='bbox 3016 4192 3124 4262; x_wconf 88' lang='lat' dir='ltr'><strong>di-</strong></span> 
     </span>
     <span class='ocr_line' id='line_1_45' title="bbox 595 4283 3123 4373; baseline -0.001 -20"><span class='ocrx_word' id='word_1_394' title='bbox 595 4284 881 4354; x_wconf 91' lang='lat' dir='ltr'><strong>midiam</strong></span> <span class='ocrx_word' id='word_1_395' title='bbox 908 4283 1043 4355; x_wconf 90' lang='lat' dir='ltr'><strong>sibi</strong></span> <span class='ocrx_word' id='word_1_396' title='bbox 1067 4290 1203 4355; x_wconf 81' lang='lat' dir='ltr'><strong>Rex</strong></span> <span class='ocrx_word' id='word_1_397' title='bbox 1228 4285 1538 4367; x_wconf 87' lang='lat' dir='ltr'><strong>servavit,</strong></span> <span class='ocrx_word' id='word_1_398' title='bbox 1558 4284 1894 4373; x_wconf 88' lang='lat' dir='ltr'><strong>reliquam</strong></span> <span class='ocrx_word' id='word_1_399' title='bbox 1924 4285 2171 4356; x_wconf 90' lang='lat' dir='ltr'><strong>usibus</strong></span> <span class='ocrx_word' id='word_1_400' title='bbox 2197 4305 2549 4355; x_wconf 90' lang='lat' dir='ltr'><strong>servorum</strong></span> <span class='ocrx_word' id='word_1_401' title='bbox 2579 4283 2694 4353; x_wconf 88' lang='lat' dir='ltr'><strong>Dei</strong></span> <span class='ocrx_word' id='word_1_402' title='bbox 2717 4294 3123 4353; x_wconf 87' lang='lat' dir='ltr'><strong>testamento</strong></span> 
     </span>
    </p>
   </div>
   <div class='ocr_carea' id='block_1_3' title="bbox 647 4443 2774 4550">
    <p class='ocr_par' dir='ltr' id='par_1_5' title="bbox 647 4443 2774 4550">
     <span class='ocr_line' id='line_1_46' title="bbox 651 4443 1368 4491; baseline 0 -8"><span class='ocrx_word' id='word_1_403' title='bbox 651 4445 678 4472; x_wconf 76' lang='lat'><strong>¹⁸</strong></span> <span class='ocrx_word' id='word_1_404' title='bbox 708 4444 815 4484; x_wconf 80' lang='lat' dir='ltr'><strong>Sive</strong></span> <span class='ocrx_word' id='word_1_405' title='bbox 835 4443 1136 4485; x_wconf 70' lang='lat' dir='ltr'><strong>stabuletum</strong></span> <span class='ocrx_word' id='word_1_406' title='bbox 1154 4444 1368 4491; x_wconf 67' lang='lat' dir='ltr'><strong>(stenelo).</strong></span> 
     </span>
     <span class='ocr_line' id='line_1_47' title="bbox 647 4495 2774 4550; baseline -0.001 -11"><span class='ocrx_word' id='word_1_407' title='bbox 647 4498 702 4528; x_wconf 74' lang='lat'><strong>⁸*</strong></span> <span class='ocrx_word' id='word_1_408' title='bbox 731 4498 916 4548; x_wconf 69' lang='lat' dir='ltr'><strong>Quanta.</strong></span> <span class='ocrx_word' id='word_1_409' title='bbox 933 4507 989 4540; x_wconf 81' lang='lat' dir='ltr'><strong>ex</strong></span> <span class='ocrx_word' id='word_1_410' title='bbox 1007 4498 1216 4543; x_wconf 61' lang='lat' dir='ltr'><strong>Reman</strong></span> <span class='ocrx_word' id='word_1_411' title='bbox 1243 4497 1525 4548; x_wconf 63' lang='lat' dir='ltr'><strong>praesentis,</strong></span> <span class='ocrx_word' id='word_1_412' title='bbox 1543 4498 1719 4547; x_wconf 77' lang='lat' dir='ltr'><strong>verbis,</strong></span> <span class='ocrx_word' id='word_1_413' title='bbox 1736 4497 1978 4550; x_wconf 74' lang='lat' dir='ltr'><strong>exemplis,</strong></span> <span class='ocrx_word' id='word_1_414' title='bbox 1995 4498 2239 4541; x_wconf 69' lang='lat' dir='ltr'><strong>miraculis</strong></span> <span class='ocrx_word' id='word_1_415' title='bbox 2256 4495 2519 4550; x_wconf 72' lang='lat' dir='ltr'><strong>prodierint</strong></span> <span class='ocrx_word' id='word_1_416' title='bbox 2536 4495 2774 4538; x_wconf 69' lang='lat' dir='ltr'><strong>benenate.</strong></span> 
     </span>
    </p>
   </div>
  </div>
 </body>
</html>
