3327 4999
697 302 825 366 390
1219 316 1297 361 nn
1345 315 1401 362 s.
1454 313 1821 363 commemo
1869 311 2068 361 muse.
2123 311 2524 360 mvmsrxmv.
2777 293 3026 358 MART.
3079 295 3170 360 20

607 402 920 473 concitus
967 398 1151 468 venit
1180 397 1266 466 ad
1302 398 1650 467 hominem
1683 398 1823 477 Dei,
1867 408 2324 487 precatusque
2350 408 2452 465 est
2477 416 2663 475 eum,
2688 394 2954 464 dicens:
2986 397 3174 465 «Ob-

610 513 823 571 secr0,
871 488 1037 575 quia
1081 508 1254 556 uxor
1302 508 1454 555 mea
1501 486 1684 555 male
1714 485 1943 566 habet,
1981 497 2047 554 et
2080 484 2348 554 videtur
2386 483 2536 573 jam
2586 484 2898 572 proxima
2929 484 3165 565 morti,

607 591 687 649 ut
745 578 977 647 mittas
1024 574 1502 676 presbyterum
1553 574 1675 662 qui
1724 573 1954 655 illam,
2009 573 2422 673 priusquam
2485 567 2854 652 moriatur,
2908 571 3165 652 visitet,

606 667 809 754 eique
856 663 1196 733 Dominici
1242 662 1552 752 corporis
1598 675 1665 731 et
1711 662 2078 750 sanguinis
2127 671 2558 732 sacramenta
2605 659 2987 729 ministret:
3045 660 3172 729 sed

608 767 673 824 et
720 774 974 842 corpus
1009 751 1200 820 illius
1239 749 1353 818 hic
1402 750 1471 818 in
1524 750 1695 820 locis
1744 751 2001 821 sanctis
2029 748 2306 839 sepeliri
2336 748 2754 838 permittat.»
2788 748 3175 817 Erubesce-

606 843 723 912 bat
771 841 959 910 enim
1007 861 1159 909 eam
1194 839 1506 908 confiteri
1546 840 1891 920 insanam,
1929 859 2137 925 quam
2173 838 2277 905 vir
2325 835 2599 905 Domini
2637 836 2940 905 sobriam
2976 857 3169 905 sem-

607 952 732 1020 per
771 929 998 997 videre
1045 939 1512 996 consueverat.
1568 927 1701 1009 Qui
1748 949 1909 997 cum
1957 926 2044 995 ab
2089 947 2169 995 eo
2202 945 2580 1025 parumper
2625 923 3011 1005 diverteret,
3067 924 3174 992 vi-

608 1040 817 1089 surus
848 1037 1055 1103 quem
1106 1015 1401 1084 mitteret
1457 1016 1938 1105 presbyterum
1987 1036 2151 1084 cum
2200 1013 2343 1093 1110,
2389 1012 2709 1102 cognovit
2756 1024 3039 1101 repente
3087 1012 3164 1080 in

606 1106 882 1196 spiritu,
919 1104 1087 1189 quia
1135 1125 1272 1172 non
1306 1104 1666 1172 communi
1705 1102 2128 1182 infirmitate,
2174 1101 2293 1170 sed
2326 1099 2686 1170 daemonis
2728 1099 3172 1170 infestatione

609 1205 1039 1283 premeretur
1083 1192 1362 1276 conjux,
1411 1213 1535 1281 pro
1582 1214 1723 1279 qua
1770 1213 1851 1261 su
1910 1190 2230 1280 plicabat.
2300 1194 2776 1275 Reversusque
2825 1188 2912 1257 ad
2961 1210 3169 1257 eum:

607 1287 833 1362 «Non,
873 1279 1121 1366 inquit,
1160 1280 1376 1349 alium
1432 1281 1720 1361 mittere,
1759 1301 1830 1349 se
1930 1279 2077 1369 ipse
2123 1279 2211 1347 ad
2263 1276 2679 1346 visitandam
2727 1298 2882 1345 eam
2933 1288 3167 1345 tecum

656 1390 891 1458 ergere
945 1367 1251 1437 debeo.»
1302 1372 1609 1454 Cumque
1655 1379 1935 1458 agerent
1986 1367 2134 1447 iter,
2178 1365 2403 1456 coepit
2451 1365 2614 1434 flere
2662 1365 2893 1445 homo,
2933 1376 2999 1433 et
3046 1364 3175 1433 do-

631 1479 821 1526 orem
855 1456 1086 1539 cordis
1136 1456 1643 1545 profluentibus
1678 1456 1747 1524 in
1801 1454 2152 1524 maxillam
2205 1454 2533 1543 lacrymis
2581 1452 2894 1542 prodere.
2943 1453 3175 1522 Time-

548 1612 553 1615 .
604 1546 722 1615 bat
751 1546 963 1624 enim,
1001 1565 1085 1612 ne
1112 1566 1271 1613 cum
1301 1566 1452 1613 eam
1488 1544 2002 1614 daemoniosam
2041 1543 2400 1622 inveniret,
2436 1541 2758 1610 arbitrari
2806 1541 3168 1631 inciperet,

603 1634 770 1721 quia
820 1654 957 1700 non
1009 1632 1276 1719 integra
1326 1633 1638 1712 Domino,
1679 1632 1797 1701 sed
1848 1632 1984 1700 fide
2032 1631 2192 1700 ficta
2240 1630 2580 1700 servisset.
2627 1634 2846 1711 Quem
2895 1630 3000 1697 vir
3037 1634 3170 1698 Do-

605 1722 785 1790 mini
830 1719 1085 1789 blande
1132 1720 1566 1790 consolatus:
1619 1719 1849 1801 «Noli,
1902 1720 2152 1806 inquit,
2197 1719 2492 1808 plorare,
2527 1718 2727 1805 quasi
2760 1718 3174 1786 inventurus

604 1810 738 1879 sim
786 1809 1154 1898 conjugem
1192 1820 1407 1889 tuam,
1460 1807 1735 1894 qualem
1788 1829 1925 1876 non
1975 1807 2204 1877 velim.
2246 1807 2398 1876 Scio
2446 1807 2632 1875 enim
2693 1807 2864 1895 ipse,
2918 1828 3168 1893 quam-

604 1898 712 1967 vis
761 1909 823 1966 te
883 1897 1111 1965 dicere
1162 1895 1438 1986 pudeat,
1499 1898 1665 1983 quia
1713 1895 2076 1965 daemonio
2114 1907 2438 1964 vexatur:
2493 1894 2636 1964 scio
2684 1894 2887 1963 etiam
2917 1948 2931 1975 ,
2997 1894 3168 1981 quia

601 1985 1015 2076 priusquam
1072 1983 1191 2052 illo
1288 1985 1779 2065 ervenerimus,
1850 1984 2083 2074 fugato
2131 1983 2520 2064 daemoni0‚
2593 1982 3024 2061 liberabitur,
3084 2004 3166 2051 ac

601 2074 803 2143 nobis
851 2072 1242 2142 advenienti
1294 2096 1378 2143 us
1426 2094 1587 2141 cum
1650 2070 1906 2163 gaudio
1962 2092 2358 2151 occurrens,
2419 2072 2542 2141 has
2589 2071 2779 2160 ipsas
2849 2069 3164 2141 habenas

602 2162 975 2232 sanissima
1024 2173 1251 2229 mente
1292 2160 1609 2251 excipiet,
1656 2182 1921 2247 nosque
1968 2160 2226 2228 intrare
2256 2160 2464 2228 citius
2511 2160 2906 2239 obsecrans,
2947 2158 3163 2226 mini-

601 2250 913 2339 sterium,
951 2248 1137 2335 quod
1185 2258 1655 2329 consueverat,
1714 2248 1914 2318 nobis
1963 2248 2206 2317 sedula
2255 2247 2631 2336 impendet.
2694 2252 2924 2333 Neque
2973 2246 3164 2315 enim

604 2339 722 2408 tali
773 2348 1109 2407 tormento
1158 2336 1286 2407 soli
1321 2337 1794 2424 subjiciuntur
1841 2336 2031 2417 mali,
2071 2336 2189 2405 sed
2238 2335 2511 2406 occulto
2551 2335 2668 2404 Dei
2705 2334 2979 2423 judicio
3028 2333 3163 2402 ali-

602 2426 871 2514 quoties
917 2424 1123 2495 etiam
1164 2425 1565 2496 innocentes
1613 2425 1685 2493 in
1735 2423 1866 2493 hoc
1915 2424 2150 2496 seculo
2199 2446 2338 2494 non
2389 2435 2657 2493 tantum
2690 2444 3000 2515 corpore,
3041 2421 3166 2491 sed

600 2527 667 2585 et
716 2525 946 2584 mente
1010 2514 1447 2604 captivantur
1494 2537 1535 2583 a
1582 2513 1946 2583 diabolo.»
2015 2519 2331 2600 Dumque
2396 2514 2564 2582 haec
2623 2523 2689 2580 et
2751 2511 3164 2602 hujusmodi

598 2603 810 2672 verba
858 2603 927 2671 in
979 2602 1518 2672 consolatiorem
1551 2614 1616 2670 et
1663 2601 2123 2670 eruditionem
2157 2602 2348 2672 illius
2377 2611 2737 2691 perorante
2762 2600 3160 2680 cuthberto,

599 2692 1246 2781 appropinquarent
1293 2690 1557 2770 domui,
1612 2689 1688 2757 fu
1741 2689 1792 2758 it
1839 2701 2115 2779 repente
2175 2690 2465 2781 spiritus
2528 2710 2853 2775 nequam,
2908 2688 3170 2756 adven-

599 2791 750 2849 tum
794 2778 1089 2867 Spiritus
1140 2778 1395 2858 Sancti,
1462 2799 1601 2863 quo
1650 2800 1696 2867 p
1728 2798 1903 2846 enus
1956 2789 2102 2846 erat
2146 2778 2251 2846 vir
2301 2778 2438 2858 Dei,
2478 2777 2654 2846 ferre
2703 2797 2840 2845 non
2894 2774 3156 2845 valens,

600 2868 813 2956 Cujus
864 2864 1091 2935 soluta
1138 2864 1436 2934 vinculis
1472 2864 1747 2944 mulier,
1785 2865 1984 2950 quasi
2055 2865 2223 2933 ‘ravi
2254 2866 2729 2956 expergefacta
2775 2864 2862 2933 de
2887 2885 3159 2946 somno,

600 2954 900 3024 surrexit
947 2953 1301 3032 continuO,
1341 2974 1419 3021 ac
1447 2951 1593 3023 viro
1621 2952 1739 3022 Dei
1770 2952 2041 3043 gratula
2092 2953 2283 3022 unda
2330 2975 2727 3032 occurrens.
2758 2952 3170 3042 jumentum

602 3062 744 3128 quo
795 3041 1097 3111 sedebat.
1169 3062 1292 3130 per
1339 3039 1613 3109 frenum
1662 3041 1918 3110 tenuit:
1987 3063 2283 3128 moxque
2342 3041 2426 3110 ad
2493 3042 2844 3130 integrum
2893 3051 3170 3130 recepto

599 3129 838 3219 vigore
885 3127 1136 3197 mentis
1184 3140 1250 3197 et
1296 3128 1629 3218 corporiS‚
1683 3150 1842 3198 eum
1893 3129 2027 3198 cito
2075 3129 2515 3211 descendere,
2569 3141 2773 3215 atque
2820 3127 2906 3197 ad
2957 3130 3171 3198 bene-

604 3215 977 3285 dicendam
1049 3215 1339 3284 domum
1410 3238 1608 3287 suam
1673 3217 2087 3306 precabatur
2149 3217 2464 3307 ingredi,
2534 3216 2998 3302 devotumque
3057 3215 3167 3286 illi

602 3303 1072 3374 ministerium
1124 3305 1484 3393 praeben3‚
1543 3303 1918 3373 testabatur
1965 3305 2194 3394 palam
2231 3358 2247 3385 ‚
2314 3304 2663 3391 quomodo
2710 3304 2796 3373 ad
2849 3304 3165 3394 primum

601 3392 781 3492 freni
809 3391 961 3481 ejus
1012 3403 1293 3473 tactum,
1332 3392 1527 3460 omni
1574 3413 1647 3460 se
1689 3390 2003 3463 molestia
2051 3392 2320 3482 priscae
2352 3392 2725 3464 vexationis
2772 3391 3169 3463 absolutam

599 3492 949 3550 senslsset.

686 3570 723 3654 ἓ
788 3571 922 3640 n.
978 3571 1146 3636 Cum
1194 3588 1357 3666 ergo
1409 3565 1822 3636 venerabilis
1875 3567 2147 3636 Domini
2195 3567 2526 3650 famuluS,
2569 3567 2828 3638 multos
2858 3567 2932 3636 in
2967 3569 3165 3639 Maii-

598 3655 866 3726 rosensi
917 3653 1335 3725 monasterio
1387 3655 1644 3744 degens
1696 3677 1942 3736 annos,
2007 3655 2249 3725 multis
2305 3656 2639 3726 virtutum
2688 3656 3166 3746 spiritualium

596 3744 1003 3813 claresceret
1050 3743 1295 3833 signis,
1367 3743 1719 3813 transtulit
1766 3766 1927 3814 eum
1980 3742 2599 3814 reverendissimus
2660 3744 2885 3814 Abbas
2933 3745 3163 3835 ipsius

596 3837 763 3901 Eata
809 3832 881 3899 in
933 3832 1431 3901 monasterium
1460 3831 1644 3917 quod
1696 3832 1768 3900 in
1819 3831 2492 3901 Lindisfarnensium
2526 3831 2759 3901 insula
2789 3832 2999 3904 situm
3032 3844 3164 3902 est:

594 3932 674 3989 ut
721 3919 818 3988 ibi
865 3941 1142 4006 quoque
1188 3919 1503 4010 regulam
1554 3919 2004 3989 monachicae
2033 3920 2474 4009 perfectionis
2521 3931 2587 3989 et
2631 3920 3010 4009 Praepositi
3039 3943 3168 3990 au-

596 4007 907 4078 ctoritate
956 4006 1250 4088 doceret,
1304 4020 1369 4077 et
1417 4006 1733 4098 exemplo
1793 4008 2088 4077 virtutis-
2121 4007 2534 4077 ostenderet.
2586 4013 2757 4077 Nam
2814 4020 2882 4078 et
2927 4008 3168 4098 ipsum

597 4095 831 4166 locum
898 4107 1065 4164 tunc
1126 4096 1310 4165 idem
1379 4095 2000 4165 reverendissimus
2067 4108 2262 4186 pater
2326 4095 2609 4166 Abbatis
2645 4096 2807 4196 jure
2855 4096 3163 4187 regebat.

594 4188 826 4270 Neque
874 4183 1128 4284 aliquis
1177 4183 1489 4264 miretur,
1530 4184 1716 4270 quod
1769 4183 1840 4252 in
1890 4182 2131 4254 eadem
2182 4182 2416 4254 insula
2463 4183 2963 4265 Lindlssarnea,
2998 4208 3170 4257 cum

594 4272 995 4361 permodica
1044 4271 1154 4352 sit,
1194 4283 1260 4340 et
1313 4293 1528 4362 supra
1557 4270 1893 4361 episcopi,
1929 4285 1996 4341 et
2026 4293 2213 4341 nunc
2242 4272 2520 4342 Abbatis
2548 4284 2615 4341 et
2654 4273 3172 4343 monachorum

590 4380 742 4430 esse
764 4359 993 4431 locum
1027 4360 1449 4430 dixerimus:
1502 4381 1740 4429 revera
1764 4359 1954 4428 enim
1986 4359 2080 4430 ita
2108 4371 2234 4432 est.
2272 4365 2582 4448 Namque
2606 4381 2750 4430 una
2782 4360 3171 4451 eademque

3217 101 3288 234 a
