3327 4999
173 337 276 403 EX
326 335 499 402 DEC.
557 336 639 401 40
961 355 1039 403 mr
1087 355 1179 404 ss.
1235 354 1403 402 MENA
1450 356 1526 403 Er
1575 354 1773 404 socns
1821 355 1933 402 nrm.
2503 340 2620 405 7411

172 445 548 525 acceperat,
604 434 1139 524 perturbatione,
1198 457 1333 505 non
1366 435 1599 505 valens
1648 435 1992 524 conjicere
2038 457 2117 507 ea
2164 458 2342 537 quae
2380 435 2525 506 visa
2573 435 2717 506 fue-

173 534 349 604 rant,
404 522 797 613 suspicatus
860 535 961 592 est
1009 522 1445 594 solummodo
1512 525 1863 595 somnium
1926 546 2076 595 esse
2136 524 2472 597 visionem
2523 524 2714 594 illam

169 610 353 699 quod
406 610 508 679 illi
558 632 680 680 nec
714 611 1064 700 opinatam
1100 612 1424 701 evestigio
1475 635 1709 682 rerum
1732 613 2205 683 annunciabat
2232 613 2708 693 mutationem,

170 711 235 770 et
283 699 570 790 gloriam
621 699 905 769 fortasse
965 700 1496 770 constantiorem
1546 701 1853 788 quidem,
1900 701 2015 770 sed
2070 714 2297 771 tamen
2342 713 2707 771 terrenam.

173 792 339 859 Cum
389 801 617 858 autem
718 787 910 857 aucis
960 799 1111 878 post
1157 789 1402 860 diebus
1452 790 1725 880 longam
1781 789 1967 858 illam
2002 789 2404 860 confecisset
2435 790 2585 859 navi
2641 812 2717 857 a-

175 878 451 959 tionem,
490 889 555 945 et
615 899 656 967 p
689 875 886 946 acido
928 877 1143 946 ssuctu
1192 878 1260 946 in
1314 889 1586 968 portum
1649 878 2031 968 appulisset
2078 878 2545 956 Alexandriae,
2595 813 2715 947 ᾖε·

171 965 437 1038 scendit
483 966 567 1034 de
616 965 795 1045 navi,
855 977 918 1034 et
965 967 1292 1036 continuo
1366 988 1435 1036 se
1499 979 1716 1036 totum
1770 966 2060 1036 dedebat
2114 967 2532 1055 exequendis
2582 972 2716 1036 Im-

171 1053 505 1145 peratoris
538 1053 817 1123 monitis
849 1065 1052 1140 atque
1090 1055 1334 1144 jussis.
1372 1060 1536 1125 Nam
1569 1077 1730 1124 cum
1783 1060 2160 1145 Imperator
2183 1055 2463 1143 quidem
2496 1055 2714 1125 multa

169 1142 512 1213 Praefecto
552 1142 947 1214 mandasset
994 1142 1324 1214 adversus
1363 1144 1638 1213 beatum
1694 1148 1999 1213 Menam:
2063 1145 2124 1214 ei
2186 1167 2344 1214 vero
2393 1144 2714 1215 universa

169 1231 411 1304 civitas
459 1231 729 1302 obviam
781 1231 1225 1321 processisset
1273 1232 1343 1300 in
1402 1232 1628 1301 litore:
1686 1243 2016 1323 tympana
2063 1245 2291 1302 autem
2347 1245 2414 1303 et
2474 1232 2714 1303 laudes

167 1333 232 1391 et
282 1320 485 1390 tubae
535 1320 599 1387 in
653 1341 950 1391 occursu
995 1321 1620 1391 circumsonarent:
1683 1333 1749 1389 et
1808 1343 1948 1391 una
2009 1343 2135 1391 vox
2195 1334 2373 1391 esset
2420 1321 2715 1392 laudan-

171 1410 370 1489 tium,
410 1429 571 1478 eum
610 1408 940 1480 extollens
979 1410 1097 1496 qui
1150 1409 1406 1480 missus
1458 1409 1681 1479 fuerat
1728 1409 1814 1479 ab
1865 1414 2305 1500 Imperatore,
2359 1431 2519 1480 cum
2566 1410 2715 1500 ipse

167 1497 554 1568 Praefectus
602 1519 763 1568 suos
813 1509 1165 1585 tamquam
1201 1498 1271 1567 in
1324 1498 1692 1588 phalangis
1740 1498 2052 1568 ordinem
2104 1498 2465 1569 direxisset
2512 1498 2714 1570 satel-
2755 1550 2774 1570 .-

170 1585 345 1668 lites,
398 1598 463 1654 et
508 1586 831 1672 ,iussisset
888 1585 1293 1675 praecedere
1358 1587 1632 1656 lictores
1680 1599 1744 1656 et
1791 1589 2242 1677 apparitores,
2298 1610 2457 1656 cum
2524 1598 2710 1656 tanto

166 1687 447 1765 stupore
485 1685 550 1742 et
575 1674 1028 1744 admiratione
1053 1675 1367 1744 omnium
1403 1674 1713 1744 ascendit
1744 1675 1811 1744 in
1863 1675 2232 1756 civitatem,
2264 1697 2423 1745 cum
2453 1688 2712 1761 quanta

171 1764 256 1833 iis
303 1763 426 1851 qui
479 1776 638 1834 tunc
688 1775 884 1833 erant
929 1764 1265 1864 potuisset
1313 1763 1525 1833 videri
1577 1763 1678 1831 vel
1734 1764 1954 1853 ipsam
2009 1777 2257 1834 terram
2322 1784 2614 1846 movere,
2649 1777 2716 1832 et

170 1853 597 1944 negotiorum
652 1851 1113 1935 meditatione,
1175 1862 1239 1922 et
1287 1851 1354 1928 in
1416 1852 1622 1923 rebus
1682 1852 2008 1922 omnibus
2047 1851 2276 1922 studio
2325 1851 2713 1943 diligentis-

167 1942 368 2021 simo,
424 1940 902 2028 constantique
949 1952 1014 2011 et
1062 1939 1421 2010 inflexibili
1470 1939 1714 2010 habitu
1761 1940 2002 2023 animi,
2057 1962 2344 2031 sperans
2394 1963 2467 2011 se
2514 1951 2579 2010 et
2626 1941 2712 2009 ab

166 2034 587 2131 Imperatore
636 2030 1040 2100 mandatum
1073 2029 1405 2100 honorem
1439 2041 1616 2099 recte
1666 2028 2339 2118 administraturum,
2376 2044 2439 2101 et
2468 2051 2708 2099 eorum

165 2141 287 2206 qui
340 2140 475 2188 non
508 2129 704 2189 erant
751 2118 958 2200 firmi,
1013 2140 1293 2208 gressus
1343 2118 1981 2208 supplantaturum.

254 2209 291 2294 ξ
355 2211 432 2278 ³3.
487 2211 651 2276 Cum
692 2217 923 2276 autem
955 2228 1068 2277 ves
1119 2229 1231 2276 ere
1279 2206 1469 2288 solus
1501 2229 1622 2297 per
1651 2228 1724 2276 se
1752 2218 1950 2287 esset,
1982 2206 2272 2277 dimissa
2310 2206 2511 2277 turba
2533 2228 2711 2294 quae

120 2307 130 2314 '
164 2315 326 2366 eum
376 2295 770 2376 deduxerat,
806 2296 1037 2364 anima
1098 2307 1361 2364 vertens
1402 2317 1700 2385 magnus
1729 2300 1957 2364 Menas
1988 2295 2170 2382 quod
2200 2318 2358 2364 cum
2393 2316 2703 2365 seorsum

164 2383 445 2471 quidem
496 2395 659 2452 sunt
707 2383 1044 2464 homines,
1102 2396 1167 2452 et
1214 2382 1511 2452 maxime
1579 2383 1725 2453 viri.
1756 2383 1924 2452 clari
1973 2396 2037 2452 et
2086 2383 2418 2473 insigneS‚
2484 2383 2710 2452 ferunt

163 2469 757 2562 reprehensioneS,
790 2483 856 2543 et
901 2494 1060 2541 cum
1111 2492 1192 2541 ea
1236 2492 1412 2559 quae
1440 2471 1539 2542 eis
1588 2493 1791 2562 saepe
1843 2471 1985 2541 visa
2032 2471 2326 2553 fuerant,
2383 2470 2709 2541 refellun-

164 2573 299 2640 tur,
336 2559 716 2630 sustinent:
761 2560 832 2628 in
867 2560 1196 2630 concione
1245 2582 1401 2629 vero
1431 2572 1495 2630 et
1541 2573 1953 2651 congregata
1997 2559 2465 2640 multitudine,
2506 2582 2708 2660 aegre

162 2648 393 2717 ferunt
441 2669 512 2717 se
561 2646 907 2738 redargui,
962 2659 1026 2718 et
1074 2659 1466 2718 constanter
1499 2661 1904 2739 permanent
1942 2648 2012 2716 in
2063 2648 2148 2718 iis
2196 2670 2371 2735 quae
2403 2648 2534 2718 sibi
2567 2671 2709 2717 visa

160 2736 438 2807 fuerint.
496 2740 636 2806 Hoc
667 2736 783 2806 ille
830 2737 1086 2827 optime
1133 2737 1602 2818 considerans,
1656 2750 1721 2807 et
1768 2735 1951 2825 quod
2002 2735 2520 2808 eruditissimus
2546 2736 2704 2823 qui-

164 2826 323 2895 dem
387 2825 489 2893 vir
543 2837 687 2895 erat
746 2829 1232 2916 Hermogen05‚
1288 2824 1600 2896 nondum
1656 2837 1886 2896 autem
1937 2838 2199 2925 poterat
2246 2825 2701 2915 comprehen-

164 2914 325 2983 dere
376 2927 631 2984 tantam
669 2914 1010 3004 dogmatis
1042 2913 1516 2985 altitudinem:
1570 2927 1634 2983 et
1673 2913 1858 3001 quod
1895 2936 1954 2984 si
1993 2914 2092 2982 sic
2140 2912 2542 2983 ascenderet
2591 2913 2708 2982 tri-

161 3001 403 3083 bunal,
448 3025 607 3072 cum
665 3002 749 3071 de
799 3003 1068 3093 pietatis
1135 3003 1563 3087 institutione
1609 3002 1784 3071 nihil
1840 3015 2038 3071 antea
2087 3001 2510 3080 audivisset,
2570 3024 2704 3070 non

165 3091 362 3183 prius
417 3090 753 3161 discussis
805 3091 1045 3173 malis,
1116 3114 1291 3178 quas
1339 3090 1878 3181 anticipaverat,
1950 3090 2370 3170 notionibuS,
2430 3089 2708 3159 dicendi

163 3178 472 3260 scientia,
510 3192 575 3249 et
626 3179 990 3249 vehemens
1040 3179 1423 3270 ingenium,
1458 3191 1521 3248 et
1569 3179 1915 3249 contentio
1944 3178 2185 3258 animi,
2228 3178 2541 3268 ingentes
2569 3201 2601 3246 s
2631 3177 2709 3247 ›i-

165 3268 339 3338 ritus
368 3267 701 3337 excitante
751 3268 1150 3337 auctoritate
1193 3268 1657 3358 magistratuS,
1714 3290 1849 3337 non
1884 3266 2110 3336 solum
2133 3279 2350 3345 ‚erunt
2411 3267 2596 3356 impe
2652 3266 2708 3335 i-

163 3367 393 3425 mento
422 3356 506 3426 acl
560 3355 966 3425 tradendam
1014 3356 1359 3444 pietatem,
1398 3355 1516 3425 sed
1576 3355 1742 3425 satis
1789 3356 1991 3425 etiam
2043 3368 2246 3425 erunt
2299 3354 2384 3423 ad
2445 3366 2702 3423 tantam

160 3444 744 3535 corrumpendam
793 3444 1133 3514 civitatem
1183 3465 1360 3530 quae
1408 3444 1478 3512 in
1531 3442 1666 3513 fide
1715 3465 1937 3534 nuper
1983 3454 2084 3512 est
2118 3443 2450 3533 plantata,
2505 3454 2569 3511 et
2617 3442 2703 3511 ad

160 3533 315 3622 ejus
347 3533 459 3623 pia
506 3531 858 3602 evellenda
908 3531 1213 3601 semina:
1270 3530 1620 3601 moderato
1659 3542 1725 3601 et
1774 3531 2058 3601 honesto
2108 3531 2348 3600 habitu
2400 3531 2705 3622 ingredi-

165 3636 277 3692 tur
330 3621 415 3691 ad
468 3621 917 3692 Praefectum.
979 3626 1193 3702 Quem
1245 3642 1404 3689 cum
1453 3619 1971 3709 compellasset',
2038 3619 2245 3689 dixit:
2301 3619 2530 3690 Gratia
2580 3619 2703 3688 uni

161 3724 227 3782 et
261 3732 512 3801 magno
559 3716 709 3790 Deo;
745 3710 897 3799 ejus
936 3708 1147 3789 enim,
1184 3719 1258 3777 ut
1287 3707 1577 3788 videtur,
1617 3707 2047 3797 providentia
2078 3730 2264 3778 nunc
2298 3707 2599 3797 primum
2636 3720 2709 3776 tu

161 3799 472 3871 excelsus
518 3811 584 3868 et
629 3798 906 3883 clarus,
970 3818 1225 3887 magna
1280 3795 1400 3865 illa
1448 3808 1511 3865 et
1561 3797 1786 3886 prima
1851 3796 2038 3886 regia
2086 3795 2258 3866 urbe
2307 3795 2567 3876 relicta,
2623 3794 2708 3863 ad

160 3891 341 3959 hanc
390 3886 706 3957 ultimam
741 3898 806 3955 et
838 3907 1113 3975 parvam
1164 3884 1536 3954 accessisti:
1591 3899 1656 3954 et
1703 3907 1864 3954 cum
1905 3885 2052 3975 jam
2085 3895 2264 3955 esset
2313 3896 2594 3954 sanctus
2623 3883 2709 3952 de

162 3978 409 4069 pietate
435 3994 819 4045 sermonem
857 3973 1331 4053 inchoaturus,
1374 3973 1472 4042 vel
1505 3973 1732 4063 potius
1772 3972 1993 4042 malas
2023 3971 2108 4041 de
2137 3978 2268 4042 Deo
2300 3973 2710 4063 anticipatas

161 4065 474 4136 notiones
526 4063 720 4154 prius
767 4062 1326 4143 labefactaturus,
1360 4061 1747 4131 Praefectus
1773 4084 1934 4130 cum
1976 4073 2040 4130 et
2065 4083 2288 4131 unum
2323 4066 2535 4130 Deum
2584 4082 2713 4128 au-

159 4155 462 4235 divisset,
515 4164 579 4221 et
629 4174 712 4220 ne
758 4174 800 4220 a
849 4149 1473 4220 calumniatoribus
1527 4162 1879 4220 vocaretur
1941 4150 2010 4219 in
2067 4148 2426 4229 invidiam,
2457 4160 2535 4219 ut
2581 4149 2705 4235 qui

161 4242 549 4313 admitteret
595 4240 916 4309 inimicos
963 4239 1407 4329 Imperatoris
1442 4294 1457 4321 ,
1527 4251 1592 4308 et
1648 4261 1764 4308 eos
1828 4259 2144 4308 sermone
2193 4237 2598 4327 impertiret,
2644 4249 2709 4306 et

161 4330 414 4418 alioqui
470 4352 740 4400 morum
803 4327 1155 4419 gravitate,
1209 4339 1274 4396 et
1321 4327 1392 4396 in
1444 4339 1763 4397 sanctum
1812 4326 2204 4411 acerbitate,
2260 4325 2706 4416 Imperatoris

163 4433 449 4509 captans
508 4417 1049 4491 benevolentiam
1081 4471 1096 4498 ‚
1149 4428 1215 4486 et
1277 4414 1363 4485 ad
1412 4416 1881 4487 emolumenta
1928 4415 2271 4505 aspirans,
2329 4415 2708 4503 interrupto
