3327 4999
588 340 628 400 8
1428 357 1506 403 niz
1555 356 1633 413 s„
1666 357 1893 405 Ammo
1941 356 2140 406 Briso.
2706 339 2949 404 MART.
3005 334 3030 398 t

490 441 657 526 quia
702 441 982 510 beat-um
1014 440 1338 510 Albinum
1386 442 1763 531 corporalis
1824 442 2193 511 infirmitas
2254 443 2696 533 praepedivit,
2754 443 2841 511 ad
2889 443 3041 534 ejus

490 532 949 629 praesentiam
1003 530 1396 621 praedictus
1443 553 1556 599 rex
1604 553 1965 600 occurrere
2023 532 2425 601 maturavit:
2483 533 2606 619 qui
2653 532 2870 601 donec
2923 554 3044 622 per

490 618 682 688 illam
732 619 938 700 viam,
980 641 1155 707 quae
1203 620 1287 688 ad
1341 620 1760 689 sacerdotem
1822 619 2137 701 ducebat,
2200 621 2504 703 incessit,
2544 621 2832 691 feliciter
2879 643 3041 711 pro-

492 709 774 797 peravit.
830 714 996 778 Cum
1032 732 1186 779 vero
1218 710 1287 777 iii
1329 708 1680 795 quoddam
1715 709 1996 779 trivium
2030 710 2469 799 pervenisset,
2509 710 2844 797 velletque
2874 710 3043 780 alibi

491 797 783 879 deviare,
838 821 1058 885 equus
1106 800 1257 886 ejus
1306 799 1449 869 acsi
1509 797 1866 867 metallum
1931 798 2159 877 fusile,
2216 821 2532 889 gressum
2585 821 2853 868 movere
2904 822 3040 868 nou

488 886 725 955 valuit.
769 887 1145 977 Suspicans
1195 888 1405 992 igitur
1454 910 1587 970 rex,
1641 888 1923 978 culpam
1973 889 2131 974 equi
2183 889 2405 979 magis
2438 910 2588 959 esse
2634 910 2847 975 quam
2878 911 3042 957 cau-

490 997 626 1055 sae,
682 976 976 1045 alterum
1026 976 1157 1045 sibi
1227 977 1380 1046 tecit
1434 976 1670 1046 sterni.
1727 982 1943 1059 Quem
1993 976 2162 1045 dum
2212 1000 2334 1068 per
2381 977 2614 1068 ipsum
2663 978 2792 1046 iter
2838 977 3038 1068 gradi

489 1065 949 1156 compelleret,
1025 1066 1165 1135 acsi
1230 1087 1428 1135 muro
1494 1066 1944 1157 impediente,
1999 1088 2241 1136 caesus
2290 1066 2390 1135 ire
2439 1088 2577 1134 non
2629 1067 2865 1135 valuit.
2923 1072 3038 1135 In-

490 1152 805 1244 telligens
840 1155 1052 1246 igitur
1098 1155 1272 1223 niliil
1327 1154 1716 1246 profecisse,
1765 1167 2068 1224 mutasse
2108 1154 2530 1235 vehiculum,
2570 1156 2706 1224 nisi
2742 1165 3038 1235 mutaret

487 1254 553 1311 et
598 1264 908 1323 cursum,
964 1245 1186 1334 coepit
1233 1244 1319 1312 ab
1358 1266 1534 1331 equo
1586 1244 1870 1323 discere,
1912 1244 2097 1331 quod
2149 1245 2354 1313 homo
2405 1258 2735 1334 peccaret,
2791 1256 2854 1313 et
2904 1245 3039 1313 hu-

490 1354 740 1402 manus
780 1332 1165 1403 intellectus
1213 1333 1515 1415 haberet,
1555 1334 1737 1420 quod
1797 1331 2008 1423 pecus
2071 1334 2477 1424 corrigeret:
2532 1334 3037 1419 deflectensque

487 1444 645 1490 eum
708 1422 778 1489 in
832 1423 1006 1490 viam
1072 1445 1248 1508 quae
1295 1423 1380 1490 ad
1431 1423 1855 1491 sacerdotem
1905 1423 2220 1503 ducebat,
2274 1445 2354 1490 ea
2401 1423 2624 1512 coepit
2684 1423 3038 1492 alacritate

487 1510 898 1612 discurrere,
960 1512 1101 1581 acsi
1149 1526 1425 1601 ereptus
1486 1512 1570 1581 de
1636 1512 1867 1593 fovea,
1930 1513 2159 1602 campi
2225 1511 2454 1581 niollis
2520 1512 2871 1601 planitiem
2935 1533 3039 1579 re-

487 1614 805 1688 cepisset.

575 1696 610 1779 §
672 1698 764 1763 (3.
820 1697 933 1760 Est
963 1712 1208 1777 operae
1239 1688 1559 1779 pretium,
1592 1688 1676 1757 de
1724 1688 2024 1775 quodam
2074 1689 2401 1758 cadavere
2431 1710 2571 1757 rein
2608 1688 2830 1758 vivam
2882 1711 3038 1778 pro-

484 1780 681 1850 ferre.
724 1788 889 1849 Cuiii
940 1779 1025 1849 ad
1075 1779 1415 1847 civitatem
1470 1784 1906 1847 venetensem
1957 1777 1990 1813 ¹*
2038 1778 2184 1867 ipse
2209 1778 2314 1846 vir
2343 1777 2759 1867 apostolicus
2809 1799 3036 1847 acces-

486 1872 707 1950 sisset,
760 1893 898 1937 uno
947 1869 1031 1937 de
1087 1868 1626 1954 obsequentibus
1669 1868 1816 1955 jam
1865 1889 2192 1935 converso
2240 1867 2770 1947 adolescentum,
2825 1887 3034 1953 quem

486 1982 610 2049 pro
645 1980 917 2028 morum
949 1957 1278 2044 qualitate
1328 1956 1750 2047 peculiarius
1784 1956 2134 2046 diligebat,
2177 1957 2248 2024 in
2300 1957 2447 2025 loco
2477 1955 2798 2024 defuncto
2831 1968 3036 2043 atque

487 2047 776 2137 sepulto,
832 2060 985 2137 post
1023 2067 1286 2115 annum
1316 2046 1467 2136 ejus
1514 2045 2010 2137 corpusculum
2064 2045 2418 2134 psallendo
2468 2045 2553 2113 ad
2605 2046 2884 2146 propria
2934 2068 3036 2113 re-

486 2139 790 2207 vocabat.
846 2142 1033 2205 Tunc
1070 2148 1455 2203 remorante
1502 2158 1579 2203 eo
1630 2158 1752 2225 pro
1782 2157 2014 2214 causa,
2054 2134 2417 2203 voluerunt
2448 2149 2814 2203 servientes
2840 2135 3035 2226 prius

483 2248 736 2315 corpus
773 2227 1065 2306 movere,
1118 2246 1327 2311 quam
1369 2224 1687 2293 sacerdos
1735 2235 2159 2293 occurreret:
2215 2223 2332 2292 sed
2374 2235 2559 2291 tanto
2609 2224 2910 2315 pondere
2958 2225 3035 2293 fit

484 2328 868 2405 gravatum,
908 2326 984 2382 ut
1031 2328 1229 2382 antea
1266 2313 1647 2402 potuissent
1696 2313 2058 2402 giffaiitaea
2091 2312 2399 2380 membra
2436 2334 2783 2400 prensare,
2819 2335 3030 2400 quam

485 2403 746 2494 puerile
795 2425 1047 2492 corpus
1100 2403 1407 2481 sufferre,
1463 2402 1628 2469 dum
1682 2366 1912 2469 adbuc
1961 2399 2250 2470 cadaver
2297 2401 2750 2490 insepultum,
2795 2402 3032 2471 crede-

483 2508 669 2563 retur
706 2493 855 2583 jam
905 2514 1247 2561 marmore
1296 2490 1549 2581 premi,
1622 2513 1748 2559 nec
1795 2490 1955 2577 equi
2011 2512 2325 2579 gressum
2395 2505 2708 2580 poterant
2757 2514 3033 2582 promo-

481 2606 658 2663 vere,
707 2582 849 2652 acsi
900 2581 1124 2672 pulvis
1186 2582 1336 2670 ejus
1384 2579 1469 2648 de
1516 2601 1587 2649 se
1649 2579 1925 2648 vincula
1973 2580 2072 2649 eis
2120 2594 2534 2668 generasset,
2580 2583 2796 2650 donec
2845 2583 3033 2650 Anti-

481 2685 616 2743 stes
666 2672 936 2741 rediens
984 2671 1287 2739 oratione
1360 2668 1681 2748 solveret,
1755 2691 1930 2755 quos
1995 2681 2255 2738 tacente
2316 2692 2476 2739 voce
2524 2671 2835 2750 confixit,
2893 2674 3033 2737 Hoc

481 2762 727 2829 iterum
768 2782 901 2827 non
955 2759 1187 2827 minus
1220 2770 1321 2827 est
1361 2758 1902 2848 praedicandum
1956 2758 2399 2839 miraculum,
2453 2782 2615 2833 cuin
2665 2760 2735 2827 in
2787 2758 3035 2828 Ciiicil-

482 2849 739 2918 lacensi
792 2849 1203 2917 monasterio
1253 2853 1725 2916 Gennomerus
1776 2847 2158 2916 inonachus
2223 2861 2400 2917 esset
2464 2848 2823 2917 oculorum
2882 2848 3035 2916 luce

480 2940 813 3028 privatu5‚
852 2949 915 3005 et
946 2958 1208 3007 annosa
1242 2950 1546 3026 tempora
1582 2958 1725 3004 una
1749 2948 1975 3006 essent
2004 2949 2197 3005 nocte
2229 2938 2577 3006 caecitatis
2605 2950 3026 3022 transcursa,

530 3027 674 3096 etiit
709 3026 839 3096 sibi
889 3049 928 3094 a
975 3026 1119 3094 viro
1168 3026 1602 3095 sanctissimo
1652 3025 1800 3093 fieri
1848 3025 2078 3095 crucis
2128 3026 2595 3115 signaculum.
2633 3031 2777 3108 Quo
2826 3025 3026 3108 facte,

512 3115 770 3184 uminis
820 3114 1044 3184 vitalis
1095 3115 1421 3205 splendor
1468 3114 1768 3194 intravit,
1821 3125 1886 3182 et
1932 3114 2186 3204 fugatis
2220 3115 2539 3194 tenebriS,
2577 3117 2675 3184 sol
2729 3116 3033 3206 peregri-

479 3228 614 3274 nus
676 3203 921 3272 illuxit.
978 3209 1089 3273 Est
1136 3217 1199 3273 et
1252 3204 1377 3271 hoc
1450 3203 1625 3272 inter
1694 3202 1958 3290 reliqua
2029 3203 2419 3273 venerabile
2483 3203 3018 3273 documentum:

479 3299 647 3363 Cum
701 3293 768 3360 in
832 3293 1098 3362 civitate
1147 3292 1509 3382 Andegava
1555 3292 1622 3327 ⁴*
1676 3293 1883 3360 turris
1935 3305 2167 3382 portae
2227 3294 2625 3370 cohaeren5‚
2680 3292 3028 3361 damnatis

476 3405 711 3453 carcer
770 3396 945 3451 esset
990 3383 1248 3462 effecta,
1304 3393 1777 3471 praetereunte
1827 3383 2021 3450 beato
2085 3381 2351 3462 Albino,
2407 3382 2612 3451 fiebat
2662 3381 3029 3451 insolentia

476 3472 560 3541 de
608 3470 894 3540 vocibus
953 3471 1408 3540 inclusorum.
1482 3477 1670 3539 Tunc
1738 3470 1824 3539 ad
1863 3470 2175 3559 judicem
2236 3483 2545 3561 precator
2610 3471 2894 3550 accedit,
2949 3483 3029 3540 ut

472 3583 588 3631 eos
625 3560 891 3651 pietatis
923 3566 1132 3632 caiisa
1179 3560 1263 3628 de
1295 3559 1607 3629 custodia
1643 3559 1995 3628 relaxaret.
2042 3559 2233 3642 Quod
2285 3581 2445 3627 cuni
2477 3559 2589 3626 ille
2620 3581 2784 3628 aure
2813 3559 3026 3629 surda

474 3650 801 3728 differi-et,
846 3672 1002 3718 mox
1036 3649 1335 3741 pontifex
1383 3648 1467 3717 ad
1519 3653 1731 3717 Deum
1783 3671 1854 3718 se
1904 3648 2044 3717 fida
2073 3649 2397 3739 petitione
2423 3662 2846 3730 convertens,
2885 3661 3026 3716 tam

472 3737 797 3807 familiari
845 3761 1007 3809 voce
1054 3736 1418 3840 suggessit,
1457 3748 1533 3806 ut
1579 3738 1651 3805 in
1702 3736 1874 3817 loct),
1928 3759 2066 3823 quo
2098 3737 2477 3806 orationem
2528 3750 2808 3806 sanctus
2856 3736 3027 3806 effu-

474 3828 597 3908 dit,
664 3827 882 3896 mirac
928 3826 1432 3918 magnitudinis
1479 3847 1723 3897 saxeus
1770 3826 2079 3913 quadrus
2144 3826 2452 3907 exiliens,
2519 3839 2748 3916 portae
2795 3825 3026 3895 aditus

472 3916 664 3986 fieret
702 3917 1111 3986 carceratis:
1164 3916 1328 4005 quia
1376 3926 1532 3984 ante
1571 3915 1725 4003 ejus
1784 3937 2085 4007 precem,
2137 3915 2549 3985 soliditatem
2600 3938 2798 3984 suain
2849 3914 3026 4007 lapis

475 4028 744 4076 servare
804 4029 940 4075 non
995 4006 1234 4097 potuit.
1290 4005 1465 4074 Hinc
1512 4027 1548 4073 e
1604 4004 1772 4073 ressi
1826 4006 2026 4093 quasi
2073 4005 2158 4074 de
2206 4004 2524 4094 sepulcro
2576 4005 2895 4086 viventes,
2953 4005 3024 4074 iii

468 4095 759 4163 basilica
808 4094 1029 4165 sancti
1072 4094 1501 4165 Mam-ilionis
1598 4093 1834 4163 omino
1895 4093 2136 4163 Albino
2184 4093 2442 4185 gratias
2508 4094 2896 4173 referentes,
2953 4115 3026 4164 se

472 4184 559 4252 ad
610 4183 896 4274 vestigia
954 4185 1106 4274 ejus
1167 4194 1706 4275 prostraverunt,
1775 4205 1853 4252 eo
1915 4181 2099 4271 quod
2163 4194 2519 4273 suspectos
2585 4183 2674 4252 de
2730 4183 3018 4266 funere,

473 4272 698 4341 redire
745 4272 993 4342 fecerat
1040 4272 1125 4342 ad
1177 4273 1492 4342 salutem.

531 4430 557 4458 ἡ

528 4485 583 4512 **
595 4431 800 4534 Ἶιτέἷὲἓ.
823 4484 958 4533 cnjus
981 4483 1224 4533 provincia
1241 4484 1419 4532 majona
1438 4482 1720 4532 appellatur.
