3327 4999
656 309 784 374 ⁴28
1469 323 1549 370 nn
1597 322 1655 370 s.
1707 319 2022 371 cannono
2071 320 2234 367 rara
2742 301 2981 368 MART.
3027 300 3093 364 ⁴2

558 421 627 480 et
674 408 858 490 vilia,
911 419 977 477 et
1022 428 1203 494 quae
1248 405 1349 476 eis
1396 405 1651 476 habere
1700 404 2113 496 regulariter
2158 424 2434 494 semper
2479 403 2789 484 licuerat,
2824 402 2926 490 ,ad
2973 425 3096 472 me-

563 497 761 568 dium
810 495 1140 587 proferre,
1195 494 1771 581 vehementerque
1817 492 2218 574 formidare,
2272 513 2357 561 ne
2389 492 2560 580 quid
2593 492 2783 584 apud
2816 513 2888 562 se
2917 502 3095 573 esset,

562 586 754 657 unde
799 582 1216 675 reprehendi
1266 582 1680 673 potuissent.

652 682 691 755 ἓ
740 676 823 743 S.
877 678 1047 742 Cum
1099 691 1255 741 vero
1305 683 1459 761 post
1508 682 1799 740 mortem
1847 668 2080 738 fratris
2122 668 2407 769 triginta
2429 668 2580 758 jam
2614 680 2845 739 essent
2875 667 3014 737 dies
3041 687 3099 737 e-

561 760 804 842 voluti,
858 759 1085 850 coepit
1131 758 1412 829 animus
1461 757 1771 858 Gregorii
1801 756 2338 827 misericorditer
2375 756 2439 827 ei
2472 757 2799 847 compati,
2842 757 3102 846 ejusque

564 871 729 921 cum
779 847 972 938 gravi
1023 867 1332 916 moerore
1381 845 1731 936 supplicia
1777 867 2092 936 pensare,
2136 856 2203 914 et
2236 845 2294 914 si
2327 844 2513 931 quod
2548 858 2729 914 esset
2757 843 3102 935 ereptionis

563 938 718 1028 ejus
766 934 1194 1016 remedium,
1250 934 1626 1022 inquirere.
1698 939 1887 1003 Tunc
1934 945 2211 1004 evocato
2258 932 2345 1001 ad
2397 955 2471 1002 se
2516 932 2760 1003 eodem
2811 938 2852 1002 S
2903 932 3102 1002 ecioso

564 1023 969 1094 monasterii
1018 1023 1124 1094 sui
1179 1021 1569 1113 praeposito
1601 1077 1616 1103 ‚
1674 1021 1888 1092 tristis
1936 1020 2157 1091 dixit:
2213 1043 2249 1087 «
2305 1022 2437 1090 Diu
2481 1033 2627 1100 est,
2683 1043 2824 1108 quo
2918 1019 3103 1089 frater

567 1113 684 1182 ille
729 1118 997 1190 Justus,
1050 1110 1172 1197 qui
1220 1109 1590 1180 defunctus
1637 1121 1763 1190 est,
1817 1110 1887 1178 in
1939 1110 2099 1200 igne
2145 1110 2522 1179 cruciatur.
2578 1109 2917 1178 Debemus
2960 1107 3018 1176 ei
3045 1129 3103 1176 a·

567 1199 789 1288 liquid
839 1198 1197 1268 charitatis
1246 1197 1670 1288 impendere,
1724 1209 1790 1267 et
1838 1197 1900 1266 ei
1946 1198 2367 1284 inquantum
2466 1219 2819 1278 ossumuS,
2875 1207 2947 1266 ut
2989 1196 3098 1264 eri-

566 1290 824 1380 piatur,
870 1287 1296 1376 adjutorium
1339 1297 1654 1357 nostrum
1697 1286 2243 1355 accommodare.
2292 1290 2385 1354 Va
2436 1307 2472 1353 e
2505 1285 2759 1371 itaque,
2799 1298 2868 1355 et
2894 1285 2976 1355 ab
3006 1284 3106 1352 ho-

568 1377 812 1447 dierna
875 1375 987 1444 die
1053 1374 1403 1444 continuis
1469 1375 1753 1465 triginta
1813 1373 2061 1444 diebus
2109 1374 2353 1442 offerre
2403 1395 2527 1464 pro
2574 1394 2655 1442 eo
2704 1373 3101 1444 sacrificium

569 1464 791 1544 stude,
832 1475 907 1533 ut
940 1462 1177 1532 nullus
1208 1461 1494 1531 omnino
1537 1462 2124 1552 praetermittatur
2156 1461 2328 1542 dies,
2368 1482 2507 1548 quo
2543 1483 2666 1551 pro
2695 1460 3106 1548 absolutione

569 1552 762 1622 illius
812 1550 1136 1620 salutaris
1187 1550 1409 1619 hostia
1460 1572 1596 1619 non
1630 1560 1989 1620 mactetur.
2036 1549 2168 1632 Qui
2203 1549 2519 1640 protinus
2549 1548 2891 1619 abscessit
2920 1561 3108 1637 etpa-

570 1640 735 1716 ruit.
793 1662 829 1705 »
871 1638 1196 1727 Gregorio
1246 1650 1476 1707 autem
1530 1637 1668 1707 alia
1715 1651 2025 1715 curante,
2078 1649 2286 1723 atque
2316 1636 2624 1707 evolutos
2656 1637 2809 1707 dies
2848 1636 3106 1707 minime

573 1738 1009 1806 numerante,
1048 1726 1269 1797 isdem
1303 1725 1534 1808 frater,
1573 1726 1695 1813 qui
1730 1725 2101 1796 defunctus
2139 1725 2386 1807 fuerat,
2425 1738 2624 1795 nocte
2656 1726 2962 1825 quadam
2995 1723 3109 1822 fra-

574 1816 659 1885 tri
692 1837 820 1885 suo
852 1814 1137 1904 Copioso
1170 1835 1290 1904 per
1315 1814 1544 1884 visum
1576 1837 1615 1883 a
1673 1815 1924 1904 paruit.
1958 1820 2176 1897 Quem
2210 1813 2326 1882 ille
2359 1835 2523 1883 cum
2559 1813 2867 1894 vidisset,
2904 1815 3109 1899 inqut-

575 1903 756 1984 sivit,
811 1902 1090 1972 dicens:
1146 1925 1182 1968 «
1235 1900 1413 1983 Quid
1465 1912 1567 1971 est
1644 1907 1870 1971 rater?
1901 1901 2259 1984 Quomodo
2290 1905 2447 1973 est?
2474 1925 2509 1967 »
2546 1901 2667 1970 Cui
2696 1901 2818 1971 ille
2851 1921 3109 1991 respon-

576 1991 714 2060 dit:
770 2013 807 2056 «
858 1994 1053 2060 Nunc
1102 2010 1326 2076 usque
1361 1987 1540 2058 male
1570 1989 1695 2070 fui,
1737 1990 1854 2060 sed
1902 1990 2034 2058 'am
2069 1988 2276 2058 modo
2306 1989 2482 2059 bene
2515 2011 2698 2070 sum,
2737 1990 2909 2076 quia
2939 1986 3114 2058 hodie

576 2078 1149 2149 communionem
1201 2077 1451 2168 recepi.
1510 2100 1545 2144 »
1597 2077 1792 2160 Quod
1843 2012 2024 2147 idem
2078 2077 2410 2168 Copiosus
2459 2098 2775 2178 pergens,
2827 2079 3117 2169 protinus

578 2166 910 2235 indicavit
960 2166 1032 2234 in
1084 2166 1501 2236 monasterio
1550 2165 1906 2256 fratribus.
1962 2170 2227 2234 Fratres
2276 2188 2432 2235 vero
2480 2164 2744 2235 solicite
2780 2176 3117 2256 computa-

578 2265 826 2323 verunt
872 2253 1050 2334 dice,
1109 2266 1176 2323 et
1222 2253 1457 2344 ipsum
1505 2253 1691 2322 diem
1742 2254 2155 2323 invenerunt
2201 2252 2437 2336 fuisse,
2490 2274 2629 2340 quo
2681 2276 2805 2339 pro
2837 2277 2916 2324 eo
2950 2253 3120 2324 trice-

582 2342 760 2411 sima
808 2341 1062 2411 oblatio
1111 2341 1336 2411 fueret
1381 2340 1667 2431 impleta
1712 2341 1784 2405 *ε
1838 2363 2001 2410 cum
2048 2352 2114 2411 et
2149 2342 2479 2431 Copiosus
2511 2341 2832 2424 nesciret,
2870 2342 2986 2431 qui
3016 2360 3117 2431 pro

578 2449 658 2501 eo
707 2428 952 2501 fratres
1000 2443 1282 2499 auctore
1332 2429 1656 2520 Gregorio
1704 2440 2017 2521 agerent:
2071 2441 2138 2498 et
2184 2428 2428 2501 fratres
2474 2429 2922 2519 ignorarent,
2975 2425 3118 2518 quid

580 2520 667 2588 de
715 2540 795 2588 eo
845 2523 932 2588 Co
987 2519 1178 2589 iosus
1225 2517 1531 2586 vidisset.
1616 2522 1763 2587 Uno
1812 2518 1832 2586 i
1887 2518 2026 2587 itur
2071 2518 2453 2604 eodemque
2501 2531 2809 2619 tempore
2859 2519 3023 2589 dum
3064 2539 3123 2585 a·

632 2606 852 2677 noscit
899 2607 1016 2675 ile
1065 2605 1484 2675 oblationem
1516 2659 1532 2685 ,
1585 2604 1700 2674 isti
1750 2628 1841 2675 au
1894 2605 2048 2675 iunt
2096 2607 2447 2677 somnium
2480 2661 2497 2688 ,
2569 2607 3122 2698 trigesimumque

630 2696 762 2764 iem
814 2716 894 2764 co
951 2706 1291 2773 noscunt,
1346 2692 1808 2763 concordante
1856 2692 2067 2764 simul
2117 2693 2380 2763 visione
2444 2706 2511 2764 et
2570 2695 2966 2765 sacrificio:
3033 2714 3122 2763 res

577 2794 812 2873 aperte
859 2805 896 2852 c
929 2781 1134 2861 aruit,
1188 2780 1356 2867 quia
1401 2779 1631 2861 frater,
1692 2803 1900 2868 quem
1954 2782 2086 2852 sub
2134 2782 2759 2853 animadversionis
2809 2780 3123 2853 sententia

579 2870 952 2959 Gregorius
1003 2868 1180 2939 mori
1230 2868 1657 2959 permiserat,
1712 2890 1835 2961 per
1867 2869 2241 2940 salutarem
2276 2871 2572 2941 hostiam
2607 2891 2648 2940 a
2687 2871 3028 2963 supplicio
3055 2868 3125 2937 li·

575 2958 860 3028 beratus
907 2966 1109 3026 esset.

668 3045 704 3131 §
753 3048 849 3113 9.
906 3044 1035 3113 Sed
1084 3043 1252 3130 quia
1298 3043 1481 3113 idem
1520 3044 1932 3116 venerabilis
1966 3057 2157 3136 pater
2185 3046 2773 3134 quemadmodum
2821 3045 3126 3118 fratribus

583 3132 829 3202 terrori
877 3131 1105 3214 suerit,
1159 3155 1239 3201 ex
1290 3145 1481 3223 parte
1505 3134 1670 3290 (jam
1721 3133 1949 3225 tetigi,
2006 3134 2305 3222 qualiter
2352 3136 2503 3225 ejus
2549 3135 2890 3225 exemplis
2940 3135 3126 3206 iidem

583 3220 1032 3312 profecerint,
1085 3220 1382 3290 breviter
1429 3221 1496 3290 in
1556 3221 1785 3292 icandi
1837 3223 2096 3311 putavi.
2170 3228 2402 3293 Frater
2447 3223 2733 3311 quidam
2786 3223 2863 3294 iu
2911 3223 3127 3294 eodem

582 3308 1029 3390 monasteri0,
1083 3309 1418 3379 Antonius
1458 3310 1763 3390 nomine,
1801 3311 1995 3380 beato
2027 3310 2352 3402 Gregorio
2384 3311 2669 3382 sedulus
2700 3311 3123 3383 adhaerebat:

583 3398 708 3485 qui
756 3396 928 3467 tanti
978 3397 1194 3487 patris
1228 3398 1453 3468 verbis
1485 3397 1959 3489 exemplisque
1992 3400 2483 3481 commonitus,
2530 3399 2770 3471 multis
2804 3399 3129 3489 quotidia-

585 3485 836 3641 nisgue
887 3485 1218 3575 lacrymis
1263 3485 1350 3554 ad
1401 3485 1660 3576 gaudia
1707 3487 1967 3576 patriae
2015 3487 2329 3559 coelestis
2375 3488 2771 3558 anhelabat.
2845 3495 3131 3573 Cumque

586 3583 699 3644 stu
755 3573 1098 3643 iosissime
1145 3584 1210 3643 et
1257 3595 1420 3643 cum
1470 3595 1726 3663 magno
1758 3573 2020 3644 fervore
2051 3575 2377 3646 desiderii
2408 3598 2604 3645 sacra
2633 3577 2937 3663 eloquia,
2972 3576 3129 3645 duce

588 3662 939 3752 Gregori0,
996 3674 1442 3744 scrutaretur,
1487 3682 1627 3731 non
1663 3662 1736 3731 in
1776 3663 1876 3733 eis
1906 3663 2113 3733 verba
2145 3663 2495 3745 scientiae,
2537 3664 2654 3735 sed
2690 3664 2933 3735 fletum
2965 3684 3134 3734 com-

587 3749 989 3840 punctionis
1036 3750 1449 3837 quaerebat:
1503 3762 1850 3836 quatenus
1901 3772 2021 3841 per
2070 3752 2238 3821 haec
2288 3752 2574 3822 incitata
2622 3775 2820 3822 mens
2851 3754 3003 3844 ejus
3033 3771 3135 3820 ex·

589 3837 997 3919 ardesceret,
1051 3852 1118 3908 et
1165 3838 1305 3906 ima
1351 3837 1699 3919 deserens,
1739 3838 1828 3908 ad
1858 3839 2513 3930 contemplationem
2544 3841 2860 3911 coelestis
2898 3839 3136 3932 patriae

590 3926 996 4016 pervolaret.
1052 3926 1231 3996 Huic
1280 3946 1403 4017 per
1449 3937 1860 3996 nocturnam
1911 3928 2247 3998 visionem
2296 3929 2560 3999 dictum
2610 3940 2751 3999 est:
2788 3952 2825 3997 «
2870 3934 3137 3999 Paratus

591 4024 760 4096 estc,
815 4027 882 4084 et
927 4014 1095 4101 quia
1143 4013 1478 4085 Dominus
1529 4014 1753 4095 'ussit,
1812 4015 2058 4107 migra.
2115 4038 2152 4083 »
2203 4020 2511 4105 Cumque
2560 4016 2676 4087 ille
2723 4039 2862 4087 non
2903 4017 3139 4087 habere

594 4123 668 4202 se
716 4115 1041 4193 sumptus
1088 4100 1174 4172 ad
1226 4036 1678 4193 migrandum
1724 4103 2005 4185 diceret,
2060 4127 2472 4206 responsum
2514 4106 2828 4197 protinus
2860 4103 3132 4181 audivit,

591 4189 875 4262 dicens:
931 4214 968 4258 «
1022 4191 1091 4260 Si
1139 4189 1224 4261 de
1273 4191 1573 4282 peccatis
1622 4191 1760 4263 tuis
1807 4191 2062 4283 agitur,
2116 4193 2410 4265 dimissa
2456 4207 2645 4264 sunt.
2685 4217 2721 4261 »
2757 4193 2953 4277 Quod
2984 4191 3139 4263 dum
3228 4226 3229 4267 l

595 4280 806 4350 semel
857 4278 1187 4362 audisset,
1241 4293 1308 4350 et
1356 4302 1609 4371 magno
1657 4280 1888 4350 adhuc
1940 4293 2131 4351 metu
2178 4283 2571 4374 trepidaret,
2629 4294 2823 4353 nocte
2872 4299 3140 4370 quoque

644 4406 670 4434 ¹·
701 4406 1048 4450 saluberrimus
1079 4408 1323 4450 nntmnbuz
1349 4408 1403 4449 tn
1431 4407 1711 4459 purg-torto
1736 4408 2017 4459 degentibus
2040 4409 2164 4452 ritus
2186 4410 2519 4463 suffragiorum
2539 4410 2615 4452 dte
2633 4410 2691 4451 ab
2709 4408 2841 4452 obitu
2871 4404 3119 4459 trigesimi.
