3327 4999
181 345 431 410 MART.
495 346 577 410 ³12
1085 364 1163 410 nc
1212 363 1268 410 s.
1323 361 1636 409 caesonio
1686 362 1846 408 PAPA
2526 345 2652 410 ⁴35

184 443 334 530 ejus
388 443 622 512 undae
662 464 873 532 super
918 464 1153 516 muros
1212 443 1408 512 urbis
1455 443 1846 523 influerent,
1913 453 2116 528 atque
2164 442 2237 512 in
2297 464 2376 512 ea
2425 442 2741 534 regiones

183 531 522 601 maximas
572 555 743 602 occu
800 544 1013 612 arent,
1066 544 1129 601 et
1178 531 1624 618 antiquarum
1656 530 1930 600 aedium
1978 531 2281 621 plurima
2316 533 2743 601 monimenta

189 621 585 712 dejicerent,
639 643 756 689 ecc
788 620 1100 690 esiastica
1131 642 1405 707 quoque
1448 621 1693 689 horrea
1739 620 2069 689 violenter
2120 620 2612 701 subverterent,
2669 622 2740 688 in

192 711 440 796 quibus
494 709 836 779 nonnulla
883 709 1270 779 modiorum
1322 709 1529 778 tritici
1579 709 1798 778 millia
1850 709 2131 799 periere.
2171 715 2358 778 Tunc
2394 711 2599 779 etiam
2636 709 2748 779 in-

198 798 650 868 numerabilis
681 798 1048 867 multitudo
1088 798 1511 887 serpentium
1544 820 1703 867 cum
1742 819 1992 888 magno
2023 798 2320 867 dracone
2350 799 2421 866 in
2460 797 2746 866 modum

201 888 404 956 trabis
451 887 747 967 validae,
806 909 923 977 per
969 887 1268 956 Tiberini
1319 887 1632 956 fluminis
1682 887 1951 955 alveum
2005 888 2071 954 in
2126 909 2313 956 mare
2363 887 2739 956 descendit.

198 977 315 1044 Sed
350 978 726 1047 suffocatae
773 975 1024 1046 bestiae
1064 976 1241 1044 inter
1275 976 1492 1046 salsos
1525 976 1739 1044 maris
1789 975 2248 1045 turbidissimi
2285 977 2559 1058 ssuctuS‚
2598 976 2749 1046 sine

191 1087 380 1134 mora
427 1065 503 1133 in
558 1065 754 1134 litore
800 1065 1232 1145 desederunt,
1280 1087 1543 1151 suaque
1594 1065 1957 1155 putredine
1995 1078 2209 1135 totum
2245 1069 2472 1135 ae'rem
2504 1087 2747 1134 corru-

183 1168 460 1244 perunt.
518 1159 818 1241 Sequuta
851 1166 952 1223 est
997 1177 1034 1223 e
1081 1154 1364 1243 vestigio
1411 1153 1641 1222 clades
1678 1154 2073 1243 inguinaria
2121 1176 2298 1239 quae
2357 1160 2739 1223 Romanam

183 1243 430 1312 urbem
483 1243 654 1312 adeo
705 1242 1084 1312 vehementi
1155 1242 1537 1331 pestilentia
1611 1242 1914 1322 laniavit,
1991 1255 2070 1312 ut
2133 1243 2335 1311 etiam
2400 1243 2744 1333 corporali

182 1333 336 1401 visu
385 1333 677 1423 sagittae
725 1332 1009 1401 coelitus
1060 1332 1311 1410 venire,
1358 1342 1421 1400 et
1462 1330 1777 1421 singulos
1825 1353 2135 1418 quosque
2164 1345 2518 1421 percutere
2550 1332 2739 1400 vide-

177 1435 450 1490 rentur.
506 1427 693 1502 Quae
745 1421 815 1488 in
884 1443 1117 1489 mense
1188 1421 1556 1490 undecimo
1619 1420 1948 1500 veniens,
2009 1421 2313 1511 primum
2363 1421 2676 1489 omnium
2710 1474 2730 1500 ‚

173 1510 380 1594 juxta
430 1509 631 1586 illud,
685 1510 867 1595 quod
918 1509 987 1578 in
1039 1509 1343 1578 Ezechiel
1394 1509 1725 1600 propheta
1768 1509 2039 1600 legitur,
2084 1531 2124 1578 a
2159 1509 2549 1580 sanctuario
2587 1531 2738 1578 meo

177 1599 515 1689 incipite:
570 1598 922 1699 Pelagium
984 1603 1237 1688 Papam
1289 1598 1603 1687 perculit,
1659 1612 1725 1667 et
1774 1599 1922 1668 sine
1978 1620 2172 1667 mora
2233 1598 2538 1667 extinxit.
2594 1602 2740 1679 Quo

173 1688 538 1768 defunctO,
601 1688 692 1757 ita
741 1709 810 1755 m
861 1688 1207 1773 reliquum
1268 1687 1515 1777 vulgus
1562 1688 1885 1766 desaevit,
1940 1697 2015 1756 ut
2063 1687 2432 1757 subtractis
2474 1686 2743 1757 babita-

178 1778 479 1856 toribus‚
534 1777 774 1844 domos
824 1776 893 1844 in
932 1777 1106 1844 Urbe
1147 1775 1485 1865 plurimas
1535 1798 1788 1847 vacuas
1835 1777 2119 1845 omnino
2170 1775 2544 1862 reliquerit.

271 1869 309 1952 ξ
373 1871 529 1938 19.
588 1864 715 1934 Sed
769 1865 1154 1955 pestilentia
1202 1887 1414 1955 supra
1464 1866 1745 1934 modum
1797 1866 2160 1943 saeviente,
2227 1865 2392 1951 quia
2440 1864 2743 1934 Ecclesia

189 1955 306 2022 Dei
353 1955 504 2022 sine
554 1966 811 2022 rectore
858 1976 1006 2025 esse
1046 1975 1183 2022 non
1235 1967 1516 2043 poterat,
1574 1955 2003 2044 Gregorium,
2059 1953 2216 2022 licet
2266 1954 2421 2023 totis
2480 1954 2743 2022 viribus

187 2042 622 2120 renitentem,
683 2043 937 2122 Clerus,
1007 2047 1318 2124 SenatuS,
1381 2042 1818 2132 populusque
1870 2049 2223 2112 Romanus
2272 2041 2408 2112 sibi
2454 2063 2740 2110 concor-

193 2131 372 2198 diter
399 2131 799 2200 Pontificem
848 2130 1270 2222 delegerunt.
1327 2137 1542 2213 Quem
1591 2131 1708 2199 ille
1767 2133 2033 2221 apicem
2086 2132 2255 2200 totis
2292 2130 2553 2200 viribus
2602 2130 2743 2198 evi-

199 2230 345 2287 tare
389 2221 782 2300 decernenS‚
838 2242 985 2290 sese
1033 2221 1403 2310 indignum
1452 2220 1735 2288 omnino
1807 2221 1924 2289 tali
1988 2221 2244 2289 honore
2299 2218 2739 2288 clamitabat:

201 2307 507 2378 videlicet
558 2320 895 2389 metuenS,
950 2331 1036 2378 ne
1086 2309 1333 2378 mundi
1380 2309 1639 2399 gloria,
1711 2331 1923 2395 quam
1992 2309 2186 2398 prius
2251 2309 2616 2397 abjecerat,
2681 2308 2744 2376 ei

191 2397 322 2465 sub
370 2398 829 2469 Ecclesiastici
877 2399 1102 2469 colore
1142 2398 1502 2488 regiminis
1534 2397 1767 2484 aliquo
1817 2398 2020 2467 modo
2069 2399 2438 2487 subrepere
2473 2399 2738 2487 potuis-

190 2501 312 2556 set.
353 2493 430 2557 At
463 2487 583 2557 ubi
636 2487 984 2557 decretum
1033 2487 1498 2577 generalitatis
1545 2487 1831 2557 evadere
1873 2486 2199 2575 nequivit,
2236 2508 2742 2556 consensurum

186 2598 257 2645 se
298 2577 579 2645 tandem
630 2575 1002 2663 aliquando
1052 2577 1424 2658 simulavit,
1479 2588 1543 2646 et
1592 2583 1692 2646 Im
1749 2577 1997 2647 eratori
2048 2576 2385 2656 Mauriti0‚
2424 2575 2626 2663 cujus
2659 2574 2742 2642 fi-

188 2664 357 2733 lium
420 2689 504 2735 ex
572 2664 839 2734 lavacro
898 2677 1133 2735 sancto
1199 2677 1629 2756 susceperat,
1704 2601 1989 2735 fatenter
2050 2666 2279 2734 literas
2345 2663 2737 2745 destinavit,

186 2754 523 2845 adjurans
563 2766 629 2823 et
669 2755 884 2824 multa
931 2776 1131 2844 prece
1176 2754 1577 2844 deposcenS,
1617 2776 1701 2823 ne
1747 2777 2059 2842 unquam
2109 2775 2469 2825 assensum
2522 2774 2741 2843 popu-

184 2842 268 2911 lis
319 2844 703 2933 praeberet,
743 2855 818 2912 ut
865 2865 938 2914 se
985 2844 1196 2932 hujus
1247 2844 1527 2913 honoris
1568 2842 1788 2933 gloria
1821 2844 2258 2914 sublimaret:
2317 2841 2432 2912 sed
2484 2840 2745 2931 praese·

178 2945 337 3001 ctus
369 2932 594 3012 urbiS,
651 2937 1030 3004 Germanus
1061 2932 1362 3014 nomine,
1399 2932 1550 3033 ejus
1581 2933 1916 3001 nuncium
1968 2931 2388 3022 anticipavit,
2429 2952 2742 3021 compre-

179 3021 629 3108 hensumque
675 3044 754 3090 ac
803 3021 1139 3110 disruptis
1183 3021 1514 3111 epistolis,
1553 3043 1995 3101 consensum,
2031 3043 2237 3108 quem
2289 3020 2591 3111 populus
2643 3018 2739 3086 fe-

178 3118 390 3189 cerat,
448 3111 855 3200 Imperatori
903 3109 1170 3178 direxit.
1228 3115 1302 3179 At
1349 3109 1465 3179 ille
1513 3111 1769 3200 gratias
1829 3132 2040 3199 agens
2090 3116 2222 3179 Deo
2273 3131 2394 3199 pro
2434 3108 2744 3177 amicitia

178 3198 486 3279 diaconi,
541 3221 621 3267 eo
654 3199 834 3285 quod
888 3199 1118 3268 locum
1167 3198 1518 3268 deferendi
1563 3199 1625 3267 ei
1677 3199 1980 3280 honoriS,
2025 3210 2103 3269 ut
2158 3198 2491 3286 cupierat,
2546 3219 2746 3286 repe-

177 3289 407 3369 risset,
464 3288 628 3356 data
677 3287 1172 3377 praeceptione,
1211 3289 1443 3378 ipsum
1493 3288 1801 3356 ordinari
1852 3286 2218 3378 praecepit.
2248 3288 2531 3355 Interim
2567 3285 2737 3354 dum

183 3378 264 3445 ab
326 3378 506 3447 urbe
571 3398 640 3445 re
696 3376 752 3444 ia
804 3375 1244 3467 Imperatoris
1295 3377 1824 3466 praestolaretur
1870 3398 2219 3456 assensuS,
2274 3388 2338 3445 et
2389 3376 2536 3444 lues
2583 3374 2744 3463 ipsa

183 3465 529 3555 populum
584 3432 1055 3535 ve⁸l1ementius
1113 3465 1532 3547 devastaret,
1600 3465 2014 3535 venerabilis
2080 3464 2305 3535 Levita
2370 3463 2743 3553 Gregorius

188 3556 474 3623 verbum
509 3553 596 3622 ad
635 3553 902 3644 plebem
951 3575 1235 3625 exorsus
1273 3569 1396 3633 est,
1437 3554 1699 3623 dicens:

268 3645 307 3729 ξ
375 3647 552 3713 ²⁰.
609 3650 960 3733 «Oportet,
1013 3643 1256 3713 fratres
1303 3643 1759 3725 dilectissimi,
1810 3656 1890 3712 ut
1937 3640 2211 3732 flagella
2245 3640 2360 3708 Dei
2391 3662 2567 3726 quae
2598 3661 2745 3708 me-

185 3743 375 3800 tuere
409 3743 698 3800 ventura
748 3731 1139 3812 debuimus,
1196 3732 1434 3802 saltem
1488 3732 1873 3822 praesentia
1919 3744 1985 3799 et
2031 3741 2307 3820 experta
2341 3729 2735 3798 timeamus.

187 3820 670 3891 Conversionis
719 3821 918 3891 nobis
966 3821 1228 3890 aditum
1271 3821 1466 3890 dolor
1494 3821 1777 3910 aperiat,
1810 3842 1845 3889 e
1896 3819 2122 3890 cordis
2160 3818 2373 3887 nostri
2414 3817 2747 3887 duritiam

189 3907 358 4062 {fsa'
397 3931 615 3997 quarn
651 3909 974 3999 patimur,
1014 3931 1232 3999 poena
1261 3910 1611 3980 dissolvat.
1661 3915 1743 3979 Ut
1767 3909 1951 3978 enim
1986 3914 2111 3976 Pro
2167 3907 2324 3976 heta
2354 3919 2519 3976 teste
2549 3928 2747 3997 prae-

243 3996 451 4067 ictum
481 4009 608 4078 est,
668 4001 970 4069 Pervenit
997 3998 1273 4089 qladius
1320 4022 1529 4091 usque
1578 4000 1670 4068 ad
1713 4000 2013 4068 animam
2058 3997 2086 4086 (
2133 4019 2334 4065 erem.
2389 3996 2506 4085 ιν).
2575 4000 2747 4064 Ecce

200 4089 442 4156 etenim
492 4098 744 4157 cuncta
793 4087 987 4178 plebs
1050 4089 1362 4159 coelestis
1426 4089 1568 4157 irae
1630 4109 1961 4156 mucrone
2011 4085 2438 4176 percutitur,
2504 4096 2568 4154 et
2634 4106 2741 4153 re-

207 4176 476 4260 pentina
524 4175 788 4266 singuli
837 4177 1043 4246 caede
1098 4188 1475 4246 vastantur.
1539 4182 1670 4246 Nec
1713 4175 2005 4265 languor
2036 4187 2323 4244 mortem
2360 4172 2736 4264 praevenit,

215 4262 320 4329 sed
367 4263 726 4355 languoris
777 4284 1027 4346 moraS,
1065 4278 1146 4334 ut
1179 4265 1482 4345 cernitiS,
1523 4287 1709 4334 mors
1746 4266 1896 4355 ipsa
1931 4264 2335 4355 praecurrit.
2374 4269 2752 4332 Percussus

217 4350 490 4438 <viisque
536 4363 694 4422 ante
744 4353 1031 4443 rapitur,
1085 4376 1292 4441 quam
1322 4355 1409 4424 ad
1442 4354 1743 4423 lamenta
1778 4353 2235 4442 poenitentiae
2283 4361 2746 4421 convertatur.

221 4438 479 4511 Pensate
525 4464 714 4534 ergo,
770 4442 996 4528 qualis
1042 4456 1198 4513 ante
1245 4456 1693 4535 conspectum
1742 4442 2033 4513 districti
2086 4441 2349 4532 judicis
2407 4437 2743 4531 pervenit,
