3327 4999
646 287 774 353 378
1175 305 1252 350 nr:
1298 304 1356 351 s.
1411 302 1773 353 cumanum
1819 302 2019 353 nrxsc.
2074 304 2468 353 LINDISFARN.
2710 286 2956 353 MART.
3007 288 3103 353 20

553 401 697 459 erat
744 410 974 459 annus
1020 388 1108 457 ab
1170 387 1645 458 incarnatione
1696 390 1966 459 Domini
2013 410 2299 460 nccxxix.
2361 390 2493 472 Qui
2539 389 2635 458 ita
2701 390 2951 481 integri
3007 390 3105 460 ab

554 479 747 547 omni
793 478 1231 567 corruptione
1278 499 1438 546 curn
1491 478 1955 560 vestimentis,
2025 479 2281 567 quibus
2344 478 2568 548 induti
2618 478 2937 560 fuerant,
2992 501 3108 549 re—

553 567 724 654 perti
759 579 944 647 sunt,
984 566 1186 652 quasi
1232 566 1469 635 eodem
1519 566 1655 635 die‘
1680 568 2073 657 sepulturae
2103 567 2395 637 fuissent
2429 568 2684 637 traditi.
2723 573 2902 637 Haec
2931 590 3107 655 ergo

554 655 725 736 dies,
769 665 1175 724 cunctorum
1226 656 1399 724 votis
1447 655 1914 745 praestolata,
1957 657 2368 726 advenerat:
2423 657 2808 726 sacerdotes
2858 678 3107 726 mona-

552 744 667 813 chi
703 798 718 823 ,
771 742 1321 830 clericorumque
1384 744 1578 813 chori
1637 767 1778 814 una
1826 768 1985 815 cum
2036 744 2360 815 fidelibus
2408 746 2694 814 aderant
2792 745 3096 815 labibus.

552 838 743 901 Tunc
813 854 973 901 cum
1041 832 1461 933 hymnorum
1530 832 1857 903 laudibus
1906 833 2158 903 tumuli
2205 835 2663 924 aperiuntur,
2765 855 2800 903 e
2838 834 3107 921 quibus

554 932 787 991 tantus
836 920 1206 990 ineffabilis
1254 921 1669 1012 fragrantiae
1708 922 1877 992 odor
1915 922 2191 1013 prodiit,
2225 936 2304 993 ut
2342 924 2521 992 mira
2557 923 2927 993 dulcedine
2958 945 3103 992 non

553 1008 780 1078 solum
829 1009 898 1077 in
950 1009 1241 1078 ecclesia
1286 1011 1851 1097 circumstantem
1927 1011 2304 1103 populum,
2371 1033 2606 1081 verum
2666 1024 2732 1081 et
2777 1013 2848 1080 in
2899 1011 3103 1080 atriis

552 1097 755 1168 sitam
817 1097 1109 1189 repleret
1157 1098 1450 1188 plebem.
1525 1099 1704 1168 Illati
1754 1112 1918 1169 sunt
1973 1112 2200 1169 autern
2255 1101 2325 1169 in
2372 1100 2734 1170 ecclesiam
2786 1105 2856 1169 B.
2911 1101 3100 1169 Petri

550 1187 874 1277 Apostoli,
909 1199 974 1255 et
1011 1186 1215 1278 positi
1245 1187 1314 1255 in
1351 1187 1594 1258 absida
1629 1188 1939 1278 ejusdem
1990 1189 2060 1257 in
2109 1189 2425 1259 orientali
2474 1203 2685 1277 parte,
2715 1189 2838 1258 ubi
2873 1189 3102 1279 signis

549 1286 615 1344 et
663 1275 1021 1346 miraculis
1070 1288 1459 1347 coruscant.

759 1608 999 1709 VITA
1048 1608 1128 1711 S.
1196 1607 1771 1710 CUTHBERTI
1840 1608 2151 1709 EPlSC.
2219 1608 2872 1709 LINDlSFARN.

638 1862 923 1911 AUCTORE
973 1863 1116 1911 VEN.
1171 1864 1330 1910 BEDA
1378 1864 1794 1911 PRESBYTERO.
1831 1864 2029 1911 EXTAT
2058 1864 2277 1912 TERTIO
2326 1863 2490 1911 ΤΟΜΟ
2521 1864 2773 1911 ΟΡΕΒΗΜ
2819 1864 2995 1912 EJUS.

1156 2030 1341 2107 ob'iit
1383 2066 1559 2108 anno
1603 2053 1744 2131 687.
1774 2050 2158 2108 -Natione
2196 2053 2487 2120 anglus.

634 2251 670 2336 ἓ
715 2253 793 2320 1.
846 2247 1270 2338 Principium
1322 2247 1522 2317 nobis
1569 2246 1916 2316 scribendi
1964 2247 2049 2316 de
2093 2247 2230 2315 vita
2277 2247 2456 2316 beati
2507 2246 2858 2317 Cuthberti
2894 2303 2909 2330 ,
2963 2255 3080 2319 Je-

548 2336 800 2407 remias
830 2336 1181 2426 ‘propheta
1226 2347 1599 2415 consecrat,
1655 2336 1778 2422 qui
1807 2336 2320 2405 anachoreticae
2355 2336 2789 2425 perfectionis
2820 2350 3080 2407 statum

592 2424 963 2507 lorificans,
999 2425 1140 2494 ait:
1187 2430 1449 2494 Bonum
1499 2437 1599 2493 est
1647 2425 1812 2507 vir0‚
1866 2447 2025 2492 curn
2077 2426 2440 2582 portaverit
2478 2426 2731 2517 jugum
2781 2425 2870 2494 ab
2919 2426 3087 2495 ado-

571 2515 871 2584 escentia
923 2538 1072 2584 sua.
1132 2513 1401 2583 Sedebit
1448 2513 1797 2584 solitarius
1834 2526 1898 2582 et
1931 2525 2073 2582 tace
2125 2515 2198 2583 it:
2260 2515 2425 2600 quia
2473 2515 2721 2584 levabit
2752 2536 2826 2584 se
2871 2538 3083 2606 super

545 2626 639 2673 se.
693 2604 914 2691 HuJus
967 2625 1303 2689 namque,
1356 2602 1519 2671 boni
1581 2601 1947 2671 dulcedine
1994 2624 2326 2672 accensus
2383 2604 2488 2672 vir
2546 2604 2816 2672 Domini
2868 2605 3081 2676 Cuth-

542 2693 826 2772 bertuS,
880 2693 967 2761 ab
1031 2693 1309 2760 ineunte
1374 2690 1830 2759 adolescentia
1895 2691 2068 2781 jugo
2116 2693 2560 2762 monachicae
2618 2693 3077 2764 institutionis

542 2780 796 2851 collum
842 2780 1170 2850 subdidit:
1210 2791 1275 2848 et
1318 2779 1441 2848 ubi
1488 2778 1965 2880 opportunitas
2004 2780 2204 2869 juvit,
2245 2784 2516 2870 arrepta
2552 2782 2757 2850 etiam
2794 2803 3079 2851 conver—

544 2870 806 2940 satione
854 2868 1353 2948 anachoretica,
1392 2889 1526 2936 non
1569 2889 1789 2957 pauco
1841 2881 2143 2957 tempore
2176 2868 2521 2939 solitarius
2570 2869 2829 2951 sedere,
2874 2883 3084 2958 atque

542 2957 629 3027 ob
671 2958 1073 3026 suavitatem
1115 2956 1389 3024 divinae
1426 2956 2047 3045 contemplationis,
2106 2956 2193 3025 ab
2243 2957 2570 3026 humanis
2617 2970 2843 3027 tacere
2890 2959 3076 3028 dele-

542 3045 858 3114 ctabatur
902 3044 1245 3131 alloquiis.
1303 3044 1427 3113 Sed
1478 3057 1553 3114 ut
1602 3044 1767 3113 haec
1817 3044 1888 3113 in
1941 3046 2196 3135 majore
2242 3059 2457 3116 aetate
2492 3047 2736 3136 posset,
2773 3069 3079 3134 superna

542 3134 743 3203 illum
792 3133 1011 3223 gratia
1057 3134 1141 3202 ad
1203 3134 1383 3201 viam
1432 3133 1733 3202 veritatis
1784 3134 2116 3222 paulatim
2165 3157 2203 3203 a
2254 3136 2496 3226 primis
2534 3136 2683 3225 jam
2744 3137 3083 3225 pueritiae

541 3222 943 3292 incitaverat
990 3223 1214 3290 annis,
1300 3222 1648 3308 Siquidem
1701 3244 1923 3309 usque
1983 3223 2066 3291 ad
2134 3236 2445 3293 octavum
2498 3224 2738 3294 aetatis
2785 3246 3075 3305 annum,

540 3311 661 3398 qui
717 3324 867 3400 post
916 3310 1271 3379 infantiam
1324 3312 1656 3400 pueritiae
1706 3312 1974 3401 primus
2012 3323 2134 3388 est,
2175 3312 2339 3381 solis
2390 3312 2836 3402 parvulorum
2888 3313 3077 3383 ludis

540 3413 605 3469 et
654 3399 975 3469 lasciviae
1011 3414 1304 3468 mentem
1339 3400 1503 3468 dare
1551 3412 1847 3469 noverat:
1885 3400 1978 3469 ita
2013 3413 2088 3468 ut
2118 3399 2290 3469 illud
2325 3400 2505 3470 beati
2540 3400 2880 3470 Samuelis
2909 3414 3078 3471 tunc

540 3488 625 3558 de
673 3489 823 3579 ipso
857 3502 1084 3578 posset
1114 3488 1579 3557 testimonium
1611 3488 1773 3557 dici:
1818 3513 1842 3550 «
1880 3494 2085 3557 Porro
2118 3489 2530 3559 Cuthbertus
2565 3490 2863 3560 necdum
2902 3491 3077 3561 scie-

539 3577 657 3646 bat
705 3577 1098 3658 Dominum,
1153 3599 1375 3663 neque
1422 3576 1758 3646 revelatus
1806 3577 2026 3646 fuerat
2072 3578 2135 3646 ei
2184 3599 2409 3648 sermo
2445 3579 2739 3648 Domini.
2793 3602 2830 3644 »
2880 3579 3078 3663 Quod

538 3667 610 3735 in
661 3666 1105 3756 praeconium
1158 3665 1383 3735 laudis
1431 3666 1694 3735 dictum
1745 3679 1846 3735 est
1893 3666 2228 3755 pueritiae
2265 3665 2478 3748 illius,
2531 3668 2650 3753 qui
2684 3680 2901 3737 aetate
2935 3691 3082 3738 ma-

530 3755 666 3844 jor,
722 3755 1011 3845 perfecte
1048 3754 1195 3844 jam
1247 3754 1652 3844 cogniturus
1719 3766 1864 3823 erat
1916 3755 2321 3836 Dominum,
2375 3778 2456 3825 ac
2512 3777 2901 3827 sermonem
2956 3762 3082 3827 Do-

538 3843 713 3911 mini
763 3843 1055 3912 revelata
1097 3843 1323 3913 cordis
1371 3866 1538 3913 aure
1585 3854 2058 3934 percepturus.
2113 3843 2597 3914 Oblectabatur
2642 3867 2830 3936 ergo,
2866 3857 2945 3915 ut
2976 3846 3086 3915 di-

536 3932 791 4010 ximus,
836 3932 1017 4021 jocis
1063 3944 1128 4000 et
1184 3932 1576 4023 vagitibus,
1630 3944 1696 4001 et
1739 3933 1933 4019 juxta
1979 3931 2163 4018 quod
2212 3933 2452 4002 aetatis
2501 3933 2668 4003 ordo
2729 3934 3078 4023 poscebat,

538 4020 987 4110 parvulorum
1045 4021 1541 4091 conventiculis
1589 4020 1920 4090 interesse
1965 4021 2335 4110 cupiebat,
2391 4021 2800 4094 ludentibus
2861 4022 3086 4093 collu-

536 4108 696 4178 dere
745 4109 1217 4178 desiderabat.
1247 4115 1325 4179 Et
1370 4110 1534 4196 quia
1581 4109 1787 4199 agilis
1834 4113 2104 4190 natura,
2146 4123 2351 4196 atque
2395 4124 2642 4181 acutus
2690 4123 2837 4182 erat
2883 4112 2953 4180 in
3010 4133 3086 4181 e-

535 4197 699 4278 nio,
753 4198 1327 4268 contendentibus
1376 4197 1540 4267 ludo
1611 4198 1889 4287 saepius
1937 4198 2325 4286 praevalere
2370 4213 2856 4270 consueverat:
2909 4223 2953 4270 a
3004 4222 3086 4271 eo

533 4299 611 4356 ut
674 4285 873 4356 fessis
938 4308 1465 4373 nonnumquam
1532 4286 1842 4366 caeteriS‚
1897 4286 2012 4355 ille
2061 4286 2446 4357 indefessus
2493 4288 2722 4358 adhuc
2755 4343 2771 4370 ‚
2818 4289 2878 4360 si
2924 4290 3087 4377 quis

533 4375 715 4444 ultra
764 4398 997 4446 secum
1048 4374 1245 4445 vellet
1291 4387 1586 4456 certare,
1658 4376 1859 4462 quasi
1905 4376 2118 4445 victor
2164 4376 2622 4455 laetabundus
2669 4377 3080 4466 inquireret.
