3327 4999
207 295 325 361 EX
372 292 544 359 OCT.
601 293 672 356 Μ
747 311 825 357 nr.
871 310 930 356 a.
981 307 1211 357 sAcoao
1258 305 1593 356 unumne
1638 305 1783 355 0111).
1837 303 2207 355 PnAsschr.
2525 287 2654 352 697

207 396 688 478 Bononiensis,
725 418 806 465 ex
837 393 978 464 divi
1017 395 1352 464 Dominici
1399 392 2024 472 Praedicatoribus,
2062 391 2232 462 forte
2278 390 2736 462 concionaba-

211 501 358 569 tur,
397 498 463 557 et
490 485 667 556 beati
713 485 951 555 Jacobi
982 485 1420 554 sanctitatem
1450 496 1515 553 et
1546 484 1860 575 prodigia
1890 482 2129 562 multa,
2162 503 2339 568 quae
2369 482 2452 550 ad
2498 481 2737 550 merita

205 578 407 648 illius
455 575 760 646 testanda
809 574 1112 662 quotidie
1162 578 1337 643 Deus
1382 573 1662 653 edebat,
1715 573 1971 659 quibus
2002 593 2298 659 aequum
2329 583 2472 641 erat
2518 569 2743 639 laudi-

204 668 348 737 bus
384 666 722 735 efl'erebat.
777 665 1017 734 Aderat
1062 661 1498 731 concionanti
1545 661 1993 731 Bononiensis
2039 661 2321 749 quidam
2371 660 2563 741 civis,
2615 659 2738 746 qui

207 757 441 827 filium
491 755 675 825 domi
727 754 1090 840 reliquerat
1136 751 1540 842 gravissime
1595 762 2079 842 aegrotantem.
2112 755 2179 820 Is
2208 771 2540 820 accensus
2588 748 2744 817 tali-

204 848 371 924 bus,
424 855 629 932 atque
676 845 746 912 in
795 863 1114 942 magnam
1166 863 1355 931 spem
1406 853 1736 921 arrectus,
1789 845 1998 909 Deum
2052 861 2291 931 rogare
2349 838 2611 930 coepit,
2665 849 2745 907 ut

203 936 394 1006 beati
440 934 676 1004 Jacobi
732 931 988 1001 meritis
1031 931 1372 1022 praesenti
1418 929 1848 1019 aegritudine
1901 950 2193 1018 puerum
2245 949 2450 998 suum
2493 928 2742 998 libera-

201 1037 340 1094 ret.
380 1030 622 1093 Factus
668 1032 769 1091 est
799 1020 1126 1090 continuo
1174 1020 1307 1088 voti
1353 1040 1657 1109 compoS,
1713 1030 1780 1088 et
1827 1031 2094 1110 postero
2133 1017 2245 1088 die
2293 1038 2529 1108 sospes
2575 1038 2736 1086 cum

203 1126 408 1207 patre
454 1113 773 1203 epulatus
819 1122 942 1180 est.

304 1205 341 1290 ἓ
385 1207 518 1275 Π.
574 1198 1016 1270 Bononiensis
1065 1209 1375 1268 matrona
1422 1196 1678 1288 legerat
1723 1195 1809 1266 ad
1859 1195 2041 1265 idem
2092 1194 2488 1286 sepulcrum
2536 1194 2609 1262 in
2643 1204 2746 1264 ta-

199 1292 437 1373 bella,
509 1288 875 1378 quemdam
927 1289 1344 1358 monachum
1395 1286 1994 1357 vehementissima
2043 1284 2228 1372 febre
2274 1283 2454 1354 beati
2499 1282 2741 1353 Jacobi

204 1381 481 1453 meritis
527 1400 674 1448 esse
738 1379 1127 1448 liberatum.
1182 1382 1359 1447 Haec
1407 1399 1707 1448 sororem
1758 1376 2076 1456 habebat,
2107 1375 2253 1465 jam
2298 1385 2432 1444 tres
2468 1395 2741 1442 menses

206 1470 508 1542 tertiana
547 1480 613 1537 et
646 1468 907 1560 ingenti
953 1467 1184 1539 dolore
1231 1467 1477 1557 capitis
1524 1467 1972 1536 laborantem.
2026 1464 2375 1542 Invocavit
2419 1461 2534 1530 illa
2561 1462 2742 1532 beati

203 1558 457 1631 Jacobi
535 1581 655 1648 pro
734 1579 963 1626 sorore
1026 1555 1401 1638 auxilium,
1456 1569 1523 1625 et
1570 1555 1795 1626 statim
1849 1553 2218 1624 convaluit.
2280 1552 2422 1621 Alia
2470 1573 2745 1639 quoque

210 1660 553 1728 matrona,
598 1648 1047 1716 centesimum
1085 1657 1273 1715 trans
1325 1667 1511 1715 ressa
1541 1667 1829 1724 annum,
1867 1644 2018 1713 diro
2050 1654 2115 1713 et
2148 1641 2473 1734 pudendo
2504 1642 2743 1711 morbo

208 1737 616 1809 laborabat:
670 1747 842 1806 tacto
892 1736 1081 1805 illius
1128 1757 1296 1825 sepu
1327 1756 1466 1817 cr0,
1523 1734 1808 1803 liberata
1853 1746 1976 1802 est.
2030 1737 2108 1801 In
2175 1732 2412 1802 eadem
2472 1731 2743 1801 civitate

211 1826 452 1920 puella
512 1825 741 1894 dolore
789 1825 1027 1916 gravi,
1080 1825 1197 1911 qui
1249 1836 1462 1893 totum
1514 1844 1769 1914 corpus
1817 1822 2154 1892 invaserat
2187 1876 2202 1903 ,
2246 1821 2391 1911 jam
2450 1831 2747 1907 quatuor

210 1937 492 1986 menses
542 1915 982 1985 laboraverat.
1030 1917 1273 2004 Magna
1321 1913 1577 1982 fiducia
1614 1911 2053 2003 impetrandi,
2085 1911 2233 2000 ejus
2264 1932 2464 2001 opem
2500 1909 2747 1999 implo-

213 2005 439 2086 ravit,
508 2016 574 2074 et
639 2016 1001 2073 consecuta
1049 2016 1173 2072 est.
1244 2007 1408 2072 Nam
1451 2001 1679 2071 statim
1728 2001 1986 2089 absque
2036 2001 2249 2071 ullius
2318 1997 2744 2068 adminiculo

210 2095 517 2165 surrexit
553 2116 589 2163 e
638 2092 907 2172 lectu10,
960 2107 1022 2161 et
1061 2091 1171 2162 die
1222 2103 1487 2183 postero
1533 2092 1684 2182 ejus
1734 2090 2128 2182 sepulcrum
2180 2089 2433 2159 invisit.
2488 2087 2743 2156 Paulus

209 2184 423 2254 etiam
477 2187 789 2263 BoemuS,
831 2181 1105 2251 Ordinis
1151 2181 1485 2262 Praedic.‚
1543 2181 1883 2250 Bononiae
1932 2180 2240 2260 studenS,
2278 2191 2346 2249 et
2391 2178 2407 2246 i
2464 2199 2534 2246 se
2585 2199 2742 2267 gra-

210 2273 501 2343 vissima
552 2273 734 2342 febre
784 2270 1168 2353 laborabat,
1226 2269 1453 2340 futura
1510 2270 1779 2360 judicio
1827 2269 2249 2339 medicorum
2288 2322 2303 2349 ‚
2434 2266 2739 2336 iuturna.

213 2363 531 2432 Dolorem
649 2373 944 2430 raeterea
1004 2360 1249 2452 capitis
1303 2360 1449 2451 jam
1519 2381 1757 2430 novem
1826 2359 2027 2428 annis
2076 2357 2487 2449 patiebatur.
2543 2360 2609 2425 Is
2657 2355 2743 2425 ad

209 2452 396 2523 beati
434 2453 599 2521 Jaco
651 2452 671 2520 i
729 2471 926 2540 opem
977 2448 1307 2541 confugit,
1360 2461 1424 2519 et
1470 2448 1808 2541 extemplo
1857 2452 2146 2536 utraque
2196 2445 2506 2517 molestia
2578 2445 2746 2516 libe-

210 2552 407 2612 ratus
454 2553 577 2610 est.
617 2540 1013 2610 Vincentius
1044 2540 1484 2609 Soncinensis
1533 2540 1600 2607 in
1651 2538 1890 2607 eodem
1942 2537 2355 2607 monasterio
2390 2558 2469 2606 ex
2502 2557 2738 2605 eorum

214 2651 534 2711 numero,
574 2630 690 2716 qui
728 2628 1037 2698 Conversi
1071 2627 1419 2709 dicuntur,
1451 2627 1814 2698 familiaris
1844 2626 2217 2696 admodum
2253 2626 2448 2696 beato
2480 2625 2744 2694 Jacobo

208 2720 457 2799 fuerat,
509 2730 574 2787 et
622 2718 1020 2787 morientem
1058 2719 1125 2787 in
1171 2740 1294 2789 suo
1341 2716 1918 2808 gremiofoverat.
1981 2721 2047 2785 Is
2081 2716 2249 2785 forte
2290 2716 2357 2784 in
2419 2713 2744 2806 gravissi-

208 2830 401 2877 mam
441 2807 696 2877 febrem
730 2807 1087 2889 inciderat,
1140 2806 1308 2875 adeo
1355 2818 1430 2876 ut
1478 2827 1547 2875 se
1600 2828 1733 2875 non
1789 2827 1984 2896 posse
2031 2805 2297 2875 diutius
2345 2803 2567 2874 vivere
2617 2825 2742 2893 pu-

206 2909 407 2967 taret.
460 2902 733 2966 Beatum
783 2897 1113 2966 ,Iacobum
1168 2908 1482 2987 precatus
1520 2907 1650 2977 est,
1708 2907 1785 2965 ut
1831 2894 1965 2964 sibi
1997 2893 2396 2986 adjumento
2439 2904 2638 2973 esset,
2679 2905 2743 2961 et

202 2986 550 3076 extemplo
597 2985 814 3055 affuit.
868 2985 1159 3068 Quidam
1207 3008 1287 3054 ex
1334 3007 1498 3075 agro
1546 2984 1990 3066 Bononiensi,
2044 2984 2158 3053 cui
2209 2989 2310 3051 Ma
2361 3005 2562 3053 acaro
2611 2981 2742 3051 fuit

207 3096 489 3155 nomen,
542 3088 606 3144 et
650 3076 796 3165 ipse
843 3073 1136 3165 graviter
1182 3073 1600 3157 febricitans,
1640 3074 1819 3144 beati
1865 3074 2103 3143 Jacobi
2153 3073 2312 3142 auxi
2348 3074 2487 3141 ium
2542 3073 2736 3140 invo-

207 3186 403 3240 cans,
456 3163 586 3233 ait:
647 3186 683 3230 «
715 3163 782 3232 Si
832 3185 986 3232 vera
1032 3175 1215 3243 sunt,
1269 3185 1443 3250 quae
1490 3162 1574 3231 de
1630 3176 1744 3232 tua
1806 3163 2163 3234 sanctitate
2217 3161 2730 3253 praedicantur,

203 3266 274 3324 et
332 3252 414 3321 ad
464 3274 662 3344 opem
711 3252 1060 3321 ferendam
1109 3251 1641 3342 implorantibus
1690 3265 1828 3321 tam
1863 3252 2131 3321 facilem
2171 3263 2251 3332 te,
2291 3252 2471 3322 sicut
2504 3250 2734 3331 audio,

212 3342 512 3423 exhibes,
568 3341 739 3410 mibi
786 3362 1080 3428 quoque,
1138 3361 1399 3432 precor,
1456 3340 1815 3410 subveni.»
1843 3346 1982 3410 Non
2034 3339 2222 3410 fuere
2270 3363 2428 3431 spes
2474 3363 2554 3410 ac
2587 3361 2740 3430 pre-

214 3452 323 3500 ‹es
372 3430 557 3500 illius
607 3430 858 3498 irritae:
908 3452 1067 3498 nam
1092 3429 1445 3507 *continuo
1495 3429 1701 3499 febris
1741 3450 1896 3498 eum
1944 3429 2242 3518 reliquit.
2289 3428 2549 3500 Nobilis
2597 3451 2739 3497 ma-

222 3531 409 3590 trona
458 3518 924 3600 BononiensiS‚
983 3518 1167 3609 gravi
1235 3530 1487 3588 terrore
1555 3518 1891 3609 perculsa,
1960 3519 2052 3588 ita
2120 3519 2602 3599 exhorruerat,
2664 3528 2742 3587 ut

226 3610 524 3679 membra
555 3608 786 3677 omnia
833 3619 1177 3677 contracta
1224 3621 1471 3679 essent.
1513 3608 1704 3677 Venit
1736 3608 1839 3677 illi
1873 3608 1941 3677 in
1983 3620 2279 3678 mentem
2331 3609 2575 3678 beatus
2620 3611 2740 3676 Ja-

220 3701 449 3778 ccbuS,
504 3710 569 3767 et
612 3698 760 3785 ejus
806 3718 1005 3787 opem
1060 3698 1339 3789 rogavit,
1391 3711 1457 3768 et
1510 3719 1667 3767 mox
1726 3697 2055 3788 pristinae
2111 3697 2490 3767 valetudini
2547 3696 2740 3766 resti-

223 3800 356 3858 tuta
405 3798 527 3856 est.
1510 3826 1513 3827 ν

300 3886 338 3960 ἓ
388 3881 525 3950 18.
579 3880 821 3944 Verum
877 3897 1008 3944 non
1061 3875 1398 3945 Bononiae
1446 3876 1699 3957 solum,
1742 3875 1859 3946 sed
1918 3876 2120 3945 etiam
2175 3876 2243 3944 in
2298 3875 2578 3946 remotis
2610 3879 2742 3944 Ita-

221 3966 345 4036 ‘iae
392 3964 783 4035 civitatibus
834 3964 1083 4035 claruit
1147 3965 1523 4035 miraculis.
1593 3971 1759 4035 Nam
1818 3977 1883 4035 et
1931 3964 2291 4035 Mediolani
2352 3986 2522 4034 uxor
2590 3965 2742 4055 ejus

260 4078 417 4125 uem
481 4053 789 4147 justitiae
864 4053 1111 4123 ducem
1178 4067 1456 4135 vocant,
1527 4077 1684 4124 cum
1736 4054 1882 4143 jam
1940 4067 2074 4124 tres
2128 4075 2347 4124 annos
2393 4065 2742 4124 contracta

226 4078 566 4214 inbuisset
614 4165 839 4223 crura,
893 4143 1127 4212 audita
1176 4143 1348 4213 beati
1389 4143 1626 4214 Jacobi
1679 4143 1884 4225 fama,
1936 4164 2112 4231 quae
2139 4144 2285 4232 jam
2337 4142 2628 4213 celebris
2670 4144 2739 4211 in

232 4233 559 4323 plerisque
608 4231 840 4302 Italiae
889 4231 1057 4301 locis
1104 4245 1269 4313 erat,
1327 4232 1515 4303 illius
1562 4255 1761 4323 opem
1813 4231 2226 4322 imploravit,
2278 4243 2344 4302 et
2415 4255 2569 4302 mox
2630 4254 2741 4301 sa-

234 4334 375 4390 nata
422 4334 542 4393 est.
598 4326 675 4391 Et
723 4322 791 4391 in
849 4321 1163 4402 Venetis,
1220 4322 1483 4392 Murani
1532 4322 1815 4409 quidam
1869 4321 2221 4414 presbyter
2266 4321 2337 4390 in
2387 4321 2553 4391 aede
2600 4319 2741 4389 divi

226 4410 391 4481 Petri
466 4411 786 4501 martyris
849 4410 1190 4502 depictam
1270 4433 1489 4502 nuper
1547 4410 1844 4504 effigiem
1906 4412 2231 4483 attentius
2292 4411 2733 4482 intuebatur:
