3327 4999
624 312 752 376 3⁴8
1255 319 1333 376 ΒΕ
1381 327 1437 375 s.
1494 327 1843 375 nemnem-o
1890 325 2112 375 conon.
2164 325 2363 375 masc.
2694 308 2940 374 MART.
3003 310 3091 373 16

537 409 803 480 iaciunt
852 408 1018 478 filiis
1044 408 1222 477 lucis
1256 407 1674 477 habitatores
1723 406 1956 489 Cedar,
2007 407 2077 475 id
2101 418 2224 488 est,
2261 405 2733 476 tenebrarum?
2757 412 2921 476 Nam
2955 406 3097 477 hoc

538 510 640 569 est
688 497 869 584 quod
920 498 988 565 in
1060 495 1331 566 Psalmo
1378 509 1727 587 gementes
1776 495 2036 586 singuli
2084 495 2346 564 dicunt:
2401 501 2549 565 Heu
2595 518 2721 575 me,
2761 497 2926 586 quia
2979 498 3099 564 in-

539 591 797 657 colatus
855 608 1041 655 meas
1077 588 1524 675 prolonqatus
1574 597 1697 655 est:
1743 585 2050 654 habitavi
2091 584 2242 653 cuin
2302 585 2757 653 habitantibus
2821 585 3036 655 Cedar
3064 610 3092 653 .-

540 680 834 745 multum
884 678 1109 744 incola
1155 676 1289 763 Ιίιιί
1324 676 1555 743 anima
1589 697 1760 743 mea.
1805 678 1967 744 Cum
1996 675 2122 753 his,
2162 675 2284 763 qui
2308 674 2588 742 oderunt
2610 696 2873 762 pacem,
2907 696 3108 742 eram

529 767 888 855 pacificus:
937 785 1086 832 cum
1136 765 1452 853 loquebar
1494 765 1637 832 illis
1677 764 2165 853 impuqnabant
2203 785 2308 830 me
2343 764 2562 852 gyratis
2605 761 2746 850 (Ps.
2789 761 2971 850 449).
3009 767 3100 831 Et

538 853 857 940 quamvis
891 850 1329 931 tribulentur,
1371 873 1507 921 non
1547 864 1776 921 tamen
1826 851 2319 941 permittuntur
2359 849 2677 920 tribulari
2708 850 2858 919 sine
2892 872 3100 919 men—

538 963 725 1020 sura,
778 940 849 1009 id
897 953 1032 1021 est,
1072 962 1283 1031 supra
1330 939 1425 1021 id,
1478 940 1663 1027 quod
1715 940 2055 1009 sustinere
2105 950 2414 1030 possunt.
2449 943 2615 1008 Item
2652 939 2787 1029 ipsi
2818 938 3094 1008 dicunt:

535 1032 835 1110 Domine,
892 1035 1066 1098 Deus
1123 1031 1475 1110 virtutum,
1530 1030 1775 1098 cibabis
1816 1052 1934 1097 nos
1967 1052 2149 1120 pane
2206 1031 2691 1118 lacrymarum,
2732 1038 2796 1097 ec
2837 1038 3088 1118 potu-m

540 1120 730 1188 dabis
788 1119 970 1188 nobis
1025 1120 1097 1186 in
1169 1120 1489 1208 lacrymis
1548 1119 1618 1186 in
1669 1140 1985 1187 mensura
2033 1122 2182 1203 (Ps.
2236 1116 2373 1203 79).
2444 1116 2811 1206 Oportebat
2873 1116 3097 1206 igitur

540 1221 606 1277 et
652 1207 841 1277 hunc
892 1220 1230 1287 sanctum,
1284 1207 1487 1296 cujus
1535 1206 1793 1288 anima,
1851 1206 2030 1296 regis
2080 1206 2195 1275 Dei
2227 1205 2465 1274 civitas
2512 1227 2726 1295 supra
2773 1217 3086 1274 montem

538 1296 807 1387 posita,
860 1295 980 1382 qui
1041 1294 1322 1364 lucerna
1382 1306 1526 1366 erat
1574 1317 1783 1385 super
1848 1294 2143 1384 insignis
2201 1293 2529 1363 ecclesiae
2587 1293 3092 1362 candelabrum

544 1385 958 1455 constituta:
1017 1384 1407 1474 oportebat,
1463 1384 1774 1470 inquam,
1827 1395 1892 1454 et
1940 1384 2126 1452 bunc
2175 1383 2315 1473 pati
2364 1382 2649 1453 adversa
2698 1382 2876 1451 inter
2924 1403 3093 1472 pro-

543 1496 745 1574 spera
793 1473 1148 1552 virtutum,
1201 1472 1456 1559 quibus
1504 1473 1692 1542 intus
1742 1471 2161 1562 proficiendo
2195 1471 2502 1553 ardebat,
2536 1484 2600 1540 et
2631 1471 2809 1540 inter
2858 1471 3093 1541 radios

543 1583 928 1651 signorum,
983 1560 1240 1646 quibus
1296 1560 1463 1630 soris
1509 1561 1596 1630 ad
1660 1560 1955 1652 gloriam
2004 1561 2119 1629 Dei
2179 1559 2474 1641 lucebat,
2537 1559 2715 1631 sicut
2765 1560 3087 1650 protinus

541 1650 957 1719 narrationis
1004 1648 1170 1718 ordo
1233 1660 1743 1719 monstraturus
1789 1660 1913 1719 est.
1967 1648 2322 1731 Quomodo
2371 1659 2596 1717 autem
2654 1647 2753 1716 vel
2807 1647 3090 1735 qualem

542 1762 667 1829 per
695 1738 1120 1809 occasionem
1154 1737 1528 1807 adversitas
1564 1739 1633 1806 in
1674 1760 1751 1807 eo
1784 1739 2033 1827 reperit
2067 1738 2377 1807 aditum?
2408 1736 2732 1805 Videlicet
2758 1759 2880 1827 per
2909 1758 3097 1805 mor-

542 1841 679 1897 tem
720 1826 1162 1916 Imperatoris
1210 1826 1604 1916 saepedicti:
1672 1826 1896 1907 cu‘uS‚
1963 1827 2128 1895 dum
2183 1826 2547 1902 adviveret,
2609 1825 2915 1895 amicitia
2963 1846 3092 1915 pro

542 1938 745 1986 muro
793 1916 896 1984 illi
929 1936 1077 1985 esse
1118 1927 1377 2005 poterat
1415 1927 1653 1985 contra
1701 1939 1742 1985 a
1797 1916 2152 1995 versariOS,
2200 1937 2373 2001 quos
2407 1925 2644 1983 contra
2691 1936 2853 1983 eum
2905 1925 3092 2004 post-

545 2005 830 2075 modum
881 2004 1143 2073 invidia
1191 2004 1566 2074 suscitavit.
1621 2004 1752 2087 Qui
1803 2004 2135 2073 nimirum
2185 2008 2565 2092 Imperator
2604 2003 2685 2082 si,
2722 2017 2799 2073 ut
2831 2003 2899 2070 in
2934 2024 3094 2071 cae-

543 2094 727 2175 teris,
775 2094 864 2162 ita
898 2106 964 2161 et
1009 2093 1078 2160 in
1130 2114 1340 2162 causa
1381 2115 1502 2183 per
1548 2115 1759 2179 quam
1796 2107 2085 2162 mortem
2122 2093 2434 2174 incurrit,
2475 2091 2844 2161 consilium
2897 2091 3079 2160 beati

540 2183 671 2251 viri
718 2182 1140 2261 attendisset,
1180 2180 1398 2251 multo
1444 2182 1696 2251 melius
1744 2181 2120 2272 sapientiae
2166 2181 2812 2271 appropinquasset,
2850 2193 2915 2249 et
2947 2201 3087 2248 non

541 2270 992 2361 poenituisset
1031 2291 1215 2347 eum,
1268 2270 1858 2356 quemadmodum
1901 2271 2049 2360 ipsa
2098 2270 2436 2361 sapientia
2482 2269 2671 2338 dicit:
2724 2271 2886 2348 Fili,
2942 2269 3088 2337 sine

543 2361 817 2429 consilio
864 2361 1043 2428 nihil
1083 2361 1343 2447 facias,
1397 2370 1460 2428 et
1490 2371 1639 2459 post
1686 2363 1943 2448 sactum
1990 2383 2120 2429 non
2171 2360 2530 2449 poenitebis
2574 2356 2783 2445 (Eccl.
2844 2360 3083 2439 xxxn),

547 2448 741 2531 Quod
769 2448 934 2535 quia
972 2468 1107 2517 non
1145 2446 1322 2529 fecit,
1376 2447 1619 2518 inc1dit
1665 2448 1738 2516 in
1788 2447 2079 2518 insidias
2118 2446 2432 2517 mulieris
2481 2446 2726 2530 malae,
2773 2445 3090 2515 videlicet

546 2538 719 2627 ejus
764 2538 963 2625 quus
992 2538 1216 2606 virum
1260 2538 1747 2618 Crescentium,
1792 2538 1926 2607 sibi
1965 2536 2435 2618 rebellantem,
2472 2548 2751 2625 captum
2779 2536 3086 2626 jusserat

544 2626 909 2717 capitalem
960 2625 1193 2697 subire
1253 2625 1684 2695 sententiam.
1738 2630 1816 2694 Et
1854 2627 1940 2695 ab
1989 2624 2109 2693 illa
2156 2647 2290 2693 non
2346 2646 2781 2715 praecavens,
2835 2646 3087 2711 quam-

545 2715 646 2784 vis
697 2738 735 2783 a
789 2726 1024 2785 sancto
1073 2714 1217 2784 viro
1262 2714 1540 2804 saepius
1587 2725 1763 2783 esset
1809 2714 2295 2795 commonitu5‚
2361 2715 2620 2782 veneno
2668 2712 2849 2782 intra
2894 2712 3090 2782 cubi-

542 2803 781 2873 culum
848 2803 1199 2873 dormiens
1262 2803 1554 2872 infectus
1618 2815 1743 2871 est.
1825 2803 2007 2873 Obiit
2072 2802 2301 2889 itaque
2364 2808 2618 2871 Romae
2676 2822 2860 2871 anno
2936 2814 3087 2891 post

541 2892 1043 2962 ordinationem
1095 2891 1274 2959 beati
1318 2892 1447 2959 viri
1497 2891 1715 2961 terti0.
1756 2895 1933 2960 Ierat
1962 2902 2191 2960 autem
2242 2912 2429 2960 nunc
2477 2912 2750 2978 quoque
2800 2904 3078 2961 sanetus

542 2981 723 3050 idem
775 3003 937 3050 cum
970 2980 1112 3060 illo,
1147 2992 1381 3069 utpote
1427 2980 1514 3049 ad
1563 2980 1995 3069 disponenda
2045 2981 2600 3070 pernecessarius
2641 2979 2945 3048 maxima
2973 3001 3084 3047 re-

542 3061 686 3160 gn?
696 3070 989 3160 negotia.
1028 3069 1145 3138 Cui
1179 3089 1340 3137 cum
1375 3068 1486 3138 die
1515 3070 1829 3154 sequenti
1876 3068 2232 3139 confessus
2279 3067 2521 3138 fuisset
2571 3080 2831 3158 pestem
2872 3088 3087 3154 quam

540 3170 959 3249 perceperat,
1021 3178 1227 3243 seque
1274 3158 1451 3226 mori
1498 3157 1925 3247 persentiret,
1977 3158 2050 3226 id
2097 3178 2371 3244 quoque
2419 3179 2501 3226 su
2559 3178 2829 3226 remum
2878 3156 2965 3224 ab
3006 3177 3087 3224 eo

590 3248 931 3328 ostulavit,
983 3259 1326 3333 quatenus
1371 3268 1623 3335 corpus
1671 3247 1821 3334 ejus
1885 3247 2293 3336 Aquisgrani
2342 3179 2814 3335 sepeiiendum
2867 3258 3093 3314 trans—

568 3348 766 3405 erret.
819 3341 960 3405 Hoc
1019 3356 1219 3425 agere
1280 3334 1605 3404 insistens
1651 3335 1756 3404 vir
1802 3335 2069 3414 fidelis,
2126 3333 2383 3425 regalia
2431 3355 2704 3421 quoque
2755 3355 2964 3423 penes
3016 3353 3091 3401 se

540 3425 783 3494 habuit
817 3479 832 3506 ‚
885 3437 949 3494 et
1007 3422 1323 3492 electioni
1388 3445 1524 3493 non
1575 3423 1885 3494 interfuit
1942 3424 2098 3493 novi
2150 3424 2485 3523 principis
2535 3423 2863 3504 Henrici,
2922 3434 3090 3490 tunc

542 3513 1011 3604 Bajoariorum
1062 3512 1311 3581 Ducis:
1366 3534 1572 3599 quem
1618 3513 2004 3582 secundum
2056 3511 2272 3581 seculi
2321 3511 2728 3602 dignitatem
2777 3510 3094 3600 locuple-

543 3603 917 3678 tissimum,
973 3612 1038 3670 et
1086 3601 1443 3670 literarum
1497 3601 1749 3672 studiis
1795 3623 1931 3670 non
1994 3601 2288 3671 tenuiter
2337 3600 2777 3680 instructum,
2825 3599 3095 3689 princi-

543 3713 666 3781 pes
715 3690 909 3781 regni
957 3711 1185 3780 regem
1233 3690 1366 3759 sibi
1412 3690 1790 3780 elegerunt.
1846 3696 2024 3759 Haec
2071 3689 2201 3759 fuit
2246 3689 2539 3770 occasio,
2591 3709 2801 3775 quam
2852 3688 3096 3756 adver-

543 3801 663 3848 sus
711 3778 908 3847 illum
958 3801 1196 3869 rapere
1246 3792 1616 3868 potuerunt
1665 3778 2061 3849 adversarii.
2129 3783 2207 3848 Et
2253 3777 2420 3847 haee
2485 3778 2770 3864 quidem
2833 3776 3099 3866 regalia

542 3870 847 3958 repetita,
901 3867 1034 3936 cito
1083 3868 1420 3938 reddidit:
1486 3868 1605 3938 sed
1653 3868 1819 3955 quia
1870 3868 2050 3948 novi,
2103 3879 2179 3936 ut
2231 3867 2377 3953 jam
2435 3866 2699 3935 dictum
2747 3876 2870 3946 est,
2909 3865 3097 3953 prin·

540 3956 718 4046 cipis
783 3955 1097 4026 electioni
1154 3979 1289 4027 non
1348 3957 1700 4039 interfuit,
1760 3971 2010 4026 extunc
2066 3955 2171 4023 illi
2232 3967 2596 4045 suspectus
2654 3968 2821 4022 erat.
2890 3953 3089 4022 Unde

539 4057 605 4114 et
650 4044 835 4113 idem
877 4067 989 4115 rex
1035 4047 1605 4117 obtrectatoribus
1655 4046 1876 4115 sancti
1929 4045 2215 4135 pronius
2262 4066 2501 4113 aurem
2546 4043 2938 4134 praebebat:
2970 4042 3095 4111 de-

542 4133 753 4221 nique
821 4133 1163 4225 impacato
1236 4158 1509 4225 semper
1553 4156 1713 4204 eum
1763 4134 1923 4203 odio
1971 4136 2072 4222 (a)
2122 4143 2525 4224 persecutus
2571 4143 2721 4213 est,
2784 4131 3003 4200 donec
3052 4153 3098 4200 a

597 4328 667 4384 (a)
696 4330 977 4373 Simultates
996 4333 1187 4381 quidem
1207 4333 1418 4378 extitere,
1437 4342 1532 4371 non
1551 4331 1729 4371 odium.
1762 4332 1845 4371 Vir
1863 4332 1989 4371 enim
2021 4331 2216 4371 sanetus
2243 4331 2475 4370 Henricus
2496 4330 2571 4370 hic
2590 4329 2697 4376 fuit,
2716 4330 2772 4369 de
2791 4337 2885 4377 quo
2904 4337 3102 4378 agemus

542 4394 611 4425 xv
625 4385 715 4434 jul.
737 4387 1027 4426 Susum-ones
1049 4387 1289 4425 infensum
1312 4385 1362 4424 in
1382 4385 1709 4431 Heribertum,
1737 4386 1874 4433 quasi
1902 4386 2120 4434 dignitati
2151 4394 2262 4424 suae
2297 4384 2625 4424 detrahentem
2657 4384 2706 4423 et
2734 4383 2823 4431 ipsi
2851 4382 3107 4425 adversum

542 4439 711 4490 utpote
731 4439 932 4480 aliarum
951 4439 1159 4489 portium
1182 4439 1451 4478 studiosum
1470 4439 1807 4487 Imperatorem
1827 4439 2024 4479 reddere
2046 4439 2350 4478 conabantur.
2382 4437 2496 4478 vide
2515 4437 2639 4477 intra
2658 4436 2678 4486 5
2701 4438 2765 4477 22.
