3327 4999
166 360 388 425 MART.
446 360 532 426 lo
869 376 952 425 nr
999 378 1092 426 ss.
1145 376 1430 427 conano
1475 379 1555 427 nr
1600 378 1803 429 scens
1849 379 1965 427 mr.
2485 362 2612 428 ⁴⁴5

158 469 224 525 ut
263 456 722 548 spectantium
756 455 942 527 oculi
973 457 1265 527 immani
1322 458 1670 550 voluptate
1706 459 2156 530 delectentur.
2199 464 2279 529 At
2327 470 2691 549 martyreS‚

156 546 266 614 hoc
294 547 500 616 etiam
538 546 608 615 in
660 546 807 615 loco
853 544 1384 617 difficultatibus
1433 548 1800 639 superatis,
1833 548 2180 638 hymnum
2226 547 2552 618 victoriae
2602 548 2698 617 si-

154 656 345 722 gnum
396 635 666 704 Christo
697 655 942 703 canere
986 634 1429 718 studuerunt,
1476 649 1554 706 ut
1590 637 1654 706 ei
1703 637 2029 728 precibus
2077 636 2561 706 initiarentur:
2624 647 2694 706 et

153 722 507 803 ministr05‚
559 733 638 793 ut
682 722 913 794 studio
960 745 1087 793 suo
1133 723 1422 811 obsequi
1482 725 1757 807 vellent,
1812 725 2288 795 obsecrabant.
2352 724 2486 808 Qui
2531 723 2698 792 licet

147 810 349 879 acerbi
398 810 723 898 saevique
768 822 1018 894 essent,
1072 823 1305 882 tamen
1361 834 1604 883 eorum
1652 813 1906 905 optatis
1954 813 2472 900 acquieverunt.
2527 816 2692 882 Pre-

145 900 388 969 catione
431 912 666 968 autem
729 899 1066 982 absoluta,
1123 900 1468 971 malorum
1517 902 1856 993 operariis
1904 902 2205 971 cervices
2260 901 2685 971 obtulerunt.

144 988 255 1068 Qui
309 986 568 1076 gladiis
614 986 923 1057 dexteras
989 1010 1245 1058 manus
1291 1000 1679 1072 armanteS,
1736 990 2037 1081 singulis
2084 989 2377 1069 ictibuS‚
2436 992 2696 1079 magna

143 1075 590 1164 spectantium
663 1075 1304 1160 commiseratione,
1383 1078 1609 1170 capita
1682 1092 2083 1150 sanctorum
2152 1078 2685 1159 obtruncarunt.

144 1163 439 1233 Madebat
480 1163 788 1253 subjecta
835 1175 1013 1234 terra
1062 1166 1404 1256 sanguine
1451 1167 1713 1257 passim
1765 1167 2074 1257 irrigata,
2112 1178 2179 1236 et
2226 1166 2455 1235 locum
2490 1164 2693 1235 illum

141 1251 372 1341 ingens
437 1251 824 1342 occupabat
875 1273 1145 1321 moeror
1207 1264 1273 1323 et
1319 1254 1548 1324 tristes
1602 1256 1946 1342 quaedam
2011 1256 2334 1325 tenebrae
2394 1253 2692 1323 civitatis

140 1340 369 1420 oculiS,
424 1340 684 1409 civium
723 1361 1013 1409 suorum
1046 1341 1327 1410 caedem
1377 1343 1665 1433 indigne
1713 1343 2016 1425 ferentiS,
2070 1341 2632 1413 offundebantur.

217 1431 252 1514 ἓ
297 1432 398 1497 9.
455 1434 626 1498 Rem
677 1428 878 1497 nobis
925 1441 1312 1500 memoratu
1360 1430 1646 1521 dignam
1697 1431 2093 1501 divinorum
2154 1437 2530 1519 Martyrum
2580 1450 2693 1499 ce·

139 1513 404 1587 lebritas
455 1516 790 1606 suggerit,
844 1537 1021 1603 quae
1069 1539 1302 1587 rerum
1353 1534 1705 1608 gestarum
1754 1519 2222 1589 certissimum
2261 1519 2550 1609 posteris
2584 1529 2685 1587 te-

137 1605 536 1674 stimonium
586 1605 842 1674 afferet.
897 1609 1065 1674 Nam
1115 1605 1411 1676 simulac
1446 1630 1486 1676 a
1519 1608 1737 1677 sacris
1782 1607 2290 1698 pugnatoribus
2337 1618 2686 1676 certamen

137 1704 483 1781 peractum
531 1704 658 1773 est,
693 1706 759 1762 et
802 1713 1092 1782 corpora
1140 1706 1305 1763 sunt
1349 1706 1576 1777 exuta,
1613 1696 1925 1765 Christus
1977 1695 2358 1765 maximum
2403 1693 2542 1764 illis
2574 1716 2682 1763 re-

136 1781 632 1851 munerationis
681 1781 960 1870 signum
1013 1781 1251 1850 dedit:
1323 1782 1508 1870 quod
1565 1782 1849 1870 quidem
1899 1806 2164 1866 omneS,
2218 1783 2341 1871 qui
2389 1782 2475 1852 ad
2525 1805 2689 1873 spe-

136 1869 455 1939 ctandum
489 1868 853 1948 accedunt,
879 1867 1338 1940 admirantur.
1375 1871 1976 1953 Quemadmodum
2009 1873 2197 1942 enim
2226 1878 2405 1942 Deus
2437 1871 2684 1940 incolis

138 1958 490 2038 concessit,
528 1968 608 2026 ut
659 1956 876 2026 sancti
925 1963 1254 2047 Martyres
1300 1960 1488 2049 apud
1537 1982 1653 2029 eos
1702 1973 2048 2030 certamen
2098 1960 2552 2030 absolverent:
2586 1959 2688 2028 sic

138 2044 330 2114 etiam
370 2045 615 2134 dignis
663 2065 984 2135 magnam
1025 2045 1319 2136 gloriam
1359 2047 1818 2117 confirmavit.
1862 2048 2133 2138 Duplici
2173 2049 2387 2138 igitur
2425 2058 2694 2137 specta-

138 2133 305 2215 culo,
354 2136 484 2221 qui
537 2144 929 2223 praesentes
974 2145 1193 2214 erant,
1244 2135 1427 2204 varie
1459 2148 1639 2206 sunt
1683 2137 1929 2218 affecti,
1979 2149 2123 2206 tum
2176 2135 2677 2217 misericordi&

146 2231 274 2289 tum
323 2220 814 2291 admiratione:
868 2221 1369 2304 misericordia,
1415 2224 1879 2293 calamitatem
1938 2225 2318 2293 humanam
2374 2223 2694 2292 conside-

147 2321 379 2379 rantes:
420 2309 907 2389 admiratione,
943 2310 1036 2392 id,
1072 2311 1256 2397 quod
1292 2312 1604 2383 Christus
1633 2311 2041 2381 incredibile
2090 2335 2169 2381 ac
2221 2333 2472 2383 novum
2523 2312 2686 2380 effe-

143 2410 356 2480 cerat,
424 2398 901 2487 obstupentes.
977 2399 1471 2469 Praedicabant
1535 2421 1776 2470 omnes
1839 2399 2155 2469 divinum
2220 2421 2443 2491 opus,
2496 2399 2683 2487 quod

145 2502 365 2575 sponte
399 2491 619 2557 Deum
660 2486 1241 2578 cognoscentibus
1278 2503 1719 2580 apparuerat.
1774 2494 1943 2561 Nam
1995 2487 2118 2559 ubi
2168 2493 2496 2576 Martyres
2546 2487 2681 2556 mi-

143 2574 335 2645 rabile
383 2576 668 2645 lucrum
717 2589 1221 2666 perceperunt,
1280 2577 1377 2647 ibi
1426 2578 1542 2647 Dei
1580 2578 1793 2667 jussu
1839 2578 2008 2647 clari
2059 2576 2268 2647 fontis
2319 2576 2554 2645 latices
2611 2598 2685 2645 e·

142 2677 519 2734 manarunt.
573 2664 679 2733 Ibi
729 2663 1010 2735 declivis
1057 2665 1316 2735 fluento
1364 2665 1595 2735 aditus
1645 2666 1890 2757 patuit,
1928 2666 2048 2735 ubi
2093 2666 2344 2736 sacrati
2377 2668 2510 2732 Deo
2560 2662 2689 2732 viri

140 2749 412 2839 gloriam
469 2750 925 2843 pertulerunt.
1003 2757 1217 2843 Prope
1266 2775 1535 2823 sacram
1583 2754 1828 2823 aedem
1879 2754 2258 2836 nimirum,
2313 2773 2491 2841 quae
2542 2773 2690 2823 ser-

140 2839 342 2910 vando
390 2851 794 2912 sanctarum
848 2840 1295 2928 reliquiarum
1347 2842 1636 2932 pignore
1684 2841 1899 2932 digna
1945 2842 2099 2911 fuit.

215 2936 252 3008 ἓ
294 2934 456 3002 ¹0.
509 2934 611 2997 Ita
661 2928 973 2999 Christus
1007 2930 1281 3017 ,iustum
1333 2952 1406 2999 se
1443 2929 1757 3020 judicem
1797 2932 2157 3031 praebenS,
2197 2950 2337 3011 eOS,
2373 2927 2497 3016 qui
2528 2946 2688 2996 mu-

140 3018 239 3083 tua
284 3029 348 3086 et
398 3017 512 3107 pia
561 3016 1038 3086 benevolentia
1076 3018 1431 3107 conjuncti
1475 3029 1660 3098 sunt,
1700 3040 1820 3104 qut
1858 3040 2051 3088 sacra
2085 3040 2271 3087 nunc
2302 3016 2688 3086 certamina

140 3102 419 3174 subeunt
443 3160 463 3187 ‚
504 3104 836 3176 laetantes
865 3105 1139 3195 accipit:
1175 3107 1530 3194 sacrisque
1561 3107 1838 3176 coronis
1880 3106 2259 3186 redimitos,
2299 3111 2683 3193 Martyrum

139 3186 448 3264 laudibus
494 3205 802 3263 exornat:
854 3194 1114 3264 ultores
1161 3206 1393 3264 autem
1440 3216 1520 3265 ac
1574 3194 1881 3264 vindices
1931 3195 2238 3264 inimicis
2270 3194 2418 3264 suis
2454 3192 2525 3260 in
2571 3192 2685 3261 fu·-

137 3288 354 3349 turum
407 3293 624 3371 parat.
680 3281 788 3351 Sic
838 3281 963 3361 illi,
1019 3281 1142 3370 qui
1191 3283 1512 3353 virtutem
1560 3283 1929 3373 complexi,
1985 3305 2055 3355 se
2103 3283 2288 3352 viros
2336 3280 2545 3351 fortes
2594 3304 2676 3350 ac

138 3377 435 3439 strenuos
484 3370 555 3439 in
605 3369 814 3440 rebus
851 3370 1091 3439 arduis
1123 3371 1631 3461 praestiterunt,
1685 3384 1751 3441 et
1797 3394 1960 3443 cum
2011 3370 2275 3440 Christo
2323 3367 2685 3457 conjuncti

140 3468 308 3538 sunt,
360 3479 498 3527 non
549 3458 776 3528 solum
827 3481 867 3527 a
916 3459 1397 3549 praesentibus
1446 3458 1825 3530 laudantur
1854 3514 1869 3539 ‚
1924 3460 2043 3529 sed
2095 3481 2175 3528 ex
2224 3458 2492 3528 ultimis
2540 3468 2678 3526 ter-

143 3562 360 3613 rarum
422 3546 684 3616 finibus
743 3547 1107 3617 visuntur:
1160 3559 1226 3616 et
1276 3558 1601 3633 tanquam
1656 3547 1904 3617 mundi
1953 3546 2190 3617 stellae
2221 3601 2240 3626 ,
2297 3555 2497 3616 coetu
2546 3567 2674 3615 suo

141 3650 447 3702 coronam
493 3635 898 3705 conficiunt.
953 3634 1272 3705 Certatim
1321 3636 1534 3726 igitur
1582 3636 1901 3706 homines
1950 3636 2093 3727 pii,
2145 3644 2212 3704 et
2258 3655 2499 3703 omnes
2551 3633 2681 3721 qui

137 3732 297 3790 recte
342 3721 538 3791 factis
614 3722 898 3813 dignam
957 3723 1343 3793 mercedem
1409 3724 1831 3814 propositam
1882 3746 2032 3793 esse
2101 3721 2674 3812 conspiciebant,

135 3810 657 3899 congredientes,
711 3831 1000 3901 corpora
1058 3823 1457 3882 sanctorum
1526 3811 1743 3882 sacris
1793 3812 1865 3881 in
1915 3810 2167 3882 loculis
2215 3810 2669 3892 collocarunt,

137 3894 665 3968 ubisanctorum
719 3911 1101 3989 martyrum
1152 3911 1387 3969 coetus
1433 3900 1845 3970 celebratur.
2008 3962 2011 3963 γ

175 3986 245 4078 ,ξ
310 3991 440 4058 u.
492 3993 802 4074 Aequum
851 4000 952 4057 est
1000 3988 1235 4078 igitur,
1288 3988 1555 4071 fratreS,
1612 4000 1687 4058 ut
1720 3987 2239 4058 considerantes
2286 3986 2681 4088 praesentia

143 4087 224 4169 Stq
259 4094 303 4171 a
349 4075 611 4144 Christo
684 4074 962 4175 disponi
1008 4088 1074 4145 et
1129 4076 1531 4166 gubernari,
1588 4090 1667 4147 ut
1746 4088 2076 4168 perpetuo
2139 4076 2340 4146 nobis
2389 4077 2681 4146 afferant

147 4157 506 4257 utilitatem,
542 4185 661 4233 eos
694 4185 817 4250 qut
851 4163 998 4253 lege
1037 4164 1272 4233 divina
1305 4164 1437 4255 ipsi
1477 4165 1856 4235 consecrati
1892 4177 2075 4243 sunt,
2120 4165 2379 4252 quique
2414 4185 2487 4237 se
2526 4186 2681 4233 cae-

151 4252 287 4345 teris
335 4250 736 4321 bominibus
795 4253 1324 4342 praestantiores
1374 4253 1839 4324 exhibuerunt
1886 4265 1949 4324 et
2010 4253 2258 4324 Christi
2308 4275 2680 4322 aerumnas

154 4328 391 4426 deliciis
425 4338 916 4429 praetulerunt,
954 4340 1217 4412 meritis
1251 4340 1580 4411 laudibus
1613 4342 2067 4425 celebremuS,
2107 4364 2361 4430 eosque
2403 4340 2487 4410 ad
2531 4362 2683 4409 ma-

149 4437 279 4503 Jora
307 4428 812 4511 contendenteS‚
858 4428 1261 4500 studeamus
1308 4429 1590 4499 imitari.
