3327 4999
731 344 815 408 44
1578 355 1657 401 nn
1706 355 1761 401 s.
1816 352 2051 401 conara
2099 352 2271 398 viae.
2860 332 3124 397 MART.
3175 334 3219 396 6

642 444 999 535 impertiit.
1055 441 1266 532 Major
1313 438 1642 528 deinceps
1688 461 1727 507 a
1763 437 2111 528 plerisque
2156 436 2217 506 ei
2268 434 2646 505 reverentia
2694 435 3024 525 praestita
3072 448 3209 517 est,

634 532 934 603 maxime
965 530 1149 617 quod
1183 552 1224 598 a
1264 527 1504 597 multis
1557 531 1766 596 Mater
1812 525 2303 617 appellaretur.
2361 524 2485 593 Illa
2535 546 2690 593 vero
2740 524 2917 594 scire
2963 524 3218 594 volens

635 621 805 709 quid
841 619 969 690 hoc
1002 619 1135 688 sibi
1167 617 1389 697 vellet,
1427 627 1503 684 ut
1532 614 1798 684 audivit
1827 614 2224 684 Pontificem
2258 636 2411 682 eam
2441 613 2871 684 Abbatissam
2900 634 3210 693 creasse,

636 711 810 780 mire
859 707 1103 788 doluit,
1141 728 1267 775 nec
1315 704 1507 774 aliud
1559 704 1694 775 sibi
1745 703 2158 794 persuadere
2209 702 2429 803 potuit
2460 722 2669 788 quam
2720 723 2793 771 se
2833 701 3010 770 nihil
3076 702 3222 771 dif-

636 799 815 869 ferre
864 821 905 867 a
957 796 1244 867 caeteris
1295 792 1759 871 monialibus,
1814 813 1941 861 nec
1989 792 2384 862 Abbatissae
2434 812 2692 860 munus
2744 789 3019 858 habere.
3080 792 3221 859 Sed

638 900 867 957 tamen
911 885 1189 954 tandem
1238 905 1319 952 ea
1363 878 1449 950 de
1500 904 1570 950 re
1615 881 1866 950 certior
1912 880 2112 961 facta,
2170 879 2524 948 humiliter
2583 892 2648 948 et
2695 879 3039 947 instanter
3096 901 3221 970 pe·

638 976 743 1045 tiit
776 998 817 1044 a
866 972 1216 1052 Pontifice,
1252 985 1329 1040 ut
1366 971 1454 1040 ab
1493 991 1572 1039 eo
1605 968 1834 1038 officio
1868 969 2093 1058 ipsam
2125 967 2527 1036 absolveret.
2566 966 2690 1035 Ille
2725 988 2876 1035 vero
2917 989 3224 1056 respon·

635 1064 776 1133 dit:
832 1086 867 1128 «
899 1062 1090 1145 Quod
1160 1061 1416 1129 factum
1467 1071 1604 1139 est,
1675 1056 1930 1126 factum
1994 1057 2121 1137 sit,
2189 1069 2255 1125 et
2304 1056 2560 1126 factum
2611 1056 2774 1137 erit,
2829 1068 2895 1124 et
2943 1054 3219 1126 factum

639 1151 1052 1221 remanebit.
1099 1173 1135 1215 »

727 1243 764 1327 ἓ
811 1245 953 1312 14.
1001 1245 1365 1323 Postquam
1400 1245 1630 1303 autem
1679 1256 1720 1302 a
1748 1232 2075 1303 Pontifice
2123 1232 2424 1311 recessit,
2461 1232 2684 1388 coepit
2731 1231 3114 1321 diligenter
3141 1233 3210 1302 in

636 1351 788 1399 eam
839 1349 1080 1396 curam
1129 1339 1195 1394 et
1227 1324 1709 1413 cogitationem
1746 1322 2170 1401 incumbere,
2210 1334 2285 1390 ut
2322 1321 2505 1407 quod
2542 1343 2580 1388 a
2675 1342 2753 1389 eo
2792 1321 2994 1409 jussa
3026 1335 3204 1402 erat,

636 1415 1024 1488 executioni
1073 1413 1455 1482 mandaret.
1510 1411 1638 1480 Sed
1678 1410 2067 1480 teterrimus
2117 1410 2409 1477 daemon
2460 1419 2599 1478 tam
2650 1408 3045 1498 praeclaros
3098 1433 3218 1480 co·

636 1519 843 1576 natus
877 1503 1050 1573 ferre
1101 1524 1237 1571 non
1293 1501 1667 1581 sustinens,
1714 1498 1900 1567 unde
1946 1498 2313 1589 colligebat
2360 1497 2878 1587 copiosissimos
2927 1499 3215 1569 anima-

638 1616 797 1663 rum
849 1592 1244 1683 prodituros
1277 1589 1566 1671 fructuS‚
1608 1587 2132 1658 molestissimas
2161 1598 2227 1655 et
2276 1608 2487 1676 prope
2538 1584 3011 1655 intolerabiles
3047 1600 3212 1656 tum

635 1704 760 1772 per
806 1703 902 1761 se,
960 1693 1103 1750 tum
1157 1700 1279 1769 per
1324 1676 1776 1746 administros
1806 1697 1970 1745 suos
2016 1676 2078 1743 ei
2128 1676 2641 1766 persecutiones
2690 1674 2948 1755 intulit,
3006 1676 3108 1745 ita
3141 1691 3216 1745 ut

635 1770 865 1839 omnis
914 1768 1188 1859 generis
1239 1765 1560 1835 mortales
1592 1819 1607 1845 ‚
1661 1765 1866 1833 etiarn
1930 1764 2029 1833 illi
2078 1764 2198 1849 qui
2271 1764 2462 1851 prius
2531 1763 2590 1831 ei
2657 1762 2997 1843 faverant,
3051 1786 3212 1834 eam

635 1858 794 1927 totis
841 1857 1106 1926 viribus
1152 1866 1658 1945 oppugnarent,
1716 1864 2174 1938 vocarentque
2205 1874 2355 1921 eam
2401 1851 2776 1920 veneficam
2810 1864 2875 1919 et
2922 1852 3215 1921 daemo-

638 1969 810 2015 num
858 1944 1265 2015 cultricem:
1305 1964 1521 2029 eoque
1572 1963 1714 2011 rem
1767 1942 2220 2031 perducerent
2269 1940 2637 2009 teterrimis
2691 1939 3213 2009 obtrectationi-

641 2035 774 2105 bus
822 2035 992 2115 suiS,
1047 2045 1125 2102 ut
1173 2053 1374 2101 nemo
1410 2052 1561 2101 eam
1614 2029 1897 2099 auderet
1929 2029 2229 2118 hospitio
2288 2029 2631 2119 recipere:
2692 2041 2900 2114 atque
2947 2029 3044 2097 ita
3094 2052 3212 2098 co-

641 2135 915 2214 geretur
962 2121 1104 2202 illa,
1159 2120 1393 2190 relicto
1425 2117 1636 2188 natali
1686 2117 1853 2197 solo,
1891 2117 2025 2186 alio
2066 2117 2547 2207 commigrare.
2597 2116 2724 2186 Sed
2777 2138 2913 2185 non
2965 2117 3210 2186 deerat

644 2210 938 2281 ancillae
985 2231 1151 2280 suae
1180 2209 1534 2277 Christus.
1573 2206 2093 2276 Humanissime
2140 2207 2326 2274 enim
2370 2217 2648 2295 excepta
2682 2217 2784 2274 est
2832 2228 2868 2272 a
2899 2205 3214 2275 Blaneha

644 2300 1006 2369 Comitissa
1055 2297 1488 2368 Gebennensi
1536 2317 1716 2382 quae
1763 2306 1839 2363 ut
1884 2295 2034 2384 ejus
2072 2294 2371 2363 adventu
2422 2296 2733 2383 impense
2774 2293 3206 2374 laetabatur,

639 2388 734 2456 ita
795 2386 1389 2457 exhortationibus
1436 2383 1628 2452 illius
1693 2382 1988 2451 multum
2054 2383 2335 2471 profecit
2386 2384 2451 2450 in
2523 2382 2915 2472 cognitione
2971 2383 3089 2452 Dei
3143 2396 3213 2453 et

640 2477 961 2568 propriae
999 2472 1460 2547 conscientiae
1506 2471 2043 2561 expurgatione:
2086 2492 2207 2541 nec
2239 2471 2439 2541 facile
2478 2471 2806 2561 deinceps
2838 2493 3000 2540 cuin
3052 2472 3208 2543 suis

633 2566 721 2635 ab
769 2587 851 2635 ea
898 2565 1115 2635 voluit
1161 2561 1495 2652 separari.
1553 2565 1771 2646 thue
1802 2582 1955 2629 eam
2015 2574 2243 2650 posset
2291 2561 2425 2629 sibi
2473 2561 3024 2661 conjunctiorem
3080 2561 3210 2629 ha-

635 2654 822 2735 bere,
870 2652 1185 2745 permisit
1211 2652 1274 2719 ei
1322 2663 1384 2719 et
1416 2649 1788 2720 comitibus
1820 2650 1972 2739 ejus
2019 2648 2382 2717 dimidiam
2416 2660 2624 2718 castri
2657 2648 2766 2716 sui
2815 2648 3210 2720 Balmensis

633 2756 926 2834 partem,
964 2741 1037 2809 in
1085 2761 1225 2825 quo
1274 2738 1424 2827 ipsa
1469 2739 1889 2807 morabatur.
1949 2737 2070 2806 Ubi
2124 2751 2270 2807 tum
2322 2737 2609 2807 humilis
2658 2736 2911 2806 ancilla
2952 2738 3210 2807 Christi

634 2830 942 2921 primum
977 2827 1202 2917 coepit
1246 2848 1560 2896 exercere
1596 2847 1855 2894 munus
1890 2848 2121 2905 suum,
2150 2826 2530 2915 ‘diligenter
2575 2827 2953 2895 observans
3001 2838 3068 2895 et
3121 2828 3212 2896 ab

633 2918 792 2988 aliis
824 2938 1080 2987 curans
1129 2915 1640 2988 observandum
1675 2919 1740 2983 S.
1779 2915 2012 2984 Clarae
2058 2915 2479 2984 institutum.
2518 2914 2764 2984 Mansit
2794 2928 3029 2983 autem
3078 2915 3203 2994 ibi,

632 3006 851 3076 donec
902 3005 1396 3076 monasterium
1451 3003 1884 3072 Bisontinum
1934 3003 1968 3038 ⁴²
2007 3002 2335 3072 collatum
2362 3015 2467 3071 est
2512 3003 2574 3071 ei
2624 3025 2666 3071 a
2713 3002 3065 3071 Pontifice.
3107 3006 3204 3073 Ad

632 3094 818 3182 quod
867 3093 1151 3180 quidem
1202 3091 1698 3161 monasterium
1757 3090 2138 3160 honorifice
2185 3091 2470 3160 deduxit
2517 3113 2672 3160 eam
2724 3091 3026 3159 Blancha
3080 3097 3211 3161 Co-

636 3183 904 3252 mitissa
966 3204 1127 3251 cum
1181 3193 1379 3272 nepte
1427 3202 1555 3250 sua
1618 3200 1797 3267 quae
1864 3191 2098 3269 postea
2165 3180 2402 3271 nupsit
2465 3179 2708 3249 Comiti
2783 3179 3093 3249 Palatino
3147 3195 3214 3250 et

634 3271 958 3341 Bavariae
1022 3269 1209 3339 duci.
1265 3275 1420 3338 Erat
1493 3281 1643 3338 tum
1694 3268 1790 3338 ibi
1838 3268 1943 3336 vir
2002 3267 2287 3353 quidam
2341 3267 2634 3347 nobilis,
2713 3268 2967 3336 timens
3015 3282 3085 3337 et
3135 3293 3211 3339 a-

635 3381 839 3429 mans
889 3364 1100 3428 Deum
1150 3358 1272 3445 qui
1320 3369 1716 3427 constanter
1762 3356 2175 3436 affirmabat,
2232 3378 2304 3426 se
2352 3357 2537 3426 circa
2597 3356 2896 3425 Coletam
2948 3356 3211 3428 vidisse

634 3448 1012 3517 mirificum
1072 3447 1448 3533 quemdam
1520 3444 2011 3532 splendorem,
2066 3446 2335 3531 quoties
2399 3466 2553 3514 eam
2626 3445 2926 3514 intuitus
2992 3460 3201 3517 esset.

633 3542 840 3625 Porro
888 3535 1248 3605 Comitissa
1297 3533 1598 3604 Blancha
1652 3533 1780 3602 etsi
1830 3554 2115 3623 corpore
2178 3546 2326 3602 tum
2384 3535 2664 3603 recessit
2711 3556 2751 3603 a
2801 3532 3070 3612 Coleta,
3130 3547 3209 3604 ut

631 3637 861 3694 tamen
912 3624 1299 3694 ostenderet
1329 3644 1538 3692 suum
1582 3643 1747 3710 erga
1798 3643 1949 3689 eam
2001 3620 2311 3692 studium
2362 3633 2426 3690 et
2473 3643 2805 3700 amorem,
2856 3620 3082 3691 voluit
3133 3634 3210 3692 ut

633 3726 1000 3804 postquam
1050 3734 1087 3781 e
1135 3711 1307 3781 vivis
1336 3709 1763 3789 excessisset,
1819 3709 1888 3777 in
1924 3708 2157 3795 aliquo
2207 3711 2525 3779 Coletano
2575 3709 2994 3778 monasterio
3045 3734 3207 3781 cor-

630 3825 766 3902 pus
815 3823 1023 3871 suum
1074 3800 1506 3881 humaretur3
1540 3798 1728 3885 quod
1763 3798 1969 3867 etiam
2028 3798 2285 3867 factum
2335 3811 2477 3879 est;
2549 3798 2825 3867 condita
2864 3810 2970 3867 est
3009 3801 3205 3869 enim

630 3912 700 3959 ιη
754 3890 1054 3969 sacelIO,
1112 3912 1153 3958 a
1200 3886 1673 3957 fundamentis
1742 3898 2049 3956 extructo
2095 3887 2183 3956 ab
2230 3887 2383 3976 ejus
2459 3909 2672 3976 supra
2727 3886 2912 3956 dicta
2965 3902 3199 3978 nepte,

628 3979 949 4048 Bavariae
996 3978 1301 4058 ducissa,
1343 3977 1412 4044 in
1466 3976 1883 4046 monasterio
1933 3979 1998 4045 S.
2041 3975 2273 4044 Clarae
2327 3975 2806 4045 Poliniacensi.

719 4070 756 4155 ξ
803 4072 944 4140 15.
998 4066 1224 4136 Coleta
1272 4086 1428 4134 vero
1504 4077 1655 4153 post
1727 4063 1919 4135 illius
1997 4063 2388 4135 discessum
2438 4074 2717 4134 strenue
2785 4065 3089 4154 perrexit
3136 4065 3208 4133 in

631 4155 1039 4245 Evangelica
1108 4152 1538 4223 observanda
1609 4152 1896 4243 regula,
1951 4152 2053 4222 uti
2093 4153 2240 4243 jam
2291 4154 2362 4221 in
2414 4153 2567 4243 ejus
2622 4164 2847 4221 castro
2911 4152 3206 4222 inchoa—

628 4256 837 4313 verat.
894 4249 1101 4312 Erant
1147 4254 1297 4311 tum
1329 4241 1559 4311 adhuc
1609 4262 1872 4331 paucae
1919 4261 2190 4314 sorores
2236 4263 2396 4311 cum
2428 4264 2530 4322 ea,
2585 4241 2702 4310 sed
2755 4250 3003 4330 agente
3053 4241 3206 4331 spi-

632 4333 773 4402 ritu
826 4332 986 4412 Dei,
1066 4330 1258 4400 brevi
1326 4329 1713 4420 permultae
1776 4329 2089 4411 nobiles,
2169 4329 2505 4420 perfectae
2570 4342 2636 4400 et
2709 4335 2839 4399 Deo
2914 4328 3206 4399 devotae

682 4454 705 4477 ¹
737 4451 1041 4498 coenobium.
1063 4451 1405 4492 Urbem-starum
1421 4450 1619 4497 dietum.
1638 4451 1941 4499 vesontione,
1963 4453 2264 4503 Burgunmae
2287 4452 2472 4501 oppido,
2491 4452 2660 4502 guluce
2680 4452 2922 4501 Rem-fon.
