3327 4999
773 328 858 393 82
1549 344 1629 391 m:
1678 342 1732 389 s.
1787 342 2000 390 mom
2047 341 2369 398 Acunum
2885 323 3101 390 MART.
3141 325 3170 388 7
3285 386 3286 421 ἶ

684 424 1061 517 expediret.
1117 422 1456 509 Quicquid
1509 422 1610 491 illi
1659 445 1700 491 a
1745 421 2134 492 necessaria
2180 421 2489 512 corporis
2536 422 2607 491 in
2657 443 2891 492 somno
2932 422 3176 508 ciboque
3285 438 3286 471 l

688 537 769 584 ac
818 525 987 605 potu
1037 533 1242 603 parce
1288 509 1625 602 capiendo
1675 511 2038 580 refectione
2083 510 2204 581 otii
2253 510 2634 600 superfuit,
2689 510 2760 581 id
2806 524 3006 581 totum
3058 532 3181 579 ora·
3285 600 3286 603 Ἴ

684 602 881 683 tioni,
936 600 1240 700 lectioni,
1294 599 1745 680 meditationi,
1799 599 2159 690 scriptioni
2209 600 2675 700 impendebat,
2728 601 2821 670 ita
2851 612 2923 670 ut
2953 599 3176 699 nullum
3285 636 3286 651 κ

684 690 1017 791 temporis
1066 701 1369 789 spanum
1427 690 1690 775 absque
1753 688 1982 759 fructu
2046 700 2560 759 transmitteret.
2640 694 2806 758 Cum
2868 689 3176 758 hommum

682 778 1054 867 colloquiis
1103 789 1432 848 interesse
1481 779 1895 867 cogebatur,
1949 799 2035 847 ne
2083 776 2254 847 illud
2308 777 2620 864 quidem,
2678 778 2834 848 licet
2878 777 2972 848 exi
3064 798 3178 851 um.
3284 822 3287 851 t

682 880 820 940 tem
878 891 963 937 us
1013 866 1273 953 absque
1320 866 1539 934 animi
1589 866 1899 957 profectu
1950 866 2161 936 transi
2214 866 2392 948 ebat,
2440 888 2714 958 semper
2750 867 2958 953 aliqui
3039 866 3183 955 ejus·
3285 934 3286 939 ,

686 979 800 1026 mo
856 957 877 1026 i
926 976 1051 1047 pro
1105 976 1344 1035 onem,
1396 955 1578 1042 quod
1631 955 2064 1025 audientium
2116 978 2192 1024 sa
2221 955 2324 1025 uti
2370 955 2752 1056 proficeret.
2823 955 2944 1026 Ubi
2994 966 3178 1024 autem

686 1045 940 1115 licebat
987 1067 1024 1113 a
1122 1043 1347 1113 amica
1391 1042 1680 1113 cellulae
1728 1044 1999 1114 silentio
2046 1045 2293 1126 redire,
2346 1043 2624 1114 omissis
2664 1044 3008 1124 omnibuS,
3056 1063 3178 1110 cum
3284 1076 3286 1100 1

688 1134 948 1222 quibus
996 1145 1141 1202 erat
1188 1133 1459 1202 locutus
1490 1187 1505 1215 ,
1557 1132 2098 1219 qualescumque
2144 1134 2349 1203 etiam
2400 1132 2504 1203 illi
2551 1133 2890 1214 fuissent,
2941 1153 3080 1202 mox
3115 1127 3177 1198 ad
3283 1166 3286 1207 τ

687 1244 921 1292 rerum
972 1221 1365 1291 divinarum
1415 1221 1929 1291 meditationem
1962 1243 2109 1291 sese
2140 1221 2534 1322 recipiebat,
2575 1222 2786 1309 idque
2823 1220 3040 1291 animo
3069 1232 3172 1289 tam
3284 1256 3287 1298 ÷

686 1311 902 1382 libero
949 1321 1015 1381 et
1062 1310 1147 1379 ad
1199 1310 1586 1401 rogandum
1639 1310 2008 1380 Dominum
2055 1311 2370 1401 expedito
2404 1365 2419 1393 ‚
2471 1311 2616 1380 acsi
2672 1312 2930 1381 interea
2989 1327 3177 1379 secum
3284 1350 3286 1387 2

683 1413 998 1470 versatus
1045 1399 1308 1469 fuisset.
1389 1398 1580 1481 Quod
1629 1399 1867 1486 utique
1913 1412 2321 1489 argumento
2367 1412 2553 1479 erat,
2607 1400 2893 1471 caeteris
2946 1396 3174 1486 quidem
3283 1438 3286 1477 1

687 1490 897 1560 rebus
914 1518 923 1527 ²
945 1488 1273 1558 interesse
1318 1500 1382 1557 et
1430 1487 1757 1578 occupari
1802 1509 1963 1557 eum
2013 1489 2318 1579 potuisse
2352 1543 2367 1570 ,
2422 1488 2541 1558 sed
2589 1511 2727 1558 non
2779 1489 2914 1558 nisi
2970 1493 3085 1556 Deo
3132 1493 3178 1551 et

688 1599 923 1647 rerum
973 1577 1363 1646 divinarum
1418 1576 1644 1647 studio
1692 1589 1757 1646 et
1804 1577 2379 1668 contemplatione
2425 1576 3084 1648 fuissedelectatum.
3124 1577 3177 1641 Et
3285 1634 3286 1655 ,

685 1677 789 1736 est
838 1687 1003 1737 sane
1048 1666 1180 1734 hoc
1226 1665 1298 1734 in
1348 1676 1583 1734 sancto
1630 1666 1777 1734 viro
1824 1678 2140 1735 accurate
2179 1665 2710 1746 observandum,
2747 1666 2931 1754 quod
2963 1661 3176 1752 quoties
3285 1712 3286 1741 ἶ

684 1754 792 1825 vel
840 1754 924 1823 ad
976 1752 1555 1843 disputationem,
1608 1753 1712 1823 vel
1762 1754 1848 1823 ad
1897 1754 2259 1824 lectionem
2309 1754 2450 1823 sive
2498 1754 2854 1837 studium,
2907 1753 3004 1823 vel
3048 1750 3179 1821 scri-

685 1844 988 1935 ptionem
1023 1865 1095 1912 se
1126 1841 1433 1912 conferre
1462 1841 1682 1921 vellet,
1771 1843 1916 1915 rius
1947 1843 2032 1912 ad
2067 1843 2401 1913 ferventer
2438 1842 2830 1933 rogandum
2862 1841 3174 1912 Dominum
3285 1908 3286 1911 ,

684 1953 760 2002 se
789 1931 1102 2011 contulit,
1146 1930 1354 2017 idque
1385 1953 1543 1999 cum
1579 1953 1701 2022 pro
1733 1932 1879 2001 usis
1919 1931 2267 2021 lacrymis,
2316 1931 2541 2002 sciens
2578 1932 2914 2022 scriptum
2952 1946 3178 2001 omnem

687 2020 1099 2112 sapientiam
1146 2040 1297 2090 esse
1344 2039 1384 2088 a
1433 2020 1719 2089 Domino
1768 2026 1922 2090 Deo.
2001 2020 2167 2089 Inde
2213 2019 2469 2089 facturn
2517 2033 2640 2100 est,
2694 2031 2771 2090 ut
2819 2021 2938 2091 illa
2989 2018 3174 2091 etiam,

685 2109 772 2180 de
816 2110 1074 2197 quibus
1120 2120 1319 2178 antea
1366 2108 1758 2190 dubitarat,
1813 2120 1965 2199 post
2010 2109 2354 2199 ejusmodi
2419 2130 2653 2199 preces
2720 2120 2859 2179 tam
2920 2102 3175 2177 dilucide

684 2209 1039 2299 perspecta
1090 2198 1388 2277 haberet,
1445 2197 1588 2267 acsi
1634 2220 1714 2267 ea
1761 2198 2049 2266 lectione
2093 2197 2468 2267 didicisset.
2521 2203 2598 2267 Et
2648 2199 2782 2268 huc
2823 2197 3002 2278 facit,
3074 2189 3176 2263 uod
3285 2280 3286 2287 ἵ

681 2308 831 2379 ipse
880 2287 1063 2358 socio
1109 2309 1235 2356 suo
1282 2285 1475 2355 fratri
1524 2292 1616 2356 Re
1667 2285 1901 2355 inaldo
1948 2298 2204 2355 secreto
2250 2286 2567 2378 aperuit,
2620 2299 2684 2357 et
2730 2309 2953 2375 usque
2997 2218 3075 2354 all
3126 2302 3176 2350 o-

684 2376 906 2447 bitum
958 2398 1160 2445 suum
1214 2374 1494 2444 tacitum
1546 2374 1633 2443 ha
1687 2375 1785 2443 eri
1834 2374 2068 2456 voluit,
2121 2375 2351 2466 ipsum
2393 2375 2749 2445 scientiam
2789 2392 2859 2447 et
2896 2370 3176 2445 eruditio-
3284 2386 3286 2449 ᾗ

683 2486 840 2535 nem
891 2485 1114 2545 suam,
1169 2486 1307 2533 non
1357 2474 1494 2533 tam
1529 2462 1807 2554 ingenio
1846 2475 1909 2533 et
1942 2463 2193 2546 studio,
2230 2465 2498 2534 tametsi
2532 2464 2651 2535 illa
2678 2486 2955 2554 quoque
2984 2463 3042 2532 ei
3071 2477 3175 2530 non
3285 2503 3286 2546 3

683 2554 961 2625 defuere
994 2609 1008 2635 ,
1061 2575 1269 2640 quam
1319 2551 1493 2621 susis
1540 2552 1624 2620 ad
1677 2552 2043 2622 Dominum
2095 2554 2414 2643 precibus
2473 2554 2948 2641 acquisivisse.
3023 2544 3176 2633 Quod
3285 2599 3286 2638 3

682 2644 963 2730 quidem
1016 2641 1130 2710 ille
1179 2647 1270 2711 Re
1324 2640 1600 2709 inaldus
1648 2653 1799 2732 post
1845 2642 1995 2731 ejus
2042 2642 2399 2711 decessum
2448 2645 2688 2712 crebro
2735 2643 2804 2711 in
2863 2641 3099 2715 scholis
3127 2647 3176 2703 et
3284 2693 3287 2724 ξ

682 2732 849 2801 alibi
897 2731 1147 2800 referre
1196 2752 1270 2799 so
1300 2729 1492 2811 ebat,
1547 2730 1839 2821 dignum
1888 2729 2210 2821 profecto,
2263 2729 2445 2818 quod
2495 2731 2783 2801 studiosi
2838 2732 3173 2801 imitentur.
3285 2807 3286 2816 ἵ

682 2826 848 2891 Nam
898 2820 1014 2906 qui
1070 2817 1456 2907 posthabito
1504 2819 1620 2886 Dei
1670 2819 1931 2901 timore,
1976 2819 2085 2889 sui
2121 2819 2381 2910 ingenii
2411 2819 2675 2889 viribus
2706 2823 2972 2908 suaque
3011 2814 3178 2887 indu·
3283 2879 3286 2902 ⁴

683 2909 851 2978 stria
900 2907 1239 2988 nituntur,
1293 2906 1392 2975 illi
1444 2929 1605 2976 cum
1654 2907 1724 2975 in
1776 2907 1990 2978 literis
2038 2908 2355 2977 nonnihil
2392 2908 2784 2998 proficiunt,
2832 2907 3077 2979 animis
3102 2903 3179 2971 in·

683 3007 1100 3076 tumescunt,
1157 3007 1222 3065 et
1259 2995 1848 3082 quemadmodum
1881 3020 1920 3066 a
1952 3001 2170 3066 Leone
2198 2997 2521 3066 Pontifice
2550 2996 2815 3067 dictum
2847 3010 2970 3078 est,
3007 3009 3174 3064 causa
3284 3041 3287 3062 t

681 3085 1216 3156 illuminationis
1264 3084 1338 3153 fit
1385 3085 1486 3153 eis
1533 3084 1816 3154 materia
1848 3085 2216 3164 caecitatis,
2268 3097 2333 3155 et
2364 3096 2509 3154 tum
2541 3085 2828 3175 seipsoS‚
2874 3098 3013 3156 tum
3040 3080 3174 3153 alios
3284 3153 3286 3173 4

685 3196 890 3265 saepe
938 3174 1008 3242 in
1060 3173 1396 3243 absurdos
1444 3173 1898 3264 praecipitant
1943 3195 2230 3244 errores.
2286 3173 2413 3243 Sed
2462 3173 2546 3243 de
2593 3174 2722 3244 hoc
2770 3175 2964 3245 satis.

770 3267 807 3351 ξ
854 3268 985 3334 11.
1039 3267 1152 3332 Est
1198 3274 1423 3332 autem
1476 3262 1605 3332 hoc
1642 3285 1917 3350 quoque
1954 3263 2022 3331 in
2067 3274 2302 3333 sancto
2341 3262 2486 3332 viro
2519 3264 2991 3344 memorabile,
3025 3250 3167 3347 quod

682 3374 843 3421 cum
894 3351 956 3420 ei
1001 3351 1598 3442 esset-integrum,
1655 3351 1944 3420 libenter
1991 3352 2233 3423 solitus
2281 3350 2485 3421 suerit
2530 3350 2793 3440 aliquid
2830 3353 2903 3421 in
2940 3359 3174 3422 Patrum
3281 3349 3287 3442 ς

683 3440 1176 3510 collationibus
1203 3440 1527 3521 lectitare,
1557 3463 1641 3509 ne
1671 3463 1750 3510 ex
1781 3461 2012 3509 rerum
2041 3439 2401 3512 subtilium
2433 3440 2904 3531 speculatione
2936 3440 3179 3510 affectus

679 3529 832 3620 ejus
872 3527 1189 3599 nonnihil
1241 3540 1632 3619 tepesceret,
1677 3541 2037 3618 possetque
2079 3551 2152 3599 se
2210 3550 2455 3600 rursus
2509 3528 2782 3600 facilius
2838 3530 2926 3600 ad
2981 3523 3178 3620 diviua
3284 3607 3286 3614 <

682 3617 1215 3708 contemplanda
1260 3617 1580 3708 colligere
1626 3628 1693 3687 et
1738 3618 2020 3707 erigere.
2074 3623 2151 3688 Et
2197 3619 2268 3686 in
2320 3618 2446 3687 hoc
2493 3618 2772 3704 quidem
2805 3624 2872 3688 S.
2911 3613 3181 3686 Domini·
3284 3663 3286 3708 ἢ

679 3730 841 3776 cum
907 3718 1200 3778 sectatus
1247 3717 1397 3788 est,
1450 3728 1655 3793 quem
1727 3707 1877 3795 ejus
1948 3706 2106 3777 libri
2157 3706 2443 3777 lectione
2488 3720 2754 3776 constat
2799 3717 3183 3797 magnopere

677 3793 892 3865 fuisse
923 3795 1361 3875 delectatum,
1406 3806 1470 3864 et
1502 3795 1586 3863 ad
1622 3817 1946 3886 magnam
1989 3797 2162 3865 vitae
2192 3795 2674 3887 perfectionem
2723 3794 3077 3866 incitatum
3103 3797 3184 3857 at·

675 3904 809 3969 que
858 3897 1273 3975 promotum.
1328 3884 1638 3953 Occurrit
1685 3884 2098 3972 quandoque
2144 3890 2211 3954 S.
2243 3884 2540 3954 Thomae
2573 3884 2765 3954 locus
2796 3881 3096 3954 difficilis
3125 3876 3182 3944 in
3285 3909 3286 3914 1

675 3972 852 4042 Isaia
901 3973 1255 4064 propheta,
1309 3994 1513 4059 quem
1566 3984 1714 4043 tum
1762 3973 2362 4064 interpretabatur:
2415 3995 2715 4061 cumque
2757 3974 2842 4043 ad
2873 3974 3025 4061 ejus
3054 3985 3185 4064 sei]-

677 4082 831 4133 sum
878 4072 946 4131 et
992 4073 1289 4130 mentem
1338 4074 1696 4219 penetrare
1744 4084 1880 4132 non
1938 4074 2189 4154 posset,
2246 4062 2483 4132 multis
2533 4062 2781 4134 diebus
2828 4062 2900 4135 in
2940 4060 3184 4150 ‚jeJuma

670 4161 736 4219 et
782 4150 1123 4222 orationes
1169 4150 1332 4220 incu
1386 4151 1509 4232 uit,
1545 4151 1763 4221 donec
1811 4174 1853 4221 a
1901 4152 2187 4221 Domino
2234 4152 2638 4243 aperiretur,
2673 4151 2856 4238 quod
2890 4150 3184 4219 clausum

670 4250 737 4311 et
783 4239 1097 4310 abditum
1147 4239 1527 4309 videbatur.
1585 4245 1686 4309 Ita
1733 4252 1930 4310 nocte
1975 4240 2302 4328 quadam,
2340 4263 2502 4310 cum
2554 4241 2872 4330 precibus
2912 4240 3180 4305 vacaret,

671 4328 902 4400 socius
948 4328 1098 4418 ejus
1145 4327 1569 4420 Reginaldus
1616 4328 1880 4399 audivit
1924 4329 2261 4416 quosdam
2331 4351 2496 4399 cum
2562 4328 2681 4399 illo
2731 4329 3016 4397 miscere
3060 4340 3185 4392 ser-

672 4439 934 4500 moneS‚
992 4418 1148 4489 licet
1176 4417 1527 4520 percipere
1561 4439 1696 4488 non
1745 4431 1997 4509 posset,
2048 4416 2330 4506 quinam
2383 4416 2486 4487 illi
2530 4430 2780 4499 essent,
2817 4415 2916 4484 vel
2947 4409 3182 4501 quibus
