3327 4999
161 330 380 396 MART.
437 331 516 395 12
1021 352 1102 398 nc
1150 353 1205 399 S.
1261 351 1574 400 easeomo
1624 352 1788 399 rara
2481 333 2607 399 ⁴83

156 427 448 497 volueris.
507 453 542 496 »
602 430 701 499 Ob
775 430 905 499 hoc
976 431 1492 502 solicitissimus
1554 431 1896 501 Ecclesiae
1961 427 2082 499 Dei
2145 441 2380 500 custos
2443 435 2697 521 Grego-

155 516 304 598 rius,
362 518 921 609 uniuscujusque
985 521 1421 591 consiliarios
1468 542 1808 609 arguens,
1862 529 2201 605 quantum
2256 519 2324 588 in
2395 541 2466 589 se
2523 530 2690 600 erat,

151 625 369 674 omnes
440 606 727 676 omnino
791 607 1054 677 salvare
1109 608 1413 678 certabat
1466 608 1523 678 ⁴⁸.
1583 608 1774 678 Unde
1849 607 2178 676 Venantio
2227 629 2308 675 ex
2360 610 2699 676 monacho

151 692 422 782 patritio,
465 705 621 784 post
667 695 901 782 aliqua
932 697 1267 778 scribens,
1322 698 1441 766 ait:
1489 720 1524 763 «
1571 697 1724 766 Scio
1783 695 1948 783 quia
1996 716 2153 765 cum
2210 695 2500 785 epistola
2550 718 2705 765 mea

152 781 526 870 suscipitur,
585 785 902 873 protinus
957 785 1168 853 amici
1207 784 1671 865 conveniunt,
1728 784 1978 853 literati
2040 783 2323 853 clientes
2373 797 2707 853 vocantur

151 870 318 939 etde
360 892 575 940 causa
623 872 799 941 vitae
863 873 1237 942 consilium
1300 896 1337 942 a
1381 873 1773 943 fautoribus
1825 873 2066 942 mortis
2131 873 2517 960 quaeritur.
2573 872 2705 955 Qui

154 957 297 1027 dum
336 981 469 1028 non
510 973 596 1039 te,
651 960 768 1028 sed
822 982 929 1029 res
961 974 1115 1030 tuas
1162 961 1489 1052 diligunt,
1535 961 1729 1031 nulla
1782 961 1929 1040 tibi,
1986 959 2123 1029 nisi
2163 983 2341 1048 quae
2394 960 2479 1030 ad
2536 973 2705 1030 tem-

145 1066 264 1136 pus
297 1048 643 1204 placeant,
681 1048 1088 1135 loquuntur.
1126 1050 1319 1120 Tales
1352 1051 1558 1120 etiam
1610 1050 1824 1130 fuere,
1883 1049 2246 1138 sicutipse
2293 1050 2701 1119 reminisce-

149 1135 250 1216 ris,
347 1136 568 1206 udum
608 1137 990 1207 consiliarii
1036 1139 1157 1225 qui
1204 1152 1266 1208 te
1315 1139 1401 1208 ad
1463 1140 1629 1208 tanti
1674 1138 1950 1208 facinus
2000 1138 2379 1227 perduxere
2428 1136 2687 1206 delict-i.

150 1226 215 1291 Et
254 1237 321 1292 ut
368 1225 493 1294 tibi
562 1224 825 1312 aliquid
893 1227 1230 1298 secularis
1279 1228 1579 1297 auctoris
1642 1227 1908 1313 loquar,
1960 1249 2120 1294 curn
2162 1227 2407 1297 amicis
2456 1225 2695 1296 omnia

151 1313 478 1382 tractanda
539 1326 724 1393 sunt,
780 1314 899 1389 sed
955 1316 1148 1403 prius
1197 1316 1282 1384 de
1343 1315 1535 1416 ipsis.
1592 1316 1659 1384 Si
1710 1337 1868 1384 vero
1918 1314 1986 1383 in
2038 1336 2250 1384 causa
2299 1328 2415 1384 tua
2465 1314 2692 1385 homi-

145 1421 280 1468 nem
325 1401 808 1470 consiliarium
857 1405 1159 1489 quaeris,
1198 1404 1678 1473 consiliarium
1730 1425 1861 1484 me,
1920 1425 2105 1493 rogo,
2163 1405 2468 1493 suscipe.
2526 1401 2694 1472 Nul-

145 1486 239 1557 lus
280 1489 397 1558 tibi
447 1489 724 1559 fidelior
768 1512 917 1560 esse
965 1492 1050 1560 ad
1101 1492 1472 1561 consilium
1513 1504 1755 1582 potest,
1795 1514 2006 1578 quam
2052 1490 2174 1577 qui
2223 1513 2361 1561 non
2398 1505 2536 1572 tua,
2572 1490 2693 1560 sed

146 1575 441 1668 tediligit
493 1602 558 1647 ».
617 1583 782 1647 Item
830 1579 1084 1647 Joanni
1135 1580 1929 1670 Constantinopolitanae
1977 1579 2308 1650 ecclesiae
2366 1580 2693 1670 episcopo

141 1678 274 1754 post
319 1666 713 1735 nonnulla:
768 1689 804 1732 «
836 1672 973 1755 Ego
1023 1668 1420 1738 beatissimo
1471 1669 1613 1737 viro
1662 1669 1947 1738 domino
2008 1669 2262 1737 Joanni
2323 1669 2700 1758 rescripse-

140 1774 293 1821 ram:
345 1757 464 1823 sed
519 1754 764 1838 cred0,
817 1756 981 1842 quia
1029 1757 1203 1825 mihi
1257 1756 1623 1825 familiaris
1673 1770 1895 1827 vester
1958 1756 2075 1825 ille
2115 1756 2541 1846 juvenculus
2592 1777 2699 1825 re-

138 1839 392 1933 scripsit
437 1844 565 1930 qui
599 1843 830 1913 adhuc
864 1845 949 1913 de
979 1849 1112 1914 Deo
1164 1845 1339 1913 nihil
1389 1845 1656 1924 didicit,
1711 1846 1834 1932 qui
1884 1845 2148 1914 viscera
2187 1845 2545 1915 charitatis
2577 1866 2696 1913 ne-

141 1931 272 2010 scit,
320 1932 441 2018 qui
496 1932 568 2000 in
620 1932 1032 2003 coelestibus
1095 1933 1305 2003 rebus
1353 1934 1441 2003 ab
1500 1934 1830 2005 omnibus
1877 1946 2285 2012 accusatur,
2351 1934 2474 2021 qui
2521 1933 2698 2001 insi-

139 2016 295 2088 diari
350 2020 670 2107 quotidie
716 2021 1147 2091 diversorum
1204 2022 1540 2092 mortibus
1595 2045 1716 2113 per
1767 2023 2035 2092 occulta
2111 2033 2519 2091 testamenta
2569 2042 2696 2091 nec

138 2110 327 2177 Deum
377 2109 649 2188 metuit,
705 2132 830 2178 nec
868 2110 1182 2180 homines
1220 2111 1588 2180 erubescit.
1647 2111 1809 2179 Mihi
1860 2112 2084 2191 crede,
2121 2109 2329 2179 frater
2378 2130 2694 2178 reveren-

139 2194 423 2278 dissime,
461 2198 529 2267 si
558 2198 784 2267 zelum
835 2198 1138 2268 veritatis
1173 2199 1465 2288 perfecte
1513 2199 1750 2278 habes,
1788 2199 2021 2287 ipsum
2062 2199 2258 2286 prius
2291 2197 2505 2267 debes
2538 2219 2691 2266 cor-

138 2283 381 2374 rigere:
436 2299 520 2357 ut
564 2308 646 2354 ex
689 2286 796 2356 his
843 2286 964 2372 qui
1014 2286 1208 2358 vobis
1240 2288 1450 2356 vicini
1499 2299 1704 2366 sunt,
1759 2288 1966 2355 etiam
2018 2286 2090 2354 hi
2129 2286 2246 2372 qui
2301 2285 2510 2354 vicini
2553 2306 2690 2355 non

141 2386 302 2454 sunt,
353 2373 672 2464 exemplo
722 2374 970 2444 melius
1001 2375 1481 2444 emendentur.
1539 2374 1738 2443 Illius
1793 2374 2106 2464 linguam
2158 2373 2299 2442 noli
2351 2374 2682 2464 recipere.

140 2459 244 2531 Ille
286 2461 368 2532 ad
420 2462 799 2534 consilium
833 2476 1093 2533 vestrae
1141 2463 1526 2534 sanctitatis
1574 2462 1777 2532 debet
1823 2461 2054 2553 dirigi,
2112 2483 2246 2531 non
2298 2475 2529 2532 autem
2578 2483 2690 2531 ve·-

141 2562 261 2619 stra
306 2552 640 2622 sanctitas
687 2551 774 2619 ad
822 2551 1030 2622 verba
1089 2551 1281 2622 illius
1328 2553 1611 2622 inflecti.
1672 2552 1739 2622 Si
1787 2552 1976 2621 enim
2025 2550 2225 2619 illum
2276 2552 2493 2630 audit,
2552 2549 2695 2620 scio

147 2638 294 2793 {¹¹³³
330 2661 578 2730 pacem
628 2661 791 2817 ct)1m
868 2640 1017 2711 suis
1078 2639 1413 2713 fratribus
1475 2641 1732 2711 habere
1798 2662 1938 2710 non
1989 2640 2308 2730 poterit.»
2364 2640 2696 2729 (Ecicem

185 2730 314 2815 pist
379 2741 437 2810 Ι,
493 2733 567 2797 L.
631 2738 670 2799 7
712 2783 726 2796 .

185 2817 250 2913 ,ξ
311 2822 468 2889 95.
523 2822 693 2885 Item
739 2820 989 2884 Sereno
1031 2816 1453 2886 Massilitano
1493 2818 1818 2907 episcopo
1870 2827 2021 2907 post
2064 2815 2319 2885 multa:
2375 2837 2411 2881 «
2451 2820 2697 2882 Perve—

141 2914 227 2972 mt
266 2904 348 2973 ad
386 2927 517 2974 nos
566 2904 754 2990 quod
802 2903 1080 2975 dilectio
1124 2918 1238 2974 tua
1288 2905 1580 2976 libenter
1628 2904 1851 2975 malos
1900 2904 2217 2975 homines
2266 2904 2338 2972 in
2375 2903 2698 2973 societate

142 2991 225 3059 vel
295 2994 591 3062 consilio
649 3014 776 3062 suo
829 2994 1154 3083 recipiat:
1209 2993 1380 3063 adeo
1448 3006 1526 3062 ut
1601 2994 2081 3084 presbyterum
2138 2992 2511 3079 quemdam
2571 2990 2694 3078 qui

143 3091 479 3177 postquam
533 3081 779 3170 lapsus
823 3093 927 3151 est
975 3093 1042 3151 et
1096 3081 1166 3150 in
1224 3104 1388 3152 suae
1434 3082 1667 3151 adhuc
1716 3081 1972 3151 dicitur
2019 3080 2406 3167 iniquitatis
2458 3078 2688 3170 pollu-

144 3178 299 3237 tione
333 3168 619 3249 versari,
677 3168 1090 3238 familiarem
1143 3169 1420 3253 habeat.
1478 3169 1670 3252 Quod
1722 3169 2006 3257 quidem
2058 3191 2184 3239 nos
2233 3191 2312 3238 ex
2365 3181 2499 3238 toto
2549 3189 2690 3237 non

139 3257 490 3339 credim‘uS,
545 3258 712 3344 quia
758 3258 883 3345 qui
931 3257 1136 3327 talem
1178 3258 1442 3349 recipit,
1497 3258 1755 3329 scelera
1788 3280 1920 3327 non
1955 3257 2133 3327 corri
2191 3256 2261 3337 it,
2308 3257 2425 3327 sed
2467 3278 2577 3324 ma
2630 3256 2691 3324 is

141 3342 277 3416 aliis
319 3346 486 3415 talia
540 3346 984 3436 perpetrandi
1044 3346 1316 3415 videtur
1370 3346 1536 3416 dare
1602 3346 1979 3416 licentiam.
2034 3350 2117 3414 Se
2207 3367 2290 3414 ne
2338 3345 2508 3413 forte
2557 3367 2595 3412 a
2627 3344 2689 3412 i-

140 3450 259 3517 qua
301 3434 425 3505 tibi
475 3435 927 3524 subreptione
972 3433 1078 3502 vel
1117 3433 1697 3515 dissimulatione,
1737 3447 1813 3504 ut
1860 3457 1900 3503 a
1931 3446 1995 3503 te
2033 3433 2454 3524 reciperetur
2484 3445 2691 3518 atque

141 3520 346 3591 adhuc
385 3524 762 3594 haberetur
809 3538 1073 3613 gratuS,
1129 3524 1444 3603 suaserit,
1503 3544 1638 3591 non
1681 3522 1907 3592 solum
1967 3522 2156 3592 hunc
2211 3544 2252 3591 a
2300 3534 2362 3591 te
2411 3519 2692 3610 longius

143 3610 481 3698 expellere,
540 3633 781 3680 verum
831 3611 1037 3680 etiam
1087 3633 1409 3682 excessus
1450 3610 1678 3701 ipsius
1726 3610 2134 3681 sacerdotali
2167 3623 2227 3679 te
2273 3607 2415 3678 zelo
2466 3608 2693 3679 modis

144 3699 446 3770 omnibus
495 3699 820 3769 convenit
867 3720 1195 3768 resecare.
1248 3698 1431 3769 Alios
1490 3719 1648 3769 vero
1696 3698 1819 3786 qui
1868 3699 2061 3789 pravi
2100 3719 2249 3769 esse
2297 3718 2692 3766 memoran-

146 3792 261 3865 tur,
311 3800 602 3878 paterna
649 3786 1126 3857 adhortatione
1158 3810 1198 3856 a
1247 3810 1375 3857 sua
1411 3788 1755 3944 (pravitate
1804 3808 2242 3876 compescere
2276 3797 2340 3856 et
2389 3784 2475 3854 ad
2509 3785 2697 3854 viam

150 3873 321 3944 stude
366 3876 808 3946 rectitudinis
864 3897 1206 3945 revocare.
1259 3881 1406 3958 Quo
1504 3876 1589 3957 si,
1641 3875 1823 3962 quod
1876 3875 2080 3955 absit,
2126 3875 2390 3946 salubri
2425 3872 2700 3943 monitu

152 3977 246 4061 eos
283 3963 539 4034 videris
586 3965 660 4033 in
722 3963 843 4034 illo
892 3963 1246 4054 proficere,
1299 3976 1365 4033 et
1412 3964 1540 4034 hos
1588 3985 1866 4051 quoque
1922 3962 2202 4032 curabis
2258 3986 2299 4032 a
2347 3974 2411 4033 te
2456 3960 2699 4052 procul

156 4045 441 4148 abjicere,
479 4075 570 4123 ne
617 4052 984 4143 pravitates
1019 4074 1263 4122 eorum
1309 4074 1391 4122 ex
1436 4074 1516 4123 eo
1563 4053 1750 4140 quod
1802 4052 2260 4141 recipiuntur,
2318 4050 2697 4140 displicere

160 4139 414 4235 minime
460 4140 853 4210 videantur:
886 4153 952 4210 et
998 4162 1136 4209 non
1168 4140 1394 4210 solum
1447 4142 1582 4231 ipsi
1623 4140 2047 4211 inemendati
2097 4152 2522 4219 remaneant,
2570 4137 2695 4207 sed

158 4230 334 4296 ettam
377 4248 621 4299 eorum
671 4250 822 4300 rece
873 4229 1057 4298 tione
1102 4228 1224 4298 alii
1253 4241 1813 4318 corrumpantur.
1852 4234 1929 4298 Et
1958 4228 2324 4300 considera
2369 4249 2584 4315 quam
2632 4235 2700 4295 et.

160 4305 532 4388 hominibus
574 4338 821 4388 execra
872 4316 961 4387 ile
1005 4327 1072 4387 et
1119 4317 1589 4409 periculosum
1637 4329 1796 4387 ante
1846 4317 1962 4388 Dei
2012 4319 2102 4388 sit
2147 4316 2412 4397 ocuIOS‚
2467 4315 2527 4387 si
2572 4335 2696 4405 per

205 4423 229 4455 ⁸
251 4428 288 4471 Α
302 4434 457 4483 mvn
473 4436 782 4489 consutum,
799 4434 851 4477 ot
867 4434 954 4487 qni
969 4433 1071 4479 utut
1083 4436 1237 4484 «ιοωι,
1259 4435 1514 4478 Praei-ute·
1530 4434 1754 4479 monet
1773 4434 2037 4478 abnuam.
