3327 4999
623 314 753 380 622
1376 331 1455 377 niz
1502 332 1558 377 s.
1610 329 1898 380 nancto
1944 324 2240 380 sriscoro
2604 304 2710 379 Ex
2759 313 2978 380 SEPT.
3033 315 3075 380 3

533 414 994 494 Sauromatas,
1045 423 1112 481 et
1148 408 1435 513 glaciale
1466 409 1634 479 attin
1695 423 1816 480 unt
1851 433 2059 491 mare,
2094 423 2159 480 et
2191 411 2457 483 insulas
2491 410 2803 480 habitant
2833 416 3075 482 Fortu-

531 515 751 571 natas».
806 500 1121 570 Libenter
1165 499 1378 589 igitur
1410 511 1595 569 tanto
1691 521 1824 569 ono
1860 500 2116 570 subditi
2158 501 2400 582 simus,
2432 499 2854 587 delectetque
2884 507 3072 571 tanto

531 589 785 659 servire
834 589 1144 659 Domino:
1197 588 1329 674 qui=
1370 610 1506 657 non
1558 588 1761 658 modo
1809 587 2035 658 fautor
2079 600 2145 658 et
2182 589 2455 691 adjutor
2499 603 2602 658 est
2645 610 2910 671 eorum,
2947 588 3073 676 qui

528 678 924 769 proficiunt:
978 677 1092 748 sed
1142 677 1350 746 etiam
1414 676 1714 746 remedia
1765 678 2074 767 providet
2120 676 2369 768 laps1s:
2415 677 2584 747 dum
2633 692 2696 747 et
2748 678 3074 769 Angelica

530 766 730 837 nobis
779 777 1079 856 praestat
1125 765 1455 867 suffragia
1504 787 1638 835 non
1692 765 1951 848 deesse,
1990 778 2055 835 et
2088 779 2486 837 sanctorum
2536 765 2799 836 confert
2840 780 3068 857 patro-

529 855 737 936 cinia,
789 877 963 942 quos
1003 876 1127 945 pro
1167 868 1419 925 nostris
1450 854 1679 945 culpis
1728 855 2210 925 intercessores
2259 854 2631 946 implorare
2681 876 2814 924 non
2859 855 3074 925 dubi-

533 956 782 1014 temus.
836 941 1018 1026 Qubs
1067 942 1224 1012 licet
1319 943 1530 1013 assim
1567 943 1857 1013 diversis
1887 943 2178 1035 largitus
2213 943 2301 1013 sit
2399 942 2744 1024 rovincii3‚
2780 966 3076 1033 genera-

531 1032 651 1102 tim
693 1043 759 1102 et
785 1031 1248 1101 communiter
1271 965 1740 1102 ssonorandos:
1777 1046 1845 1102 at
1877 1046 2105 1103 tamen
2145 1032 2352 1133 singu
2386 1033 2442 1102 is
2474 1034 2868 1120 quibusque
2900 1033 3073 1104 locis

530 1120 864 1212 speciales
922 1120 1258 1208 quosdam
1325 1121 1682 1202 attribuit,
1735 1122 1942 1191 etiam
2010 1122 2398 1212 specialiter
2443 1121 2955 1213 amplectendos
3001 1133 3073 1193 et

529 1209 942 1369 propensius
987 1208 1392 1280 exorandos.
1447 1214 1495 1278 E
1540 1209 1801 1296 quibus
1850 1209 2049 1280 nobis
2099 1211 2371 1280 beatum
2415 1210 2816 1281 Remaclum
2865 1210 3074 1280 adhi-

581 1298 703 1367 uit:
756 1298 956 1387 cujus
1003 1312 1080 1368 ut
1127 1298 1478 1389 suffragiis
1527 1298 1910 1388 plurimum
1955 1299 2356 1381 innitimur,
2401 1298 2496 1369 ita
2541 1300 2692 1390 ejus
2748 1300 2950 1370 vitam
3002 1310 3071 1371 et

530 1399 713 1478 gesta
768 1409 891 1478 pro
935 1401 1145 1478 captu
1192 1387 1444 1456 virium
1488 1409 1772 1457 narrare
1803 1387 2273 1479 aggredimur.

615 1479 652 1564 ξ
702 1480 790 1548 ².
878 1480 1292 1546 Francorum
1362 1496 1651 1567 regnum
1723 1476 1810 1546 ab
1872 1478 2023 1566 ipso
2073 1498 2198 1546 suo
2244 1476 2521 1547 exordio
2571 1497 2842 1566 semper
2886 1477 3068 1546 invi-

526 1577 740 1646 ctum,
780 1576 927 1634 tum
976 1564 1078 1634 vel
1132 1564 1427 1634 maxime
1476 1586 1637 1655 prae
1683 1566 1969 1635 caeteris
1999 1565 2062 1635 ei
2103 1565 2350 1636 vicinis
2397 1565 2630 1657 regnis
2679 1567 2919 1635 florere
2960 1566 3066 1634 vi—
3115 1615 3120 1620 -

528 1676 682 1725 sum
756 1664 897 1734 est,
949 1673 1109 1723 cum
1159 1655 1332 1743 jugo
1396 1653 1791 1723 Dominicae
1853 1653 2008 1723 fidei
2059 1653 2234 1724 colla
2298 1654 2707 1745 supposuit,
2760 1666 2824 1724 et
2878 1654 3070 1741 quod

526 1742 722 1834 prius
769 1741 1110 1822 adorarat,
1164 1742 1442 1812 exussit:
1495 1741 1679 1829 quod
1727 1754 2099 1825 exusserat,
2152 1743 2483 1813 adoravit.
2530 1747 2783 1829 Ingens
2828 1756 3067 1813 autem

527 1830 790 1921 accepit
837 1830 1335 1900 incrementum
1366 1886 1381 1912 ,
1433 1842 1499 1900 et
1545 1831 1678 1901 sub
1724 1853 1802 1900 eo
1859 1831 2142 1902 firmum
2193 1832 2492 1902 Ecclesia
2544 1833 2660 1901 Dei
2701 1844 2953 1903 statum
3002 1833 3064 1914 *‚

525 1942 682 1990 cum
734 1919 1069 1989 Clotarius
1116 1924 1252 1989 Rex
1302 1919 1605 2010 legitima
1655 1921 2092 1995 successione
2153 1934 2443 2008 quartus
2474 1976 2489 2001 ,
2549 1921 2757 1991 trium
2808 1942 3058 2011 regno-

529 2030 682 2078 rum
735 2007 957 2079 factus
1003 2020 1106 2079 est
1163 2008 1571 2088 monarcha,
1626 2020 1692 2078 et
1737 2031 1896 2079 eum
1952 2009 2382 2100 principatus
2430 2010 2539 2078 sui
2589 2032 2852 2079 annum
2904 2031 3065 2101 age-

525 2098 644 2168 bat
690 2096 1330 2198 quadragesimum,
1365 2118 1571 2184 quem
1620 2097 1979 2168 Heraclius
2027 2111 2301 2168 sanctae
2349 2099 2583 2168 Crucis
2631 2112 3073 2188 recuperator

526 2185 803 2276 imperii
851 2186 1556 2272 decimumquartum.
1611 2191 1677 2255 Is
1733 2185 2066 2257 Clotarius
2113 2186 2385 2257 nullum
2436 2209 2518 2256 ex
2564 2187 2810 2256 vicinis
2854 2188 3060 2278 Regi-

524 2276 660 2345 bus
699 2296 949 2364 passus
994 2287 1092 2345 est
1139 2295 1306 2343 suae
1350 2274 1596 2344 ditioni
1634 2297 1827 2344 arma
1875 2274 2160 2356 inferre,
2218 2275 2336 2345 sed
2376 2296 2617 2345 omnes
2665 2276 3060 2364 Hispaniae,

527 2361 787 2434 Galliae
832 2375 899 2433 et
945 2363 1348 2435 Germaniae
1396 2368 1611 2454 Reges
1662 2364 1952 2455 populos
2013 2364 2162 2434 suis
2218 2364 2507 2434 habenis
2556 2365 2821 2434 studuit
2866 2368 3061 2434 coer-

524 2454 700 2523 cere.
748 2457 953 2523 Porro
1002 2453 1337 2544 inclytum
1372 2452 1593 2522 filium
1638 2474 1843 2524 suum
1892 2455 2339 2546 Dagobertum
2374 2453 2830 2524 Austrasianis
2864 2476 3065 2545 prae-

523 2541 702 2624 fecit,
754 2542 954 2630 eique
998 2542 1202 2611 etiam
1255 2542 1658 2611 Germaniae
1706 2542 2000 2613 ditiones
2051 2543 2261 2614 voluit
2306 2565 2456 2614 esse
2503 2544 2869 2633 subjectas
2935 2549 3063 2614 Eo—

524 2653 679 2700 rum
731 2630 1155 2722 temporibus
1201 2629 1619 2700 felicissimis
1661 2632 2054 2718 usqueadeo
2112 2632 2681 2702 Cbristianismus
2727 2634 3042 2716 excrevit,

520 2732 599 2789 ut
647 2742 818 2811 pene
860 2719 1050 2788 nulla
1096 2718 1299 2788 hodie
1337 2733 1456 2788 aut
1503 2741 1657 2788 rara
1707 2721 1885 2789 intra
1936 2720 2188 2790 limites
2236 2721 2430 2812 regni
2471 2721 2780 2810 ipsorum
2837 2722 3056 2796 eccle-

521 2809 621 2878 sia
669 2808 1080 2889 inveniatur,
1133 2829 1310 2894 quae
1358 2829 1495 2876 non
1530 2807 1828 2899 alicujus
1874 2810 2026 2899 ejus
2076 2810 2496 2900 tempestatis
2552 2812 2772 2879 sancti
2836 2824 3062 2898 patro-

518 2898 724 2968 ciniis
773 2896 1175 2967 illustretur.
1230 2901 1442 2982 Atque
1500 2909 1577 2965 ut
1630 2896 2037 2967 innumeros
2086 2899 2737 2988 praetermittamus
2791 2898 3058 2990 Eligius

518 2998 585 3056 et
631 2985 994 3056 Audoenus
1031 2985 1159 3053 viri
1207 2984 1476 3058 sancti.
1536 2984 1770 3076 palatii
1815 2986 2214 3057 ministeriis
2277 2986 2765 3077 fungebantur,
2819 2987 3056 3057 beatus

517 3073 916 3163 Arnulphus
980 3086 1045 3143 et
1108 3074 1511 3145 Romaricus
1577 3075 1784 3165 regiis
1831 3076 2141 3146 consiliis
2188 3075 2718 3156 adhibebantur,
2779 3089 3056 3147 sanctus

517 3162 870 3233 Amandus
917 3173 982 3231 et
1029 3161 1469 3232 beatissimus
1519 3163 1907 3246 Remaclus,
1962 3179 2376 3250 sanctusque
2409 3169 2585 3234 Goar
2615 3164 3045 3252 Aquitaniam

514 3263 670 3322 ortu
717 3273 843 3321 suo
889 3250 1349 3321 illustrabant.
1404 3256 1566 3321 Eam
1615 3253 2045 3339 Aquitaniam
2110 3253 2393 3340 quidam
2448 3253 2682 3323 volunt
2730 3253 2868 3324 fere
2919 3268 3052 3323 ter-

521 3340 683 3410 tiam
732 3362 881 3409 esse
929 3338 1306 3411 Galliarum
1362 3355 1621 3430 partein
1658 3396 1673 3420 ‚
1726 3355 1790 3410 et
1836 3343 1923 3411 ab
1966 3341 2268 3429 obliquis
2334 3343 2590 3433 Ligeris
2644 3343 2867 3429 aquis,
2933 3343 3058 3429 qui

520 3428 821 3499 maxima
884 3451 963 3498 ex
1012 3441 1200 3520 parte
1247 3449 1399 3498 eam
1458 3427 1679 3511 alluit,
1742 3451 1822 3500 ac
1873 3452 2043 3520 pene
2100 3432 2170 3499 in
2231 3432 2468 3500 orbem
2515 3431 2922 3510 circumdat,
2968 3432 3062 3500 ita

519 3530 1017 3610 nuncupatam.
1098 3522 1146 3587 Α
1200 3517 1415 3586 Circio
1467 3517 1668 3587 habet
1732 3522 2129 3601 Oceanum,
2182 3520 2302 3606 qui
2359 3520 2805 3607 Aquitanicus
2855 3520 3056 3589 sinus

517 3607 793 3677 dicitur:
848 3610 935 3678 ab
982 3629 1231 3677 occasu
1271 3606 1682 3695 Hispanias:
1753 3630 1795 3676 a
1842 3607 2301 3697 septentrione
2347 3622 2413 3678 et
2464 3609 2721 3678 oriente
2781 3607 3061 3698 Lugdu-

518 3717 800 3766 nensem
853 3696 1301 3786 provinciam:
1364 3696 1451 3765 ab
1503 3700 1682 3765 Euro
1728 3711 1794 3765 et
1854 3697 2139 3765 meridie
2187 3698 2719 3768 Narbonensem.
2785 3696 3053 3767 Rivulis

517 3798 582 3853 et
631 3784 1039 3854 [luminibus
1090 3784 1415 3886 piscosis,
1450 3783 1592 3854 solo
1641 3784 2206 3864 foecundissimo,
2262 3786 2539 3887 pascuis
2600 3787 2922 3874 pecorum
2975 3807 3057 3855 u-

514 3873 858 3953 berrimis,
902 3875 1143 3942 vinetis
1189 3873 1543 3953 nectareiS,
1599 3875 1999 3946 nemoribus
2032 3875 2350 3965 copiosis,
2395 3876 2643 3963 magna
2692 3872 3047 3942 fructuum

514 3961 943 4031 abundantia
998 3962 1327 4043 celebris,
1377 3963 1553 4043 auri,
1616 3964 1908 4053 argenti,
1977 3964 2411 4051 aliorumque
2465 3961 2895 4031 metallorum
2944 3962 3045 4031 fe-

513 4073 654 4130 rax,
694 4051 1130 4141 vectigalium
1182 4064 1512 4141 proventu
1552 4052 1913 4140 opulenta,
1950 4053 2065 4122 sed
2124 4074 2283 4143 prae
2332 4050 2488 4122 aliis
2525 4051 2894 4141 provinciis
2930 4073 3046 4120 vo-

513 4139 855 4230 luptatum
906 4140 1219 4209 omnium
1272 4139 1583 4209 luxuriae
1621 4139 1874 4220 dedita,
1931 4141 2229 4229 denique
2278 4140 2444 4209 viris
2492 4140 2808 4219 fortibuS,
2849 4138 3050 4208 belli-

515 4229 692 4300 cosis
750 4241 815 4297 et
870 4228 1210 4299 ferocibus
1277 4230 1631 4298 instructa.
1701 4231 1914 4299 Habet
1985 4253 2110 4310 ea,
2177 4243 2439 4321 praeter
2502 4241 2722 4297 castra
2786 4241 2851 4298 et
2902 4228 3052 4298 loca

519 4318 831 4399 munita,
893 4319 1098 4387 urbes
1144 4317 1658 4404 quatuordecim
1716 4319 2200 4410 praegrandes,
2255 4338 2506 4407 easque
2561 4317 2933 4409 populosas
2988 4331 3055 4388 et

567 4443 592 4466 ⁶
624 4445 751 4493 Quae
770 4445 915 4485 tuerit
933 4445 1086 4486 medio
1116 4444 1303 4485 saeculo
1345 4453 1411 4483 vii
1432 4445 1723 4486 Francorum
1747 4446 1879 4496 regni
1899 4446 2121 4488 conditio.
