3327 4999
644 350 774 415 576
1256 366 1458 415 senno
1505 368 1584 414 nn
1631 368 2141 419 nsssuansscnomt
2189 366 2411 416 nomm
2849 351 3110 417 MART.

555 453 1071 544 desperatorum
1141 474 1173 521 s
1225 473 1298 520 es
1362 466 1427 522 et
1472 452 2000 536 damnatorum,
2053 453 2570 534 collaudamus,
2624 450 3118 524 benedicimus

555 542 703 623 tibi,
758 555 834 612 ut
865 541 1086 632 gratia
1130 564 1168 631 p
1201 562 1368 609 enae
1408 562 1584 628 quae
1633 542 1975 611 Christum
2029 543 2354 633 genuisti,
2408 564 2648 611 omnes
2696 542 2815 612 tibi
2869 541 3118 612 advol-

552 632 807 710 vimur,
860 652 1100 699 omnes
1137 643 1197 698 te
1248 630 1727 720 imploramus.
1781 635 1956 700 Erue
2006 654 2155 712 nos,
2209 653 2249 700 o
2300 631 2723 712 intemerata,
2774 632 2860 700 ab
2909 631 3118 701 omni

550 720 981 799 necessitate,
1016 741 1055 787 a
1102 719 1373 788 cunctis
1420 718 1679 789 diaboli
1733 720 2242 791 tentationibus.
2299 724 2453 788 Esto
2504 732 2735 789 nostra
2775 720 3124 790 concilia-

552 810 684 877 trix
718 821 782 877 et
822 808 1150 877 advocata
1201 808 1265 875 in
1300 808 1467 877 hora
1505 807 1783 898 judicii.
1839 810 2074 879 Libera
2112 831 2235 879 nos
2274 831 2310 877 a
2345 808 2579 879 futuro
2620 810 2780 897 igne
2824 821 2889 878 et
2924 822 3122 887 tene-7

549 897 719 967 bris.
774 903 850 967 Et
883 898 980 966 tui
1018 896 1164 966 Filii
1218 895 1461 987 gloria,
1521 897 1759 988 Virgo,
1810 920 1935 968 nos
1985 898 2297 989 dignare.
2333 903 2433 967 Tu
2482 919 2782 985 namque
2820 919 2893 966 es
2948 919 3118 988 spes

550 986 739 1144 appd
792 992 1000 1055 Deum
1039 986 1584 1057 Christianorum
1633 988 2095 1069 sanctissima,
2149 987 2265 1056 cui
2312 985 2534 1056 honor
2592 987 2662 1055 in
2712 985 2949 1056 secula
2998 1008 3112 1056 se·-

553 1097 642 1146 cu
674 1096 899 1157 orum,
955 1081 1189 1144 Arnen.
2348 1092 2349 1097 ’

1093 1445 1100 1450 ·
1241 1325 1553 1404 BEATI
1606 1326 1925 1404 PETRI
1978 1323 2424 1403 DAMIANI

879 1550 1215 1652 SERMO
1293 1551 1413 1649 DE
1479 1549 2332 1651 RESURRECTIONE
2404 1550 2759 1651 ΒΟΜΙΝΙ

1110 1803 1401 1851 ΗΑΒΕΤΙῙΒ
1454 1802 1697 1852 OCTAVO
1745 1794 1910 1851 ΤΟΜΟ
1958 1803 2191 1850 ALOISII
2239 1803 2555 1851 LYPOMANI

649 2033 684 2117 ξ
731 2036 809 2102 1.
864 2026 1208 2097 Postulavi
1247 2032 1510 2095 Patrem
1571 2048 1830 2107 meum,
1885 2025 2071 2096 dedit
2128 2024 2297 2094 mihi
2349 2038 2606 2116 gentes,
2685 2025 2998 2114 Alleluja.
3042 2027 3112 2097 si

561 2118 1009 2188 consulamus
1058 2116 1477 2206 adjutorium
1528 2115 2124 2206 Jurisperitorum,
2176 2115 2474 2204 primum
2520 2115 2807 2205 capituli
2858 2139 3114 2206 propo-

567 2209 677 2280 siti
711 2208 993 2276 verbum
1043 2206 1141 2274 sic
1195 2205 1650 2276 describitur:
1706 2204 2075 2285 Postulaue,
2130 2217 2231 2272 est
2260 2204 2678 2273 desiderium
2727 2226 2964 2283 suum,
3009 2205 3111 2275 vel

564 2296 771 2365 amici
822 2297 954 2375 sui,
1009 2294 1076 2362 in
1100 2296 1257 2384 jure
1283 2294 1466 2395 apud
1508 2315 1667 2362 eum
1713 2293 1832 2379 qui
1872 2293 2347 2381 ‚jurisdictioni
2400 2305 2683 2382 praeest,
2737 2315 3105 2382 exponere,

565 2384 666 2453 vol
718 2384 1001 2454 alterius
1050 2383 1391 2452 desidemo
1439 2382 1928 2451 contradicere.
1968 2390 2171 2451 Actus
2222 2383 2346 2450 iste
2381 2382 2705 2470 publicus
2754 2395 2877 2462 est,
2916 2396 2982 2451 et
3011 2396 3113 2454 est

566 2474 867 2544 officium
907 2473 1387 2542 advocatorum
1425 2471 1545 2558 qui
1585 2471 1921 2560 gloriosae
1962 2472 2143 2542 vocis
2173 2470 2416 2541 confisi
2471 2472 2878 2552 munimine,
2918 2470 3112 2563 lapsa

565 2565 864 2654 erigunt,
921 2563 1199 2651 fatigata
1248 2564 1589 2651 reparant,
1633 2583 1754 2629 nec
1807 2560 2041 2631 minus
2091 2560 2450 2650 provident
2502 2562 2805 2629 humano
2845 2562 3109 2651 generi,

564 2659 772 2740 quam
823 2653 880 2723 si
930 2651 1187 2741 clypeis
1235 2664 1299 2719 et
1333 2650 1732 2718 thoracibus
1772 2671 1919 2718 sese
1971 2649 2397 2739 patriamque
2444 2648 2839 2718 defendant.

657 2750 694 2824 ἓ
748 2747 834 2811 2.
890 2745 965 2809 In
1017 2739 1413 2826 exequendo
1461 2753 1619 2806 actu
1683 2739 1811 2806 isto
1861 2738 2207 2806 attendere
2257 2738 2591 2807 debemus
2646 2739 2764 2824 qui
2819 2737 3116 2827 postulet

565 2853 797 2918 quem,
852 2829 972 2898 ubi
1020 2827 1279 2914 etquid
1317 2826 1631 2916 postulet.
1686 2828 2065 2897 Advocatus
2131 2827 2427 2917 postulat
2478 2826 2786 2916 judicem
2840 2826 2910 2896 in
2955 2829 3117 2912 jure

569 2942 713 2989 rem
767 2927 988 2997 suam,
1035 2917 1130 2985 vel
1171 2916 1303 2984 sibi
1354 2914 1652 3007 postulat
1699 2916 1963 2984 actione
2023 2916 2393 3005 proposita.
2448 2920 2523 2984 In
2589 2916 2857 3006 negotio
2920 2937 3117 3005 prae-

568 3008 747 3076 senti
796 3007 1167 3074 advocatus
1214 3018 1315 3073 est
1364 3004 1694 3083 chr-istus,
1738 3004 1952 3094 judex
1988 3010 2161 3073 Deus
2200 3010 2395 3074 Pater
2441 3017 2505 3072 et
2554 3004 2951 3096 locusjuris
2998 3027 3118 3092 pa-

568 3096 868 3164 tibulum
904 3093 1160 3172 CruciS,
1222 3116 1326 3161 res
1377 3092 1716 3182 postulata
1767 3093 2065 3162 Ecclesia
2114 3093 2197 3162 de
2231 3093 2575 3184 gentibus,
2614 3115 2867 3174 nomen,
2910 3093 3121 3161 actio—

569 3185 703 3265 nis,
760 3184 990 3273 petitio
1044 3181 1500 3250 haereditatis.
1549 3186 1750 3251 Recte
1795 3183 2024 3251 lesum
2079 3183 2419 3251 Christum
2471 3182 2772 3250 dicimus
2821 3181 3116 3250 advoca-

572 3286 744 3343 tum.
803 3272 993 3341 Unde
1039 3277 1370 3341 Joannes:
1422 3272 1679 3361 Siquis
1709 3274 2105 3374 peccaverit,
2149 3273 2546 3341 advocatum
2588 3273 2905 3340 habemus
2934 3271 3120 3362 apud

571 3367 844 3432 Patrem
895 3363 1244 3430 Dominum
1287 3364 1516 3428 Jesum
1560 3361 1924 3431 Christum.-
1989 3363 2130 3452 ipse
2180 3372 2275 3429 est
2378 3361 2720 3451 ropitialt‘o
2772 3384 2895 3449 pro
2967 3383 3119 3448 pec-

572 3453 742 3520 catis
775 3452 1015 3520 nostris
1067 3450 1152 3539 (l
1194 3454 1297 3518 Jo.
1351 3449 1478 3537 11).
1532 3448 1911 3518 Advocatus
1964 3450 2093 3519 iste
2154 3384 2373 3540 apudv
2382 3455 2644 3518 Patrem
2697 3447 3118 3517 desiderium

573 3563 778 3610 suum
832 3541 1167 3630 exposuit,
1220 3539 1501 3626 quando
1554 3559 1673 3638 pro
1722 3537 1941 3609 salute
1990 3538 2277 3608 humani
2336 3538 2607 3628 generis
2667 3537 2941 3607 oblatus
2988 3547 3112 3616 est,

571 3630 739 3716 quia
789 3629 934 3719 ipse
986 3627 1220 3697 voluit.
1279 3627 1701 3696 Desidertum
1734 3628 1885 3718 ejus
1923 3639 2024 3696 est
2073 3626 2262 3696 salus
2291 3641 2521 3696 nostra
2553 3649 2761 3714 quam
2814 3627 2882 3694 in
2912 3644 3118 3695 cruce

575 3718 816 3787 sitiens
865 3739 1081 3803 usque
1132 3718 1200 3785 in
1235 3716 1443 3785 finem
1496 3737 1656 3786 suos
1697 3715 1947 3806 legitur
1992 3715 2331 3785 dilexisse.
2387 3715 2512 3784 Sed
2564 3729 2629 3784 et
2675 3715 2803 3784 hoc
2850 3713 3119 3783 deside-

575 3807 757 3875 rium
809 3805 1229 3885 amicorum,
1278 3805 1407 3874 fuit
1453 3805 1710 3892 quibus
1773 3805 1979 3873 dixit:
2044 3805 2199 3874 Jam
2247 3828 2374 3873 non
2432 3805 2652 3873 dicam
2706 3827 2819 3874 vos
2871 3824 3112 3881 servm,

573 3897 690 3964 sed
730 3897 998 3975 amic-08,
1049 3897 1213 3986 quia
1254 3917 1486 3963 servus
1531 3895 1738 3963 nescit
1782 3895 1947 3985 quid
1982 3895 2196 3982 saciat
2246 3895 2553 3963 dominus
2608 3895 2779 3983 ejuS.
2852 3894 2975 3962 Vos
3001 3916 3122 3959 au·

572 3995 706 4053 tem
755 3985 914 4052 dixi
962 3986 1230 4063 amt'coS,
1280 3985 1444 4073 quia
1493 3985 1721 4052 omnia
1772 4005 1946 4074 quae
1998 3983 2238 4051 audivi
2263 4007 2307 4052 a
2339 3988 2541 4052 Patre
2590 4005 2756 4063 mee,
2791 3992 2951 4055 nola
2995 3981 3127 4068 feci

570 4074 777 4141 vobis.
841 4077 1034 4151 Item,
1089 4074 1408 4175 Majorem
1463 4072 1864 4140 charitatem
1916 4094 2104 4140 nemo
2159 4072 2377 4153 habet,
2447 4094 2651 4163 quam
2696 4080 2773 4140 ut
2825 4072 3130 4139 animam

569 4185 766 4231 suam
806 4172 1018 4252 ponat
1075 4183 1226 4251 ques
1334 4184 1403 4230 ro
1454 4162 1690 4230 amicis
1727 4163 1889 4230 suis.
1944 4160 2435 4230 convenienter
2507 4165 2771 4229 Patrem
2823 4155 3127 4249 postulat

573 4250 690 4337 qui
744 4271 1018 4340 semper
1071 4272 1244 4317 exau
1303 4249 1436 4319 itus
1495 4261 1620 4319 est.
1666 4255 1830 4319 Nam
1867 4259 1931 4318 et
1977 4249 2184 4339 vulgo
2230 4260 2297 4319 et
2357 4247 2742 4339 vulgaritur
2817 4246 3125 4317 dicitur:

579 4344 877 4410 Securus
957 4336 1141 4406 vadit
1187 4338 1270 4406 ad
1352 4337 1683 4428 placitum
1741 4337 1859 4425 qui
1909 4350 2171 4441 patrem
2239 4338 2443 4407 habet
2507 4336 2846 4428 judicem.
2911 4341 3001 4405 De
3055 4355 3135 4403 eo

583 4449 886 4515 namque
945 4432 1140 4497 Pater
1191 4427 1407 4498 dixit:
1480 4429 1608 4496 Hic
1663 4438 1758 4496 est
1810 4429 1998 4518 filaus
2052 4450 2239 4497 meus
2295 4427 2600 4510 dilectus,
2657 4428 2730 4496 in
2781 4449 2913 4518 quo
2967 4423 3141 4495 milui
