<?xml version="1.0" encoding="UTF-8"?>
<!DOCTYPE html PUBLIC "-//W3C//DTD XHTML 1.0 Transitional//EN"
    "http://www.w3.org/TR/xhtml1/DTD/xhtml1-transitional.dtd">
<html xmlns="http://www.w3.org/1999/xhtml" xml:lang="en" lang="en">
 <head>
  <title>
</title>
<meta http-equiv="Content-Type" content="text/html;charset=utf-8" />
  <meta name='ocr-system' content='tesseract 3.04.00' />
  <meta name='ocr-capabilities' content='ocr_page ocr_carea ocr_par ocr_line ocrx_word'/>
</head>
<body>
  <div class='ocr_page' id='page_1' title='image "./historiaeseuvit04lippgoog_0309.png"; bbox 0 0 3327 4999; ppageno 0'>
   <div class='ocr_carea' id='block_1_1' title="bbox 170 331 2630 410">
    <p class='ocr_par' dir='ltr' id='par_1_1' title="bbox 170 331 2630 410">
     <span class='ocr_line' id='line_1_1' title="bbox 170 331 2630 410; baseline -0.002 0"><span class='ocrx_word' id='word_1_1' title='bbox 170 343 421 410; x_wconf 78' lang='lat' dir='ltr'><strong>MART.</strong></span> <span class='ocrx_word' id='word_1_2' title='bbox 479 331 562 407; x_wconf 71' lang='lat'>45</span> <span class='ocrx_word' id='word_1_3' title='bbox 904 361 985 407; x_wconf 76' lang='lat' dir='ltr'>na</span> <span class='ocrx_word' id='word_1_4' title='bbox 1032 360 1089 408; x_wconf 76' lang='lat' dir='ltr'>s,</span> <span class='ocrx_word' id='word_1_5' title='bbox 1142 357 1415 409; x_wconf 60' lang='lat' dir='ltr'>Lomento</span> <span class='ocrx_word' id='word_1_6' title='bbox 1461 359 1729 408; x_wconf 72' lang='lat' dir='ltr'>camna.</span> <span class='ocrx_word' id='word_1_7' title='bbox 1782 359 1973 407; x_wconf 69' lang='lat' dir='ltr'>mar.</span> <span class='ocrx_word' id='word_1_8' title='bbox 2500 341 2630 406; x_wconf 77' lang='lat'>295</span> 
     </span>
    </p>
   </div>
   <div class='ocr_carea' id='block_1_2' title="bbox 117 439 2732 4509">
    <p class='ocr_par' dir='ltr' id='par_1_2' title="bbox 176 439 2731 989">
     <span class='ocr_line' id='line_1_2' title="bbox 176 439 2721 530; baseline -0.001 -18"><span class='ocrx_word' id='word_1_9' title='bbox 176 441 460 513; x_wconf 83' lang='lat' dir='ltr'>inferre:</span> <span class='ocrx_word' id='word_1_10' title='bbox 524 441 802 512; x_wconf 90' lang='lat' dir='ltr'>caedem</span> <span class='ocrx_word' id='word_1_11' title='bbox 858 443 1257 513; x_wconf 83' lang='lat' dir='ltr'>molientem</span> <span class='ocrx_word' id='word_1_12' title='bbox 1318 464 1603 511; x_wconf 88' lang='lat' dir='ltr'>manum</span> <span class='ocrx_word' id='word_1_13' title='bbox 1661 454 1779 511; x_wconf 92' lang='lat' dir='ltr'>tuo</span> <span class='ocrx_word' id='word_1_14' title='bbox 1835 439 2043 530; x_wconf 90' lang='lat' dir='ltr'>capiti</span> <span class='ocrx_word' id='word_1_15' title='bbox 2099 441 2340 511; x_wconf 82' lang='lat' dir='ltr'>afferre</span> <span class='ocrx_word' id='word_1_16' title='bbox 2387 439 2721 511; x_wconf 84' lang='lat' dir='ltr'>formida-</span> 
     </span>
     <span class='ocr_line' id='line_1_3' title="bbox 186 529 2719 621; baseline -0.001 -21"><span class='ocrx_word' id='word_1_17' title='bbox 186 552 379 600; x_wconf 88' lang='lat' dir='ltr'>mus:</span> <span class='ocrx_word' id='word_1_18' title='bbox 431 552 873 601; x_wconf 87' lang='lat' dir='ltr'>communem</span> <span class='ocrx_word' id='word_1_19' title='bbox 947 532 1160 601; x_wconf 88' lang='lat' dir='ltr'>salem</span> <span class='ocrx_word' id='word_1_20' title='bbox 1211 533 1651 601; x_wconf 80' lang='lat' dir='ltr'>reveremur:</span> <span class='ocrx_word' id='word_1_21' title='bbox 1710 551 1834 600; x_wconf 92' lang='lat' dir='ltr'>nos</span> <span class='ocrx_word' id='word_1_22' title='bbox 1885 529 2148 621; x_wconf 91' lang='lat' dir='ltr'>pudore</span> <span class='ocrx_word' id='word_1_23' title='bbox 2196 530 2408 599; x_wconf 85' lang='lat' dir='ltr'>afficit</span> <span class='ocrx_word' id='word_1_24' title='bbox 2454 551 2719 599; x_wconf 89' lang='lat' dir='ltr'>mensa:</span> 
     </span>
     <span class='ocr_line' id='line_1_4' title="bbox 188 618 2726 722; baseline 0 -35"><span class='ocrx_word' id='word_1_25' title='bbox 188 620 273 687; x_wconf 88' lang='lat' dir='ltr'>ad</span> <span class='ocrx_word' id='word_1_26' title='bbox 323 620 599 689; x_wconf 88' lang='lat' dir='ltr'>caedem</span> <span class='ocrx_word' id='word_1_27' title='bbox 643 632 864 722; x_wconf 88' lang='lat' dir='ltr'>torpet</span> <span class='ocrx_word' id='word_1_28' title='bbox 913 643 1189 691; x_wconf 89' lang='lat' dir='ltr'>manus:</span> <span class='ocrx_word' id='word_1_29' title='bbox 1247 620 1567 689; x_wconf 89' lang='lat' dir='ltr'>abhorret</span> <span class='ocrx_word' id='word_1_30' title='bbox 1599 619 1882 689; x_wconf 90' lang='lat' dir='ltr'>animus</span> <span class='ocrx_word' id='word_1_31' title='bbox 1932 632 2148 688; x_wconf 89' lang='lat' dir='ltr'>morte</span> <span class='ocrx_word' id='word_1_32' title='bbox 2196 618 2469 688; x_wconf 84' lang='lat' dir='ltr'>afficere</span> <span class='ocrx_word' id='word_1_33' title='bbox 2515 618 2726 688; x_wconf 88' lang='lat' dir='ltr'>bene-</span> 
     </span>
     <span class='ocr_line' id='line_1_5' title="bbox 192 705 2727 800; baseline 0.001 -25"><span class='ocrx_word' id='word_1_34' title='bbox 192 705 532 778; x_wconf 82' lang='lat' dir='ltr'>factorem.</span> <span class='ocrx_word' id='word_1_35' title='bbox 572 709 868 779; x_wconf 81' lang='lat' dir='ltr'>Facilius</span> <span class='ocrx_word' id='word_1_36' title='bbox 914 722 1013 780; x_wconf 89' lang='lat' dir='ltr'>est</span> <span class='ocrx_word' id='word_1_37' title='bbox 1062 708 1491 800; x_wconf 88' lang='lat' dir='ltr'>periculum,</span> <span class='ocrx_word' id='word_1_38' title='bbox 1544 708 1728 796; x_wconf 86' lang='lat' dir='ltr'>quod</span> <span class='ocrx_word' id='word_1_39' title='bbox 1781 706 1982 777; x_wconf 91' lang='lat' dir='ltr'>nobis</span> <span class='ocrx_word' id='word_1_40' title='bbox 2030 719 2132 777; x_wconf 90' lang='lat' dir='ltr'>est</span> <span class='ocrx_word' id='word_1_41' title='bbox 2178 730 2217 777; x_wconf 92' lang='lat' dir='ltr'>a</span> <span class='ocrx_word' id='word_1_42' title='bbox 2264 708 2479 777; x_wconf 79' lang='lat' dir='ltr'>Pilato</span> <span class='ocrx_word' id='word_1_43' title='bbox 2526 728 2727 797; x_wconf 88' lang='lat' dir='ltr'>para-</span> 
     </span>
     <span class='ocr_line' id='line_1_6' title="bbox 190 796 2731 886; baseline -0 -20"><span class='ocrx_word' id='word_1_44' title='bbox 190 808 355 879; x_wconf 89' lang='lat' dir='ltr'>tum,</span> <span class='ocrx_word' id='word_1_45' title='bbox 412 818 621 884; x_wconf 86' lang='lat' dir='ltr'>quam</span> <span class='ocrx_word' id='word_1_46' title='bbox 664 799 953 868; x_wconf 89' lang='lat' dir='ltr'>vulnera</span> <span class='ocrx_word' id='word_1_47' title='bbox 1008 797 1492 868; x_wconf 83' lang='lat' dir='ltr'>conscientiae.</span> <span class='ocrx_word' id='word_1_48' title='bbox 1556 797 1780 867; x_wconf 80' lang='lat' dir='ltr'>Parati</span> <span class='ocrx_word' id='word_1_49' title='bbox 1840 818 2089 867; x_wconf 89' lang='lat' dir='ltr'>sumus</span> <span class='ocrx_word' id='word_1_50' title='bbox 2146 797 2381 868; x_wconf 91' lang='lat' dir='ltr'>omnia</span> <span class='ocrx_word' id='word_1_51' title='bbox 2436 796 2578 886; x_wconf 92' lang='lat' dir='ltr'>pati</span> <span class='ocrx_word' id='word_1_52' title='bbox 2611 817 2731 886; x_wconf 92' lang='lat' dir='ltr'>po-</span> 
     </span>
     <span class='ocr_line' id='line_1_7' title="bbox 185 884 2689 989; baseline -0.001 -35"><span class='ocrx_word' id='word_1_53' title='bbox 185 884 338 966; x_wconf 86' lang='lat' dir='ltr'>tius,</span> <span class='ocrx_word' id='word_1_54' title='bbox 375 907 584 973; x_wconf 89' lang='lat' dir='ltr'>quam</span> <span class='ocrx_word' id='word_1_55' title='bbox 638 888 941 989; x_wconf 82' lang='lat' dir='ltr'>Longino</span> <span class='ocrx_word' id='word_1_56' title='bbox 989 888 1159 958; x_wconf 84' lang='lat' dir='ltr'>tales</span> <span class='ocrx_word' id='word_1_57' title='bbox 1210 887 1457 956; x_wconf 84' lang='lat' dir='ltr'>referre</span> <span class='ocrx_word' id='word_1_58' title='bbox 1505 887 1857 977; x_wconf 85' lang='lat' dir='ltr'>gratias.»</span> <span class='ocrx_word' id='word_1_59' title='bbox 2674 972 2689 985; x_wconf 89' lang='lat'><strong>.</strong></span> 
     </span>
    </p>

    <p class='ocr_par' dir='ltr' id='par_1_3' title="bbox 117 971 2732 2818">
     <span class='ocr_line' id='line_1_8' title="bbox 268 971 2725 1063; baseline -0.002 -18"><span class='ocrx_word' id='word_1_60' title='bbox 268 975 443 1061; x_wconf 56' lang='lat' dir='ltr'>§ss</span> <span class='ocrx_word' id='word_1_61' title='bbox 507 974 618 1043; x_wconf 90' lang='lat' dir='ltr'>Sic</span> <span class='ocrx_word' id='word_1_62' title='bbox 681 977 961 1062; x_wconf 73' lang='lat' dir='ltr'>quidem</span> <span class='ocrx_word' id='word_1_63' title='bbox 1023 976 1275 1045; x_wconf 85' lang='lat' dir='ltr'>milites</span> <span class='ocrx_word' id='word_1_64' title='bbox 1332 974 1655 1045; x_wconf 88' lang='lat' dir='ltr'>dicebant</span> <span class='ocrx_word' id='word_1_65' title='bbox 1704 974 1951 1044; x_wconf 87' lang='lat' dir='ltr'>Christi</span> <span class='ocrx_word' id='word_1_66' title='bbox 1999 973 2290 1063; x_wconf 81' lang='lat' dir='ltr'>martyri</span> <span class='ocrx_word' id='word_1_67' title='bbox 2347 971 2546 1042; x_wconf 89' lang='lat' dir='ltr'>valde</span> <span class='ocrx_word' id='word_1_68' title='bbox 2595 994 2725 1041; x_wconf 82' lang='lat' dir='ltr'>mt-</span> 
     </span>
     <span class='ocr_line' id='line_1_9' title="bbox 179 1060 2728 1155; baseline 0 -25"><span class='ocrx_word' id='word_1_69' title='bbox 179 1061 578 1131; x_wconf 87' lang='lat' dir='ltr'>serabiliter.</span> <span class='ocrx_word' id='word_1_70' title='bbox 634 1067 985 1135; x_wconf 83' lang='lat' dir='ltr'>Caeterum</span> <span class='ocrx_word' id='word_1_71' title='bbox 1043 1087 1178 1134; x_wconf 89' lang='lat' dir='ltr'>non</span> <span class='ocrx_word' id='word_1_72' title='bbox 1233 1075 1545 1155; x_wconf 86' lang='lat' dir='ltr'>poterant</span> <span class='ocrx_word' id='word_1_73' title='bbox 1599 1062 1909 1154; x_wconf 86' lang='lat' dir='ltr'>Longino</span> <span class='ocrx_word' id='word_1_74' title='bbox 1959 1062 2397 1153; x_wconf 81' lang='lat' dir='ltr'>persuadere:</span> <span class='ocrx_word' id='word_1_75' title='bbox 2458 1060 2576 1131; x_wconf 88' lang='lat' dir='ltr'>sed</span> <span class='ocrx_word' id='word_1_76' title='bbox 2626 1060 2728 1130; x_wconf 89' lang='lat' dir='ltr'>eis</span> 
     </span>
     <span class='ocr_line' id='line_1_10' title="bbox 180 1148 2730 1245; baseline 0 -26"><span class='ocrx_word' id='word_1_77' title='bbox 180 1148 440 1220; x_wconf 85' lang='lat' dir='ltr'>fortiter</span> <span class='ocrx_word' id='word_1_78' title='bbox 487 1153 851 1242; x_wconf 85' lang='lat' dir='ltr'>respondet</span> <span class='ocrx_word' id='word_1_79' title='bbox 888 1154 993 1223; x_wconf 89' lang='lat' dir='ltr'>vir</span> <span class='ocrx_word' id='word_1_80' title='bbox 1039 1175 1192 1223; x_wconf 89' lang='lat' dir='ltr'>vere</span> <span class='ocrx_word' id='word_1_81' title='bbox 1223 1174 1623 1245; x_wconf 87' lang='lat' dir='ltr'>generosus:</span> <span class='ocrx_word' id='word_1_82' title='bbox 1670 1157 1849 1222; x_wconf 86' lang='lat' dir='ltr'>«Cur</span> <span class='ocrx_word' id='word_1_83' title='bbox 1898 1173 2150 1242; x_wconf 86' lang='lat' dir='ltr'>magna</span> <span class='ocrx_word' id='word_1_84' title='bbox 2199 1151 2372 1220; x_wconf 91' lang='lat' dir='ltr'>mihi</span> <span class='ocrx_word' id='word_1_85' title='bbox 2407 1150 2590 1221; x_wconf 90' lang='lat' dir='ltr'>bona</span> <span class='ocrx_word' id='word_1_86' title='bbox 2624 1150 2730 1219; x_wconf 90' lang='lat' dir='ltr'>in-</span> 
     </span>
     <span class='ocr_line' id='line_1_11' title="bbox 178 1238 2732 1326; baseline 0.002 -21"><span class='ocrx_word' id='word_1_87' title='bbox 178 1238 461 1319; x_wconf 81' lang='lat' dir='ltr'>videtis,</span> <span class='ocrx_word' id='word_1_88' title='bbox 513 1242 770 1326; x_wconf 86' lang='lat' dir='ltr'>quibus</span> <span class='ocrx_word' id='word_1_89' title='bbox 810 1265 927 1313; x_wconf 92' lang='lat' dir='ltr'>vos</span> <span class='ocrx_word' id='word_1_90' title='bbox 965 1241 1161 1311; x_wconf 88' lang='lat' dir='ltr'>inviti</span> <span class='ocrx_word' id='word_1_91' title='bbox 1198 1265 1306 1312; x_wconf 90' lang='lat' dir='ltr'>me</span> <span class='ocrx_word' id='word_1_92' title='bbox 1354 1242 1516 1312; x_wconf 89' lang='lat' dir='ltr'>estis</span> <span class='ocrx_word' id='word_1_93' title='bbox 1550 1242 2093 1310; x_wconf 77' lang='lat' dir='ltr'>remuneraturi?</span> <span class='ocrx_word' id='word_1_94' title='bbox 2126 1244 2259 1311; x_wconf 88' lang='lat' dir='ltr'>Cur</span> <span class='ocrx_word' id='word_1_95' title='bbox 2291 1261 2517 1310; x_wconf 89' lang='lat' dir='ltr'>meam</span> <span class='ocrx_word' id='word_1_96' title='bbox 2552 1259 2732 1309; x_wconf 90' lang='lat' dir='ltr'>mor-</span> 
     </span>
     <span class='ocr_line' id='line_1_12' title="bbox 175 1328 2726 1428; baseline -0 -31"><span class='ocrx_word' id='word_1_97' title='bbox 175 1340 307 1399; x_wconf 88' lang='lat' dir='ltr'>tem</span> <span class='ocrx_word' id='word_1_98' title='bbox 373 1328 648 1399; x_wconf 88' lang='lat' dir='ltr'>defletis</span> <span class='ocrx_word' id='word_1_99' title='bbox 695 1343 831 1400; x_wconf 89' lang='lat' dir='ltr'>tam</span> <span class='ocrx_word' id='word_1_100' title='bbox 893 1330 1436 1401; x_wconf 74' lang='lat' dir='ltr'>miserabiliter?</span> <span class='ocrx_word' id='word_1_101' title='bbox 1483 1335 1616 1400; x_wconf 91' lang='lat' dir='ltr'>Cur</span> <span class='ocrx_word' id='word_1_102' title='bbox 1667 1330 1892 1400; x_wconf 82' lang='lat' dir='ltr'>tristes</span> <span class='ocrx_word' id='word_1_103' title='bbox 1940 1329 2104 1402; x_wconf 87' lang='lat' dir='ltr'>estis</span> <span class='ocrx_word' id='word_1_104' title='bbox 2153 1341 2432 1420; x_wconf 88' lang='lat' dir='ltr'>propter</span> <span class='ocrx_word' id='word_1_105' title='bbox 2499 1348 2726 1428; x_wconf 79' lang='lat' dir='ltr'>meam</span> 
     </span>
     <span class='ocr_line' id='line_1_13' title="bbox 172 1416 2731 1509; baseline 0 -23"><span class='ocrx_word' id='word_1_106' title='bbox 172 1417 730 1507; x_wconf 75' lang='lat' dir='ltr'>perpessionem?</span> <span class='ocrx_word' id='word_1_107' title='bbox 755 1426 894 1489; x_wconf 86' lang='lat' dir='ltr'>Non</span> <span class='ocrx_word' id='word_1_108' title='bbox 948 1433 1049 1489; x_wconf 90' lang='lat' dir='ltr'>est</span> <span class='ocrx_word' id='word_1_109' title='bbox 1098 1421 1224 1490; x_wconf 92' lang='lat' dir='ltr'>hoc</span> <span class='ocrx_word' id='word_1_110' title='bbox 1264 1420 1436 1489; x_wconf 89' lang='lat' dir='ltr'>mihi</span> <span class='ocrx_word' id='word_1_111' title='bbox 1487 1441 1698 1500; x_wconf 85' lang='lat' dir='ltr'>mors,</span> <span class='ocrx_word' id='word_1_112' title='bbox 1756 1418 1872 1487; x_wconf 91' lang='lat' dir='ltr'>sed</span> <span class='ocrx_word' id='word_1_113' title='bbox 1924 1417 2100 1487; x_wconf 86' lang='lat' dir='ltr'>vitae</span> <span class='ocrx_word' id='word_1_114' title='bbox 2147 1418 2520 1509; x_wconf 88' lang='lat' dir='ltr'>primitiae.</span> <span class='ocrx_word' id='word_1_115' title='bbox 2562 1416 2731 1486; x_wconf 80' lang='lat' dir='ltr'>Mihi</span> 
     </span>
     <span class='ocr_line' id='line_1_14' title="bbox 167 1505 2728 1597; baseline -0 -23"><span class='ocrx_word' id='word_1_116' title='bbox 167 1526 409 1575; x_wconf 88' lang='lat' dir='ltr'>revera</span> <span class='ocrx_word' id='word_1_117' title='bbox 461 1507 689 1596; x_wconf 88' lang='lat' dir='ltr'>potius</span> <span class='ocrx_word' id='word_1_118' title='bbox 734 1521 836 1579; x_wconf 90' lang='lat' dir='ltr'>est</span> <span class='ocrx_word' id='word_1_119' title='bbox 885 1529 1093 1590; x_wconf 89' lang='lat' dir='ltr'>mors,</span> <span class='ocrx_word' id='word_1_120' title='bbox 1155 1529 1334 1597; x_wconf 86' lang='lat' dir='ltr'>quae</span> <span class='ocrx_word' id='word_1_121' title='bbox 1380 1509 1493 1579; x_wconf 90' lang='lat' dir='ltr'>hic</span> <span class='ocrx_word' id='word_1_122' title='bbox 1542 1521 1645 1578; x_wconf 89' lang='lat' dir='ltr'>est</span> <span class='ocrx_word' id='word_1_123' title='bbox 1690 1508 2150 1589; x_wconf 79' lang='lat' dir='ltr'>conversatiO,</span> <span class='ocrx_word' id='word_1_124' title='bbox 2203 1505 2535 1594; x_wconf 89' lang='lat' dir='ltr'>quoniam</span> <span class='ocrx_word' id='word_1_125' title='bbox 2587 1525 2728 1573; x_wconf 90' lang='lat' dir='ltr'>non</span> 
     </span>
     <span class='ocr_line' id='line_1_15' title="bbox 167 1591 2731 1679; baseline -0 -16"><span class='ocrx_word' id='word_1_126' title='bbox 167 1594 424 1664; x_wconf 88' lang='lat' dir='ltr'>assisto</span> <span class='ocrx_word' id='word_1_127' title='bbox 476 1616 625 1664; x_wconf 91' lang='lat' dir='ltr'>meo</span> <span class='ocrx_word' id='word_1_128' title='bbox 676 1597 998 1679; x_wconf 90' lang='lat' dir='ltr'>Domin0,</span> <span class='ocrx_word' id='word_1_129' title='bbox 1036 1619 1161 1668; x_wconf 90' lang='lat' dir='ltr'>nec</span> <span class='ocrx_word' id='word_1_130' title='bbox 1200 1597 1394 1668; x_wconf 84' lang='lat' dir='ltr'>fruor</span> <span class='ocrx_word' id='word_1_131' title='bbox 1433 1600 1512 1667; x_wconf 68' lang='lat' dir='ltr'>ea</span> <span class='ocrx_word' id='word_1_132' title='bbox 1608 1618 1736 1666; x_wconf 90' lang='lat' dir='ltr'>uae</span> <span class='ocrx_word' id='word_1_133' title='bbox 1767 1608 1868 1665; x_wconf 91' lang='lat' dir='ltr'>est</span> <span class='ocrx_word' id='word_1_134' title='bbox 1919 1595 2064 1666; x_wconf 92' lang='lat' dir='ltr'>illic</span> <span class='ocrx_word' id='word_1_135' title='bbox 2114 1591 2560 1666; x_wconf 86' lang='lat' dir='ltr'>beatitudine.</span> <span class='ocrx_word' id='word_1_136' title='bbox 2598 1598 2731 1662; x_wconf 90' lang='lat' dir='ltr'>Ha-</span> 
     </span>
     <span class='ocr_line' id='line_1_16' title="bbox 165 1618 2729 1778; baseline -0.001 -25"><span class='ocrx_word' id='word_1_137' title='bbox 165 1681 372 1762; x_wconf 87' lang='lat' dir='ltr'>betis,</span> <span class='ocrx_word' id='word_1_138' title='bbox 416 1703 458 1752; x_wconf 90' lang='grc' dir='ltr'>ο</span> <span class='ocrx_word' id='word_1_139' title='bbox 504 1684 736 1767; x_wconf 90' lang='lat' dir='ltr'>amici,</span> <span class='ocrx_word' id='word_1_140' title='bbox 782 1684 1049 1756; x_wconf 89' lang='lat' dir='ltr'>habetis</span> <span class='ocrx_word' id='word_1_141' title='bbox 1097 1686 1283 1778; x_wconf 90' lang='lat' dir='ltr'>apud</span> <span class='ocrx_word' id='word_1_142' title='bbox 1333 1704 1450 1756; x_wconf 89' lang='lat' dir='ltr'>vos</span> <span class='ocrx_word' id='word_1_143' title='bbox 1498 1618 1846 1766; x_wconf 50' lang='lat' dir='ltr'>solatium,</span> <span class='ocrx_word' id='word_1_144' title='bbox 1903 1706 2115 1775; x_wconf 87' lang='lat' dir='ltr'>prope</span> <span class='ocrx_word' id='word_1_145' title='bbox 2162 1697 2263 1754; x_wconf 92' lang='lat' dir='ltr'>est</span> <span class='ocrx_word' id='word_1_146' title='bbox 2317 1683 2511 1753; x_wconf 88' lang='lat' dir='ltr'>vobis</span> <span class='ocrx_word' id='word_1_147' title='bbox 2565 1703 2729 1752; x_wconf 87' lang='lat' dir='ltr'>con-</span> 
     </span>
     <span class='ocr_line' id='line_1_17' title="bbox 168 1769 2727 1866; baseline -0.001 -25"><span class='ocrx_word' id='word_1_148' title='bbox 168 1770 444 1841; x_wconf 90' lang='lat' dir='ltr'>solatio.</span> <span class='ocrx_word' id='word_1_149' title='bbox 500 1776 714 1854; x_wconf 89' lang='lat' dir='ltr'>Quem</span> <span class='ocrx_word' id='word_1_150' title='bbox 763 1775 948 1843; x_wconf 89' lang='lat' dir='ltr'>enim</span> <span class='ocrx_word' id='word_1_151' title='bbox 1002 1790 1281 1865; x_wconf 89' lang='lat' dir='ltr'>propter</span> <span class='ocrx_word' id='word_1_152' title='bbox 1327 1774 1535 1844; x_wconf 84' lang='lat' dir='ltr'>finem</span> <span class='ocrx_word' id='word_1_153' title='bbox 1588 1774 1863 1866; x_wconf 82' lang='lat' dir='ltr'>lugetiS,</span> <span class='ocrx_word' id='word_1_154' title='bbox 1916 1795 2075 1843; x_wconf 89' lang='lat' dir='ltr'>eum</span> <span class='ocrx_word' id='word_1_155' title='bbox 2144 1796 2263 1843; x_wconf 87' lang='lat' dir='ltr'>vos</span> <span class='ocrx_word' id='word_1_156' title='bbox 2312 1785 2467 1864; x_wconf 91' lang='lat' dir='ltr'>post</span> <span class='ocrx_word' id='word_1_157' title='bbox 2514 1769 2727 1840; x_wconf 82' lang='lat' dir='ltr'>finem</span> 
     </span>
     <span class='ocr_line' id='line_1_18' title="bbox 169 1860 2726 1951; baseline -0.001 -21"><span class='ocrx_word' id='word_1_158' title='bbox 169 1861 455 1930; x_wconf 81' lang='lat' dir='ltr'>beatum</span> <span class='ocrx_word' id='word_1_159' title='bbox 511 1863 942 1951; x_wconf 88' lang='lat' dir='ltr'>reputabitis.</span> <span class='ocrx_word' id='word_1_160' title='bbox 989 1864 1254 1935; x_wconf 86' lang='lat' dir='ltr'>Sufficit</span> <span class='ocrx_word' id='word_1_161' title='bbox 1280 1875 1507 1933; x_wconf 88' lang='lat' dir='ltr'>autem</span> <span class='ocrx_word' id='word_1_162' title='bbox 1542 1863 1672 1933; x_wconf 92' lang='lat' dir='ltr'>hoc</span> <span class='ocrx_word' id='word_1_163' title='bbox 1711 1862 1795 1931; x_wconf 91' lang='lat' dir='ltr'>ad</span> <span class='ocrx_word' id='word_1_164' title='bbox 1830 1861 2249 1932; x_wconf 82' lang='lat' dir='ltr'>afferendam</span> <span class='ocrx_word' id='word_1_165' title='bbox 2283 1860 2502 1931; x_wconf 91' lang='lat' dir='ltr'>animi</span> <span class='ocrx_word' id='word_1_166' title='bbox 2536 1872 2726 1929; x_wconf 90' lang='lat' dir='ltr'>tran-</span> 
     </span>
     <span class='ocr_line' id='line_1_19' title="bbox 168 1949 2721 2041; baseline -0.001 -23"><span class='ocrx_word' id='word_1_167' title='bbox 168 1949 617 2036; x_wconf 86' lang='lat' dir='ltr'>quillitatem,</span> <span class='ocrx_word' id='word_1_168' title='bbox 673 1951 849 2020; x_wconf 88' lang='lat' dir='ltr'>scire</span> <span class='ocrx_word' id='word_1_169' title='bbox 897 1953 1199 2022; x_wconf 84' lang='lat' dir='ltr'>amicum</span> <span class='ocrx_word' id='word_1_170' title='bbox 1259 1952 1401 2021; x_wconf 88' lang='lat' dir='ltr'>fore</span> <span class='ocrx_word' id='word_1_171' title='bbox 1464 1952 1837 2021; x_wconf 88' lang='lat' dir='ltr'>multorum</span> <span class='ocrx_word' id='word_1_172' title='bbox 1895 1952 2233 2021; x_wconf 90' lang='lat' dir='ltr'>bonorum</span> <span class='ocrx_word' id='word_1_173' title='bbox 2289 1949 2721 2041; x_wconf 84' lang='lat' dir='ltr'>participem:</span> 
     </span>
     <span class='ocr_line' id='line_1_20' title="bbox 167 2037 2719 2129; baseline -0.001 -23"><span class='ocrx_word' id='word_1_174' title='bbox 167 2037 521 2124; x_wconf 90' lang='lat' dir='ltr'>quomodo</span> <span class='ocrx_word' id='word_1_175' title='bbox 567 2050 669 2108; x_wconf 90' lang='lat' dir='ltr'>est</span> <span class='ocrx_word' id='word_1_176' title='bbox 716 2041 1155 2121; x_wconf 87' lang='lat' dir='ltr'>invidorum,</span> <span class='ocrx_word' id='word_1_177' title='bbox 1214 2041 1316 2109; x_wconf 86' lang='lat' dir='ltr'>vel</span> <span class='ocrx_word' id='word_1_178' title='bbox 1368 2040 1526 2110; x_wconf 92' lang='lat' dir='ltr'>odio</span> <span class='ocrx_word' id='word_1_179' title='bbox 1576 2041 1805 2129; x_wconf 89' lang='lat' dir='ltr'>potius</span> <span class='ocrx_word' id='word_1_180' title='bbox 1858 2039 2259 2109; x_wconf 85' lang='lat' dir='ltr'>habentium</span> <span class='ocrx_word' id='word_1_181' title='bbox 2315 2038 2719 2118; x_wconf 85' lang='lat' dir='ltr'>hominum,</span> 
     </span>
     <span class='ocr_line' id='line_1_21' title="bbox 171 2125 2723 2220; baseline -0 -25"><span class='ocrx_word' id='word_1_182' title='bbox 171 2125 453 2195; x_wconf 89' lang='lat' dir='ltr'>studere</span> <span class='ocrx_word' id='word_1_183' title='bbox 484 2148 644 2195; x_wconf 89' lang='lat' dir='ltr'>eum</span> <span class='ocrx_word' id='word_1_184' title='bbox 691 2130 958 2219; x_wconf 89' lang='lat' dir='ltr'>privare</span> <span class='ocrx_word' id='word_1_185' title='bbox 1012 2129 1400 2220; x_wconf 90' lang='lat' dir='ltr'>splendore.</span> <span class='ocrx_word' id='word_1_186' title='bbox 1433 2127 1646 2198; x_wconf 88' lang='lat' dir='ltr'>Nolite</span> <span class='ocrx_word' id='word_1_187' title='bbox 1680 2129 1924 2198; x_wconf 82' lang='lat' dir='ltr'>deflere</span> <span class='ocrx_word' id='word_1_188' title='bbox 1955 2148 2113 2197; x_wconf 90' lang='lat' dir='ltr'>eum</span> <span class='ocrx_word' id='word_1_189' title='bbox 2146 2128 2264 2215; x_wconf 90' lang='lat' dir='ltr'>qui</span> <span class='ocrx_word' id='word_1_190' title='bbox 2306 2127 2574 2195; x_wconf 80' lang='lat' dir='ltr'>deficit:</span> <span class='ocrx_word' id='word_1_191' title='bbox 2605 2125 2723 2195; x_wconf 91' lang='lat' dir='ltr'>sed</span> 
     </span>
     <span class='ocr_line' id='line_1_22' title="bbox 176 2215 2726 2308; baseline 0.001 -28"><span class='ocrx_word' id='word_1_192' title='bbox 176 2215 441 2304; x_wconf 84' lang='lat' dir='ltr'>gratias</span> <span class='ocrx_word' id='word_1_193' title='bbox 477 2215 657 2305; x_wconf 84' lang='lat' dir='ltr'>agite</span> <span class='ocrx_word' id='word_1_194' title='bbox 695 2218 758 2285; x_wconf 91' lang='lat' dir='ltr'>ei</span> <span class='ocrx_word' id='word_1_195' title='bbox 814 2219 933 2304; x_wconf 87' lang='lat' dir='ltr'>qui</span> <span class='ocrx_word' id='word_1_196' title='bbox 964 2218 1239 2308; x_wconf 90' lang='lat' dir='ltr'>accipit.</span> <span class='ocrx_word' id='word_1_197' title='bbox 1294 2224 1437 2288; x_wconf 86' lang='lat' dir='ltr'>Non</span> <span class='ocrx_word' id='word_1_198' title='bbox 1487 2218 1659 2285; x_wconf 88' lang='lat' dir='ltr'>mihi</span> <span class='ocrx_word' id='word_1_199' title='bbox 1714 2217 1904 2286; x_wconf 90' lang='lat' dir='ltr'>illius</span> <span class='ocrx_word' id='word_1_200' title='bbox 1937 2216 2196 2306; x_wconf 85' lang='lat' dir='ltr'>gloriae</span> <span class='ocrx_word' id='word_1_201' title='bbox 2230 2216 2726 2286; x_wconf 88' lang='lat' dir='ltr'>detrimentum</span> 
     </span>
     <span class='ocr_line' id='line_1_23' title="bbox 117 2302 2720 2397; baseline 0 -28"><span class='ocrx_word' id='word_1_202' title='bbox 117 2308 124 2315; x_wconf 80' lang='lat'><em>&#39;</em></span> <span class='ocrx_word' id='word_1_203' title='bbox 182 2302 506 2382; x_wconf 80' lang='lat' dir='ltr'>afferatis,</span> <span class='ocrx_word' id='word_1_204' title='bbox 540 2325 747 2390; x_wconf 88' lang='lat' dir='ltr'>quam</span> <span class='ocrx_word' id='word_1_205' title='bbox 780 2327 905 2397; x_wconf 84' lang='lat' dir='ltr'>ego</span> <span class='ocrx_word' id='word_1_206' title='bbox 936 2307 1072 2375; x_wconf 88' lang='lat' dir='ltr'>vidi</span> <span class='ocrx_word' id='word_1_207' title='bbox 1106 2307 1441 2376; x_wconf 89' lang='lat' dir='ltr'>elementa</span> <span class='ocrx_word' id='word_1_208' title='bbox 1475 2316 1882 2375; x_wconf 88' lang='lat' dir='ltr'>moventem.</span> <span class='ocrx_word' id='word_1_209' title='bbox 1921 2311 2060 2373; x_wconf 87' lang='lat' dir='ltr'>Non</span> <span class='ocrx_word' id='word_1_210' title='bbox 2099 2304 2487 2397; x_wconf 86' lang='lat' dir='ltr'>negaverim</span> <span class='ocrx_word' id='word_1_211' title='bbox 2530 2320 2720 2385; x_wconf 89' lang='lat' dir='ltr'>eum,</span> 
     </span>
     <span class='ocr_line' id='line_1_24' title="bbox 179 2392 2727 2476; baseline 0.001 -19"><span class='ocrx_word' id='word_1_212' title='bbox 179 2409 391 2476; x_wconf 90' lang='lat' dir='ltr'>quem</span> <span class='ocrx_word' id='word_1_213' title='bbox 442 2392 551 2460; x_wconf 88' lang='lat' dir='ltr'>Dei</span> <span class='ocrx_word' id='word_1_214' title='bbox 602 2394 811 2463; x_wconf 89' lang='lat' dir='ltr'>semel</span> <span class='ocrx_word' id='word_1_215' title='bbox 863 2395 1084 2464; x_wconf 85' lang='lat' dir='ltr'>filium</span> <span class='ocrx_word' id='word_1_216' title='bbox 1136 2416 1342 2465; x_wconf 90' lang='lat' dir='ltr'>suum</span> <span class='ocrx_word' id='word_1_217' title='bbox 1391 2394 1771 2465; x_wconf 85' lang='lat' dir='ltr'>confessus.</span> <span class='ocrx_word' id='word_1_218' title='bbox 1832 2393 2063 2463; x_wconf 89' lang='lat' dir='ltr'>Timeo</span> <span class='ocrx_word' id='word_1_219' title='bbox 2108 2415 2193 2463; x_wconf 92' lang='lat' dir='ltr'>ne</span> <span class='ocrx_word' id='word_1_220' title='bbox 2239 2404 2537 2463; x_wconf 87' lang='lat' dir='ltr'>creatam</span> <span class='ocrx_word' id='word_1_221' title='bbox 2603 2412 2727 2460; x_wconf 88' lang='lat' dir='ltr'>na-</span> 
     </span>
     <span class='ocr_line' id='line_1_25' title="bbox 198 2480 2728 2583; baseline 0 -35"><span class='ocrx_word' id='word_1_222' title='bbox 198 2489 423 2549; x_wconf 86' lang='lat' dir='ltr'>turam</span> <span class='ocrx_word' id='word_1_223' title='bbox 474 2480 816 2553; x_wconf 88' lang='lat' dir='ltr'>inveniam</span> <span class='ocrx_word' id='word_1_224' title='bbox 850 2486 1365 2566; x_wconf 85' lang='lat' dir='ltr'>accusatricem,</span> <span class='ocrx_word' id='word_1_225' title='bbox 1405 2484 1464 2556; x_wconf 88' lang='lat' dir='ltr'>si</span> <span class='ocrx_word' id='word_1_226' title='bbox 1506 2484 1570 2553; x_wconf 91' lang='lat' dir='ltr'>in</span> <span class='ocrx_word' id='word_1_227' title='bbox 1607 2506 1764 2554; x_wconf 89' lang='lat' dir='ltr'>eum</span> <span class='ocrx_word' id='word_1_228' title='bbox 1801 2505 2172 2575; x_wconf 87' lang='lat' dir='ltr'>appaream</span> <span class='ocrx_word' id='word_1_229' title='bbox 2208 2481 2533 2563; x_wconf 74' lang='lat' dir='ltr'>infidelis,</span> <span class='ocrx_word' id='word_1_230' title='bbox 2573 2502 2728 2583; x_wconf 89' lang='lat' dir='ltr'>pro-</span> 
     </span>
     <span class='ocr_line' id='line_1_26' title="bbox 187 2570 2719 2664; baseline 0.001 -28"><span class='ocrx_word' id='word_1_231' title='bbox 187 2580 335 2657; x_wconf 91' lang='lat' dir='ltr'>pter</span> <span class='ocrx_word' id='word_1_232' title='bbox 375 2571 575 2661; x_wconf 89' lang='lat' dir='ltr'>cujus</span> <span class='ocrx_word' id='word_1_233' title='bbox 625 2574 1010 2662; x_wconf 90' lang='lat' dir='ltr'>passionem</span> <span class='ocrx_word' id='word_1_234' title='bbox 1059 2574 1326 2644; x_wconf 90' lang='lat' dir='ltr'>coelum</span> <span class='ocrx_word' id='word_1_235' title='bbox 1360 2594 1634 2661; x_wconf 87' lang='lat' dir='ltr'>quoque</span> <span class='ocrx_word' id='word_1_236' title='bbox 1663 2575 1892 2664; x_wconf 89' lang='lat' dir='ltr'>ipsum</span> <span class='ocrx_word' id='word_1_237' title='bbox 1924 2584 2026 2642; x_wconf 89' lang='lat' dir='ltr'>est</span> <span class='ocrx_word' id='word_1_238' title='bbox 2058 2573 2377 2642; x_wconf 84' lang='lat' dir='ltr'>aflectum</span> <span class='ocrx_word' id='word_1_239' title='bbox 2418 2570 2719 2650; x_wconf 72' lang='lat' dir='ltr'>tristitia,</span> 
     </span>
     <span class='ocr_line' id='line_1_27' title="bbox 185 2657 2725 2746; baseline 0.001 -22"><span class='ocrx_word' id='word_1_240' title='bbox 185 2666 251 2725; x_wconf 91' lang='lat' dir='ltr'>et</span> <span class='ocrx_word' id='word_1_241' title='bbox 295 2657 390 2726; x_wconf 89' lang='lat' dir='ltr'>sol</span> <span class='ocrx_word' id='word_1_242' title='bbox 439 2661 773 2731; x_wconf 82' lang='lat' dir='ltr'>contraxit</span> <span class='ocrx_word' id='word_1_243' title='bbox 819 2663 1069 2746; x_wconf 78' lang='lat' dir='ltr'>radiOS,</span> <span class='ocrx_word' id='word_1_244' title='bbox 1118 2678 1183 2734; x_wconf 87' lang='lat' dir='ltr'>et</span> <span class='ocrx_word' id='word_1_245' title='bbox 1230 2663 1349 2733; x_wconf 83' lang='lat' dir='ltr'>lux</span> <span class='ocrx_word' id='word_1_246' title='bbox 1394 2663 1532 2732; x_wconf 92' lang='lat' dir='ltr'>diei</span> <span class='ocrx_word' id='word_1_247' title='bbox 1582 2662 2067 2733; x_wconf 88' lang='lat' dir='ltr'>miserabiliter</span> <span class='ocrx_word' id='word_1_248' title='bbox 2114 2661 2410 2731; x_wconf 90' lang='lat' dir='ltr'>deducta</span> <span class='ocrx_word' id='word_1_249' title='bbox 2457 2659 2588 2728; x_wconf 87' lang='lat' dir='ltr'>fuit</span> <span class='ocrx_word' id='word_1_250' title='bbox 2637 2658 2725 2728; x_wconf 92' lang='lat' dir='ltr'>ad</span> 
     </span>
     <span class='ocr_line' id='line_1_28' title="bbox 183 2759 538 2818; baseline 0.008 -5"><span class='ocrx_word' id='word_1_251' title='bbox 183 2759 538 2818; x_wconf 83' lang='lat' dir='ltr'>noctem.»</span> 
     </span>
    </p>

    <p class='ocr_par' dir='ltr' id='par_1_4' title="bbox 166 2836 2732 4509">
     <span class='ocr_line' id='line_1_29' title="bbox 263 2836 2721 2930; baseline -0.002 -21"><span class='ocrx_word' id='word_1_252' title='bbox 263 2837 299 2923; x_wconf 67' lang='grc' dir='ltr'><strong><em>ξ</em></strong></span> <span class='ocrx_word' id='word_1_253' title='bbox 345 2843 426 2909; x_wconf 66' lang='lat'>⁷.</span> <span class='ocrx_word' id='word_1_254' title='bbox 480 2843 659 2908; x_wconf 86' lang='lat' dir='ltr'>Haec</span> <span class='ocrx_word' id='word_1_255' title='bbox 704 2839 934 2910; x_wconf 90' lang='lat' dir='ltr'>adhuc</span> <span class='ocrx_word' id='word_1_256' title='bbox 980 2839 1248 2910; x_wconf 88' lang='lat' dir='ltr'>dicente</span> <span class='ocrx_word' id='word_1_257' title='bbox 1297 2840 1625 2930; x_wconf 86' lang='lat' dir='ltr'>Longin0,</span> <span class='ocrx_word' id='word_1_258' title='bbox 1665 2850 1731 2909; x_wconf 90' lang='lat' dir='ltr'>et</span> <span class='ocrx_word' id='word_1_259' title='bbox 1774 2839 1898 2921; x_wconf 89' lang='lat' dir='ltr'>eis,</span> <span class='ocrx_word' id='word_1_260' title='bbox 1943 2837 2065 2926; x_wconf 91' lang='lat' dir='ltr'>qui</span> <span class='ocrx_word' id='word_1_261' title='bbox 2115 2838 2309 2909; x_wconf 90' lang='lat' dir='ltr'>missi</span> <span class='ocrx_word' id='word_1_262' title='bbox 2358 2836 2642 2906; x_wconf 83' lang='lat' dir='ltr'>fuerunt</span> <span class='ocrx_word' id='word_1_263' title='bbox 2679 2857 2721 2905; x_wconf 90' lang='lat' dir='ltr'>a</span> 
     </span>
     <span class='ocr_line' id='line_1_30' title="bbox 174 2922 2727 3018; baseline 0 -26"><span class='ocrx_word' id='word_1_264' title='bbox 174 2922 387 2995; x_wconf 88' lang='lat' dir='ltr'>Pilato</span> <span class='ocrx_word' id='word_1_265' title='bbox 443 2928 919 3018; x_wconf 85' lang='lat' dir='ltr'>persuadente,</span> <span class='ocrx_word' id='word_1_266' title='bbox 974 2942 1049 2998; x_wconf 89' lang='lat' dir='ltr'>ut</span> <span class='ocrx_word' id='word_1_267' title='bbox 1096 2928 1395 2999; x_wconf 86' lang='lat' dir='ltr'>facerent</span> <span class='ocrx_word' id='word_1_268' title='bbox 1439 2929 1621 3015; x_wconf 87' lang='lat' dir='ltr'>quod</span> <span class='ocrx_word' id='word_1_269' title='bbox 1672 2928 1771 2999; x_wconf 91' lang='lat' dir='ltr'>eis</span> <span class='ocrx_word' id='word_1_270' title='bbox 1817 2928 2041 2998; x_wconf 88' lang='lat' dir='ltr'>fuerat</span> <span class='ocrx_word' id='word_1_271' title='bbox 2099 2928 2516 3016; x_wconf 89' lang='lat' dir='ltr'>imperatum</span> <span class='ocrx_word' id='word_1_272' title='bbox 2548 2980 2563 3004; x_wconf 93' lang='lat'>,</span> <span class='ocrx_word' id='word_1_273' title='bbox 2610 2945 2727 2993; x_wconf 88' lang='lat' dir='ltr'>ve-</span> 
     </span>
     <span class='ocr_line' id='line_1_31' title="bbox 172 3013 2726 3105; baseline 0.001 -25"><span class='ocrx_word' id='word_1_274' title='bbox 172 3013 379 3086; x_wconf 91' lang='lat' dir='ltr'>niunt</span> <span class='ocrx_word' id='word_1_275' title='bbox 434 3016 726 3099; x_wconf 79' lang='lat' dir='ltr'>militeS,</span> <span class='ocrx_word' id='word_1_276' title='bbox 800 3018 917 3105; x_wconf 90' lang='lat' dir='ltr'>qui</span> <span class='ocrx_word' id='word_1_277' title='bbox 991 3040 1150 3088; x_wconf 86' lang='lat' dir='ltr'>cum</span> <span class='ocrx_word' id='word_1_278' title='bbox 1200 3039 1279 3087; x_wconf 90' lang='lat' dir='ltr'>eo</span> <span class='ocrx_word' id='word_1_279' title='bbox 1328 3029 1545 3088; x_wconf 89' lang='lat' dir='ltr'>morte</span> <span class='ocrx_word' id='word_1_280' title='bbox 1592 3016 1900 3087; x_wconf 88' lang='lat' dir='ltr'>damnati</span> <span class='ocrx_word' id='word_1_281' title='bbox 1958 3016 2248 3086; x_wconf 85' lang='lat' dir='ltr'>fuerant.</span> <span class='ocrx_word' id='word_1_282' title='bbox 2315 3015 2440 3084; x_wconf 89' lang='lat' dir='ltr'>Ille</span> <span class='ocrx_word' id='word_1_283' title='bbox 2490 3017 2726 3083; x_wconf 82' lang='lat' dir='ltr'>autem</span> 
     </span>
     <span class='ocr_line' id='line_1_32' title="bbox 173 3101 2728 3196; baseline -0 -26"><span class='ocrx_word' id='word_1_284' title='bbox 173 3101 347 3174; x_wconf 90' lang='lat' dir='ltr'>laeto</span> <span class='ocrx_word' id='word_1_285' title='bbox 379 3116 448 3175; x_wconf 90' lang='lat' dir='ltr'>et</span> <span class='ocrx_word' id='word_1_286' title='bbox 487 3105 698 3176; x_wconf 79' lang='lat' dir='ltr'>alacri</span> <span class='ocrx_word' id='word_1_287' title='bbox 735 3106 932 3176; x_wconf 88' lang='lat' dir='ltr'>vultu</span> <span class='ocrx_word' id='word_1_288' title='bbox 961 3126 1077 3176; x_wconf 88' lang='lat' dir='ltr'>eos</span> <span class='ocrx_word' id='word_1_289' title='bbox 1107 3107 1409 3188; x_wconf 79' lang='lat' dir='ltr'>intuenS,</span> <span class='ocrx_word' id='word_1_290' title='bbox 1446 3119 1505 3177; x_wconf 91' lang='lat' dir='ltr'>et</span> <span class='ocrx_word' id='word_1_291' title='bbox 1535 3107 1883 3176; x_wconf 75' lang='lat' dir='ltr'>dexteram</span> <span class='ocrx_word' id='word_1_292' title='bbox 1916 3105 2016 3174; x_wconf 89' lang='lat' dir='ltr'>eis</span> <span class='ocrx_word' id='word_1_293' title='bbox 2056 3105 2318 3196; x_wconf 86' lang='lat' dir='ltr'>injicit,</span> <span class='ocrx_word' id='word_1_294' title='bbox 2357 3115 2421 3174; x_wconf 93' lang='lat' dir='ltr'>et</span> <span class='ocrx_word' id='word_1_295' title='bbox 2453 3102 2728 3173; x_wconf 88' lang='lat' dir='ltr'>collum</span> 
     </span>
     <span class='ocr_line' id='line_1_33' title="bbox 168 3190 2723 3283; baseline -0.001 -22"><span class='ocrx_word' id='word_1_296' title='bbox 168 3192 638 3283; x_wconf 85' lang='lat' dir='ltr'>amplectitur,</span> <span class='ocrx_word' id='word_1_297' title='bbox 689 3207 755 3264; x_wconf 89' lang='lat' dir='ltr'>et</span> <span class='ocrx_word' id='word_1_298' title='bbox 800 3194 1037 3265; x_wconf 88' lang='lat' dir='ltr'>oculos</span> <span class='ocrx_word' id='word_1_299' title='bbox 1086 3196 1384 3266; x_wconf 89' lang='lat' dir='ltr'>suaviter</span> <span class='ocrx_word' id='word_1_300' title='bbox 1429 3195 1906 3275; x_wconf 87' lang='lat' dir='ltr'>deosculatur,</span> <span class='ocrx_word' id='word_1_301' title='bbox 1959 3205 2046 3274; x_wconf 91' lang='lat' dir='ltr'>et,</span> <span class='ocrx_word' id='word_1_302' title='bbox 2105 3193 2405 3274; x_wconf 88' lang='lat' dir='ltr'>Salvete,</span> <span class='ocrx_word' id='word_1_303' title='bbox 2461 3190 2723 3279; x_wconf 90' lang='lat' dir='ltr'>inquit,</span> 
     </span>
     <span class='ocr_line' id='line_1_34' title="bbox 168 3282 2732 3375; baseline -0.001 -25"><span class='ocrx_word' id='word_1_304' title='bbox 168 3301 209 3350; x_wconf 93' lang='lat' dir='ltr'>o</span> <span class='ocrx_word' id='word_1_305' title='bbox 243 3282 499 3353; x_wconf 84' lang='lat' dir='ltr'>Christi</span> <span class='ocrx_word' id='word_1_306' title='bbox 523 3283 1048 3365; x_wconf 88' lang='lat' dir='ltr'>commilitones,</span> <span class='ocrx_word' id='word_1_307' title='bbox 1076 3295 1140 3354; x_wconf 92' lang='lat' dir='ltr'>et</span> <span class='ocrx_word' id='word_1_308' title='bbox 1166 3283 1492 3353; x_wconf 86' lang='lat' dir='ltr'>haeredes</span> <span class='ocrx_word' id='word_1_309' title='bbox 1519 3284 1739 3375; x_wconf 87' lang='lat' dir='ltr'>regni,</span> <span class='ocrx_word' id='word_1_310' title='bbox 1772 3282 2044 3353; x_wconf 83' lang='lat' dir='ltr'>salvete.</span> <span class='ocrx_word' id='word_1_311' title='bbox 2081 3289 2237 3352; x_wconf 84' lang='lat' dir='ltr'>Jam</span> <span class='ocrx_word' id='word_1_312' title='bbox 2268 3282 2454 3353; x_wconf 90' lang='lat' dir='ltr'>enim</span> <span class='ocrx_word' id='word_1_313' title='bbox 2493 3290 2732 3371; x_wconf 88' lang='lat' dir='ltr'>aperta</span> 
     </span>
     <span class='ocr_line' id='line_1_35' title="bbox 168 3367 2728 3463; baseline -0.001 -24"><span class='ocrx_word' id='word_1_314' title='bbox 168 3384 268 3440; x_wconf 90' lang='lat' dir='ltr'>est</span> <span class='ocrx_word' id='word_1_315' title='bbox 322 3384 561 3462; x_wconf 88' lang='lat' dir='ltr'>porta,</span> <span class='ocrx_word' id='word_1_316' title='bbox 613 3393 789 3459; x_wconf 90' lang='lat' dir='ltr'>quae</span> <span class='ocrx_word' id='word_1_317' title='bbox 847 3384 949 3442; x_wconf 88' lang='lat' dir='ltr'>est</span> <span class='ocrx_word' id='word_1_318' title='bbox 1011 3373 1079 3440; x_wconf 91' lang='lat' dir='ltr'>in</span> <span class='ocrx_word' id='word_1_319' title='bbox 1130 3372 1379 3454; x_wconf 91' lang='lat' dir='ltr'>coelis,</span> <span class='ocrx_word' id='word_1_320' title='bbox 1433 3384 1498 3442; x_wconf 88' lang='lat' dir='ltr'>et</span> <span class='ocrx_word' id='word_1_321' title='bbox 1559 3371 1789 3463; x_wconf 82' lang='lat' dir='ltr'>angeli</span> <span class='ocrx_word' id='word_1_322' title='bbox 1837 3383 1998 3442; x_wconf 91' lang='lat' dir='ltr'>sunt</span> <span class='ocrx_word' id='word_1_323' title='bbox 2044 3384 2316 3441; x_wconf 89' lang='lat' dir='ltr'>nostras</span> <span class='ocrx_word' id='word_1_324' title='bbox 2365 3367 2728 3460; x_wconf 88' lang='lat' dir='ltr'>accepturi</span> 
     </span>
     <span class='ocr_line' id='line_1_36' title="bbox 168 3458 2729 3552; baseline -0 -24"><span class='ocrx_word' id='word_1_325' title='bbox 168 3461 472 3530; x_wconf 89' lang='lat' dir='ltr'>animas.</span> <span class='ocrx_word' id='word_1_326' title='bbox 525 3471 591 3529; x_wconf 89' lang='lat' dir='ltr'>et</span> <span class='ocrx_word' id='word_1_327' title='bbox 634 3460 933 3531; x_wconf 88' lang='lat' dir='ltr'>oblaturi</span> <span class='ocrx_word' id='word_1_328' title='bbox 981 3461 1147 3531; x_wconf 86' lang='lat' dir='ltr'>Filio</span> <span class='ocrx_word' id='word_1_329' title='bbox 1190 3461 1575 3552; x_wconf 81' lang='lat' dir='ltr'>UnigenitO.</span> <span class='ocrx_word' id='word_1_330' title='bbox 1633 3466 1823 3542; x_wconf 90' lang='lat' dir='ltr'>Ecce,</span> <span class='ocrx_word' id='word_1_331' title='bbox 1862 3472 1927 3530; x_wconf 92' lang='lat' dir='ltr'>et</span> <span class='ocrx_word' id='word_1_332' title='bbox 1975 3459 2333 3550; x_wconf 89' lang='lat' dir='ltr'>lampades</span> <span class='ocrx_word' id='word_1_333' title='bbox 2379 3458 2603 3539; x_wconf 78' lang='lat' dir='ltr'>viden,</span> <span class='ocrx_word' id='word_1_334' title='bbox 2663 3467 2729 3527; x_wconf 83' lang='lat' dir='ltr'>et</span> 
     </span>
     <span class='ocr_line' id='line_1_37' title="bbox 169 3545 2729 3639; baseline -0.001 -22"><span class='ocrx_word' id='word_1_335' title='bbox 169 3552 516 3639; x_wconf 77' lang='lat' dir='ltr'>apparent</span> <span class='ocrx_word' id='word_1_336' title='bbox 562 3549 732 3618; x_wconf 88' lang='lat' dir='ltr'>mihi</span> <span class='ocrx_word' id='word_1_337' title='bbox 783 3551 1039 3632; x_wconf 80' lang='lat' dir='ltr'>bravia,</span> <span class='ocrx_word' id='word_1_338' title='bbox 1078 3569 1239 3620; x_wconf 85' lang='lat' dir='ltr'>cum</span> <span class='ocrx_word' id='word_1_339' title='bbox 1280 3550 1536 3637; x_wconf 88' lang='lat' dir='ltr'>quibus</span> <span class='ocrx_word' id='word_1_340' title='bbox 1588 3549 1879 3620; x_wconf 88' lang='lat' dir='ltr'>sistendi</span> <span class='ocrx_word' id='word_1_341' title='bbox 1922 3571 2168 3619; x_wconf 89' lang='lat' dir='ltr'>sumus</span> <span class='ocrx_word' id='word_1_342' title='bbox 2198 3548 2283 3618; x_wconf 90' lang='lat' dir='ltr'>ad</span> <span class='ocrx_word' id='word_1_343' title='bbox 2310 3546 2578 3638; x_wconf 90' lang='lat' dir='ltr'>judicis</span> <span class='ocrx_word' id='word_1_344' title='bbox 2611 3545 2729 3616; x_wconf 90' lang='lat' dir='ltr'>tri-</span> 
     </span>
     <span class='ocr_line' id='line_1_38' title="bbox 166 3634 2726 3730; baseline -0.001 -25"><span class='ocrx_word' id='word_1_345' title='bbox 166 3636 417 3706; x_wconf 80' lang='lat' dir='ltr'>bunal.</span> <span class='ocrx_word' id='word_1_346' title='bbox 474 3637 601 3706; x_wconf 92' lang='lat' dir='ltr'>Sed</span> <span class='ocrx_word' id='word_1_347' title='bbox 650 3638 837 3707; x_wconf 92' lang='lat' dir='ltr'>enim</span> <span class='ocrx_word' id='word_1_348' title='bbox 887 3639 941 3708; x_wconf 93' lang='lat' dir='ltr'>si</span> <span class='ocrx_word' id='word_1_349' title='bbox 1000 3639 1169 3726; x_wconf 90' lang='lat' dir='ltr'>quid</span> <span class='ocrx_word' id='word_1_350' title='bbox 1222 3639 1411 3710; x_wconf 91' lang='lat' dir='ltr'>vobis</span> <span class='ocrx_word' id='word_1_351' title='bbox 1458 3651 1559 3709; x_wconf 88' lang='lat' dir='ltr'>est</span> <span class='ocrx_word' id='word_1_352' title='bbox 1606 3638 2046 3730; x_wconf 88' lang='lat' dir='ltr'>imperatum,</span> <span class='ocrx_word' id='word_1_353' title='bbox 2089 3637 2361 3707; x_wconf 87' lang='lat' dir='ltr'>dicebat</span> <span class='ocrx_word' id='word_1_354' title='bbox 2407 3636 2531 3716; x_wconf 91' lang='lat' dir='ltr'>eis,</span> <span class='ocrx_word' id='word_1_355' title='bbox 2601 3634 2726 3721; x_wconf 87' lang='lat' dir='ltr'>qui</span> 
     </span>
     <span class='ocr_line' id='line_1_39' title="bbox 170 3724 2726 3817; baseline -0.001 -23"><span class='ocrx_word' id='word_1_356' title='bbox 170 3727 370 3798; x_wconf 89' lang='lat' dir='ltr'>missi</span> <span class='ocrx_word' id='word_1_357' title='bbox 419 3725 711 3808; x_wconf 84' lang='lat' dir='ltr'>fuerant,</span> <span class='ocrx_word' id='word_1_358' title='bbox 766 3727 835 3795; x_wconf 92' lang='lat' dir='ltr'>id</span> <span class='ocrx_word' id='word_1_359' title='bbox 886 3727 1183 3817; x_wconf 91' lang='lat' dir='ltr'>implete.</span> <span class='ocrx_word' id='word_1_360' title='bbox 1235 3727 1489 3797; x_wconf 91' lang='lat' dir='ltr'>Deinde</span> <span class='ocrx_word' id='word_1_361' title='bbox 1536 3729 1739 3797; x_wconf 86' lang='lat' dir='ltr'>etiam</span> <span class='ocrx_word' id='word_1_362' title='bbox 1791 3748 2164 3798; x_wconf 89' lang='lat' dir='ltr'>conversus</span> <span class='ocrx_word' id='word_1_363' title='bbox 2189 3724 2276 3795; x_wconf 90' lang='lat' dir='ltr'>ad</span> <span class='ocrx_word' id='word_1_364' title='bbox 2307 3725 2561 3793; x_wconf 91' lang='lat' dir='ltr'>domus</span> <span class='ocrx_word' id='word_1_365' title='bbox 2604 3744 2726 3792; x_wconf 92' lang='lat' dir='ltr'>cu-</span> 
     </span>
     <span class='ocr_line' id='line_1_40' title="bbox 170 3814 2727 3904; baseline -0.001 -21"><span class='ocrx_word' id='word_1_366' title='bbox 170 3828 498 3896; x_wconf 83' lang='lat' dir='ltr'>ratorem,</span> <span class='ocrx_word' id='word_1_367' title='bbox 542 3814 738 3903; x_wconf 88' lang='lat' dir='ltr'>jubet</span> <span class='ocrx_word' id='word_1_368' title='bbox 784 3829 1037 3886; x_wconf 86' lang='lat' dir='ltr'>vestem</span> <span class='ocrx_word' id='word_1_369' title='bbox 1087 3816 1422 3886; x_wconf 90' lang='lat' dir='ltr'>mundam</span> <span class='ocrx_word' id='word_1_370' title='bbox 1471 3816 1558 3886; x_wconf 88' lang='lat' dir='ltr'>ad</span> <span class='ocrx_word' id='word_1_371' title='bbox 1612 3839 1686 3886; x_wconf 89' lang='lat' dir='ltr'>se</span> <span class='ocrx_word' id='word_1_372' title='bbox 1731 3815 2004 3897; x_wconf 79' lang='lat' dir='ltr'>deferri,</span> <span class='ocrx_word' id='word_1_373' title='bbox 2061 3826 2141 3885; x_wconf 90' lang='lat' dir='ltr'>ut</span> <span class='ocrx_word' id='word_1_374' title='bbox 2188 3814 2309 3902; x_wconf 88' lang='lat' dir='ltr'>qui</span> <span class='ocrx_word' id='word_1_375' title='bbox 2347 3814 2494 3904; x_wconf 87' lang='lat' dir='ltr'>jam</span> <span class='ocrx_word' id='word_1_376' title='bbox 2546 3823 2727 3882; x_wconf 86' lang='lat' dir='ltr'>esset</span> 
     </span>
     <span class='ocr_line' id='line_1_41' title="bbox 172 3904 2724 3996; baseline 0 -26"><span class='ocrx_word' id='word_1_377' title='bbox 172 3918 461 3974; x_wconf 82' lang='lat' dir='ltr'>vocatus</span> <span class='ocrx_word' id='word_1_378' title='bbox 508 3904 595 3973; x_wconf 90' lang='lat' dir='ltr'>ad</span> <span class='ocrx_word' id='word_1_379' title='bbox 638 3905 914 3996; x_wconf 90' lang='lat' dir='ltr'>nuptias</span> <span class='ocrx_word' id='word_1_380' title='bbox 959 3916 1024 3975; x_wconf 90' lang='lat' dir='ltr'>et</span> <span class='ocrx_word' id='word_1_381' title='bbox 1072 3905 1451 3976; x_wconf 89' lang='lat' dir='ltr'>thalamum</span> <span class='ocrx_word' id='word_1_382' title='bbox 1489 3961 1505 3988; x_wconf 94' lang='lat'><strong><em>‚</em></strong></span> <span class='ocrx_word' id='word_1_383' title='bbox 1557 3916 1623 3975; x_wconf 90' lang='lat' dir='ltr'>et</span> <span class='ocrx_word' id='word_1_384' title='bbox 1672 3926 1751 3974; x_wconf 89' lang='lat' dir='ltr'>eo</span> <span class='ocrx_word' id='word_1_385' title='bbox 1799 3904 2176 3975; x_wconf 85' lang='lat' dir='ltr'>festinaret.</span> <span class='ocrx_word' id='word_1_386' title='bbox 2231 3908 2438 3973; x_wconf 90' lang='lat' dir='ltr'>Porro</span> <span class='ocrx_word' id='word_1_387' title='bbox 2487 3912 2724 3972; x_wconf 90' lang='lat' dir='ltr'>autem</span> 
     </span>
     <span class='ocr_line' id='line_1_42' title="bbox 175 3991 2724 4077; baseline -0 -16"><span class='ocrx_word' id='word_1_388' title='bbox 175 4013 335 4063; x_wconf 86' lang='lat' dir='ltr'>cum</span> <span class='ocrx_word' id='word_1_389' title='bbox 405 3991 749 4062; x_wconf 87' lang='lat' dir='ltr'>induisset</span> <span class='ocrx_word' id='word_1_390' title='bbox 809 4005 1063 4064; x_wconf 87' lang='lat' dir='ltr'>vestem</span> <span class='ocrx_word' id='word_1_391' title='bbox 1093 4049 1109 4076; x_wconf 96' lang='lat'>,</span> <span class='ocrx_word' id='word_1_392' title='bbox 1162 4007 1229 4065; x_wconf 90' lang='lat' dir='ltr'>et</span> <span class='ocrx_word' id='word_1_393' title='bbox 1277 4017 1492 4065; x_wconf 88' lang='lat' dir='ltr'>manu</span> <span class='ocrx_word' id='word_1_394' title='bbox 1537 3993 1951 4066; x_wconf 83' lang='lat' dir='ltr'>ostendisset</span> <span class='ocrx_word' id='word_1_395' title='bbox 1995 3991 2351 4062; x_wconf 86' lang='lat' dir='ltr'>tumulum</span> <span class='ocrx_word' id='word_1_396' title='bbox 2382 4047 2397 4073; x_wconf 95' lang='lat'>‚</span> <span class='ocrx_word' id='word_1_397' title='bbox 2453 3991 2526 4060; x_wconf 91' lang='lat' dir='ltr'>in</span> <span class='ocrx_word' id='word_1_398' title='bbox 2583 4010 2724 4077; x_wconf 89' lang='lat' dir='ltr'>quo</span> 
     </span>
     <span class='ocr_line' id='line_1_43' title="bbox 178 4081 2729 4175; baseline 0.001 -30"><span class='ocrx_word' id='word_1_399' title='bbox 178 4081 447 4152; x_wconf 81' lang='lat' dir='ltr'>volebat</span> <span class='ocrx_word' id='word_1_400' title='bbox 487 4082 649 4170; x_wconf 89' lang='lat' dir='ltr'>poni</span> <span class='ocrx_word' id='word_1_401' title='bbox 704 4103 821 4150; x_wconf 89' lang='lat' dir='ltr'>cor</span> <span class='ocrx_word' id='word_1_402' title='bbox 873 4103 955 4155; x_wconf 89' lang='lat' dir='ltr'>us</span> <span class='ocrx_word' id='word_1_403' title='bbox 986 4137 1001 4164; x_wconf 94' lang='lat'>‚</span> <span class='ocrx_word' id='word_1_404' title='bbox 1041 4082 1109 4152; x_wconf 91' lang='lat' dir='ltr'>in</span> <span class='ocrx_word' id='word_1_405' title='bbox 1160 4105 1388 4175; x_wconf 86' lang='lat' dir='ltr'>genua</span> <span class='ocrx_word' id='word_1_406' title='bbox 1433 4103 1595 4152; x_wconf 90' lang='lat' dir='ltr'>cum</span> <span class='ocrx_word' id='word_1_407' title='bbox 1655 4082 1744 4151; x_wconf 92' lang='lat' dir='ltr'>iis</span> <span class='ocrx_word' id='word_1_408' title='bbox 1791 4081 2090 4163; x_wconf 90' lang='lat' dir='ltr'>duobus,</span> <span class='ocrx_word' id='word_1_409' title='bbox 2133 4081 2255 4169; x_wconf 89' lang='lat' dir='ltr'>qui</span> <span class='ocrx_word' id='word_1_410' title='bbox 2322 4092 2517 4151; x_wconf 89' lang='lat' dir='ltr'>erant</span> <span class='ocrx_word' id='word_1_411' title='bbox 2565 4100 2729 4149; x_wconf 90' lang='lat' dir='ltr'>cum</span> 
     </span>
     <span class='ocr_line' id='line_1_44' title="bbox 183 4105 2732 4262; baseline 0.001 -27"><span class='ocrx_word' id='word_1_412' title='bbox 183 4166 351 4258; x_wconf 90' lang='lat' dir='ltr'>ipso,</span> <span class='ocrx_word' id='word_1_413' title='bbox 391 4169 771 4239; x_wconf 87' lang='lat' dir='ltr'>inclinatus</span> <span class='ocrx_word' id='word_1_414' title='bbox 819 4105 893 4262; x_wconf 48' lang='grc' dir='ltr'>ἕο</span> <span class='ocrx_word' id='word_1_415' title='bbox 940 4171 1216 4242; x_wconf 87' lang='lat' dir='ltr'>beatum</span> <span class='ocrx_word' id='word_1_416' title='bbox 1266 4171 1508 4262; x_wconf 89' lang='lat' dir='ltr'>finem)</span> <span class='ocrx_word' id='word_1_417' title='bbox 1539 4171 1802 4262; x_wconf 79' lang='lat' dir='ltr'>peregit</span> <span class='ocrx_word' id='word_1_418' title='bbox 1848 4174 2220 4241; x_wconf 75' lang='lat' dir='ltr'>certarnen:</span> <span class='ocrx_word' id='word_1_419' title='bbox 2259 4181 2325 4239; x_wconf 88' lang='lat' dir='ltr'>et</span> <span class='ocrx_word' id='word_1_420' title='bbox 2356 4167 2732 4260; x_wconf 86' lang='lat' dir='ltr'>amputatis</span> 
     </span>
     <span class='ocr_line' id='line_1_45' title="bbox 180 4257 2718 4350; baseline -0.001 -22"><span class='ocrx_word' id='word_1_421' title='bbox 180 4277 419 4328; x_wconf 85' lang='lat' dir='ltr'>eorum</span> <span class='ocrx_word' id='word_1_422' title='bbox 471 4257 815 4350; x_wconf 90' lang='lat' dir='ltr'>capitibus</span> <span class='ocrx_word' id='word_1_423' title='bbox 845 4315 860 4342; x_wconf 97' lang='lat'>,</span> <span class='ocrx_word' id='word_1_424' title='bbox 931 4259 1033 4329; x_wconf 90' lang='lat' dir='ltr'>illi</span> <span class='ocrx_word' id='word_1_425' title='bbox 1086 4261 1535 4331; x_wconf 88' lang='lat' dir='ltr'>ascribuntur</span> <span class='ocrx_word' id='word_1_426' title='bbox 1581 4261 1652 4329; x_wconf 87' lang='lat' dir='ltr'>in</span> <span class='ocrx_word' id='word_1_427' title='bbox 1702 4261 1950 4330; x_wconf 85' lang='lat' dir='ltr'>choros</span> <span class='ocrx_word' id='word_1_428' title='bbox 2000 4271 2380 4348; x_wconf 85' lang='lat' dir='ltr'>martyrum</span> <span class='ocrx_word' id='word_1_429' title='bbox 2431 4268 2497 4327; x_wconf 90' lang='lat' dir='ltr'>et</span> <span class='ocrx_word' id='word_1_430' title='bbox 2542 4260 2718 4347; x_wconf 80' lang='lat' dir='ltr'>Apo-</span> 
     </span>
     <span class='ocr_line' id='line_1_46' title="bbox 178 4346 2729 4437; baseline -0.002 -20"><span class='ocrx_word' id='word_1_431' title='bbox 178 4348 542 4428; x_wconf 86' lang='lat' dir='ltr'>stolorum,</span> <span class='ocrx_word' id='word_1_432' title='bbox 587 4347 864 4418; x_wconf 89' lang='lat' dir='ltr'>illorum</span> <span class='ocrx_word' id='word_1_433' title='bbox 914 4348 1198 4437; x_wconf 90' lang='lat' dir='ltr'>quidem</span> <span class='ocrx_word' id='word_1_434' title='bbox 1246 4349 1745 4432; x_wconf 85' lang='lat' dir='ltr'>fortitudinem,</span> <span class='ocrx_word' id='word_1_435' title='bbox 1799 4348 2047 4419; x_wconf 89' lang='lat' dir='ltr'>horum</span> <span class='ocrx_word' id='word_1_436' title='bbox 2115 4369 2273 4419; x_wconf 90' lang='lat' dir='ltr'>vero</span> <span class='ocrx_word' id='word_1_437' title='bbox 2329 4346 2552 4418; x_wconf 88' lang='lat' dir='ltr'>zelum</span> <span class='ocrx_word' id='word_1_438' title='bbox 2603 4364 2729 4434; x_wconf 91' lang='lat' dir='ltr'>pro</span> 
     </span>
     <span class='ocr_line' id='line_1_47' title="bbox 179 4437 957 4509; baseline 0.003 -4"><span class='ocrx_word' id='word_1_439' title='bbox 179 4437 452 4509; x_wconf 90' lang='lat' dir='ltr'>Christo</span> <span class='ocrx_word' id='word_1_440' title='bbox 499 4437 957 4508; x_wconf 69' lang='lat' dir='ltr'>ostendentes</span> 
     </span>
    </p>
   </div>
  </div>
 </body>
</html>
