3327 4999
184 336 396 402 MART.
449 337 489 401 7
1022 356 1102 402 ne
1150 356 1205 402 s.
1258 355 1471 404 raom
1517 352 1836 410 Aonium:
2521 332 2605 396 85

181 436 392 525 exigua
436 455 604 503 sane
651 433 1034 504 videantur.
1082 439 1291 523 Spero
1324 447 1553 504 autem
1599 434 1669 502 in
1711 439 1839 502 Deo
1871 450 2045 511 me0,
2088 430 2273 518 quod
2306 429 2487 499 sicut
2520 430 2694 500 scri-

185 523 382 604 bendi,
433 523 531 593 ita
576 536 642 593 et
689 523 962 592 vivendi
1010 524 1182 592 mihi
1235 524 1630 615 propediem
1684 522 1842 591 finis
1894 520 2134 589 aderit.
2169 542 2204 585 »
2241 518 2509 588 Solebat
2539 541 2693 589 vero

183 613 370 684 sancti
418 613 549 683 viri
599 633 794 681 mens
842 612 912 681 in
962 612 1304 704 ejusmodi
1355 613 1670 704 raptibus
1717 629 2247 695 nonnumquam
2296 606 2691 694 usqueadeo

179 702 529 771 abalienari
567 723 605 769 a
646 723 765 770 cor
816 722 953 781 ore,
993 714 1071 772 ut
1108 702 1313 770 etiam
1364 723 1653 792 magnos
1703 701 1764 769 ei
1815 698 2038 768 illatos
2087 697 2358 766 dolores
2405 697 2696 766 minime

181 793 450 861 sentiret.
520 795 677 859 Erat
745 725 846 859 illi
900 812 979 861 ex
1040 791 1468 860 medicorum
1535 789 1826 860 consilio
1880 788 1950 856 in
2001 786 2166 856 tibia
2217 785 2693 855 adhibendum

179 881 560 949 cauterium.
604 879 709 949 Ait
752 879 983 967 itaque
1029 880 1114 949 ad
1160 880 1424 951 socium
1473 879 1749 949 fratrem
1790 901 1803 945 :
1860 900 1894 942 «
1959 874 2086 945 Ubi
2130 874 2389 943 venerit
2438 873 2519 954 is,
2574 874 2697 960 qui

180 969 385 1037 tibiam
453 982 740 1039 usturus
774 982 919 1049 est,
977 991 1086 1038 me
1135 968 1239 1038 fac
1287 990 1544 1055 quaeso
1590 967 1972 1038 certiorem.
2011 989 2046 1031 »
2099 969 2377 1033 Factum
2429 975 2531 1033 est
2567 963 2687 1032 ita:

172 1080 446 1143 cumque
512 1057 824 1127 urendus
884 1070 1101 1139 esset,
1163 1058 1463 1127 extendit
1506 1056 1788 1144 quidem
1839 1053 2120 1137 tibiam,
2176 1053 2291 1122 sed
2345 1051 2516 1120 adeo
2565 1052 2694 1121 fuit

170 1161 372 1216 mente
419 1147 836 1227 abstractus,
878 1158 944 1215 et
983 1147 1051 1214 in
1105 1151 1314 1216 Deum
1352 1146 1772 1223 sublevatus,
1807 1156 1884 1213 ut
1914 1144 2256 1212 ustionem
2292 1140 2484 1209 illam
2521 1143 2695 1209 neu-

171 1235 409 1320 tiquam
448 1234 851 1325 perciperet.
891 1234 1129 1304 ltidem
1176 1235 1311 1303 alio
1343 1236 1640 1322 quodam
1691 1247 1996 1322 tempore
2045 1232 2114 1300 in
2162 1229 2487 1299 cubiculo
2523 1230 2695 1299 scri-

170 1324 425 1423 ptitans,
465 1338 531 1392 et
584 1345 796 1392 manu
842 1323 1194 1393 ardentem
1245 1324 1603 1393 candelam
1657 1336 1918 1403 tenens,
1955 1333 2146 1390 extra
2174 1341 2244 1387 se
2285 1330 2525 1408 raptus
2564 1331 2688 1398 est,

168 1426 247 1482 tta
288 1426 362 1482 ut
407 1412 800 1492 candelam,
853 1413 1004 1483 e'us
1050 1434 1335 1482 manum
1385 1413 1508 1482 diu
1555 1411 1984 1490 adurentem,
2052 1430 2336 1500 prorsus
2386 1428 2522 1475 non
2573 1407 2694 1476 ad-

170 1515 451 1570 verteret.
488 1501 562 1570 Id
596 1522 815 1591 genus
845 1434 979 1570 aiia
1009 1502 1283 1592 saepius
1313 1500 1413 1569 illi
1442 1500 1723 1571 Parisiis
1754 1498 2086 1568 accidisse
2112 1507 2543 1587 compertum
2566 1506 2689 1564 est.

246 1594 279 1677 ξ
320 1596 462 1663 15.
520 1591 674 1658 Fuit
712 1612 870 1659 vero
915 1590 1118 1659 etiam
1172 1591 1389 1659 multa
1428 1589 1525 1658 illi
1571 1588 1793 1680 gratia
1838 1588 1908 1656 in
1960 1585 2299 1656 habendis
2347 1584 2434 1653 ad
2479 1607 2698 1676 popu-

172 1677 297 1747 lum
346 1680 565 1749 sacris
613 1679 1088 1748 concionibus:
1128 1679 1197 1747 in
1247 1679 1505 1765 quibus
1553 1692 1782 1747 tamen
1830 1677 2042 1746 vitare
2082 1674 2340 1745 solebat
2372 1695 2451 1743 ea
2510 1695 2692 1761 quae

173 1767 246 1835 ad
289 1768 751 1837 curiositatem
806 1768 1032 1857 potius
1091 1790 1299 1854 quam
1351 1768 1438 1837 ab
1491 1766 1884 1837 auditorum
1932 1764 2298 1834 utilitatem
2351 1763 2693 1853 pertinere

176 1855 584 1933 videbantur,
630 1855 717 1924 ad
766 1856 1127 1926 hominum
1178 1855 1454 1925 illorum
1501 1856 1760 1942 quibus
1808 1854 2238 1941 loquebatur,
2287 1875 2366 1921 ca
2424 1864 2569 1921 tum
2621 1873 2695 1920 se

189 1946 739 2025 accommodans,
799 1959 864 2014 et
907 1957 1145 2014 acutas
1211 1944 1635 2031 subtilesque
1681 1943 2116 2031 quaestiones
2165 1941 2246 2011 ad
2301 1964 2372 2010 sc
2428 1939 2573 2009 olas
2622 1963 2696 2009 a·-

190 2033 458 2103 mandaS.
497 2040 717 2103 Tanta
749 2047 975 2102 autem
1026 2056 1186 2103 cum
1237 2034 1612 2103 reverentia
1658 2031 2096 2102 auscultabat
2141 2052 2299 2100 eum
2322 2028 2687 2185 dpopuluS‚

191 2120 315 2189 acsi
353 2144 385 2190 e
421 2123 613 2193 coelo
660 2122 811 2211 ejus
858 2123 1062 2192 verba
1102 2134 1484 2191 manarent.
1521 2126 1595 2190 Et
1627 2132 1773 2189 erat
1821 2142 2045 2189 sermo
2079 2120 2230 2208 esus
2278 2141 2314 2186 a
2409 2139 2697 2207 persua-

192 2206 450 2279 dendum
499 2210 773 2290 efficax,
826 2233 986 2280 cum
1039 2209 1211 2279 nihil
1265 2211 1489 2279 verbis
1538 2209 1832 2288 doceret,
1878 2208 2060 2294 quod
2111 2142 2309 2276 iactis
2361 2206 2506 2295 ipse
2555 2227 2694 2275 non

188 2313 546 2384 praestaret.
622 2300 964 2369 Ardebant
1012 2300 1213 2368 verba
1259 2299 1412 2387 ejus
1461 2299 1678 2368 instar
1716 2296 2127 2375 facularum,
2182 2307 2246 2363 et
2297 2295 2695 2365 auditorum

180 2387 414 2458 animos
461 2390 549 2459 ad
606 2388 723 2457 Dei
769 2409 1074 2457 amorem
1122 2401 1188 2457 et
1235 2388 1452 2457 animi
1499 2386 2105 2478 compunctionem
2161 2384 2697 2453 inflammabant

182 2478 434 2549 Domino
500 2490 913 2579 cooperante
979 2489 1046 2547 et
1101 2498 1486 2547 sermonem
1536 2478 1688 2567 ejus
1735 2475 2197 2546 confirmante
2246 2473 2699 2560 sequentibus

182 2565 387 2654 signis.
442 2569 995 2637 Conctonabatur
1056 2566 1474 2654 quandoque
1521 2571 1778 2636 Romae
1826 2562 2297 2634 sacratissimo
2346 2561 2701 2631 Paschatis

183 2651 288 2732 die,
344 2670 407 2726 et
455 2656 775 2725 absoluta
820 2656 1151 2725 concione
1208 2677 1369 2724 cum
1435 2677 1472 2723 e
1521 2666 1852 2756 suggestu
1902 2651 2392 2731 descendisset,
2448 2650 2702 2718 mulier

177 2745 513 2826 quaedam,
551 2766 728 2830 quae
777 2744 991 2813 multo
1040 2755 1343 2832 tempore
1391 2744 1757 2834 sanguinis
1807 2743 2071 2810 fluxum
2127 2739 2537 2832 patiebatur,
2575 2759 2699 2806 nec

172 2830 363 2902 ullius
412 2834 668 2903 medici
732 2838 939 2923 opera
986 2833 1216 2902 curari
1268 2845 1569 2923 poterat,
1624 2831 1978 2901 fimbriam
2028 2829 2289 2899 cuculli
2337 2830 2488 2920 ejus
2540 2827 2694 2896 atti-

174 2919 277 3008 git,
328 2924 622 2992 credens
661 2944 733 2992 se
779 2920 1001 2992 sancti
1050 2922 1177 2989 viri
1217 2922 1479 2991 meritis
1529 2941 1731 3010 posse
1782 2919 2038 2988 sanari:
2093 2940 2221 2988 nec
2269 2931 2371 2987 est
2404 2938 2523 3007 spe
2555 2915 2702 2984 fru-

170 3021 359 3080 strata
405 3035 560 3091 sua,
607 3010 766 3081 ilico
814 3034 853 3079 a
905 3022 1088 3079 tactu
1138 3010 1451 3079 restituta
1482 3009 1785 3079 sanitati.
1823 3008 2249 3094 Sequebatur
2280 3021 2507 3076 autem
2541 3026 2700 3074 eum

170 3117 372 3194 usque
433 3101 523 3169 ad
578 3099 1075 3168 monasterium
1136 3103 1201 3167 S.
1256 3098 1595 3181 Sabinae,
1650 3097 1990 3184 fratrique
2037 3096 2469 3187 Reginald0‚
2535 3094 2704 3181 quid

172 3188 290 3274 ipsi
336 3188 761 3276 contigisset,
813 3187 1162 3256 indicavit.

204 3277 272 3373 ,ἓ
315 3282 467 3348 16.
522 3283 790 3346 Praeter
836 3276 1007 3346 alias
1054 3276 1272 3344 animi
1330 3275 1644 3356 virtuteS,
1709 3274 1953 3365 ingens
2000 3294 2273 3361 quoque
2332 3272 2402 3341 in
2456 3281 2693 3341 sancto

166 3383 292 3432 viro
340 3366 697 3436 humilitas
727 3365 1072 3435 relucebat
1104 3387 1280 3452 quae
1311 3376 1415 3433 est
1443 3375 1675 3433 custos
1709 3363 2041 3432 virtutum
2090 3375 2541 3440 caeterarum,
2608 3359 2695 3428 de

168 3471 289 3536 qua
335 3453 504 3524 dicit
547 3455 875 3524 Dominus
921 3460 1155 3523 Jesus:
1210 3455 1455 3522 Discite
1501 3476 1545 3521 a
1574 3476 1681 3521 me
1708 3455 1873 3542 quia
1901 3453 2085 3520 mitis
2114 3474 2263 3520 sum
2310 3461 2371 3518 et
2425 3449 2704 3517 hum-ilis

171 3543 343 3610 corde
372 3544 643 3632 (Mami.
680 3544 799 3632 xl).
840 3547 1003 3612 Cum
1056 3541 1241 3611 enim
1277 3541 1617 3611 Bononiae
1667 3541 1736 3609 in
1767 3540 2095 3609 coenobio
2128 3538 2703 3609 ambularetcon-

175 3631 587 3720 templationi
635 3632 961 3713 intentuS,
1000 3630 1207 3700 frater
1243 3631 1527 3717 quidam
1560 3628 1845 3699 alterius
1881 3628 2194 3699 coenobii
2223 3628 2346 3714 qui
2386 3637 2705 3697 sanctum

176 3717 379 3788 virum
419 3742 556 3789 non
593 3732 892 3801 noverat,
936 3743 975 3788 a
1015 3719 1245 3790 Priore
1293 3720 1507 3810 petiit,
1548 3731 1625 3788 ut
1666 3717 1897 3787 liceret
1942 3717 2075 3808 ipsi
2123 3739 2279 3786 cum
2331 3715 2539 3784 fratre
2584 3713 2704 3800 qui

176 3806 431 3901 primus
458 3810 521 3878 ei
554 3809 848 3880 venisset
879 3810 1176 3889 obviam,
1212 3808 1299 3878 ad
1340 3807 1678 3895 quaedam
1712 3805 2136 3898 expedienda
2166 3803 2437 3896 negotia
2471 3801 2707 3893 egredi

176 3913 235 3960 m
276 3898 543 3967 urbem.
582 3898 811 3967 Priore
858 3911 1227 3979 annuente,
1274 3909 1440 3966 ante
1486 3918 1726 3966 omnes
1775 3894 2020 3964 incidit
2074 3894 2145 3962 in
2198 3898 2263 3963 S.
2314 3893 2646 3961 'rhomam
2683 3946 2698 3972 ,

178 3981 501 4073 edixitque
529 3987 631 4055 ei:
687 3986 978 4055 «Dilecte
1008 3986 1234 4068 frater,
1271 3981 1464 4055 Prior
1496 3985 1780 4075 teJussit
1815 4005 2086 4053 mecum
2128 3983 2296 4051 ire.»
2334 3987 2480 4050 Mox
2514 4002 2707 4072 prae-

181 4087 433 4144 euntem
460 4075 736 4145 fratrem
766 4073 870 4143 vir
887 4087 1166 4144 sanctus
1201 4075 1536 4161 sequitur;
1571 4071 1690 4144 sed
1726 4094 1884 4141 cum
1922 4071 2038 4141 ille
2072 4071 2198 4141 iret
2229 4070 2698 4150 festinantiuS‚

183 4176 301 4258 nou
349 4165 565 4252 potuit
596 4185 755 4234 eum
796 4164 1092 4251 assequi.
1148 4168 1384 4250 Itaque
1435 4185 1564 4233 non
1631 4183 1784 4230 raro
1819 4160 2054 4230 abillo
2102 4159 2544 4251 arguebatur,
2587 4157 2704 4229 sed

186 4265 273 4315 nr
313 4265 593 4322 sanctus
636 4251 994 4322 humiliter
1041 4274 1111 4322 se
1144 4252 1537 4322 excusabat.
1593 4255 1677 4320 Ut
1721 4263 1950 4320 autem
1982 4249 2164 4320 cives
2208 4248 2524 4317 viderunt
2553 4260 2708 4315 tan-

189 4343 311 4437 tum
359 4341 579 4410 virum
617 4341 809 4432 parvi
851 4340 1173 4409 momenti
1223 4341 1498 4410 fratrem
1551 4340 1783 4426 sequi,
1827 4338 2311 4408 existimabant
2361 4336 2427 4404 id
2477 4356 2706 4404 errore

194 4421 339 4495 fierl.
389 4430 735 4501 Accedunt
802 4429 1014 4520 igitur
1058 4430 1141 4499 ad
1204 4429 1405 4498 illum
1467 4429 1788 4510 fratrem,
1858 4427 2169 4497 indicant
2214 4447 2421 4513 quem
2479 4424 2706 4493 virum
