3327 4999
185 306 438 394 MART.
491 328 574 393 25
983 346 1063 392 mi
1109 347 1164 393 s.
1220 345 1634 393 nnnussmivno
1683 346 1920 394 ΑΒΒΑΤΕ
2512 329 2642 395 493

206 432 270 496 S.
311 425 848 497 Hermelandum
889 427 1248 519 degebant,
1286 428 1681 497 immaniter
1731 427 2038 499 saeviret.
2071 426 2200 509 Qui
2240 427 2453 498 nimio
2502 427 2736 500 dolore

198 516 626 618 compulsuS‚
662 517 756 586 ita
788 516 988 586 dixit:
1044 523 1294 587 «Pater
1339 516 1816 597 Hermelaiide‚
1853 540 1979 586 cur
2028 538 2151 586 nos
2203 515 2394 587 vivus
2424 517 2734 591 deserere

197 606 523 676 voluisti?
554 629 586 672 ›>
638 606 828 690 Quod
890 607 1181 697 audiens
1229 608 1437 678 miser
1483 605 1910 686 AdalfreduS,
1978 607 2324 707 praecepit
2369 607 2733 679 atrociores

198 695 297 764 illi
350 697 699 767 admoveri
728 697 1100 778 cruciatus,
1137 697 1412 766 dicens:
1459 701 1660 765 «Non
1715 696 1834 765 tibi
1874 718 2245 784 qumquam
2300 708 2459 766 tuus
2506 696 2731 788 opitu-

199 784 457 854 labitur
515 785 1106 856 HermelanduS.»
1157 786 1453 855 Tandem
1511 786 1725 855 evasit
1782 785 1932 865 ille,
2002 799 2065 855 et
2125 784 2329 855 celeri
2384 809 2596 857 cursu
2644 788 2730 859 ad

198 879 262 943 S.
292 875 737 944 Hermelandi
765 875 1013 946 Cellam
1044 898 1440 966 properans,
1474 875 1669 944 humi
1702 897 1773 945 se
1806 874 2074 964 abjecit,
2112 874 2549 962 multumque
2577 878 2731 967 eju-

199 963 352 1031 lans
385 963 595 1033 dixit:
651 971 934 1052 «Ecqua
984 965 1053 1032 in
1095 966 1315 1047 nobis,
1363 978 1552 1055 pater
1587 963 2060 1045 Hermelande,
2096 963 2351 1064 flagitia
2382 963 2728 1049 invenisti,

200 1065 273 1122 ut
323 1075 449 1122 nos
485 1055 616 1125 sub
668 1067 851 1125 tanta
897 1054 1295 1124 crudelitate
1345 1054 1812 1141 relinqueres?
1864 1053 2132 1122 Utinam
2183 1052 2383 1123 liceat
2408 1055 2735 1125 excedere

195 1164 232 1210 e
281 1142 440 1224 vita,
475 1166 556 1211 ne
609 1156 743 1213 tam
799 1144 1122 1213 immanis
1174 1144 1447 1233 tyranni
1497 1143 1777 1230 injuriis
1823 1142 2326 1233 exagitemur.»
2362 1147 2567 1214 Porro
2598 1143 2733 1214 fra-

204 1244 336 1299 tres
383 1232 501 1319 qui
544 1255 700 1303 curn
756 1233 870 1301 illo
903 1246 1118 1314 erant,
1171 1233 1567 1302 indicarunt
1602 1233 1744 1300 viro
1797 1232 1932 1313 Dei,
1972 1254 2181 1318 quam
2223 1231 2375 1300 dira
2423 1231 2604 1303 fame
2631 1234 2733 1303 af-

199 1320 590 1391 ficerentur.
636 1327 802 1391 Tum
839 1344 992 1390 vero
1043 1322 1499 1411 ingemiscens
1531 1322 1631 1390 vir
1657 1334 1958 1399 sanctus,
1997 1320 2265 1399 «Silete,
2304 1321 2552 1407 inquit,
2589 1323 2729 1393 sra-

200 1421 356 1491 treS,
400 1410 663 1481 silete.»
693 1411 1019 1480 videbitis
1087 1435 1157 1480 re
1209 1412 1519 1481 entinum
1569 1411 1719 1500 ejus
1769 1410 2142 1480 interitum.
2210 1415 2341 1480 Nec
2389 1411 2576 1480 enim
2628 1412 2730 1483 vel

199 1500 410 1569 unius
463 1500 717 1569 mensis
766 1501 985 1590 spatio
1034 1498 1161 1569 lice
1216 1501 1263 1569 it
1309 1501 1371 1570 ei
1419 1500 1596 1570 lucis
1647 1500 1857 1591 hujus
1906 1503 2117 1569 usura
2171 1499 2450 1589 perfrui.
2509 1503 2734 1571 Tertio

199 1590 452 1659 abhinc
501 1589 610 1658 die
643 1589 850 1658 miser
881 1589 994 1658 ille
1042 1590 1443 1660 Adalfredus
1493 1590 1563 1659 in
1597 1589 1859 1659 visione
1910 1611 1981 1658 se
2016 1588 2184 1659 vidit
2232 1610 2353 1679 pro
2404 1613 2529 1660 sua
2578 1591 2732 1661 ino-

200 1678 544 1748 bedientia
595 1679 899 1780 scipione
946 1679 1126 1749 beati
1166 1678 1608 1749 Hermelandi
1647 1678 2011 1758 verberari,
2049 1691 2251 1765 atque
2277 1677 2552 1767 ejulans
2578 1703 2735 1751 coe-

199 1768 299 1858 pit
346 1768 527 1838 velut
576 1769 854 1859 ignibus
904 1769 1374 1839 inflammatus
1422 1769 1567 1839 dire
1618 1769 1893 1838 torreri:
1959 1767 2195 1854 sicque
2226 1780 2292 1836 et
2339 1781 2617 1839 aeterna
2666 1784 2732 1841 et

203 1859 614 1948 temporaria
661 1858 945 1927 affectus
1005 1871 1242 1937 morte,
1292 1859 1493 1928 vitam
1547 1858 1799 1948 pariter
1846 1880 2003 1926 cum
2056 1857 2335 1926 Abbatis
2383 1857 2737 1929 functione

199 1959 474 2036 repente
521 1947 782 2019 amisit:
837 1947 993 2017 licet
1038 1961 1265 2016 autem
1317 1947 1669 2038 sepultura
1710 1946 2042 2015 indicrnus
2087 1958 2286 2028 esset,
2349 1958 2417 2016 at
2464 1960 2721 2031 tamen,

207 2035 519 2106 hortante
569 2038 710 2107 viro
759 2037 897 2117 Dei,
945 2036 1186 2106 fratres
1233 2060 1392 2107 eum
1435 2040 1611 2106 terra
1642 2036 1845 2105 condi
1899 2049 2122 2104 erunt.

289 2128 324 2212 ξ
387 2130 535 2198 lo.
591 2126 714 2195 Illo
762 2127 1075 2205 extinct0‚
1129 2125 1395 2196 collecti
1427 2126 1493 2193 in
1530 2148 1749 2195 unum
1780 2125 2042 2206 fratreS,
2085 2130 2149 2194 S.
2190 2124 2734 2196 Hermelandum

200 2214 396 2284 valde
444 2216 688 2285 obnixe
735 2229 1087 2306 rogarunt,
1139 2214 1703 2303 quandoquidem
1745 2238 1872 2283 sua
1902 2213 2056 2285 illos
2096 2215 2485 2303 praesentia
2520 2215 2738 2286 voluit

200 2326 350 2373 esse
398 2303 777 2386 destitutOS,
828 2305 929 2375 uti
963 2327 1046 2374 ne
1093 2305 1345 2375 sineret
1389 2327 1505 2374 eos
1551 2326 1797 2374 rursus
1822 2303 1891 2371 in
1917 2303 2169 2373 Abbate
2216 2303 2583 2394 deligendo
2615 2308 2736 2375 ab·

200 2415 464 2462 errare:
520 2394 633 2464 sed
688 2394 830 2484 ipse
875 2395 975 2463 eis
1023 2400 1154 2464 Deo
1201 2394 1492 2485 dignum
1564 2405 1823 2462 crearet
1870 2394 2195 2463 Abbatem
2255 2392 2377 2480 qui
2425 2395 2576 2482 ejus
2630 2416 2735 2464 ve-

203 2483 425 2575 stigiis
456 2482 801 2566 insistens,
846 2485 1023 2554 viam
1074 2484 1345 2554 Domini
1392 2484 1578 2575 ipsos
1621 2482 1953 2553 edoceret.
1998 2481 2237 2554 Flexus
2278 2482 2381 2553 vir
2428 2483 2541 2552 Dei
2594 2483 2734 2554 sra-

200 2587 383 2641 trum
425 2574 760 2663 precibus,
785 2573 996 2662 jussit
1041 2574 1279 2644 adesse
1328 2596 1544 2643 unum
1595 2595 1631 2642 e
1680 2572 2030 2652 fratribUS,
2064 2594 2267 2658 quem
2298 2573 2444 2663 ipse
2474 2573 2735 2645 divinis

201 2662 541 2732 imbutum
593 2663 1002 2755 disciplinis,
1057 2664 1127 2732 in
1166 2664 1366 2740 bonis
1412 2663 1681 2732 actibus
1727 2661 2157 2732 educaverat.
2199 2666 2500 2732 Donatus
2532 2662 2590 2731 is
2620 2662 2727 2732 di-

198 2751 500 2822 cebatur.
553 2756 751 2822 Hunc
803 2775 1137 2844 propensa
1184 2753 1495 2822 omnium
1563 2752 1905 2821 voluntate
1967 2750 2287 2820 Abbatem
2340 2752 2722 2834 constituit,

197 2841 545 2929 simulque
593 2843 910 2924 instituit,
949 2842 1647 2929 quemadmodum‘et
1697 2840 1764 2909 in
1820 2840 2250 2931 temporariis
2296 2841 2464 2911 etin
2518 2842 2724 2932 spiri-

201 2930 451 3000 talibus
478 2933 682 3002 rebus
714 2931 1280 3004 administrandis
1310 2945 1374 3002 et
1403 2929 1723 3000 sedulum
1756 2943 1959 3017 atque
1991 2929 2336 2999 solicitum
2366 2952 2513 3002 sese
2533 2929 2729 2999 exhi-

197 3019 365 3090 beri.
433 3027 507 3091 Et
555 3021 670 3090 ille
714 3020 995 3107 quidem
1043 3020 1262 3090 sancti
1311 3021 1436 3090 viri
1484 3019 1763 3109 optimis
1811 3019 2363 3089 institutionibus
2423 3041 2570 3089 sese
2611 3042 2725 3090 ac-

196 3110 675 3191 commodam,
745 3109 1005 3178 Christo
1045 3109 1351 3199 juvante,
1408 3108 1872 3198 magistroque
1937 3130 2058 3198 pro
2105 3108 2223 3178 illo
2272 3109 2460 3199 apud
2514 3114 2727 3179 Deum

197 3198 679 3279 intercedente,
733 3197 1119 3267 humilitate
1164 3210 1229 3270 et
1266 3198 1593 3267 charitate
1639 3198 1908 3289 egregie
1951 3198 2350 3278 instructus,
2389 3210 2733 3269 monaste-

202 3287 382 3356 rium
433 3287 656 3374 quoad
707 3287 891 3366 vixit,
932 3305 1092 3356 cum
1145 3286 1362 3357 multa
1395 3286 1598 3356 laude
1646 3286 2075 3377 gubernavit.

288 3377 324 3462 ἓ
386 3380 552 3448 20.
608 3381 980 3462 Hucusque
1017 3376 1220 3445 vitam
1268 3388 1332 3445 et
1381 3375 1662 3445 virtutes
1714 3376 2013 3448 hominis
2063 3376 2201 3457 Dei,
2265 3399 2441 3465 quas
2495 3399 2617 3468 per
2655 3377 2738 3446 il·

201 3464 345 3534 lum
400 3464 730 3534 Dominus
763 3464 1057 3535 efficeret
1102 3465 1427 3554 dignatus
1474 3477 1598 3544 est,
1654 3477 2032 3553 utcumque
2097 3465 2560 3564 digessimus:
2615 3465 2736 3535 sed

203 3568 425 3623 tamen
465 3576 597 3623 non
647 3554 782 3623 nisi
833 3555 1071 3644 paucis
1128 3553 1703 3632 commemoratis,
1745 3556 2247 3645 praetermissis
2295 3576 2452 3623 vero
2512 3553 2736 3644 pluri-

200 3643 371 3712 mis:
428 3666 613 3714 nunc
662 3643 748 3712 ad
779 3644 929 3735 ejus
975 3644 1235 3712 obitum
1278 3643 1396 3730 qui
1430 3642 1560 3713 fuit
1600 3642 1701 3710 illi
1734 3643 1963 3712 aditus
2012 3643 2082 3711 in
2133 3643 2342 3712 vitam
2375 3643 2738 3733 sempiter-

201 3755 387 3814 nam,
445 3731 856 3802 veniendum
922 3744 1045 3802 est.
1100 3737 1546 3820 Posteaquam
1597 3730 1811 3831 igitur
1859 3731 2233 3822 permultos
2281 3732 2366 3801 ab
2418 3732 2737 3824 improba

199 3822 336 3891 vita
368 3821 452 3891 ad
489 3822 855 3892 Dominum
885 3822 1234 3902 convertit,
1278 3832 1342 3891 et
1368 3821 1450 3891 ad
1490 3820 1736 3890 Christi
1772 3820 1976 3890 fidem
2011 3820 2332 3901 traduxit,
2372 3835 2739 3911 postquam

200 3910 271 3979 in
321 3911 803 3981 monasteriolo
833 3910 1109 4001 (cellam
1143 3922 1334 3980 vocat
1382 3909 1649 3998 auctor)
1695 3910 1842 3980 dies
1891 3931 2025 3979 non
2087 3931 2342 4000 paucos
2392 3911 2733 3993 incluSUS‚

200 4005 332 4069 Deo
381 4001 506 4071 soli
560 4023 832 4082 vacanS,
873 4000 1193 4091 precibus
1228 4001 1374 4069 suis
1420 3999 1714 4090 aegrotis
1749 3998 1988 4068 multis
2027 4022 2147 4088 pro
2178 3999 2331 4086 ejus
2364 3999 2547 4069 fama
2581 4023 2743 4070 san-

201 4090 451 4160 ctitatis
498 4090 581 4159 ad
634 4091 865 4181 ipsum
914 4090 1445 4168 coiissuentibuS,
1504 4088 1829 4180 pristinas
1879 4088 2268 4159 reformavit
2323 4089 2521 4169 vireS‚
2577 4112 2739 4160 curn

193 4178 336 4268 jam
393 4180 783 4249 veneranda
828 4178 1113 4263 canities
1159 4178 1313 4267 ejus
1343 4179 1428 4248 ad
1479 4177 1548 4246 id
1599 4200 1819 4265 usque
1868 4178 2137 4247 virtutis
2182 4178 2609 4259 excrevisset,
2665 4190 2743 4248 ut

205 4269 699 4358 propemodum
724 4269 896 4339 nihil
924 4269 987 4339 ei
1019 4267 1450 4361 perfectionis
1477 4268 1800 4338 accedere
1868 4290 2019 4338 osse
2046 4267 2410 4350 videretur,
2443 4267 2743 4359 prophe-

205 4355 334 4425 tico
384 4358 654 4448 spiritu,
747 4381 834 4429 uo
882 4358 1098 4428 multa
1136 4358 1284 4448 jam
1347 4368 1503 4428 ante
1566 4357 1793 4449 praevi
1847 4370 2012 4439 erat,
2067 4358 2179 4428 sui
2227 4357 2433 4427 etiam
2505 4356 2735 4455 obitus

201 4443 383 4516 diem
437 4447 694 4536 quibus
746 4470 856 4519 am
915 4447 1244 4520 fratribus
1289 4469 1428 4520 non
1478 4446 1600 4518 diu
1649 4460 1803 4537 post
1848 4445 2159 4521 futurum
2213 4445 2571 4539 praedixit.
2623 4443 2737 4515 Illi
