3327 4999
705 346 833 415 706
1410 367 1488 411 nr.
1536 367 1590 412 s.
1646 364 1915 411 Lanumo
1965 363 2355 411 rnasar‘rmio
2685 346 2790 410 EX
2840 344 3028 410 NOV.
3089 347 3179 411 ⁴2

618 453 1047 541 wiltenburg
1103 449 1282 537 quod
1338 471 1524 519 nunc
1573 449 1962 537 Trajectum
2014 449 2291 528 dicitur,
2358 448 2714 533 constituit
2764 461 2838 518 ut
2889 449 3181 539 Episco-

616 541 792 632 palis
839 552 1017 610 esset
1059 537 1409 609 cathedra.
1447 543 1756 625 Cumque
1793 538 1974 606 idem
2026 537 2374 627 gloriosus
2431 537 2933 607 Carlomannus
2982 536 3182 606 felici

616 630 913 699 nimium
966 627 1505 698 commutatione
1531 640 1881 696 terrenum
1912 649 1990 694 ac
2025 626 2399 716 temporale
2429 626 2810 716 respuisset
2839 648 3174 716 regnum,

615 732 692 788 ut
738 718 1028 788 coeleste
1078 729 1454 785 mereretur
1513 715 1810 806 adipisci
1857 715 2042 801 quod
2095 728 2196 784 est
2243 726 2624 795 aeternum,
2681 714 3182 804 profectusque

618 813 904 876 Romam
940 805 1025 874 ad
1076 804 1431 874 beatorum
1467 804 1712 873 limina
1743 803 2245 893 Apostolorum,
2299 803 2664 873 clericatus
2713 803 2810 872 ibi
2858 803 3179 892 suscepit

618 896 955 974 habitum,
995 915 1129 962 non
1184 905 1335 984 post
1384 892 1684 962 multum
1736 892 2066 981 temporis
2113 893 2183 960 in
2237 904 2466 961 monte
2501 897 2772 961 Soracte
2805 890 3178 960 aedificato

620 981 1055 1062 monasteriO,
1093 980 1177 1049 ad
1229 1004 1544 1051 summae
1591 981 2039 1138 ¹perfectionis
2079 981 2460 1051 ascendens
2509 981 2830 1071 gradum,
2889 979 2955 1047 in
3012 1001 3174 1048 coe-

618 1072 825 1141 nobio
854 1070 1034 1139 beati
1069 1070 1413 1139 Benedicti
1463 1093 1584 1160 pro
1616 1092 1813 1140 essus
1861 1069 2309 1150 monachum,
2367 1070 2698 1159 optimam
2741 1091 2900 1136 cum
2954 1068 3175 1136 Maria

506 1196 525 1224 ψ
618 1159 965 1230 dilectrice
1012 1181 1092 1227 ac
1140 1158 1388 1227 dilecta
1430 1159 1727 1238 Domini,
1783 1157 1974 1225 visus
2019 1169 2121 1226 est
2167 1157 2458 1247 elegisse
2517 1169 2780 1247 partem
2829 1179 3010 1243 quae
3050 1157 3173 1244 ju-

615 1260 727 1317 xta
770 1248 1038 1317 Domini
1091 1247 1533 1337 promissum,
1566 1245 1845 1320 anullo
1875 1245 2247 1316 electorum
2298 1268 2449 1314 eam
2503 1258 3018 1336 perseveranter
3047 1245 3170 1313 de-

618 1336 1071 1405 siderantium
1123 1335 1472 1404 auferetur
1518 1337 1587 1404 in
1652 1347 2033 1404 aeternum.
2088 1336 2302 1424 Regni
2357 1358 2509 1403 vero
2549 1333 2730 1420 quod
2784 1347 2944 1403 ante
2993 1332 3172 1401 divi-

617 1437 868 1505 serant,
926 1436 989 1492 et
1041 1424 1472 1516 principatus
1505 1425 1615 1494 sui
1666 1423 1906 1513 Pipino
1947 1423 2135 1492 fratri
2186 1424 2391 1493 cessit
2439 1423 2817 1511 fastigium.
2876 1420 3006 1491 Sed
3060 1423 3168 1491 Pi-

617 1515 826 1603 pinus
876 1512 1083 1582 totius
1132 1513 1416 1582 ditionis
1465 1535 1749 1603 compos
1797 1512 2103 1592 effectuS,
2139 1511 2466 1581 consultu
2514 1518 2736 1600 Papae
2769 1511 3163 1588 Zachariae,

614 1615 678 1670 et
725 1601 1045 1670 unanimi
1087 1607 1504 1671 Francorum
1567 1623 1914 1670 consensu
1956 1623 2076 1690 per
2122 1601 2522 1670 unctionem
2572 1599 2994 1680 sanctissimi
3049 1605 3167 1669 Ar-

616 1690 1037 1780 chiepiscopi
1090 1689 1444 1772 Bonifacii,
1485 1689 1875 1761 Suessionis
1903 1690 2174 1759 civitate
2216 1689 2451 1758 habito
2500 1700 2865 1768 conventu,
2901 1711 3019 1757 rex
3050 1711 3171 1778 ap-

616 1779 933 1870 pellatuS,
977 1791 1041 1847 et
1092 1779 1303 1868 regali
1352 1793 1453 1850 est
1501 1780 1659 1848 sede
1708 1777 2027 1859 donatuS,
2087 1778 2447 1868 repudiato
2478 1800 2555 1847 ac
2590 1788 2945 1846 tonsurato
2982 1777 3167 1846 Chil-

615 1868 845 1937 derico
876 1867 994 1953 qui
1043 1889 1238 1937 casso
1291 1868 1569 1936 nomine
1616 1878 1774 1936 ante
1809 1888 1922 1936 rex
1974 1866 2363 1936 vocabatur.
2420 1871 2496 1936 At
2528 1865 2650 1936 ubi
2697 1865 2940 1935 beatus
2993 1888 3168 1956 pon-

617 1955 772 2025 tifex
820 1954 1212 2033 Bonifacius
1258 1957 1543 2026 verbum
1595 1954 1713 2024 Dei
1759 1955 2237 2056 evangelizans
2287 1955 2738 2029 FrisonibuS.
2803 1975 2963 2023 cum
3017 1955 3167 2024 suis

615 2042 1135 2124 comministriS,
1170 2056 1248 2112 ut
1294 2043 1543 2123 ferunt,
1575 2043 2087 2133 quinquaginta
2119 2043 2393 2113 duobus
2443 2043 2774 2132 martyrio
2822 2055 2926 2112 est
2973 2065 3167 2112 coro-

526 2207 529 2210 ,
616 2145 843 2213 natuS,
904 2131 1050 2220 jam
1111 2131 1340 2200 dictus
1407 2133 1511 2200 vir
1558 2131 1951 2221 Gregorius,
2006 2133 2156 2222 ejus
2215 2132 2567 2219 quondam
2617 2131 3035 2222 discipulus,
3094 2132 3164 2199 in

615 2220 917 2312 praefato
953 2220 1261 2289 residens
1309 2233 1554 2301 castre,
1596 2221 1824 2289 bonus
1872 2220 2174 2290 imitator
2207 2220 2519 2309 magistri
2572 2219 2754 2307 quod
2799 2221 2885 2290 ab
2933 2242 3015 2289 eo
3055 2220 3161 2288 di-

614 2311 894 2397 dicerat,
938 2308 1231 2400 impiger
1276 2323 1594 2379 executor
1640 2310 2018 2379 exercebat.

704 2401 740 2484 ξ
805 2402 899 2466 9.
954 2398 1072 2466 Cui
1123 2420 1280 2467 cum
1334 2411 1615 2468 sanctus
1655 2397 2026 2480 Lebuinus,
2089 2411 2166 2467 ut
2204 2399 2348 2488 jam
2401 2398 2728 2479 diximus,
2785 2397 3152 2476 retulisset,

615 2487 783 2574 quid
835 2487 1218 2556 secundum
1285 2488 1398 2557 Dei
1451 2487 1867 2556 voluntatem
1920 2503 2182 2576 gereret
2227 2487 2461 2556 animo
2493 2542 2510 2567 ,
2574 2486 2691 2557 ille
2756 2486 3039 2577 gavisus
3087 2486 3155 2555 in

617 2575 928 2655 Domine,
967 2576 1354 2645 animatum
1387 2577 1701 2656 consilio,
1741 2589 1805 2644 et
1852 2576 2066 2646 fotum
2103 2576 2383 2656 auxilio,
2422 2577 2667 2646 direxit
2709 2598 2869 2645 eum
2920 2576 3007 2644 ad
3059 2575 3156 2644 lo-

614 2686 773 2734 cum
834 2664 967 2733 sibi
1016 2664 1349 2734 divinitus
1398 2665 1947 2735 demonstratum
1999 2687 2198 2736 secus
2248 2666 2495 2735 Iselam
2538 2664 2856 2744 fluvium,
2911 2677 2989 2734 ut
3032 2664 3154 2732 fie-

614 2765 713 2822 ret
752 2753 936 2822 velut
968 2753 1252 2840 quidam
1305 2753 1504 2823 limes
1551 2754 1981 2823 certissimus
2023 2767 2229 2841 atque
2267 2754 2685 2825 fortissimus
2735 2753 2807 2821 in
2867 2757 3153 2821 Franco-

614 2862 770 2909 rum
823 2846 1307 2928 saxonumque
1354 2842 1691 2911 confinio:
1746 2854 1823 2910 ut
1871 2842 2051 2912 sicut
2119 2843 2296 2942 lapis
2356 2841 2816 2911 mediastinus
2865 2841 3009 2910 vice
3054 2840 3156 2910 la-

614 2929 797 3019 pidis
858 2929 1049 2998 illius
1100 2930 1254 3009 vivi,
1311 2930 1591 3011 summi,
1646 2929 2004 3018 angularis
2055 2942 2345 3019 posltuS,
2413 2944 2490 3000 ut
2549 2941 2614 2999 et
2663 2930 2811 3020 ipse
2859 2930 3035 3000 duos
3086 2929 3154 2997 in

611 3039 824 3085 unam
877 3018 1205 3106 reciperet
1237 3018 1443 3086 fidem
1489 3016 1807 3108 populos,
1866 3018 2212 3087 venientes
2251 3041 2330 3087 ex
2368 3018 2660 3087 diverse.
2717 3018 2916 3087 Chari
2966 3018 3159 3087 deni-

612 3126 746 3191 que
803 3105 914 3172 sui
964 3105 1249 3173 Lebuini
1298 3106 1431 3176 sibi
1490 3108 1804 3175 devotam
1869 3107 2246 3196 respiciens
2295 3106 2755 3176 humilitatem
2811 3106 3157 3196 inspector

616 3193 953 3261 mentium
992 3198 1189 3269 Deus,
1235 3193 1393 3263 fecit
1440 3195 1540 3265 illi
1590 3216 1870 3282 magna,
1925 3196 2090 3281 quia
2138 3207 2380 3285 potens
2427 3207 2527 3264 est
2577 3195 2646 3262 in
2681 3195 3035 3273 omnibuS,
3081 3207 3158 3264 ut

611 3279 1104 3370 evangelizaret
1154 3283 1433 3352 Francis
1492 3296 1556 3352 et
1606 3283 1989 3353 Saxonibus
2047 3297 2365 3354 sanctum
2419 3306 2667 3352 nomen
2716 3284 2892 3371 ejus,
2948 3283 3157 3351 Adhi-

611 3368 763 3438 buit
794 3391 1069 3456 quoque
1118 3370 1216 3438 illi
1260 3372 1481 3442 Abbas
1522 3371 1891 3471 Gregorius
1932 3373 2221 3452 socium,
2276 3372 2645 3457 quemdam
2693 3372 3150 3441 venerabilem

614 3458 862 3538 virum,
916 3480 996 3527 ex
1044 3459 1410 3548 discipulis
1472 3475 1692 3530 sancti
1755 3461 2094 3549 praesulis
2148 3461 2592 3538 Wiltibr‘ordi.
2649 3460 2930 3529 nomine
2980 3466 3154 3529 Mar-

610 3546 964 3617 cellinum.
1021 3548 1147 3617 Sed
1197 3570 1235 3616 o
1282 3571 1488 3635 quam
1536 3550 1710 3618 mira
1759 3548 2111 3618 alacritate
2152 3561 2380 3619 noster
2409 3562 2674 3618 aestuat
2729 3549 3011 3618 animus
3062 3550 3154 3618 fa-

610 3649 714 3705 cta
766 3635 898 3706 sibi
950 3637 1292 3706 mentione
1342 3661 1552 3728 super
1600 3637 1857 3707 talibus
1914 3638 2099 3717 viris,
2159 3661 2280 3707 nec
2344 3638 2625 3728 patitur,
2678 3637 2846 3724 quin
2911 3638 3151 3707 saltem

611 3747 731 3814 per
766 3724 1129 3794 transitum
1179 3725 1263 3794 de
1313 3740 1495 3796 tanto
1549 3726 1861 3816 praesule
1903 3726 2339 3796 Willibrordo
2382 3726 2547 3812 quid
2601 3749 2772 3795 suus
2819 3727 3154 3814 exprimat

610 3811 849 3901 stylus.
898 3819 974 3880 Et
1023 3814 1133 3882 liic
1164 3813 1366 3882 etiam
1420 3815 1520 3883 vir
1552 3821 1683 3883 Deo
1711 3813 1981 3903 plentiS,
2021 3815 2106 3883 de
2137 3814 2489 3883 Britannia
2522 3815 2745 3904 gentis
2776 3815 3149 3904 Anglorum

608 3923 1030 3990 progressus.
1086 3925 1210 3991 pro
1259 3916 1534 3973 aeterna
1575 3903 1792 3993 patria
1853 3926 1892 3971 a
1955 3927 2082 3973 sua
2143 3926 2301 3992 pere
2356 3904 2573 3983 rinuS,
2630 3909 2914 3972 Romam
2972 3903 3152 3971 venit

612 3989 785 4057 beati
839 3990 1052 4079 Sergii
1090 3996 1309 4080 Papae
1359 3991 1787 4081 temporibus
1826 3992 1948 4077 qui
1997 4015 2036 4060 a
2073 3993 2268 4061 beato
2358 4004 2583 4061 octore
2615 3991 2939 4081 Gregorio
2975 3997 3153 4081 Papa

608 4077 823 4145 extitit
872 4078 1281 4148 vicesimus:
1336 4080 1591 4165 quique
1641 4080 1961 4169 Angelica
2016 4081 2400 4149 visitatione
2448 4080 2937 4160 commonitus,
2993 4102 3151 4149 san-

609 4180 793 4234 ctum
839 4166 1024 4235 hunc
1073 4167 1447 4237 honorifice
1481 4167 1871 4257 suscipiens
1901 4169 2150 4249 virum,
2185 4168 2530 4237 ordinavit
2575 4190 2732 4236 eum
2787 4168 3148 4238 Frisonum

608 4255 793 4342 genti
843 4255 1283 4344 Episcopum,
1325 4278 1574 4325 vocans
1621 4269 2077 4345 cognomento
2134 4256 2572 4327 Clementem.
2611 4262 2676 4325 Is
2724 4267 2953 4326 autem
3003 4278 3148 4325 cre-

606 4338 748 4440 dito
805 4342 936 4412 sibi
985 4363 1120 4410 non
1195 4343 1432 4433 dispar
1496 4344 1766 4426 officie,
1828 4356 1904 4415 ut
1961 4345 2236 4436 sapiens
2289 4345 2728 4424 architectus,
2797 4366 2932 4413 non
2986 4366 3149 4413 suas

604 4430 935 4518 imposuit
1007 4444 1250 4520 operas
1318 4452 1530 4521 super
1593 4432 1899 4502 alienum
1961 4432 2531 4505 fundamentum:
2609 4432 2729 4505 sed
2801 4430 3149 4503 eradicato
