<?xml version="1.0" encoding="UTF-8"?>
<!DOCTYPE html PUBLIC "-//W3C//DTD XHTML 1.0 Transitional//EN"
    "http://www.w3.org/TR/xhtml1/DTD/xhtml1-transitional.dtd">
<html xmlns="http://www.w3.org/1999/xhtml" xml:lang="en" lang="en">
 <head>
  <title>
</title>
<meta http-equiv="Content-Type" content="text/html;charset=utf-8" />
  <meta name='ocr-system' content='tesseract 3.04.00' />
  <meta name='ocr-capabilities' content='ocr_page ocr_carea ocr_par ocr_line ocrx_word'/>
</head>
<body>
  <div class='ocr_page' id='page_1' title='image "./historiaeseuvit04lippgoog_0734.png"; bbox 0 0 3327 4999; ppageno 0'>
   <div class='ocr_carea' id='block_1_1' title="bbox 724 321 3186 392">
    <p class='ocr_par' dir='ltr' id='par_1_1' title="bbox 724 321 3186 392">
     <span class='ocr_line' id='line_1_1' title="bbox 724 321 3186 392; baseline -0.001 -2"><span class='ocrx_word' id='word_1_1' title='bbox 724 325 850 390; x_wconf 73' lang='lat'>704</span> <span class='ocrx_word' id='word_1_2' title='bbox 1426 343 1506 390; x_wconf 80' lang='lat' dir='ltr'>nr.</span> <span class='ocrx_word' id='word_1_3' title='bbox 1553 343 1608 390; x_wconf 91' lang='lat' dir='ltr'>s.</span> <span class='ocrx_word' id='word_1_4' title='bbox 1660 341 1929 392; x_wconf 71' lang='lat' dir='ltr'>manum</span> <span class='ocrx_word' id='word_1_5' title='bbox 1977 343 2366 392; x_wconf 64' lang='lat' dir='ltr'>passer-reno</span> <span class='ocrx_word' id='word_1_6' title='bbox 2690 322 2795 389; x_wconf 80' lang='lat' dir='ltr'>Ex</span> <span class='ocrx_word' id='word_1_7' title='bbox 2841 321 3028 389; x_wconf 87' lang='lat' dir='ltr'><strong>NOV.</strong></span> <span class='ocrx_word' id='word_1_8' title='bbox 3093 323 3186 387; x_wconf 74' lang='lat'>42</span> 
     </span>
    </p>
   </div>
   <div class='ocr_carea' id='block_1_2' title="bbox 633 425 3187 2137">
    <p class='ocr_par' dir='ltr' id='par_1_2' title="bbox 633 425 3187 2137">
     <span class='ocr_line' id='line_1_2' title="bbox 637 425 3182 520; baseline -0.002 -22"><span class='ocrx_word' id='word_1_9' title='bbox 637 430 979 509; x_wconf 77' lang='lat' dir='ltr'>executor,</span> <span class='ocrx_word' id='word_1_10' title='bbox 1017 426 1368 517; x_wconf 86' lang='lat' dir='ltr'>satagebat</span> <span class='ocrx_word' id='word_1_11' title='bbox 1390 427 1651 498; x_wconf 85' lang='lat' dir='ltr'>solicite</span> <span class='ocrx_word' id='word_1_12' title='bbox 1683 451 1831 498; x_wconf 89' lang='lat' dir='ltr'>esse</span> <span class='ocrx_word' id='word_1_13' title='bbox 1861 443 1928 499; x_wconf 92' lang='lat' dir='ltr'>et</span> <span class='ocrx_word' id='word_1_14' title='bbox 1954 429 2171 499; x_wconf 90' lang='lat' dir='ltr'>videri</span> <span class='ocrx_word' id='word_1_15' title='bbox 2202 428 2556 520; x_wconf 78' lang='lat' dir='ltr'>presbyter</span> <span class='ocrx_word' id='word_1_16' title='bbox 2573 427 2627 509; x_wconf 73' lang='lat'>*,</span> <span class='ocrx_word' id='word_1_17' title='bbox 2654 426 2723 496; x_wconf 92' lang='lat' dir='ltr'>id</span> <span class='ocrx_word' id='word_1_18' title='bbox 2751 439 2875 509; x_wconf 88' lang='lat' dir='ltr'>est,</span> <span class='ocrx_word' id='word_1_19' title='bbox 2907 425 3182 497; x_wconf 87' lang='lat' dir='ltr'>senior:</span> 
     </span>
     <span class='ocr_line' id='line_1_3' title="bbox 636 515 3186 608; baseline 0 -21"><span class='ocrx_word' id='word_1_20' title='bbox 636 539 774 587; x_wconf 90' lang='lat' dir='ltr'>non</span> <span class='ocrx_word' id='word_1_21' title='bbox 831 516 1099 587; x_wconf 90' lang='lat' dir='ltr'>dierum</span> <span class='ocrx_word' id='word_1_22' title='bbox 1152 516 1535 606; x_wconf 78' lang='lat' dir='ltr'>prolixitate</span> <span class='ocrx_word' id='word_1_23' title='bbox 1584 519 2040 601; x_wconf 85' lang='lat' dir='ltr'>numerosior,</span> <span class='ocrx_word' id='word_1_24' title='bbox 2095 541 2232 589; x_wconf 91' lang='lat' dir='ltr'>non</span> <span class='ocrx_word' id='word_1_25' title='bbox 2286 518 2536 589; x_wconf 90' lang='lat' dir='ltr'>canitie</span> <span class='ocrx_word' id='word_1_26' title='bbox 2579 517 2824 608; x_wconf 85' lang='lat' dir='ltr'>capitis</span> <span class='ocrx_word' id='word_1_27' title='bbox 2874 515 3186 587; x_wconf 89' lang='lat' dir='ltr'>honora-</span> 
     </span>
     <span class='ocr_line' id='line_1_4' title="bbox 638 605 3184 699; baseline -0.001 -23"><span class='ocrx_word' id='word_1_28' title='bbox 638 607 789 689; x_wconf 90' lang='lat' dir='ltr'>tior,</span> <span class='ocrx_word' id='word_1_29' title='bbox 844 605 962 675; x_wconf 90' lang='lat' dir='ltr'>sed</span> <span class='ocrx_word' id='word_1_30' title='bbox 1009 619 1378 696; x_wconf 86' lang='lat' dir='ltr'>augmento</span> <span class='ocrx_word' id='word_1_31' title='bbox 1427 605 1810 695; x_wconf 91' lang='lat' dir='ltr'>meritoque</span> <span class='ocrx_word' id='word_1_32' title='bbox 1840 607 2166 679; x_wconf 88' lang='lat' dir='ltr'>virtutum</span> <span class='ocrx_word' id='word_1_33' title='bbox 2219 608 2616 699; x_wconf 86' lang='lat' dir='ltr'>provectior,</span> <span class='ocrx_word' id='word_1_34' title='bbox 2669 619 2746 677; x_wconf 91' lang='lat' dir='ltr'>ut</span> <span class='ocrx_word' id='word_1_35' title='bbox 2793 605 2881 676; x_wconf 90' lang='lat' dir='ltr'>de</span> <span class='ocrx_word' id='word_1_36' title='bbox 2923 627 3184 676; x_wconf 88' lang='lat' dir='ltr'>eorum</span> 
     </span>
     <span class='ocr_line' id='line_1_5' title="bbox 634 694 3187 798; baseline -0.001 -33"><span class='ocrx_word' id='word_1_37' title='bbox 634 695 830 766; x_wconf 86' lang='lat' dir='ltr'>fieret</span> <span class='ocrx_word' id='word_1_38' title='bbox 877 716 1160 764; x_wconf 87' lang='lat' dir='ltr'>numero</span> <span class='ocrx_word' id='word_1_39' title='bbox 1189 694 1310 782; x_wconf 91' lang='lat' dir='ltr'>qui</span> <span class='ocrx_word' id='word_1_40' title='bbox 1357 717 1397 764; x_wconf 90' lang='lat' dir='ltr'>a</span> <span class='ocrx_word' id='word_1_41' title='bbox 1447 700 1694 785; x_wconf 83' lang='lat' dir='ltr'>Moyse,</span> <span class='ocrx_word' id='word_1_42' title='bbox 1736 698 2194 798; x_wconf 84' lang='lat' dir='ltr'>praecipiente</span> <span class='ocrx_word' id='word_1_43' title='bbox 2226 697 2534 778; x_wconf 90' lang='lat' dir='ltr'>Domino,</span> <span class='ocrx_word' id='word_1_44' title='bbox 2570 696 2960 787; x_wconf 90' lang='lat' dir='ltr'>eliguntur:</span> <span class='ocrx_word' id='word_1_45' title='bbox 3001 700 3187 766; x_wconf 85' lang='lat' dir='ltr'>Con-</span> 
     </span>
     <span class='ocr_line' id='line_1_6' title="bbox 636 783 3186 887; baseline -0 -33"><span class='ocrx_word' id='word_1_46' title='bbox 636 807 887 877; x_wconf 87' lang='lat' dir='ltr'>grega,.</span> <span class='ocrx_word' id='word_1_47' title='bbox 922 784 1168 869; x_wconf 89' lang='lat' dir='ltr'>inquit,</span> <span class='ocrx_word' id='word_1_48' title='bbox 1223 784 1397 853; x_wconf 89' lang='lat' dir='ltr'>mihi</span> <span class='ocrx_word' id='word_1_49' title='bbox 1444 798 1879 887; x_wconf 75' lang='lat' dir='ltr'>septuaginta</span> <span class='ocrx_word' id='word_1_50' title='bbox 1921 809 2101 857; x_wconf 82' lang='lat' dir='ltr'>viros</span> <span class='ocrx_word' id='word_1_51' title='bbox 2147 786 2231 857; x_wconf 91' lang='lat' dir='ltr'>de</span> <span class='ocrx_word' id='word_1_52' title='bbox 2278 786 2666 857; x_wconf 88' lang='lat' dir='ltr'>senioribus</span> <span class='ocrx_word' id='word_1_53' title='bbox 2700 783 2937 865; x_wconf 68' lang='lat' dir='ltr'>lsrael,</span> <span class='ocrx_word' id='word_1_54' title='bbox 2993 805 3186 871; x_wconf 89' lang='lat' dir='ltr'>quos</span> 
     </span>
     <span class='ocr_line' id='line_1_7' title="bbox 636 873 3184 974; baseline -0 -29"><span class='ocrx_word' id='word_1_55' title='bbox 636 887 713 945; x_wconf 89' lang='lat' dir='ltr'>tu</span> <span class='ocrx_word' id='word_1_56' title='bbox 761 873 937 946; x_wconf 90' lang='lat' dir='ltr'>nosti</span> <span class='ocrx_word' id='word_1_57' title='bbox 982 873 1166 974; x_wconf 86' lang='lat' dir='ltr'>quod</span> <span class='ocrx_word' id='word_1_58' title='bbox 1208 896 1405 945; x_wconf 90' lang='lat' dir='ltr'>senes</span> <span class='ocrx_word' id='word_1_59' title='bbox 1469 875 1705 965; x_wconf 88' lang='lat' dir='ltr'>popuh</span> <span class='ocrx_word' id='word_1_60' title='bbox 1763 876 1901 945; x_wconf 90' lang='lat' dir='ltr'>sint</span> <span class='ocrx_word' id='word_1_61' title='bbox 1946 898 2026 946; x_wconf 90' lang='lat' dir='ltr'>ac</span> <span class='ocrx_word' id='word_1_62' title='bbox 2077 875 2387 966; x_wconf 83' lang='lat' dir='ltr'>magistri</span> <span class='ocrx_word' id='word_1_63' title='bbox 2444 889 2572 946; x_wconf 91' lang='lat' dir='ltr'>etc.</span> <span class='ocrx_word' id='word_1_64' title='bbox 2611 874 2805 944; x_wconf 85' lang='lat' dir='ltr'>Tales</span> <span class='ocrx_word' id='word_1_65' title='bbox 2864 895 3184 961; x_wconf 87' lang='lat' dir='ltr'>namque</span> 
     </span>
     <span class='ocr_line' id='line_1_8' title="bbox 636 962 3180 1056; baseline -0.001 -23"><span class='ocrx_word' id='word_1_66' title='bbox 636 964 1015 1055; x_wconf 75' lang='lat' dir='ltr'>presbyteri</span> <span class='ocrx_word' id='word_1_67' title='bbox 1065 984 1200 1033; x_wconf 91' lang='lat' dir='ltr'>non</span> <span class='ocrx_word' id='word_1_68' title='bbox 1233 964 1697 1054; x_wconf 86' lang='lat' dir='ltr'>subrogantur</span> <span class='ocrx_word' id='word_1_69' title='bbox 1722 963 1793 1033; x_wconf 90' lang='lat' dir='ltr'>in</span> <span class='ocrx_word' id='word_1_70' title='bbox 1835 965 2209 1035; x_wconf 90' lang='lat' dir='ltr'>sacerdotio</span> <span class='ocrx_word' id='word_1_71' title='bbox 2236 965 2461 1035; x_wconf 86' lang='lat' dir='ltr'>favore</span> <span class='ocrx_word' id='word_1_72' title='bbox 2497 964 2858 1056; x_wconf 87' lang='lat' dir='ltr'>populari:</span> <span class='ocrx_word' id='word_1_73' title='bbox 2894 963 3019 1033; x_wconf 92' lang='lat' dir='ltr'>sed</span> <span class='ocrx_word' id='word_1_74' title='bbox 3052 962 3180 1032; x_wconf 89' lang='lat' dir='ltr'>eli·</span> 
     </span>
     <span class='ocr_line' id='line_1_9' title="bbox 635 1052 3180 1145; baseline -0.001 -23"><span class='ocrx_word' id='word_1_75' title='bbox 635 1065 896 1144; x_wconf 90' lang='lat' dir='ltr'>guntur</span> <span class='ocrx_word' id='word_1_76' title='bbox 942 1074 985 1121; x_wconf 94' lang='lat' dir='ltr'>a</span> <span class='ocrx_word' id='word_1_77' title='bbox 1030 1057 1251 1141; x_wconf 84' lang='lat' dir='ltr'>Moyse</span> <span class='ocrx_word' id='word_1_78' title='bbox 1298 1052 1474 1123; x_wconf 88' lang='lat' dir='ltr'>duce</span> <span class='ocrx_word' id='word_1_79' title='bbox 1519 1052 1757 1145; x_wconf 88' lang='lat' dir='ltr'>populi</span> <span class='ocrx_word' id='word_1_80' title='bbox 1806 1054 2196 1135; x_wconf 83' lang='lat' dir='ltr'>Christiani,</span> <span class='ocrx_word' id='word_1_81' title='bbox 2231 1076 2405 1143; x_wconf 92' lang='lat' dir='ltr'>quos</span> <span class='ocrx_word' id='word_1_82' title='bbox 2457 1055 2605 1145; x_wconf 89' lang='lat' dir='ltr'>ipse</span> <span class='ocrx_word' id='word_1_83' title='bbox 2656 1053 2844 1123; x_wconf 87' lang='lat' dir='ltr'>novit</span> <span class='ocrx_word' id='word_1_84' title='bbox 2896 1052 3022 1140; x_wconf 92' lang='lat' dir='ltr'>qui</span> <span class='ocrx_word' id='word_1_85' title='bbox 3075 1052 3180 1123; x_wconf 87' lang='lat' dir='ltr'>eis</span> 
     </span>
     <span class='ocr_line' id='line_1_10' title="bbox 636 1140 3177 1233; baseline -0.001 -20"><span class='ocrx_word' id='word_1_86' title='bbox 636 1140 838 1213; x_wconf 88' lang='lat' dir='ltr'>talem</span> <span class='ocrx_word' id='word_1_87' title='bbox 870 1141 1159 1233; x_wconf 85' lang='lat' dir='ltr'>gratiam</span> <span class='ocrx_word' id='word_1_88' title='bbox 1192 1142 1482 1213; x_wconf 88' lang='lat' dir='ltr'>contulit</span> <span class='ocrx_word' id='word_1_89' title='bbox 1528 1142 1711 1229; x_wconf 89' lang='lat' dir='ltr'>quod</span> <span class='ocrx_word' id='word_1_90' title='bbox 1746 1144 2121 1233; x_wconf 84' lang='lat' dir='ltr'>sapientiae</span> <span class='ocrx_word' id='word_1_91' title='bbox 2165 1156 2229 1214; x_wconf 90' lang='lat' dir='ltr'>et</span> <span class='ocrx_word' id='word_1_92' title='bbox 2276 1142 2657 1213; x_wconf 87' lang='lat' dir='ltr'>sanctitatis</span> <span class='ocrx_word' id='word_1_93' title='bbox 2693 1142 2938 1212; x_wconf 88' lang='lat' dir='ltr'>merito</span> <span class='ocrx_word' id='word_1_94' title='bbox 2968 1162 3177 1214; x_wconf 87' lang='lat' dir='ltr'>senes</span> 
     </span>
     <span class='ocr_line' id='line_1_11' title="bbox 635 1229 3175 1324; baseline -0.001 -22"><span class='ocrx_word' id='word_1_95' title='bbox 635 1231 774 1303; x_wconf 92' lang='lat' dir='ltr'>sint</span> <span class='ocrx_word' id='word_1_96' title='bbox 823 1229 1082 1321; x_wconf 88' lang='lat' dir='ltr'>populi.</span> <span class='ocrx_word' id='word_1_97' title='bbox 1127 1236 1205 1300; x_wconf 86' lang='lat' dir='ltr'>Et</span> <span class='ocrx_word' id='word_1_98' title='bbox 1239 1230 1405 1318; x_wconf 91' lang='lat' dir='ltr'>quia</span> <span class='ocrx_word' id='word_1_99' title='bbox 1431 1243 1612 1304; x_wconf 90' lang='lat' dir='ltr'>stant</span> <span class='ocrx_word' id='word_1_100' title='bbox 1644 1254 1878 1302; x_wconf 89' lang='lat' dir='ltr'>coram</span> <span class='ocrx_word' id='word_1_101' title='bbox 1925 1255 2005 1303; x_wconf 92' lang='lat' dir='ltr'>eo</span> <span class='ocrx_word' id='word_1_102' title='bbox 2051 1245 2234 1303; x_wconf 89' lang='lat' dir='ltr'>statu</span> <span class='ocrx_word' id='word_1_103' title='bbox 2254 1232 2566 1324; x_wconf 88' lang='lat' dir='ltr'>justitiae</span> <span class='ocrx_word' id='word_1_104' title='bbox 2600 1230 2990 1313; x_wconf 79' lang='lat' dir='ltr'>inflexibili,</span> <span class='ocrx_word' id='word_1_105' title='bbox 3027 1253 3175 1300; x_wconf 86' lang='lat' dir='ltr'>me-</span> 
     </span>
     <span class='ocr_line' id='line_1_12' title="bbox 635 1319 3172 1422; baseline -0.001 -32"><span class='ocrx_word' id='word_1_106' title='bbox 635 1332 875 1391; x_wconf 90' lang='lat' dir='ltr'>rentur</span> <span class='ocrx_word' id='word_1_107' title='bbox 918 1319 1066 1410; x_wconf 89' lang='lat' dir='ltr'>ejus</span> <span class='ocrx_word' id='word_1_108' title='bbox 1114 1319 1400 1411; x_wconf 87' lang='lat' dir='ltr'>spiritus</span> <span class='ocrx_word' id='word_1_109' title='bbox 1462 1320 1983 1422; x_wconf 89' lang='lat' dir='ltr'>participatione</span> <span class='ocrx_word' id='word_1_110' title='bbox 2038 1322 2436 1404; x_wconf 89' lang='lat' dir='ltr'>munerari,</span> <span class='ocrx_word' id='word_1_111' title='bbox 2499 1321 3029 1413; x_wconf 90' lang='lat' dir='ltr'>completurque</span> <span class='ocrx_word' id='word_1_112' title='bbox 3105 1320 3172 1388; x_wconf 88' lang='lat' dir='ltr'>iu</span> 
     </span>
     <span class='ocr_line' id='line_1_13' title="bbox 634 1407 3172 1501; baseline -0.001 -21"><span class='ocrx_word' id='word_1_113' title='bbox 634 1409 807 1501; x_wconf 90' lang='lat' dir='ltr'>ipsis</span> <span class='ocrx_word' id='word_1_114' title='bbox 841 1407 1025 1498; x_wconf 89' lang='lat' dir='ltr'>quod</span> <span class='ocrx_word' id='word_1_115' title='bbox 1074 1408 1241 1479; x_wconf 89' lang='lat' dir='ltr'>dicit</span> <span class='ocrx_word' id='word_1_116' title='bbox 1289 1415 1618 1480; x_wconf 80' lang='lat' dir='ltr'>Dominus</span> <span class='ocrx_word' id='word_1_117' title='bbox 1666 1411 1750 1481; x_wconf 92' lang='lat' dir='ltr'>ad</span> <span class='ocrx_word' id='word_1_118' title='bbox 1780 1410 1970 1481; x_wconf 89' lang='lat' dir='ltr'>Heli:</span> <span class='ocrx_word' id='word_1_119' title='bbox 2009 1410 2483 1482; x_wconf 85' lang='lat' dir='ltr'>Glorificantes</span> <span class='ocrx_word' id='word_1_120' title='bbox 2510 1433 2640 1493; x_wconf 91' lang='lat' dir='ltr'>me,</span> <span class='ocrx_word' id='word_1_121' title='bbox 2667 1423 2875 1481; x_wconf 90' lang='lat' dir='ltr'>erunt</span> <span class='ocrx_word' id='word_1_122' title='bbox 2902 1408 3172 1501; x_wconf 82' lang='lat' dir='ltr'>glorifi-</span> 
     </span>
     <span class='ocr_line' id='line_1_14' title="bbox 633 1499 3165 1582; baseline -0.002 -11"><span class='ocrx_word' id='word_1_123' title='bbox 633 1499 789 1571; x_wconf 90' lang='lat' dir='ltr'>cati.</span> <span class='ocrx_word' id='word_1_124' title='bbox 842 1503 1146 1582; x_wconf 83' lang='lat' dir='ltr'>Quorum</span> <span class='ocrx_word' id='word_1_125' title='bbox 1185 1520 1429 1570; x_wconf 90' lang='lat' dir='ltr'>senum</span> <span class='ocrx_word' id='word_1_126' title='bbox 1524 1499 1718 1582; x_wconf 91' lang='lat' dir='ltr'>loria,</span> <span class='ocrx_word' id='word_1_127' title='bbox 1772 1500 1951 1572; x_wconf 88' lang='lat' dir='ltr'>sicut</span> <span class='ocrx_word' id='word_1_128' title='bbox 1994 1500 2252 1573; x_wconf 89' lang='lat' dir='ltr'>dicitur</span> <span class='ocrx_word' id='word_1_129' title='bbox 2298 1501 2369 1570; x_wconf 89' lang='lat' dir='ltr'>in</span> <span class='ocrx_word' id='word_1_130' title='bbox 2428 1500 2835 1580; x_wconf 84' lang='lat' dir='ltr'>Proverbiis,</span> <span class='ocrx_word' id='word_1_131' title='bbox 2872 1499 3165 1569; x_wconf 79' lang='lat' dir='ltr'>canities</span> 
     </span>
     <span class='ocr_line' id='line_1_15' title="bbox 634 1586 3169 1680; baseline -0.002 -20"><span class='ocrx_word' id='word_1_132' title='bbox 634 1601 769 1660; x_wconf 90' lang='lat' dir='ltr'>est:</span> <span class='ocrx_word' id='word_1_133' title='bbox 821 1586 1006 1659; x_wconf 89' lang='lat' dir='ltr'>haud</span> <span class='ocrx_word' id='word_1_134' title='bbox 1054 1587 1349 1658; x_wconf 90' lang='lat' dir='ltr'>dubium</span> <span class='ocrx_word' id='word_1_135' title='bbox 1415 1588 1461 1658; x_wconf 88' lang='lat' dir='ltr'>il</span> <span class='ocrx_word' id='word_1_136' title='bbox 1493 1612 1579 1670; x_wconf 91' lang='lat' dir='ltr'>a,</span> <span class='ocrx_word' id='word_1_137' title='bbox 1639 1588 1727 1658; x_wconf 94' lang='lat' dir='ltr'>de</span> <span class='ocrx_word' id='word_1_138' title='bbox 1789 1610 1928 1678; x_wconf 88' lang='lat' dir='ltr'>qua</span> <span class='ocrx_word' id='word_1_139' title='bbox 1985 1589 2237 1680; x_wconf 88' lang='lat' dir='ltr'>legitur</span> <span class='ocrx_word' id='word_1_140' title='bbox 2284 1589 2493 1662; x_wconf 88' lang='lat' dir='ltr'>alibi:</span> <span class='ocrx_word' id='word_1_141' title='bbox 2548 1590 2713 1661; x_wconf 90' lang='lat' dir='ltr'>Cani</span> <span class='ocrx_word' id='word_1_142' title='bbox 2760 1601 2928 1660; x_wconf 90' lang='lat' dir='ltr'>sunt</span> <span class='ocrx_word' id='word_1_143' title='bbox 2985 1588 3169 1657; x_wconf 88' lang='lat' dir='ltr'>enim</span> 
     </span>
     <span class='ocr_line' id='line_1_16' title="bbox 636 1676 3173 1777; baseline -0.001 -28"><span class='ocrx_word' id='word_1_144' title='bbox 636 1700 904 1758; x_wconf 89' lang='lat' dir='ltr'>sensus,</span> <span class='ocrx_word' id='word_1_145' title='bbox 956 1676 1027 1746; x_wconf 92' lang='lat' dir='ltr'>id</span> <span class='ocrx_word' id='word_1_146' title='bbox 1075 1689 1197 1759; x_wconf 89' lang='lat' dir='ltr'>est,</span> <span class='ocrx_word' id='word_1_147' title='bbox 1263 1677 1600 1777; x_wconf 87' lang='lat' dir='ltr'>sapientia</span> <span class='ocrx_word' id='word_1_148' title='bbox 1645 1678 1798 1758; x_wconf 85' lang='lat' dir='ltr'>viri,</span> <span class='ocrx_word' id='word_1_149' title='bbox 1855 1692 1920 1748; x_wconf 80' lang='lat' dir='ltr'>et</span> <span class='ocrx_word' id='word_1_150' title='bbox 1968 1693 2153 1749; x_wconf 88' lang='lat' dir='ltr'>aetas</span> <span class='ocrx_word' id='word_1_151' title='bbox 2201 1680 2594 1761; x_wconf 83' lang='lat' dir='ltr'>senectutis,</span> <span class='ocrx_word' id='word_1_152' title='bbox 2649 1678 2784 1749; x_wconf 88' lang='lat' dir='ltr'>vita</span> <span class='ocrx_word' id='word_1_153' title='bbox 2830 1677 3173 1748; x_wconf 88' lang='lat' dir='ltr'>immacu·</span> 
     </span>
     <span class='ocr_line' id='line_1_17' title="bbox 636 1765 3170 1868; baseline -0.001 -31"><span class='ocrx_word' id='word_1_154' title='bbox 636 1768 791 1838; x_wconf 88' lang='lat' dir='ltr'>lata.</span> <span class='ocrx_word' id='word_1_155' title='bbox 847 1766 969 1837; x_wconf 89' lang='lat' dir='ltr'>His</span> <span class='ocrx_word' id='word_1_156' title='bbox 999 1788 1161 1857; x_wconf 87' lang='lat' dir='ltr'>ergo</span> <span class='ocrx_word' id='word_1_157' title='bbox 1208 1765 1411 1836; x_wconf 80' lang='lat' dir='ltr'>donis</span> <span class='ocrx_word' id='word_1_158' title='bbox 1458 1766 1944 1868; x_wconf 86' lang='lat' dir='ltr'>spiritualibus</span> <span class='ocrx_word' id='word_1_159' title='bbox 1995 1769 2367 1859; x_wconf 89' lang='lat' dir='ltr'>praeditus,</span> <span class='ocrx_word' id='word_1_160' title='bbox 2399 1768 2608 1859; x_wconf 86' lang='lat' dir='ltr'>digne</span> <span class='ocrx_word' id='word_1_161' title='bbox 2640 1768 2898 1859; x_wconf 89' lang='lat' dir='ltr'>dignus</span> <span class='ocrx_word' id='word_1_162' title='bbox 2947 1788 3170 1837; x_wconf 88' lang='lat' dir='ltr'>sacer·</span> 
     </span>
     <span class='ocr_line' id='line_1_18' title="bbox 634 1856 3172 1949; baseline -0.002 -21"><span class='ocrx_word' id='word_1_163' title='bbox 634 1857 760 1928; x_wconf 91' lang='lat' dir='ltr'>dos</span> <span class='ocrx_word' id='word_1_164' title='bbox 804 1856 1088 1927; x_wconf 81' lang='lat' dir='ltr'>effectus</span> <span class='ocrx_word' id='word_1_165' title='bbox 1133 1868 1234 1925; x_wconf 91' lang='lat' dir='ltr'>est</span> <span class='ocrx_word' id='word_1_166' title='bbox 1300 1856 1675 1938; x_wconf 78' lang='lat' dir='ltr'>Lebuinus‚</span> <span class='ocrx_word' id='word_1_167' title='bbox 1740 1857 2021 1949; x_wconf 84' lang='lat' dir='ltr'>explens</span> <span class='ocrx_word' id='word_1_168' title='bbox 2086 1858 2310 1929; x_wconf 88' lang='lat' dir='ltr'>verbis</span> <span class='ocrx_word' id='word_1_169' title='bbox 2356 1871 2423 1928; x_wconf 92' lang='lat' dir='ltr'>et</span> <span class='ocrx_word' id='word_1_170' title='bbox 2486 1858 2756 1929; x_wconf 88' lang='lat' dir='ltr'>actibus</span> <span class='ocrx_word' id='word_1_171' title='bbox 2804 1878 3064 1926; x_wconf 90' lang='lat' dir='ltr'>nomen</span> <span class='ocrx_word' id='word_1_172' title='bbox 3111 1867 3172 1923; x_wconf 87' lang='lat' dir='ltr'>et</span> 
     </span>
     <span class='ocr_line' id='line_1_19' title="bbox 633 1944 3167 2036; baseline -0.002 -19"><span class='ocrx_word' id='word_1_173' title='bbox 633 1945 942 2017; x_wconf 88' lang='lat' dir='ltr'>officium</span> <span class='ocrx_word' id='word_1_174' title='bbox 982 1945 1160 2015; x_wconf 89' lang='lat' dir='ltr'>sacri</span> <span class='ocrx_word' id='word_1_175' title='bbox 1191 1944 1510 2026; x_wconf 83' lang='lat' dir='ltr'>ducatus,</span> <span class='ocrx_word' id='word_1_176' title='bbox 1553 1968 1729 2036; x_wconf 90' lang='lat' dir='ltr'>pura</span> <span class='ocrx_word' id='word_1_177' title='bbox 1777 1959 2003 2017; x_wconf 90' lang='lat' dir='ltr'>mente</span> <span class='ocrx_word' id='word_1_178' title='bbox 2055 1947 2475 2036; x_wconf 88' lang='lat' dir='ltr'>mundisque</span> <span class='ocrx_word' id='word_1_179' title='bbox 2534 1947 2885 2025; x_wconf 89' lang='lat' dir='ltr'>manibus,</span> <span class='ocrx_word' id='word_1_180' title='bbox 2938 1959 3016 2015; x_wconf 89' lang='lat' dir='ltr'>ut</span> <span class='ocrx_word' id='word_1_181' title='bbox 3065 1965 3167 2013; x_wconf 83' lang='lat' dir='ltr'>ex·</span> 
     </span>
     <span class='ocr_line' id='line_1_20' title="bbox 637 2033 3168 2137; baseline -0.002 -32"><span class='ocrx_word' id='word_1_182' title='bbox 637 2035 825 2128; x_wconf 89' lang='lat' dir='ltr'>pedit</span> <span class='ocrx_word' id='word_1_183' title='bbox 869 2033 1362 2114; x_wconf 89' lang='lat' dir='ltr'>sacerdotibus,</span> <span class='ocrx_word' id='word_1_184' title='bbox 1400 2035 1877 2125; x_wconf 78' lang='lat' dir='ltr'>cooperatione</span> <span class='ocrx_word' id='word_1_185' title='bbox 1908 2035 2203 2137; x_wconf 87' lang='lat' dir='ltr'>Spiritus</span> <span class='ocrx_word' id='word_1_186' title='bbox 2233 2038 2460 2107; x_wconf 90' lang='lat' dir='ltr'>Sancti</span> <span class='ocrx_word' id='word_1_187' title='bbox 2492 2036 2868 2107; x_wconf 83' lang='lat' dir='ltr'>conficiens</span> <span class='ocrx_word' id='word_1_188' title='bbox 2900 2047 2969 2105; x_wconf 91' lang='lat' dir='ltr'>et</span> <span class='ocrx_word' id='word_1_189' title='bbox 2997 2034 3168 2103; x_wconf 87' lang='lat' dir='ltr'>dans</span> 
     </span>
    </p>
   </div>
   <div class='ocr_carea' id='block_1_3' title="bbox 636 2123 3282 2218">
    <p class='ocr_par' dir='ltr' id='par_1_3' title="bbox 636 2123 3282 2218">
     <span class='ocr_line' id='line_1_21' title="bbox 636 2123 3282 2218; baseline 0.002 -22"><span class='ocrx_word' id='word_1_190' title='bbox 636 2137 1064 2197; x_wconf 84' lang='lat' dir='ltr'>sacramenta</span> <span class='ocrx_word' id='word_1_191' title='bbox 1108 2123 1377 2193; x_wconf 84' lang='lat' dir='ltr'>vivifica</span> <span class='ocrx_word' id='word_1_192' title='bbox 1452 2123 1727 2216; x_wconf 90' lang='lat' dir='ltr'>populis</span> <span class='ocrx_word' id='word_1_193' title='bbox 1797 2124 2165 2207; x_wconf 78' lang='lat' dir='ltr'>fidelibus,</span> <span class='ocrx_word' id='word_1_194' title='bbox 2223 2147 2533 2218; x_wconf 90' lang='lat' dir='ltr'>congrua</span> <span class='ocrx_word' id='word_1_195' title='bbox 2598 2147 3167 2215; x_wconf 86' lang='lat' dir='ltr'>unumquemque</span> <span class='ocrx_word' id='word_1_196' title='bbox 3281 2195 3282 2202; x_wconf 74' lang='grc'>,</span> 
     </span>
    </p>
   </div>
   <div class='ocr_carea' id='block_1_4' title="bbox 626 2213 3282 3288">
    <p class='ocr_par' dir='ltr' id='par_1_4' title="bbox 635 2213 3032 2306">
     <span class='ocr_line' id='line_1_22' title="bbox 635 2213 3032 2306; baseline 0 -21"><span class='ocrx_word' id='word_1_197' title='bbox 635 2215 886 2285; x_wconf 89' lang='lat' dir='ltr'>docens</span> <span class='ocrx_word' id='word_1_198' title='bbox 909 2213 1392 2295; x_wconf 85' lang='lat' dir='ltr'>exhortatione,</span> <span class='ocrx_word' id='word_1_199' title='bbox 1425 2235 1547 2304; x_wconf 88' lang='lat' dir='ltr'>pro</span> <span class='ocrx_word' id='word_1_200' title='bbox 1569 2237 1735 2284; x_wconf 87' lang='lat' dir='ltr'>suae</span> <span class='ocrx_word' id='word_1_201' title='bbox 1765 2214 2207 2306; x_wconf 87' lang='lat' dir='ltr'>professionis</span> <span class='ocrx_word' id='word_1_202' title='bbox 2239 2237 2317 2286; x_wconf 89' lang='lat' dir='ltr'>ac</span> <span class='ocrx_word' id='word_1_203' title='bbox 2353 2237 2625 2286; x_wconf 89' lang='lat' dir='ltr'>morum</span> <span class='ocrx_word' id='word_1_204' title='bbox 2678 2215 3032 2304; x_wconf 87' lang='lat' dir='ltr'>qualitate.</span> 
     </span>
    </p>

    <p class='ocr_par' dir='ltr' id='par_1_5' title="bbox 626 2302 3282 3288">
     <span class='ocr_line' id='line_1_23' title="bbox 722 2302 3282 2395; baseline 0 -22"><span class='ocrx_word' id='word_1_205' title='bbox 722 2306 759 2392; x_wconf 66' lang='grc' dir='ltr'><strong>ξ</strong></span> <span class='ocrx_word' id='word_1_206' title='bbox 822 2307 915 2374; x_wconf 70' lang='grc' dir='ltr'>θ.</span> <span class='ocrx_word' id='word_1_207' title='bbox 969 2303 1327 2372; x_wconf 88' lang='lat' dir='ltr'>Enimvero</span> <span class='ocrx_word' id='word_1_208' title='bbox 1376 2302 1435 2372; x_wconf 91' lang='lat' dir='ltr'>is</span> <span class='ocrx_word' id='word_1_209' title='bbox 1529 2303 1605 2374; x_wconf 90' lang='lat' dir='ltr'>ui</span> <span class='ocrx_word' id='word_1_210' title='bbox 1648 2316 1972 2395; x_wconf 89' lang='lat' dir='ltr'>operatur</span> <span class='ocrx_word' id='word_1_211' title='bbox 2030 2305 2102 2374; x_wconf 92' lang='lat' dir='ltr'>in</span> <span class='ocrx_word' id='word_1_212' title='bbox 2160 2304 2307 2377; x_wconf 91' lang='lat' dir='ltr'>suis</span> <span class='ocrx_word' id='word_1_213' title='bbox 2371 2305 2697 2376; x_wconf 88' lang='lat' dir='ltr'>omnibus</span> <span class='ocrx_word' id='word_1_214' title='bbox 2760 2317 2825 2375; x_wconf 88' lang='lat' dir='ltr'>et</span> <span class='ocrx_word' id='word_1_215' title='bbox 2888 2305 3061 2376; x_wconf 86' lang='lat' dir='ltr'>velle</span> <span class='ocrx_word' id='word_1_216' title='bbox 3105 2317 3166 2374; x_wconf 92' lang='lat' dir='ltr'>et</span> <span class='ocrx_word' id='word_1_217' title='bbox 3281 2345 3282 2394; x_wconf 21' lang='grc' dir='ltr'>ᾗ</span> 
     </span>
     <span class='ocr_line' id='line_1_24' title="bbox 636 2326 1532 2495; baseline 0 -32"><span class='ocrx_word' id='word_1_218' title='bbox 636 2391 971 2495; x_wconf 88' lang='lat' dir='ltr'>perficere</span> <span class='ocrx_word' id='word_1_219' title='bbox 1032 2415 1153 2484; x_wconf 94' lang='lat' dir='ltr'>pro</span> <span class='ocrx_word' id='word_1_220' title='bbox 1200 2393 1380 2462; x_wconf 91' lang='lat' dir='ltr'>bona</span> <span class='ocrx_word' id='word_1_221' title='bbox 1430 2326 1532 2463; x_wconf 43' lang='lat' dir='ltr'>vell</span> 
     </span>
     <span class='ocr_line' id='line_1_25' title="bbox 636 2477 3160 2572; baseline 0 -19"><span class='ocrx_word' id='word_1_222' title='bbox 636 2507 709 2553; x_wconf 86' lang='lat' dir='ltr'>ln</span> <span class='ocrx_word' id='word_1_223' title='bbox 760 2481 1019 2553; x_wconf 86' lang='lat' dir='ltr'>famulo</span> <span class='ocrx_word' id='word_1_224' title='bbox 1067 2477 1197 2553; x_wconf 90' lang='lat' dir='ltr'>sibi</span> <span class='ocrx_word' id='word_1_225' title='bbox 1233 2481 1420 2553; x_wconf 84' lang='lat' dir='ltr'>fideli</span> <span class='ocrx_word' id='word_1_226' title='bbox 1469 2482 1771 2554; x_wconf 91' lang='lat' dir='ltr'>Lebuino</span> <span class='ocrx_word' id='word_1_227' title='bbox 1819 2483 1990 2554; x_wconf 91' lang='lat' dir='ltr'>illud</span> <span class='ocrx_word' id='word_1_228' title='bbox 2056 2483 2226 2555; x_wconf 89' lang='lat' dir='ltr'>velle</span> <span class='ocrx_word' id='word_1_229' title='bbox 2273 2483 2456 2572; x_wconf 91' lang='lat' dir='ltr'>quod</span> <span class='ocrx_word' id='word_1_230' title='bbox 2507 2483 2908 2556; x_wconf 76' lang='lat' dir='ltr'>nullatenus</span> <span class='ocrx_word' id='word_1_231' title='bbox 2957 2508 2997 2555; x_wconf 89' lang='lat' dir='ltr'>a</span> <span class='ocrx_word' id='word_1_232' title='bbox 3044 2505 3160 2557; x_wconf 89' lang='lat' dir='ltr'>suo</span> 
     </span>
     <span class='ocr_line' id='line_1_26' title="bbox 637 2571 3155 2664; baseline -0 -21"><span class='ocrx_word' id='word_1_233' title='bbox 637 2573 808 2643; x_wconf 88' lang='lat' dir='ltr'>velle</span> <span class='ocrx_word' id='word_1_234' title='bbox 858 2583 1114 2663; x_wconf 91' lang='lat' dir='ltr'>poterat</span> <span class='ocrx_word' id='word_1_235' title='bbox 1161 2571 1574 2664; x_wconf 88' lang='lat' dir='ltr'>discrepare,</span> <span class='ocrx_word' id='word_1_236' title='bbox 1610 2573 1816 2644; x_wconf 90' lang='lat' dir='ltr'>saluti</span> <span class='ocrx_word' id='word_1_237' title='bbox 1866 2574 2178 2644; x_wconf 85' lang='lat' dir='ltr'>videlicet</span> <span class='ocrx_word' id='word_1_238' title='bbox 2227 2573 2719 2645; x_wconf 90' lang='lat' dir='ltr'>lucrandarum</span> <span class='ocrx_word' id='word_1_239' title='bbox 2771 2575 3155 2645; x_wconf 89' lang='lat' dir='ltr'>animarum</span> 
     </span>
     <span class='ocr_line' id='line_1_27' title="bbox 626 2661 3163 2755; baseline -0 -22"><span class='ocrx_word' id='word_1_240' title='bbox 626 2662 889 2755; x_wconf 87' lang='lat' dir='ltr'>jugiter</span> <span class='ocrx_word' id='word_1_241' title='bbox 947 2661 1261 2741; x_wconf 87' lang='lat' dir='ltr'>inhiare,</span> <span class='ocrx_word' id='word_1_242' title='bbox 1317 2675 1382 2731; x_wconf 91' lang='lat' dir='ltr'>et</span> <span class='ocrx_word' id='word_1_243' title='bbox 1436 2662 1833 2733; x_wconf 88' lang='lat' dir='ltr'>continuam</span> <span class='ocrx_word' id='word_1_244' title='bbox 1893 2663 2054 2734; x_wconf 84' lang='lat' dir='ltr'>huic</span> <span class='ocrx_word' id='word_1_245' title='bbox 2100 2662 2439 2734; x_wconf 87' lang='lat' dir='ltr'>desiderio</span> <span class='ocrx_word' id='word_1_246' title='bbox 2495 2685 2779 2755; x_wconf 87' lang='lat' dir='ltr'>operam</span> <span class='ocrx_word' id='word_1_247' title='bbox 2828 2663 3030 2734; x_wconf 87' lang='lat' dir='ltr'>dare:</span> <span class='ocrx_word' id='word_1_248' title='bbox 3092 2674 3163 2732; x_wconf 90' lang='lat' dir='ltr'>ut</span> 
     </span>
     <span class='ocr_line' id='line_1_28' title="bbox 633 2750 3153 2843; baseline -0.002 -19"><span class='ocrx_word' id='word_1_249' title='bbox 633 2753 814 2825; x_wconf 89' lang='lat' dir='ltr'>sicut</span> <span class='ocrx_word' id='word_1_250' title='bbox 856 2751 940 2820; x_wconf 85' lang='lat' dir='ltr'>de</span> <span class='ocrx_word' id='word_1_251' title='bbox 987 2751 1269 2842; x_wconf 88' lang='lat' dir='ltr'>speciali</span> <span class='ocrx_word' id='word_1_252' title='bbox 1309 2753 1529 2841; x_wconf 87' lang='lat' dir='ltr'>gratia</span> <span class='ocrx_word' id='word_1_253' title='bbox 1575 2751 2006 2843; x_wconf 81' lang='lat' dir='ltr'>Apostolatus</span> <span class='ocrx_word' id='word_1_254' title='bbox 2055 2758 2125 2822; x_wconf 91' lang='lat' dir='ltr'>B.</span> <span class='ocrx_word' id='word_1_255' title='bbox 2180 2752 2358 2822; x_wconf 88' lang='lat' dir='ltr'>Petri</span> <span class='ocrx_word' id='word_1_256' title='bbox 2406 2765 2474 2822; x_wconf 93' lang='lat' dir='ltr'>et</span> <span class='ocrx_word' id='word_1_257' title='bbox 2519 2752 2862 2843; x_wconf 87' lang='lat' dir='ltr'>suiipsius</span> <span class='ocrx_word' id='word_1_258' title='bbox 2905 2750 3153 2822; x_wconf 90' lang='lat' dir='ltr'>Paulus</span> 
     </span>
     <span class='ocr_line' id='line_1_29' title="bbox 631 2840 3156 2933; baseline -0.002 -22"><span class='ocrx_word' id='word_1_259' title='bbox 631 2853 1063 2933; x_wconf 87' lang='lat' dir='ltr'>protestatur,</span> <span class='ocrx_word' id='word_1_260' title='bbox 1127 2840 1398 2910; x_wconf 86' lang='lat' dir='ltr'>dicens:</span> <span class='ocrx_word' id='word_1_261' title='bbox 1452 2840 1581 2923; x_wconf 85' lang='lat' dir='ltr'>Qui</span> <span class='ocrx_word' id='word_1_262' title='bbox 1629 2854 1951 2931; x_wconf 86' lang='lat' dir='ltr'>operatus</span> <span class='ocrx_word' id='word_1_263' title='bbox 1997 2853 2098 2911; x_wconf 90' lang='lat' dir='ltr'>est</span> <span class='ocrx_word' id='word_1_264' title='bbox 2145 2846 2339 2911; x_wconf 90' lang='lat' dir='ltr'>Petro</span> <span class='ocrx_word' id='word_1_265' title='bbox 2387 2841 2457 2911; x_wconf 88' lang='lat' dir='ltr'>in</span> <span class='ocrx_word' id='word_1_266' title='bbox 2506 2842 2973 2932; x_wconf 80' lang='lat' dir='ltr'>Apostolatum</span> <span class='ocrx_word' id='word_1_267' title='bbox 3018 2840 3156 2909; x_wconf 85' lang='lat' dir='ltr'>cir·</span> 
     </span>
     <span class='ocr_line' id='line_1_30' title="bbox 633 2929 3163 3021; baseline -0.002 -19"><span class='ocrx_word' id='word_1_268' title='bbox 633 2929 1101 3011; x_wconf 78' lang='lat' dir='ltr'>cumeisionis‚</span> <span class='ocrx_word' id='word_1_269' title='bbox 1136 2941 1459 3020; x_wconf 90' lang='lat' dir='ltr'>operatus</span> <span class='ocrx_word' id='word_1_270' title='bbox 1504 2942 1605 2999; x_wconf 91' lang='lat' dir='ltr'>est</span> <span class='ocrx_word' id='word_1_271' title='bbox 1650 2942 1717 2999; x_wconf 89' lang='lat' dir='ltr'>et</span> <span class='ocrx_word' id='word_1_272' title='bbox 1756 2930 1929 2999; x_wconf 82' lang='lat' dir='ltr'>milii</span> <span class='ocrx_word' id='word_1_273' title='bbox 1976 2930 2154 3000; x_wconf 87' lang='lat' dir='ltr'>inter</span> <span class='ocrx_word' id='word_1_274' title='bbox 2199 2943 2483 3021; x_wconf 85' lang='lat' dir='ltr'>gentes:</span> <span class='ocrx_word' id='word_1_275' title='bbox 2540 2931 2634 3000; x_wconf 89' lang='lat' dir='ltr'>ita</span> <span class='ocrx_word' id='word_1_276' title='bbox 2680 2943 2749 3001; x_wconf 87' lang='lat' dir='ltr'>ct</span> <span class='ocrx_word' id='word_1_277' title='bbox 2792 2953 2918 3001; x_wconf 91' lang='lat' dir='ltr'>nos</span> <span class='ocrx_word' id='word_1_278' title='bbox 2948 2929 3163 2999; x_wconf 85' lang='lat' dir='ltr'>fiden-</span> 
     </span>
     <span class='ocr_line' id='line_1_31' title="bbox 639 3017 3163 3111; baseline -0.001 -20"><span class='ocrx_word' id='word_1_279' title='bbox 639 3033 739 3091; x_wconf 90' lang='lat' dir='ltr'>ter</span> <span class='ocrx_word' id='word_1_280' title='bbox 783 3019 869 3089; x_wconf 90' lang='lat' dir='ltr'>de</span> <span class='ocrx_word' id='word_1_281' title='bbox 906 3019 1033 3088; x_wconf 90' lang='lat' dir='ltr'>hoc</span> <span class='ocrx_word' id='word_1_282' title='bbox 1082 3030 1312 3089; x_wconf 91' lang='lat' dir='ltr'>nostro</span> <span class='ocrx_word' id='word_1_283' title='bbox 1346 3017 1573 3088; x_wconf 89' lang='lat' dir='ltr'>dicere</span> <span class='ocrx_word' id='word_1_284' title='bbox 1618 3019 2002 3089; x_wconf 87' lang='lat' dir='ltr'>audeamus</span> <span class='ocrx_word' id='word_1_285' title='bbox 2049 3019 2390 3109; x_wconf 81' lang='lat' dir='ltr'>Apostolo,</span> <span class='ocrx_word' id='word_1_286' title='bbox 2429 3019 2594 3107; x_wconf 91' lang='lat' dir='ltr'>quia</span> <span class='ocrx_word' id='word_1_287' title='bbox 2639 3032 2706 3089; x_wconf 92' lang='lat' dir='ltr'>et</span> <span class='ocrx_word' id='word_1_288' title='bbox 2738 3020 2887 3111; x_wconf 89' lang='lat' dir='ltr'>ipse</span> <span class='ocrx_word' id='word_1_289' title='bbox 2934 3041 3163 3110; x_wconf 89' lang='lat' dir='ltr'>opera-</span> 
     </span>
     <span class='ocr_line' id='line_1_32' title="bbox 638 3107 3165 3197; baseline -0.001 -18"><span class='ocrx_word' id='word_1_290' title='bbox 638 3120 748 3179; x_wconf 91' lang='lat' dir='ltr'>tus</span> <span class='ocrx_word' id='word_1_291' title='bbox 792 3120 893 3178; x_wconf 89' lang='lat' dir='ltr'>est</span> <span class='ocrx_word' id='word_1_292' title='bbox 940 3107 1241 3177; x_wconf 90' lang='lat' dir='ltr'>Lebuino</span> <span class='ocrx_word' id='word_1_293' title='bbox 1289 3107 1466 3178; x_wconf 90' lang='lat' dir='ltr'>inter</span> <span class='ocrx_word' id='word_1_294' title='bbox 1513 3112 1812 3179; x_wconf 88' lang='lat' dir='ltr'>Francos</span> <span class='ocrx_word' id='word_1_295' title='bbox 1862 3121 1928 3179; x_wconf 90' lang='lat' dir='ltr'>et</span> <span class='ocrx_word' id='word_1_296' title='bbox 1975 3113 2294 3179; x_wconf 83' lang='lat' dir='ltr'>Saxones.</span> <span class='ocrx_word' id='word_1_297' title='bbox 2338 3109 2525 3181; x_wconf 90' lang='lat' dir='ltr'>Unde</span> <span class='ocrx_word' id='word_1_298' title='bbox 2556 3109 2723 3197; x_wconf 89' lang='lat' dir='ltr'>quia</span> <span class='ocrx_word' id='word_1_299' title='bbox 2754 3109 2840 3179; x_wconf 88' lang='lat' dir='ltr'>ad</span> <span class='ocrx_word' id='word_1_300' title='bbox 2892 3109 3165 3180; x_wconf 89' lang='lat' dir='ltr'>eosdem</span> 
     </span>
     <span class='ocr_line' id='line_1_33' title="bbox 639 3196 3164 3288; baseline -0 -21"><span class='ocrx_word' id='word_1_301' title='bbox 639 3197 985 3287; x_wconf 72' lang='lat' dir='ltr'>docendos</span> <span class='ocrx_word' id='word_1_302' title='bbox 1033 3197 1120 3266; x_wconf 92' lang='lat' dir='ltr'>ab</span> <span class='ocrx_word' id='word_1_303' title='bbox 1166 3218 1245 3266; x_wconf 93' lang='lat' dir='ltr'>eo</span> <span class='ocrx_word' id='word_1_304' title='bbox 1292 3207 1392 3269; x_wconf 90' lang='lat' dir='ltr'>est</span> <span class='ocrx_word' id='word_1_305' title='bbox 1443 3196 1850 3280; x_wconf 82' lang='lat' dir='ltr'>destinatuS,</span> <span class='ocrx_word' id='word_1_306' title='bbox 1909 3220 2030 3288; x_wconf 94' lang='lat' dir='ltr'>pro</span> <span class='ocrx_word' id='word_1_307' title='bbox 2080 3199 2189 3269; x_wconf 91' lang='lat' dir='ltr'>sui</span> <span class='ocrx_word' id='word_1_308' title='bbox 2237 3197 2563 3286; x_wconf 86' lang='lat' dir='ltr'>qualitate</span> <span class='ocrx_word' id='word_1_309' title='bbox 2610 3197 2823 3269; x_wconf 86' lang='lat' dir='ltr'>officii</span> <span class='ocrx_word' id='word_1_310' title='bbox 2871 3221 3008 3269; x_wconf 91' lang='lat' dir='ltr'>non</span> <span class='ocrx_word' id='word_1_311' title='bbox 3061 3197 3164 3266; x_wconf 88' lang='lat' dir='ltr'>in·</span> 
     </span>
    </p>
   </div>
   <div class='ocr_carea' id='block_1_5' title="bbox 1541 2394 3282 2486">
    <p class='ocr_par' dir='ltr' id='par_1_6' title="bbox 1541 2394 3282 2486">
     <span class='ocr_line' id='line_1_34' title="bbox 1541 2394 3282 2486; baseline -0.001 -23"><span class='ocrx_word' id='word_1_312' title='bbox 1541 2405 1796 2476; x_wconf 89' lang='lat' dir='ltr'>untate‚</span> <span class='ocrx_word' id='word_1_313' title='bbox 1851 2416 1975 2465; x_wconf 91' lang='lat' dir='ltr'>suo</span> <span class='ocrx_word' id='word_1_314' title='bbox 2022 2394 2317 2486; x_wconf 89' lang='lat' dir='ltr'>gratuito</span> <span class='ocrx_word' id='word_1_315' title='bbox 2366 2415 2652 2464; x_wconf 90' lang='lat' dir='ltr'>munere</span> <span class='ocrx_word' id='word_1_316' title='bbox 2699 2407 3024 2486; x_wconf 90' lang='lat' dir='ltr'>operatus</span> <span class='ocrx_word' id='word_1_317' title='bbox 3068 2408 3164 2464; x_wconf 89' lang='lat' dir='ltr'>est</span> <span class='ocrx_word' id='word_1_318' title='bbox 3281 2435 3282 2456; x_wconf 33' lang='grc' dir='ltr'><strong>η</strong></span> 
     </span>
    </p>
   </div>
   <div class='ocr_carea' id='block_1_6' title="bbox 636 3285 3280 3377">
    <p class='ocr_par' dir='ltr' id='par_1_7' title="bbox 636 3285 3280 3377">
     <span class='ocr_line' id='line_1_35' title="bbox 636 3285 3280 3377; baseline -0.001 -19"><span class='ocrx_word' id='word_1_319' title='bbox 636 3286 1118 3358; x_wconf 87' lang='lat' dir='ltr'>convenienter</span> <span class='ocrx_word' id='word_1_320' title='bbox 1152 3285 1418 3357; x_wconf 89' lang='lat' dir='ltr'>dicetur</span> <span class='ocrx_word' id='word_1_321' title='bbox 1443 3286 1807 3377; x_wconf 81' lang='lat' dir='ltr'>Apostolus</span> <span class='ocrx_word' id='word_1_322' title='bbox 1838 3287 2021 3375; x_wconf 89' lang='lat' dir='ltr'>quod</span> <span class='ocrx_word' id='word_1_323' title='bbox 2061 3287 2133 3358; x_wconf 91' lang='lat' dir='ltr'>in</span> <span class='ocrx_word' id='word_1_324' title='bbox 2181 3288 2275 3357; x_wconf 92' lang='lat' dir='ltr'>lin</span> <span class='ocrx_word' id='word_1_325' title='bbox 2334 3310 2421 3358; x_wconf 88' lang='lat' dir='ltr'>ua</span> <span class='ocrx_word' id='word_1_326' title='bbox 2469 3287 2707 3358; x_wconf 90' lang='lat' dir='ltr'>Latina</span> <span class='ocrx_word' id='word_1_327' title='bbox 2755 3299 2974 3369; x_wconf 91' lang='lat' dir='ltr'>sonat,</span> <span class='ocrx_word' id='word_1_328' title='bbox 3018 3289 3163 3358; x_wconf 76' lang='lat' dir='ltr'>Mis-</span> <span class='ocrx_word' id='word_1_329' title='bbox 3279 3294 3280 3341; x_wconf 58' lang='grc' dir='ltr'>ἐ</span> 
     </span>
    </p>
   </div>
   <div class='ocr_carea' id='block_1_7' title="bbox 636 3375 3158 3480">
    <p class='ocr_par' dir='ltr' id='par_1_8' title="bbox 636 3375 3158 3480">
     <span class='ocr_line' id='line_1_36' title="bbox 636 3375 3158 3480; baseline -0 -33"><span class='ocrx_word' id='word_1_330' title='bbox 636 3399 772 3447; x_wconf 68' lang='lat' dir='ltr'>aux.</span> <span class='ocrx_word' id='word_1_331' title='bbox 834 3375 1141 3464; x_wconf 91' lang='lat' dir='ltr'>Denique</span> <span class='ocrx_word' id='word_1_332' title='bbox 1189 3376 1367 3446; x_wconf 89' lang='lat' dir='ltr'>sicut</span> <span class='ocrx_word' id='word_1_333' title='bbox 1431 3376 1580 3446; x_wconf 89' lang='lat' dir='ltr'>suis</span> <span class='ocrx_word' id='word_1_334' title='bbox 1643 3375 1796 3467; x_wconf 91' lang='lat' dir='ltr'>ipse</span> <span class='ocrx_word' id='word_1_335' title='bbox 1844 3377 2209 3480; x_wconf 84' lang='lat' dir='ltr'>praecepit,</span> <span class='ocrx_word' id='word_1_336' title='bbox 2322 3376 2658 3467; x_wconf 89' lang='lat' dir='ltr'>iscipulis,</span> <span class='ocrx_word' id='word_1_337' title='bbox 2715 3377 2992 3449; x_wconf 90' lang='lat' dir='ltr'>dicens:</span> <span class='ocrx_word' id='word_1_338' title='bbox 3043 3382 3158 3456; x_wconf 80' lang='lat' dir='ltr'>Ite,</span> 
     </span>
    </p>
   </div>
   <div class='ocr_carea' id='block_1_8' title="bbox 638 3465 3280 3556">
    <p class='ocr_par' dir='ltr' id='par_1_9' title="bbox 638 3465 3280 3556">
     <span class='ocr_line' id='line_1_37' title="bbox 638 3465 3280 3556; baseline -0 -21"><span class='ocrx_word' id='word_1_339' title='bbox 638 3467 860 3536; x_wconf 82' lang='lat' dir='ltr'>docete</span> <span class='ocrx_word' id='word_1_340' title='bbox 892 3488 1113 3535; x_wconf 80' lang='lat' dir='ltr'>omnes</span> <span class='ocrx_word' id='word_1_341' title='bbox 1160 3476 1412 3556; x_wconf 73' lang='lat' dir='ltr'>yenteS,</span> <span class='ocrx_word' id='word_1_342' title='bbox 1461 3466 1879 3556; x_wconf 80' lang='lat' dir='ltr'>baptizantes</span> <span class='ocrx_word' id='word_1_343' title='bbox 1928 3489 2032 3536; x_wconf 79' lang='lat' dir='ltr'>eos</span> <span class='ocrx_word' id='word_1_344' title='bbox 2091 3490 2162 3536; x_wconf 75' lang='lat' dir='ltr'>tn</span> <span class='ocrx_word' id='word_1_345' title='bbox 2214 3468 2476 3537; x_wconf 77' lang='lat' dir='ltr'>nomine</span> <span class='ocrx_word' id='word_1_346' title='bbox 2528 3466 2747 3536; x_wconf 87' lang='lat' dir='ltr'>Patris</span> <span class='ocrx_word' id='word_1_347' title='bbox 2794 3479 2860 3537; x_wconf 87' lang='lat' dir='ltr'>et</span> <span class='ocrx_word' id='word_1_348' title='bbox 2907 3465 3059 3535; x_wconf 86' lang='lat' dir='ltr'>Filii</span> <span class='ocrx_word' id='word_1_349' title='bbox 3105 3477 3165 3536; x_wconf 88' lang='lat' dir='ltr'>et</span> <span class='ocrx_word' id='word_1_350' title='bbox 3279 3486 3280 3505; x_wconf 60' lang='lat'>³</span> 
     </span>
    </p>
   </div>
   <div class='ocr_carea' id='block_1_9' title="bbox 636 3554 3166 4537">
    <p class='ocr_par' dir='ltr' id='par_1_10' title="bbox 636 3554 3166 4537">
     <span class='ocr_line' id='line_1_38' title="bbox 641 3554 3166 3648; baseline -0.001 -23"><span class='ocrx_word' id='word_1_351' title='bbox 641 3554 936 3646; x_wconf 89' lang='lat' dir='ltr'>Spiritus</span> <span class='ocrx_word' id='word_1_352' title='bbox 993 3554 1244 3634; x_wconf 87' lang='lat' dir='ltr'>Sancti,</span> <span class='ocrx_word' id='word_1_353' title='bbox 1283 3555 1581 3625; x_wconf 81' lang='lat' dir='ltr'>docentes</span> <span class='ocrx_word' id='word_1_354' title='bbox 1613 3578 1720 3625; x_wconf 76' lang='lat' dir='ltr'>eos</span> <span class='ocrx_word' id='word_1_355' title='bbox 1751 3579 2020 3626; x_wconf 82' lang='lat' dir='ltr'>servare</span> <span class='ocrx_word' id='word_1_356' title='bbox 2049 3556 2296 3635; x_wconf 79' lang='lat' dir='ltr'>omnia,</span> <span class='ocrx_word' id='word_1_357' title='bbox 2348 3578 2808 3648; x_wconf 81' lang='lat' dir='ltr'>quaecumque</span> <span class='ocrx_word' id='word_1_358' title='bbox 2849 3555 3166 3626; x_wconf 78' lang='lat' dir='ltr'>mandavi</span> 
     </span>
     <span class='ocr_line' id='line_1_39' title="bbox 636 3643 3161 3735; baseline -0.001 -22"><span class='ocrx_word' id='word_1_359' title='bbox 636 3646 819 3715; x_wconf 76' lang='lat' dir='ltr'>vobis</span> <span class='ocrx_word' id='word_1_360' title='bbox 856 3644 1123 3735; x_wconf 79' lang='lat' dir='ltr'>(Matth.</span> <span class='ocrx_word' id='word_1_361' title='bbox 1157 3643 1424 3733; x_wconf 84' lang='lat' dir='ltr'>xxvn1):</span> <span class='ocrx_word' id='word_1_362' title='bbox 1477 3644 1570 3714; x_wconf 90' lang='lat' dir='ltr'>ita</span> <span class='ocrx_word' id='word_1_363' title='bbox 1616 3657 1683 3714; x_wconf 90' lang='lat' dir='ltr'>et</span> <span class='ocrx_word' id='word_1_364' title='bbox 1729 3644 1913 3714; x_wconf 91' lang='lat' dir='ltr'>hunc</span> <span class='ocrx_word' id='word_1_365' title='bbox 1962 3667 2163 3715; x_wconf 88' lang='lat' dir='ltr'>suum</span> <span class='ocrx_word' id='word_1_366' title='bbox 2208 3644 2456 3716; x_wconf 79' lang='lat' dir='ltr'>affatus</span> <span class='ocrx_word' id='word_1_367' title='bbox 2496 3644 2948 3735; x_wconf 88' lang='lat' dir='ltr'>discipulum,</span> <span class='ocrx_word' id='word_1_368' title='bbox 2989 3643 3161 3715; x_wconf 84' lang='lat' dir='ltr'>velut</span> 
     </span>
     <span class='ocr_line' id='line_1_40' title="bbox 638 3732 3161 3834; baseline -0.001 -30"><span class='ocrx_word' id='word_1_369' title='bbox 638 3734 877 3804; x_wconf 89' lang='lat' dir='ltr'>eodem</span> <span class='ocrx_word' id='word_1_370' title='bbox 925 3732 1214 3824; x_wconf 89' lang='lat' dir='ltr'>imperio</span> <span class='ocrx_word' id='word_1_371' title='bbox 1262 3732 1607 3834; x_wconf 88' lang='lat' dir='ltr'>praecepit</span> <span class='ocrx_word' id='word_1_372' title='bbox 1666 3733 1728 3803; x_wconf 91' lang='lat' dir='ltr'>ei</span> <span class='ocrx_word' id='word_1_373' title='bbox 1796 3732 2128 3825; x_wconf 84' lang='lat' dir='ltr'>praefatas</span> <span class='ocrx_word' id='word_1_374' title='bbox 2189 3732 2431 3805; x_wconf 88' lang='lat' dir='ltr'>docere</span> <span class='ocrx_word' id='word_1_375' title='bbox 2493 3746 2731 3825; x_wconf 88' lang='lat' dir='ltr'>gentes</span> <span class='ocrx_word' id='word_1_376' title='bbox 2794 3733 3161 3805; x_wconf 78' lang='lat' dir='ltr'>catholicae</span> 
     </span>
     <span class='ocr_line' id='line_1_41' title="bbox 640 3821 3162 3924; baseline -0.001 -31"><span class='ocrx_word' id='word_1_377' title='bbox 640 3836 1070 3894; x_wconf 88' lang='lat' dir='ltr'>sacramenta</span> <span class='ocrx_word' id='word_1_378' title='bbox 1120 3821 1302 3903; x_wconf 80' lang='lat' dir='ltr'>fidet,</span> <span class='ocrx_word' id='word_1_379' title='bbox 1359 3822 1619 3911; x_wconf 86' lang='lat' dir='ltr'>tingere</span> <span class='ocrx_word' id='word_1_380' title='bbox 1663 3823 2008 3924; x_wconf 89' lang='lat' dir='ltr'>baptismo</span> <span class='ocrx_word' id='word_1_381' title='bbox 2047 3821 2353 3905; x_wconf 87' lang='lat' dir='ltr'>salutari,</span> <span class='ocrx_word' id='word_1_382' title='bbox 2392 3837 2456 3893; x_wconf 86' lang='lat' dir='ltr'>et</span> <span class='ocrx_word' id='word_1_383' title='bbox 2485 3822 2730 3893; x_wconf 81' lang='lat' dir='ltr'>exinde</span> <span class='ocrx_word' id='word_1_384' title='bbox 2778 3824 3162 3914; x_wconf 87' lang='lat' dir='ltr'>praecipere</span> 
     </span>
     <span class='ocr_line' id='line_1_42' title="bbox 642 3910 3160 3983; baseline -0.001 0"><span class='ocrx_word' id='word_1_385' title='bbox 642 3911 877 3983; x_wconf 91' lang='lat' dir='ltr'>omnia</span> <span class='ocrx_word' id='word_1_386' title='bbox 936 3933 1204 3983; x_wconf 88' lang='lat' dir='ltr'>servare</span> <span class='ocrx_word' id='word_1_387' title='bbox 1262 3912 1584 3981; x_wconf 86' lang='lat' dir='ltr'>mandata</span> <span class='ocrx_word' id='word_1_388' title='bbox 1645 3911 1804 3981; x_wconf 85' lang='lat' dir='ltr'>sih1.</span> <span class='ocrx_word' id='word_1_389' title='bbox 1870 3917 1948 3981; x_wconf 90' lang='lat' dir='ltr'>Et</span> <span class='ocrx_word' id='word_1_390' title='bbox 2006 3912 2184 3983; x_wconf 90' lang='lat' dir='ltr'>sicut</span> <span class='ocrx_word' id='word_1_391' title='bbox 2244 3910 2328 3981; x_wconf 90' lang='lat' dir='ltr'>de</span> <span class='ocrx_word' id='word_1_392' title='bbox 2377 3911 2582 3982; x_wconf 88' lang='lat' dir='ltr'>Paulo</span> <span class='ocrx_word' id='word_1_393' title='bbox 2629 3924 2696 3982; x_wconf 91' lang='lat' dir='ltr'>et</span> <span class='ocrx_word' id='word_1_394' title='bbox 2741 3912 3056 3982; x_wconf 87' lang='lat' dir='ltr'>Barnaba</span> <span class='ocrx_word' id='word_1_395' title='bbox 3097 3911 3160 3980; x_wconf 88' lang='lat' dir='ltr'>in</span> 
     </span>
     <span class='ocr_line' id='line_1_43' title="bbox 638 3999 3159 4101; baseline 0.002 -30"><span class='ocrx_word' id='word_1_396' title='bbox 638 3999 1115 4091; x_wconf 81' lang='lat' dir='ltr'>Apostolorum</span> <span class='ocrx_word' id='word_1_397' title='bbox 1165 4000 1440 4071; x_wconf 86' lang='lat' dir='ltr'>Actibus</span> <span class='ocrx_word' id='word_1_398' title='bbox 1486 4000 1549 4069; x_wconf 91' lang='lat' dir='ltr'>le</span> <span class='ocrx_word' id='word_1_399' title='bbox 1599 4000 1738 4070; x_wconf 88' lang='lat' dir='ltr'>itur</span> <span class='ocrx_word' id='word_1_400' title='bbox 1782 4000 1965 4088; x_wconf 93' lang='lat' dir='ltr'>quod</span> <span class='ocrx_word' id='word_1_401' title='bbox 2013 4002 2450 4092; x_wconf 89' lang='lat' dir='ltr'>imperaverit</span> <span class='ocrx_word' id='word_1_402' title='bbox 2508 4001 2805 4101; x_wconf 88' lang='lat' dir='ltr'>Spiritus</span> <span class='ocrx_word' id='word_1_403' title='bbox 2854 4008 3159 4075; x_wconf 72' lang='lat' dir='ltr'>Sanctus,</span> 
     </span>
     <span class='ocr_line' id='line_1_44' title="bbox 641 4089 3165 4182; baseline -0 -21"><span class='ocrx_word' id='word_1_404' title='bbox 641 4095 1022 4181; x_wconf 81' lang='lat' dir='ltr'>segregate,</span> <span class='ocrx_word' id='word_1_405' title='bbox 1065 4089 1415 4177; x_wconf 86' lang='lat' dir='ltr'>inquiens,</span> <span class='ocrx_word' id='word_1_406' title='bbox 1472 4090 1565 4158; x_wconf 91' lang='lat' dir='ltr'>mi</span> <span class='ocrx_word' id='word_1_407' title='bbox 1621 4089 1644 4158; x_wconf 93' lang='lat' dir='ltr'>i</span> <span class='ocrx_word' id='word_1_408' title='bbox 1692 4090 2075 4161; x_wconf 90' lang='lat' dir='ltr'>Barnabam</span> <span class='ocrx_word' id='word_1_409' title='bbox 2122 4103 2188 4159; x_wconf 89' lang='lat' dir='ltr'>et</span> <span class='ocrx_word' id='word_1_410' title='bbox 2235 4090 2520 4161; x_wconf 91' lang='lat' dir='ltr'>Saulum</span> <span class='ocrx_word' id='word_1_411' title='bbox 2554 4113 2624 4159; x_wconf 81' lang='lat' dir='ltr'>in</span> <span class='ocrx_word' id='word_1_412' title='bbox 2689 4113 2868 4182; x_wconf 90' lang='lat' dir='ltr'>opus</span> <span class='ocrx_word' id='word_1_413' title='bbox 2897 4113 3035 4180; x_wconf 90' lang='lat' dir='ltr'>quo</span> <span class='ocrx_word' id='word_1_414' title='bbox 3066 4113 3165 4161; x_wconf 89' lang='lat' dir='ltr'>as·</span> 
     </span>
     <span class='ocr_line' id='line_1_45' title="bbox 637 4178 3164 4271; baseline -0.002 -19"><span class='ocrx_word' id='word_1_415' title='bbox 637 4178 906 4268; x_wconf 88' lang='lat' dir='ltr'>sumpsi</span> <span class='ocrx_word' id='word_1_416' title='bbox 951 4201 1088 4261; x_wconf 90' lang='lat' dir='ltr'>eos,</span> <span class='ocrx_word' id='word_1_417' title='bbox 1143 4179 1378 4268; x_wconf 88' lang='lat' dir='ltr'>sicque</span> <span class='ocrx_word' id='word_1_418' title='bbox 1414 4178 1501 4248; x_wconf 91' lang='lat' dir='ltr'>ad</span> <span class='ocrx_word' id='word_1_419' title='bbox 1549 4178 1904 4250; x_wconf 88' lang='lat' dir='ltr'>docendas</span> <span class='ocrx_word' id='word_1_420' title='bbox 1938 4178 2217 4271; x_wconf 87' lang='lat' dir='ltr'>profecti</span> <span class='ocrx_word' id='word_1_421' title='bbox 2274 4193 2436 4250; x_wconf 90' lang='lat' dir='ltr'>sunt</span> <span class='ocrx_word' id='word_1_422' title='bbox 2486 4192 2758 4270; x_wconf 87' lang='lat' dir='ltr'>gentes:</span> <span class='ocrx_word' id='word_1_423' title='bbox 2813 4180 3053 4260; x_wconf 88' lang='lat' dir='ltr'>simili,</span> <span class='ocrx_word' id='word_1_424' title='bbox 3095 4191 3164 4249; x_wconf 90' lang='lat' dir='ltr'>ut</span> 
     </span>
     <span class='ocr_line' id='line_1_46' title="bbox 639 4266 3162 4360; baseline -0.001 -22"><span class='ocrx_word' id='word_1_425' title='bbox 639 4269 733 4339; x_wconf 89' lang='lat' dir='ltr'>ita</span> <span class='ocrx_word' id='word_1_426' title='bbox 761 4268 1021 4338; x_wconf 88' lang='lat' dir='ltr'>dictum</span> <span class='ocrx_word' id='word_1_427' title='bbox 1055 4268 1163 4350; x_wconf 90' lang='lat' dir='ltr'>sit,</span> <span class='ocrx_word' id='word_1_428' title='bbox 1201 4266 1426 4349; x_wconf 91' lang='lat' dir='ltr'>mod0,</span> <span class='ocrx_word' id='word_1_429' title='bbox 1463 4267 1774 4359; x_wconf 88' lang='lat' dir='ltr'>ejusdem</span> <span class='ocrx_word' id='word_1_430' title='bbox 1810 4269 2038 4339; x_wconf 90' lang='lat' dir='ltr'>Sancti</span> <span class='ocrx_word' id='word_1_431' title='bbox 2066 4268 2362 4360; x_wconf 89' lang='lat' dir='ltr'>Spiritus</span> <span class='ocrx_word' id='word_1_432' title='bbox 2387 4269 2679 4359; x_wconf 89' lang='lat' dir='ltr'>imperio</span> <span class='ocrx_word' id='word_1_433' title='bbox 2707 4269 2829 4358; x_wconf 89' lang='lat' dir='ltr'>qui</span> <span class='ocrx_word' id='word_1_434' title='bbox 2857 4268 3162 4339; x_wconf 87' lang='lat' dir='ltr'>dividens</span> 
     </span>
     <span class='ocr_line' id='line_1_47' title="bbox 640 4356 3165 4450; baseline 0 -22"><span class='ocrx_word' id='word_1_435' title='bbox 640 4357 935 4450; x_wconf 87' lang='lat' dir='ltr'>singulis</span> <span class='ocrx_word' id='word_1_436' title='bbox 1008 4369 1208 4448; x_wconf 87' lang='lat' dir='ltr'>prout</span> <span class='ocrx_word' id='word_1_437' title='bbox 1265 4356 1432 4440; x_wconf 87' lang='lat' dir='ltr'>vult,</span> <span class='ocrx_word' id='word_1_438' title='bbox 1493 4370 1816 4449; x_wconf 88' lang='lat' dir='ltr'>operatur</span> <span class='ocrx_word' id='word_1_439' title='bbox 1872 4356 2105 4430; x_wconf 90' lang='lat' dir='ltr'>omnia</span> <span class='ocrx_word' id='word_1_440' title='bbox 2172 4357 2242 4428; x_wconf 90' lang='lat' dir='ltr'>in</span> <span class='ocrx_word' id='word_1_441' title='bbox 2307 4357 2673 4430; x_wconf 87' lang='lat' dir='ltr'>omnihus:</span> <span class='ocrx_word' id='word_1_442' title='bbox 2751 4358 2880 4432; x_wconf 89' lang='lat' dir='ltr'>iste</span> <span class='ocrx_word' id='word_1_443' title='bbox 2951 4357 3165 4429; x_wconf 85' lang='lat' dir='ltr'>fidelis</span> 
     </span>
     <span class='ocr_line' id='line_1_48' title="bbox 693 4484 1694 4537; baseline -0.001 -10"><span class='ocrx_word' id='word_1_444' title='bbox 693 4485 715 4508; x_wconf 82' lang='grc'><em>·</em></span> <span class='ocrx_word' id='word_1_445' title='bbox 745 4484 866 4535; x_wconf 69' lang='lat' dir='ltr'>Quid</span> <span class='ocrx_word' id='word_1_446' title='bbox 882 4484 1129 4537; x_wconf 57' lang='lat' dir='ltr'>huebner-a·</span> <span class='ocrx_word' id='word_1_447' title='bbox 1149 4484 1467 4534; x_wconf 65' lang='lat' dir='ltr'>appell-tione</span> <span class='ocrx_word' id='word_1_448' title='bbox 1485 4485 1694 4536; x_wconf 74' lang='lat' dir='ltr'>dignum.</span> 
     </span>
    </p>
   </div>
  </div>
 </body>
</html>
