3327 4999
617 305 747 371 414
1376 322 1456 366 nn
1505 321 1561 367 5.
1615 319 1959 368 annumero
2008 321 2248 367 1111111115
2698 301 2945 369 MART.
2997 303 3075 367 2⁴

528 407 811 499 agnovi:
857 405 1301 475 Constantino
1341 404 1624 483 scilicet,
1682 404 2232 474 reverentissimo
2265 402 2465 473 valde
2513 403 2659 472 viro
2712 404 2835 490 qui
2897 404 2960 473 ei
3009 406 3084 474 in

530 494 931 565 monasterii
981 493 1318 582 regimine
1375 493 1747 563 successit:
1818 493 2293 562 Valentiniano
2365 514 2640 579 quoque
2698 493 2819 578 qui
2879 493 3086 563 annis

529 584 770 653 multis
820 581 1259 651 Lateranensi
1309 581 1724 650 monasterio
1774 580 2109 670 praefuit:
2168 581 2523 670 Simplicio
2561 581 2681 666 qui
2710 602 3088 672 congrega·

526 672 780 742 tionem
832 670 1025 739 1111115
1076 682 1226 758 post
1271 690 1432 737 eum
1472 670 1709 739 tertius
1759 669 1966 737 rexit:
2022 674 2366 738 Honorato
2433 668 2640 737 etiam
2709 670 2832 755 qui
2894 692 3085 740 nunc

524 760 756 830 adhuc
804 758 1017 827 551135
1066 758 1242 844 53115,
1289 757 1357 825 111
1400 779 1537 843 qua
1591 757 1786 847 prius
1832 769 2275 826 conversatus
2324 755 2569 835 fuerat,
2612 770 2900 847 praeest.

613 851 673 934 §¹
721 854 812 918 ⁷1.
864 846 988 914 Hic
1020 846 1248 931 itaque
1280 868 1438 914 cum
1481 845 1655 935 jam,
1697 844 1954 915 relictis
2003 845 2356 914 literarum
2396 845 2671 925 studiis,
2709 859 2936 934 petere
2965 844 3089 914 de-

524 948 706 1005 serta
754 935 1187 1015 decrevisset,
1244 933 1473 1002 nutrix
1520 954 1698 1021 quae
1746 933 1934 1002 hunc
1983 934 2243 1004 arctius
2292 933 2591 1012 amabat,
2656 933 2803 1003 sola
2851 946 3089 1003 secuta

522 1035 648 1095 est.
686 1028 991 1109 Cumque
1038 1022 1122 1090 ad
1174 1021 1403 1090 locum
1458 1022 1803 1091 venissent
1839 1021 1962 1107 qui
1993 1021 2203 1090 Effide
2236 1021 2513 1099 dicitur,
2554 1021 2927 1107 multisque
2959 1021 3088 1090 ho·-

526 1111 945 1181 nestioribus
993 1109 1159 1178 viris
1208 1131 1331 1199 pro
1370 1110 1701 1179 charitate
1749 1131 1821 1179 se
1868 1109 2012 1178 illic
2044 1109 2535 1189 detinentibu3‚
2574 1108 2642 1177 in
2695 1109 2875 1178 beati
2905 1110 3087 1178 Petri

524 1199 827 1268 Ecclesia
875 1199 1419 1277 demorarentur,
1476 1197 1825 1299 praedicta
1873 1198 2106 1266 nutrix
2147 1197 2337 1268 illius
2368 1197 2453 1265 ad
2485 1198 2931 1286 purgandum
2958 1198 3079 1266 tri-

527 1287 743 1357 ticum
804 1309 845 1354 a
903 1285 1150 1355 vicinis
1223 1285 1635 1355 mulieribus
1753 1286 2037 1355 raestari
2104 1286 2237 1355 sibi
2298 1285 2747 1373 capisterium
2823 1286 3068 1375 petiit:

521 1374 706 1462 quod
761 1396 971 1463 super
1018 1395 1327 1443 mensam
1362 1374 1637 1443 incaute
1734 1373 2119 1453 erelictum,
2177 1395 2345 1442 casu
2393 1373 2749 1442 accidente
2778 1372 3082 1442 fractum

521 1475 645 1543 est,
711 1463 811 1532 sic
869 1475 943 1530 ut
990 1462 1062 1530 in
1111 1462 1387 1530 duabus
1436 1462 1750 1551 partibus
1798 1461 2227 1530 inveniretur
2273 1460 2602 1530 divisum.
2659 1460 2853 1543 Quod
2917 1482 3075 1529 mox

519 1550 795 1621 rediens
846 1550 1075 1619 nutrix
1124 1549 1339 1627 illius,
1383 1562 1460 1619 ut
1508 1550 1598 1619 ita
1636 1550 1918 1629 invenit,
1958 1549 2561 1618 vehementissime
2610 1550 2773 1619 flere
2812 1550 3074 1637 coepit:

518 1639 679 1725 quia
732 1660 850 1708 vas
882 1638 1066 1723 quod
1118 1638 1519 1728 praestitum
1552 1650 1932 1728 acceperat,
1966 1637 2258 1707 fractum
2315 1636 2607 1704 videbat.
2662 1637 3082 1706 Benedictus

521 1739 750 1798 31115111
788 1726 1153 1815 religiosus
1199 1738 1264 1794 et
1316 1726 1471 1814 pius
1514 1748 1708 1815 puer,
1745 1748 1908 1794 cum
1961 1726 2299 1794 nutricem
2351 1747 2548 1794 suam
2586 1726 2749 1794 flere
2796 1725 3078 1814 conspi-

519 1827 737 1883 ceret:
790 1814 941 1903 ejus
989 1813 1209 1882 dolori
1256 1835 1704 1904 compassuS,
1767 1814 2018 1882 ablatis
2067 1835 2300 1882 secum
2353 1813 2665 1898 utrisque
2724 1813 2920 1882 fracti
2968 1835 3082 1881 ca-

520 1901 786 1991 pisterii
836 1902 1171 1992 partibus,
1230 1922 1376 1971 sese
1423 1924 1583 1969 cum
1636 1901 1962 1989 lacrymis
2012 1901 2081 1969 in
2132 1901 2510 1971 orationem
2552 1901 2774 1971 dedit:
2827 1902 2946 1987 qui
2991 1901 3080 1971 ab

520 1990 826 2060 oratione
876 2012 1191 2080 surgenS,
1243 1990 1334 2058 ita
1362 1989 1562 2078 juxta
1595 2010 1668 2059 se
1720 2011 1834 2058 vas
1884 2011 2131 2060 sanum
2187 1989 2461 2077 reperit,
2518 2001 2592 2057 ut
2645 1990 2709 2057 in
2762 2011 2842 2058 eo
2890 1990 3081 2057 inve-

519 2078 658 2147 niri
708 2078 1046 2147 fracturae
1094 2078 1288 2147 1111113
1343 2077 1630 2167 vestigia
1679 2078 2086 2166 potuissent,
2136 2098 2429 2162 moxque
2479 2078 2822 2146 nutricem
2874 2098 3078 2146 suam

517 2166 773 2235 blande
818 2166 1240 2245 consolatuS,
1275 2165 1338 2234 ei
1372 2188 1623 2234 sanum
1674 2165 2120 2254 capisterium
2176 2164 2497 2245 reddidit,
2542 2166 2730 2250 quod
2771 2164 3075 2234 fractum

518 2254 791 2323 tulerat.
845 2260 1030 2336 Quae
1091 2276 1197 2322 res
1248 2254 1316 2321 in
1365 2253 1605 2322 eodem
1660 2252 1808 2322 loco
1856 2276 1897 2321 a
1943 2254 2214 2322 cunctis
2273 2266 2375 2321 est
2430 2254 2688 2342 agnita,
2741 2267 2949 2338 atque
2996 2252 3070 2320 in

517 2353 707 2411 tanta
754 2341 1208 2411 admiratione
1256 2342 1512 2422 habita,
1550 2352 1625 2410 ut
1674 2341 1855 2410 hoci
1913 2364 2065 2409 sum
2109 2341 2559 2429 capisterium
2598 2342 2749 2430 ejus
2801 2341 2932 2409 loci
2965 2340 3074 2408 in-

518 2429 705 2499 colae
744 2430 812 2497 in
865 2429 1205 2499 Ecclesiae
1238 2429 1557 2520 ingressu
1591 2451 1847 2520 suspen
1903 2440 2116 2509 erent,
2159 2440 2503 2516 quatenus
2551 2441 2618 2499 et
2677 2441 3073 2518 praesentes

515 2531 581 2587 et
628 2520 934 2588 secuturi
981 2540 1221 2588 omnes
1278 2530 1766 2607 agnoscerent,
1835 2518 2242 2587 Benedictus
2295 2540 2465 2600 puer
2518 2517 3062 2587 conversationis

518 2608 808 2696 gratiam
845 2628 885 2674 a
930 2619 1188 2693 quanta
1228 2606 1639 2694 perfectione
1697 2606 2053 2695 coepisset.
2118 2606 2312 2688 Quod
2374 2607 2576 2674 3111115
2630 2605 2868 2675 111111ιί5
2917 2605 3063 2674 11115

517 2708 674 2764 31115
720 2694 1032 2764 omnium
1074 2694 1312 2763 oculos
1360 2693 1510 2775 fuit,
1546 2704 1611 2763 et
1658 2716 1879 2780 usque
1909 2695 1994 2763 ad
2027 2695 2191 2763 11355
2243 2693 2852 2782 Longobardorum
2890 2706 3065 2762 tem-

514 2804 686 2871 pora
732 2805 942 2871 super
970 2781 1148 2853 fores
1198 2781 1537 2850 Ecclesiae
1588 2782 1935 2871 pependit.
1992 2781 2118 2849 Sed
2167 2782 2579 2851 Benedictus
2632 2782 2789 2871 plus
2849 2801 3064 2869 appe-

516 2881 665 2940 tens
734 2870 916 2938 mala
977 2869 1223 2937 mundi
1288 2869 1570 2960 perpeti,
1623 2891 1832 2955 quam
1883 2869 2164 2939 laudes:
2236 2881 2301 2938 et
2351 2892 2473 2959 pro
2528 2875 2657 2939 Deo
2706 2868 3066 2940 laboribus

515 2958 815 3047 fatigari,
866 2979 1074 3043 quam
1126 2959 1299 3025 vitae
1346 2958 1558 3044 hujus
1607 2955 1958 3026 favoribus
2004 2957 2275 3025 extolli:
2329 2958 2668 3027 nutricem
2702 2978 2897 3027 suam
2951 2979 3070 3025 oc-

515 3046 699 3115 culte
729 3045 1027 3134 fugiens,
1080 3044 1329 3113 deserti
1379 3045 1508 3113 loci
1558 3066 1908 3114 secessum
1963 3045 2174 3134 petiit,
2222 3045 2334 3114 cui
2381 3046 2721 3116 Sublacus
2769 3045 3075 3114 vocabu-

519 3133 665 3202 lum
714 3143 849 3202 est.
901 3133 1023 3220 qui
1062 3133 1148 3201 ab
1199 3138 1505 3202 Romana
1539 3134 1712 3202 urbe
1759 3132 2220 3222 quadraginta
2254 3133 2392 3201 fere
2429 3133 2740 3203 millibus
2768 3133 3063 3212 distanS,

513 3221 804 3311 frigidas
851 3233 1057 3306 atque
1104 3221 1506 3310 perspicuas
1539 3224 1817 3290 emanat
1843 3243 2087 3306 aquas,
2128 3226 2313 3303 Quae
2342 3221 2483 3290 illic
2519 3221 2832 3290 videlicet
2859 3242 3077 3307 aqua-

517 3332 675 3379 rum
724 3309 1151 3379 abundantia
1200 3309 1269 3377 in
1319 3322 1596 3379 extenso
1647 3310 1842 3398 prius
1891 3310 2048 3377 lacu
2095 3308 2487 3398 colligitur,
2554 3310 2639 3378 ad
2689 3320 3076 3377 extremum

515 3419 674 3466 vero
724 3397 794 3465 in
846 3419 1123 3467 amnem
1172 3397 1545 3466 derivatur.
1583 3402 1730 3479 Quo
1778 3397 1949 3466 dum
1983 3395 2258 3487 fugiens
2312 3410 2638 3486 pergeret.
2685 3396 3073 3466 monachus

514 3486 827 3571 quidam,
869 3491 1221 3555 Romanus
1270 3485 1573 3565 nomine,
1643 3485 1828 3554 hunc
1877 3497 2152 3555 euntem
2206 3486 2499 3575 reperit:
2553 3507 2690 3571 quo
2738 3484 3068 3563 tenderet,

515 3574 899 3659 requisivit.
946 3575 1156 3664 Cujus
1202 3597 1362 3643 cum
1405 3573 1827 3642 desiderium
1869 3573 2325 3662 cognovisset,
2360 3586 2424 3642 et
2455 3586 2794 3643 secretum
2825 3572 3068 3651 tenuit,

511 3673 577 3730 et
625 3662 1052 3733 ad'utorium
1120 3662 1498 3750 impendit.
1561 3661 1765 3748 eique
1832 3673 2112 3731 sanctae
2159 3660 2699 3731 conversationis
2749 3660 3070 3729 habitum

517 3750 696 3818 tradi
753 3751 823 3830 it,
869 3764 935 3819 et
981 3751 1400 3837 inquantum
1449 3749 1668 3830 licuit,
1727 3750 2165 3820 ministravit.
2203 3751 2316 3817 Vir
2344 3762 2573 3819 autem
2611 3749 2722 3817 Dei
2757 3749 2841 3817 ad
2875 3770 3075 3816 eum-

511 3836 672 3906 dem
725 3839 955 3908 locum
1007 3838 1436 3928 perveniens,
1490 3837 1559 3905 in
1627 3837 2097 3906 arctissimum
2152 3859 2437 3926 specum
2505 3859 2577 3906 se
2647 3835 2951 3914 tradidit,
3002 3847 3068 3904 et

514 3925 737 3995 tribus
786 3926 1012 4003 annis,
1066 3948 1220 3994 exce
1277 3938 1340 3994 to
1390 3931 1701 3995 Romano
1752 3926 2116 4005 monacb0,
2149 3926 2478 3995 omnibus
2527 3924 2622 3993 1111
2674 3924 3070 4013 incognitus

511 4014 793 4082 mansit.
864 4014 991 4096 Qui
1061 4013 1213 4082 vide
1249 4014 1375 4082 icet
1443 4019 1797 4083 Romanus
1866 4035 2003 4082 non
2070 4013 2273 4103 longe
2340 4014 2410 4080 in
2472 4013 2888 4081 monasterio
2936 4012 3068 4080 sub

511 4101 833 4170 Theodati
888 4101 1100 4192 patris
1146 4101 1385 4191 regula
1435 4102 1763 4191 degebat:
1819 4103 1938 4171 sed
1971 4101 2082 4190 pie
2107 4102 2420 4191 ejusdem
2457 4101 2671 4188 patris
2703 4100 2810 4168 sui
2846 4098 3068 4168 oculis

509 4189 873 4259 furabatur
921 4189 1147 4269 115135,
1192 4203 1257 4258 51
1303 4211 1511 4276 quem
1562 4190 1697 4259 sibi
1748 4189 2319 4259 manducandum
2370 4189 2716 4277 surripere
2781 4198 3059 4277 peterat,

513 4277 759 4348 diebus
807 4278 1011 4347 certis
1085 4278 1446 4347 Benedicto
1519 4301 1768 4369 panem
1828 4278 2111 4348 ferebat.
2173 4279 2269 4346 Ad
2327 4277 2652 4346 eumdem
2701 4297 2859 4345 vero
2909 4296 3063 4365 spe-

512 4389 676 4437 cum
740 4389 781 4436 a
828 4365 1122 4435 Romani
1171 4366 1343 4436 cella
1399 4367 1526 4436 iter
1575 4389 1711 4436 non
1760 4378 1927 4447 erat,
1981 4367 2147 4454 quia
2194 4366 2461 4437 excelsa
2508 4365 2808 4454 desuper
2856 4384 3063 4453 rupes
