3327 4999
661 333 790 397 5⁴0
1457 351 1534 398 mi
1582 352 1640 399 s.
1694 349 1979 399 mosano
2027 349 2226 401 Ense.
2736 334 2982 400 MART.
3041 334 3133 399 26

572 430 908 510 conditor,
961 451 1122 499 cum
1173 440 1477 519 tempore
1524 452 1662 500 non
1730 430 1995 501 transit.
2053 435 2147 500 Ite
2210 453 2409 522 ergo,
2465 431 2664 502 facite
2708 453 2884 520 quae
2932 431 3123 501 dixi:

572 521 882 609 captura,
937 518 1055 586 Dei
1088 517 1457 600 voluntate,
1495 519 1955 610 proveniente.
1994 525 2236 590 Potens
2274 532 2375 591 est
2405 521 2590 590 enim
2626 526 2802 590 Deus
2849 520 3129 591 deside-

570 619 720 676 rata
768 606 982 677 servis
1031 607 1177 677 suis
1224 607 1415 676 omni
1464 619 1769 699 tempore
1793 620 2166 709 praestare.
2222 609 2514 678 Proinde
2552 631 2713 679 cum
2745 609 2842 678 illi
2877 610 3127 678 volun-

571 696 690 764 tati
740 696 889 786 ejus
942 695 1332 765 satisfacere
1378 708 1443 765 et
1500 696 1846 766 mandatis
1905 696 2128 766 obtem
2183 718 2374 766 erare
2422 710 2766 787 pararent,
2830 697 3117 767 elevatis

571 805 851 854 sursum
889 781 1132 864 oculis,
1189 782 1508 853 viderunt
1557 785 1625 854 in
1678 790 1831 853 aere
1877 785 2077 871 quasi
2105 806 2140 853 a
2176 785 2334 853 item
2370 786 2489 872 qui
2518 785 2750 855 volatu
2782 785 3121 875 paulatim

569 872 893 952 demiSSO,
946 872 1146 958 aquis
1183 895 1399 963 appro
1456 873 1779 959 inquans,
1818 894 1956 941 non
1991 872 2194 963 longe
2222 875 2309 943 ab
2357 875 2456 942 eis
2505 873 2574 941 in
2627 874 2813 963 ipsas
2839 874 3113 943 cecidit.

568 959 761 1043 Quod
806 959 904 1028 illi
935 960 1330 1049 auspicium
1375 895 1709 1031 divinitus
1755 961 2026 1030 evenire
2073 961 2450 1042 credentes,
2492 962 2562 1029 in
2615 961 2732 1032 illo
2782 961 2930 1031 loco
2976 985 3117 1049 quo

568 1048 714 1117 avis
748 1048 1052 1138 primum
1105 1049 1365 1130 incidit,
1420 1062 1559 1118 rete
1596 1050 2052 1139 jactaverunt.
2107 1055 2333 1137 Neque
2383 1050 2514 1118 ista
2552 1071 2734 1138 speS,
2771 1071 2979 1136 quam
3021 1050 3106 1119 de

570 1137 816 1206 virtute
861 1149 926 1205 et
975 1136 1236 1204 meritis
1281 1138 1499 1206 sancti
1535 1137 1660 1205 viri
1710 1149 2185 1226 conceperant,
2252 1136 2509 1206 fefellit.
2572 1137 2925 1224 Siquidem
2979 1141 3116 1207 mi-

568 1247 686 1294 rae
735 1223 1237 1315 magnitudinis
1287 1225 1665 1295 sturionem
1715 1225 1872 1296 ilico
1927 1225 2600 1316 comprehenderunt
2624 1226 2651 1292 ε’
2693 1247 2899 1313 quem
2950 1248 3117 1296 cum

568 1312 824 1403 gaudio
872 1323 1109 1382 sancto
1157 1314 1302 1382 viro
1350 1313 1661 1394 allatum,
1717 1328 2044 1403 capturae
2074 1314 2138 1383 ei
2187 1327 2591 1404 proventum
2643 1336 2766 1404 per
2795 1314 3117 1384 ordinem

568 1413 1043 1478 narraverunt.
1084 1401 1202 1469 Ille
1251 1423 1438 1471 more
1487 1400 1686 1472 solito
1733 1414 1979 1472 cuncta
2031 1402 2117 1471 ad
2171 1402 2282 1471 Dei
2326 1401 2614 1492 gloriam
2668 1403 2994 1481 referens,
3048 1414 3117 1472 et

568 1490 702 1560 sibi
752 1488 926 1557 nihil
979 1489 1328 1560 tribuens:
1385 1495 1767 1580 «AgamuS,
1822 1490 2069 1577 inquit,
2125 1490 2581 1581 omnipotenti
2644 1496 2774 1560 Deo
2824 1492 3107 1592 gratias.

569 1579 906 1648 bonorum
959 1578 1271 1647 omnium
1324 1578 1587 1648 auctori
1634 1579 1757 1665 qui
1787 1578 1902 1647 dat
1947 1600 2174 1648 escam
2223 1579 2414 1648 omni
2445 1579 2661 1649 carni.
2702 1580 2997 1649 Proinde
3031 1601 3138 1648 ne·

573 1687 766 1735 meae
805 1666 932 1735 hoc
966 1666 1201 1735 virtuti
1247 1667 1628 1745 ascribatis,
1688 1689 1909 1753 neque
1959 1669 2129 1736 meis
2179 1667 2307 1736 hoc
2357 1666 2612 1737 factum
2683 1668 2949 1737 meritis
3008 1668 3115 1737 vel

571 1755 706 1843 ipsi
755 1754 1031 1844 putetiS,
1086 1754 1184 1823 vel
1238 1755 1393 1824 aliis
1443 1754 1770 1827 referatis.
1827 1761 2001 1825 Deus
2030 1766 2132 1824 est
2176 1755 2360 1823 enim
2411 1756 2532 1842 qui
2571 1756 2899 1826 omnibus
2946 1778 3117 1844 quo—

573 1864 724 1911 rum
789 1842 972 1912 oculi
1038 1842 1108 1911 in
1170 1865 1331 1913 eum
1381 1855 1706 1935 sperant,
1760 1843 1877 1913 dat
1923 1864 2150 1913 escam
2219 1844 2287 1911 in
2341 1856 2646 1934 tempore
2692 1857 3110 1933 opportuno,

571 1931 886 2021 aperiens
935 1953 1221 2000 manum
1270 1953 1493 2013 suam,
1553 1944 1617 2000 et
1677 1931 1971 2022 implens
2019 1953 2223 2001 omne
2272 1931 2529 2001 animal
2581 1933 3104 2003 benedictione:

565 2019 702 2110 ipsi
749 2018 968 2110 gloria
1002 2018 1072 2088 in
1121 2019 1373 2100 secula,
1409 2024 1710 2089 Amen.»
1760 2026 1860 2089 Ita
1910 2020 2241 2089 nimirum
2271 2020 2401 2090 tria
2430 2019 2498 2088 in
2526 2021 2689 2103 ,hoc
2731 2022 2955 2091 sancti
2980 2021 3111 2090 viri

565 2108 741 2178 facto
775 2107 1090 2177 videmus
1131 2108 1229 2177 vel
1282 2108 1597 2177 miranda
1645 2130 1817 2189 esse,
1874 2108 1974 2177 vel
2009 2107 2381 2188 laudanda,
2420 2107 2814 2179 futurorum
2847 2109 3112 2180 scilicet

569 2196 906 2277 notitiam,
961 2196 1282 2266 miraculi
1313 2196 1804 2286 operationem,
1860 2195 2177 2266 miraculi
2228 2217 2364 2266 non
2419 2196 2825 2286 publicandi
2876 2198 3112 2268 humi-

568 2284 852 2354 litatem.
906 2290 1187 2354 Noverat
1223 2285 1408 2354 enim
1458 2284 1837 2374 scriptum:
1884 2289 2143 2368 Quanto
2170 2308 2295 2373 ma,
2337 2308 2460 2354 nus
2490 2309 2578 2366 es,
2612 2288 3003 2356 humiliate
3036 2289 3107 2355 in

565 2374 866 2443 omnibus
913 2373 1122 2462 (Eccl.
1158 2373 1283 2462 111).
1330 2379 1408 2442 Et
1455 2374 1607 2442 ideo
1655 2385 1991 2459 quantum
2046 2373 2113 2441 in
2166 2395 2237 2442 se
2318 2374 2437 2453 uit,
2495 2396 2736 2444 omnes
2794 2397 2958 2446 suas
3010 2375 3108 2444 la-

563 2463 705 2532 tere
749 2460 1073 2553 cupiebat
1119 2462 1422 2544 virtutes,
1461 2472 1525 2532 et
1578 2462 1853 2532 reticere
1903 2461 2271 2553 praecepit,
2311 2484 2445 2531 non
2493 2463 2767 2533 invidus
2817 2485 3103 2534 suarum

563 2552 920 2631 virtutum,
962 2550 1077 2622 sed
1128 2552 1277 2642 ejus
1327 2551 1626 2621 imitator
1670 2552 1815 2638 qui,
1869 2563 1945 2621 ut
1995 2552 2060 2619 in
2125 2550 2489 2640 Evangelio
2540 2551 2829 2642 legitur,
2894 2553 3107 2621 mira-

563 2639 718 2709 cula
766 2661 943 2725 quae
991 2653 1268 2730 propter
1313 2638 1608 2709 aliorum
1658 2640 1950 2709 salutem
1988 2640 2333 2709 reticenda
2372 2661 2505 2708 non
2554 2661 2704 2711 esse
2750 2641 3092 2730 cognovit,

561 2742 640 2799 ut
688 2728 886 2797 nobis
933 2728 1328 2817 exemplum
1380 2730 1753 2817 praeberet,
1788 2728 2058 2800 reticeri
2103 2728 2475 2797 mandavit.

648 2819 685 2972 ξ
748 2819 902 2887 24.
955 2822 1205 2885 Verum
1237 2815 1612 2905 Ludgerus,
1651 2817 1969 2903 quamvis
2016 2828 2267 2886 cuncta
2315 2817 2717 2907 hujusmodi
2750 2839 2961 2909 opera
2987 2839 3099 2887 oc—

559 2927 648 2973 cu
681 2917 821 2974 tare
857 2903 1075 2982 vellet,
1114 2925 1247 2973 non
1300 2917 1526 2974 tamen
1562 2906 1730 2974 haec
1766 2911 1897 2974 Deo
1954 2904 2293 2975 revelante
2323 2927 2821 2993 usquequaque
2851 2906 3096 2975 effecit.

559 2992 735 3061 Villa
770 3001 872 3061 est
921 2992 990 3060 in
1041 2991 1334 3061 Saxonia
1379 2993 1446 3061 in
1500 3015 1677 3084 pago
1726 2994 2031 3085 Sudergo
2078 3015 2255 3081 quae
2302 2993 2469 3063 Alna
2502 3006 2973 3085 nuncupatur.
3009 2993 3103 3063 Ad

558 3080 740 3149 hanc
788 3078 954 3149 dum
977 3080 1368 3236 dparochias
1432 3104 1594 3151 suas
1651 3081 2071 3153 circumiens
2131 3081 2429 3164 veniret,
2485 3081 2596 3151 die
2644 3084 2949 3170 quadam
2998 3102 3102 3152 se-

562 3168 763 3237 dente
809 3189 887 3237 eo
934 3191 972 3237 a
1074 3190 1405 3250 mensam,
1444 3170 1858 3241 audiebatur
1905 3192 2167 3260 pauper
2197 3171 2498 3240 clamare
2525 3169 2713 3250 foriS,
2749 3172 2949 3241 anxie
2976 3171 3099 3240 ob-

560 3278 877 3337 secranS,
933 3267 1010 3326 ut
1055 3256 1421 3347 episcopus
1487 3280 1769 3328 caecum
1835 3258 2185 3328 hominem
2263 3259 2598 3349 respicere
2663 3260 3094 3350 dignaretur.

561 3345 929 3414 Festinavit
975 3344 1331 3427 diaconuS,
1396 3347 1599 3433 cujus
1647 3347 1713 3415 id
1767 3360 1910 3417 erat
1948 3346 2179 3426 officii,
2247 3359 2500 3435 putans
2548 3369 2770 3416 unum
2818 3369 2969 3419 esse
3016 3347 3102 3416 de

560 3433 988 3524 pauperibus
1034 3434 1267 3521 quisti
1321 3456 1426 3502 em
1466 3446 1754 3525 peteret:
1810 3457 2230 3521 sumensque
2261 3457 2507 3526 panem
2543 3447 2607 3504 et
2641 3434 2903 3516 cibum,
2943 3457 3099 3524 por-

560 3522 732 3591 rexit
770 3522 893 3591 illi.
940 3522 1191 3592 Renuit
1224 3522 1269 3590 il
1303 3546 1339 3592 e
1367 3524 1699 3612 accipere,
1740 3523 1930 3593 aliud
1982 3524 2114 3592 sibi
2142 3524 2381 3593 dicens
2409 3545 2559 3593 esse
2599 3523 3094 3594 necessarium.

556 3610 995 3681 Deferebatur
1043 3623 1292 3699 potus:
1348 3610 1459 3680 ille
1512 3633 1633 3681 nec
1687 3613 1812 3681 hoc
1876 3633 1948 3681 se
1986 3612 2156 3681 velle
2207 3611 2600 3701 respondit:
2654 3633 2779 3680 nec
2823 3624 3104 3701 propter

554 3699 801 3790 stipem
854 3698 1214 3789 petendam
1266 3699 1553 3778 venisse,
1590 3699 1704 3768 sed
1744 3711 1820 3769 ut
1865 3711 2022 3768 ante
2068 3699 2471 3789 episcopum
2503 3700 3092 3779 intromitteretur,

553 3798 633 3856 ut
669 3809 872 3857 caeco
921 3787 1185 3855 homini
1235 3787 1650 3857 subveniret.
1690 3793 1764 3856 At
1810 3787 2146 3857 diaconus
2182 3808 2316 3856 non
2371 3787 2710 3857 intellecto
2760 3788 2932 3875 quid
2990 3809 3108 3888 po-

554 3875 859 3955 stularet,
916 3874 1204 3944 dimisso
1259 3875 1398 3956 illo,
1465 3876 1531 3944 in
1583 3876 1869 3946 domum
1924 3898 2277 3977 regressus
2323 3888 2446 3945 est.
2508 3882 2711 3945 Porro
2757 3897 2922 3946 cum
2988 3876 3105 3945 ille

554 3962 718 4033 foris
767 3963 1046 4034 relictus
1095 3964 1331 4033 iterato
1373 3964 1496 4033 diu
1542 3964 1844 4035 clamore
1893 3964 2399 4046 vociferaretur,
2460 3964 2739 4034 tandem
2795 3964 3104 4034 circum-

553 4052 857 4142 spiciens
908 4051 1292 4142 Ludgerus:
1349 4058 1643 4135 «Quare,
1690 4052 2012 4140 inquiens
2061 4052 2145 4121 ad
2198 4052 2592 4133 diaconum,
2636 4065 2777 4121 tam
2826 4053 2951 4122 diu
3000 4054 3103 4122 vis

553 4139 997 4210 dissimulare
1042 4141 1227 4226 quod
1275 4141 1574 4225 audisi»
1598 4141 1729 4224 Qui
1779 4141 2162 4231 respondit:
2219 4141 2498 4211 «Detuli
2562 4142 2626 4210 ei
2672 4141 2912 4210 cibum
2983 4163 3104 4231 po-

555 4240 863 4316 tumque,
917 4228 1030 4297 sed
1087 4229 1199 4298 ille
1233 4229 1403 4299 nihil
1439 4229 1688 4299 horum
1737 4241 1956 4299 curat.
1989 4233 2599 4310 »—-«Nummum,
2653 4230 2769 4309 ait,
2824 4228 2915 4298 da
2964 4230 3101 4298 ei.»

554 4319 749 4401 Quod
808 4340 968 4387 cum
1037 4316 1328 4396 fecisset,
1379 4328 1442 4386 et
1492 4317 1617 4387 hoc
1670 4317 2124 4388 nihilominus
2174 4329 2632 4407 sperneretur,
2676 4318 2892 4408 jussit
2940 4340 3099 4387 eum

553 4408 922 4497 episcopus
954 4405 1040 4476 ad
1077 4427 1150 4476 se
1196 4404 1566 4475 introduci.
1607 4411 1781 4476 Dum
1834 4406 2269 4478 introductus
2314 4418 2516 4488 esset,
2555 4409 2650 4476 ait
2694 4406 2800 4475 ei:
2858 4406 3099 4491 «Quid
