<?xml version="1.0" encoding="UTF-8"?>
<!DOCTYPE html PUBLIC "-//W3C//DTD XHTML 1.0 Transitional//EN"
    "http://www.w3.org/TR/xhtml1/DTD/xhtml1-transitional.dtd">
<html xmlns="http://www.w3.org/1999/xhtml" xml:lang="en" lang="en">
 <head>
  <title>
</title>
<meta http-equiv="Content-Type" content="text/html;charset=utf-8" />
  <meta name='ocr-system' content='tesseract 3.04.00' />
  <meta name='ocr-capabilities' content='ocr_page ocr_carea ocr_par ocr_line ocrx_word'/>
</head>
<body>
  <div class='ocr_page' id='page_1' title='image "./historiaeseuvit04lippgoog_0181.png"; bbox 0 0 3327 4999; ppageno 0'>
   <div class='ocr_carea' id='block_1_1' title="bbox 259 358 2658 428">
    <p class='ocr_par' dir='ltr' id='par_1_1' title="bbox 259 358 2658 428">
     <span class='ocr_line' id='line_1_1' title="bbox 259 358 2658 428; baseline 0.002 -4"><span class='ocrx_word' id='word_1_1' title='bbox 259 359 468 425; x_wconf 71' lang='lat' dir='ltr'>MART.</span> <span class='ocrx_word' id='word_1_2' title='bbox 521 358 597 426; x_wconf 69' lang='lat'>42</span> <span class='ocrx_word' id='word_1_3' title='bbox 1097 379 1176 425; x_wconf 72' lang='lat' dir='ltr'>nn</span> <span class='ocrx_word' id='word_1_4' title='bbox 1223 378 1279 426; x_wconf 89' lang='lat' dir='ltr'>s.</span> <span class='ocrx_word' id='word_1_5' title='bbox 1334 376 1645 426; x_wconf 71' lang='lat' dir='ltr'>easscomo</span> <span class='ocrx_word' id='word_1_6' title='bbox 1695 377 1856 425; x_wconf 68' lang='lat' dir='ltr'>mm</span> <span class='ocrx_word' id='word_1_7' title='bbox 2542 364 2658 428; x_wconf 70' lang='lat'>⁴7⁴</span> 
     </span>
    </p>
   </div>
   <div class='ocr_carea' id='block_1_2' title="bbox 220 461 2807 4375">
    <p class='ocr_par' dir='ltr' id='par_1_2' title="bbox 220 461 2807 3842">
     <span class='ocr_line' id='line_1_2' title="bbox 257 461 2760 553; baseline 0.002 -23"><span class='ocrx_word' id='word_1_8' title='bbox 257 464 399 530; x_wconf 83' lang='lat' dir='ltr'>Nam</span> <span class='ocrx_word' id='word_1_9' title='bbox 453 484 599 531; x_wconf 90' lang='lat' dir='ltr'>cum</span> <span class='ocrx_word' id='word_1_10' title='bbox 669 461 1004 552; x_wconf 89' lang='lat' dir='ltr'>scriptum</span> <span class='ocrx_word' id='word_1_11' title='bbox 1068 462 1204 543; x_wconf 90' lang='lat' dir='ltr'>sit,</span> <span class='ocrx_word' id='word_1_12' title='bbox 1277 467 1359 533; x_wconf 90' lang='lat' dir='ltr'>Ut</span> <span class='ocrx_word' id='word_1_13' title='bbox 1470 463 1613 533; x_wconf 88' lang='lat' dir='ltr'>rius</span> <span class='ocrx_word' id='word_1_14' title='bbox 1659 464 1817 551; x_wconf 87' lang='lat' dir='ltr'>quis</span> <span class='ocrx_word' id='word_1_15' title='bbox 1874 462 2203 553; x_wconf 81' lang='lat' dir='ltr'>probetur</span> <span class='ocrx_word' id='word_1_16' title='bbox 2264 476 2331 534; x_wconf 91' lang='lat' dir='ltr'>et</span> <span class='ocrx_word' id='word_1_17' title='bbox 2382 465 2481 535; x_wconf 90' lang='lat' dir='ltr'>sic</span> <span class='ocrx_word' id='word_1_18' title='bbox 2548 465 2760 534; x_wconf 91' lang='lat' dir='ltr'>mini-</span> 
     </span>
     <span class='ocr_line' id='line_1_3' title="bbox 256 550 2768 643; baseline 0.003 -25"><span class='ocrx_word' id='word_1_19' title='bbox 256 561 432 619; x_wconf 80' lang='lat' dir='ltr'>stret:</span> <span class='ocrx_word' id='word_1_20' title='bbox 483 551 694 620; x_wconf 88' lang='lat' dir='ltr'>multo</span> <span class='ocrx_word' id='word_1_21' title='bbox 733 550 1037 641; x_wconf 90' lang='lat' dir='ltr'>amplius</span> <span class='ocrx_word' id='word_1_22' title='bbox 1084 564 1242 621; x_wconf 88' lang='lat' dir='ltr'>ante</span> <span class='ocrx_word' id='word_1_23' title='bbox 1290 573 1415 642; x_wconf 90' lang='lat' dir='ltr'>pro</span> <span class='ocrx_word' id='word_1_24' title='bbox 1466 552 1691 622; x_wconf 88' lang='lat' dir='ltr'>andus</span> <span class='ocrx_word' id='word_1_25' title='bbox 1738 563 1838 620; x_wconf 91' lang='lat' dir='ltr'>est</span> <span class='ocrx_word' id='word_1_26' title='bbox 1886 552 2009 640; x_wconf 89' lang='lat' dir='ltr'>qui</span> <span class='ocrx_word' id='word_1_27' title='bbox 2064 553 2301 643; x_wconf 90' lang='lat' dir='ltr'>populi</span> <span class='ocrx_word' id='word_1_28' title='bbox 2352 553 2768 625; x_wconf 79' lang='lat' dir='ltr'><strong>intercessor</strong></span> 
     </span>
     <span class='ocr_line' id='line_1_4' title="bbox 258 639 2765 732; baseline 0.003 -26"><span class='ocrx_word' id='word_1_29' title='bbox 258 639 631 708; x_wconf 78' lang='lat' dir='ltr'><strong>assumitur:</strong></span> <span class='ocrx_word' id='word_1_30' title='bbox 670 661 757 708; x_wconf 89' lang='lat' dir='ltr'>ne</span> <span class='ocrx_word' id='word_1_31' title='bbox 805 640 973 708; x_wconf 88' lang='lat' dir='ltr'>fiant</span> <span class='ocrx_word' id='word_1_32' title='bbox 1003 662 1213 710; x_wconf 89' lang='lat' dir='ltr'>causa</span> <span class='ocrx_word' id='word_1_33' title='bbox 1262 640 1507 710; x_wconf 91' lang='lat' dir='ltr'>ruinae</span> <span class='ocrx_word' id='word_1_34' title='bbox 1553 640 1832 732; x_wconf 91' lang='lat' dir='ltr'>populis</span> <span class='ocrx_word' id='word_1_35' title='bbox 1882 640 2267 711; x_wconf 82' lang='lat' dir='ltr'>sacerdotes</span> <span class='ocrx_word' id='word_1_36' title='bbox 2316 641 2503 712; x_wconf 89' lang='lat' dir='ltr'>mali.</span> <span class='ocrx_word' id='word_1_37' title='bbox 2559 643 2765 713; x_wconf 87' lang='lat' dir='ltr'>Nulla</span> 
     </span>
     <span class='ocr_line' id='line_1_5' title="bbox 260 726 2766 820; baseline 0.002 -26"><span class='ocrx_word' id='word_1_38' title='bbox 260 726 434 817; x_wconf 85' lang='lat' dir='ltr'>igitur</span> <span class='ocrx_word' id='word_1_39' title='bbox 461 742 692 798; x_wconf 89' lang='lat' dir='ltr'>contra</span> <span class='ocrx_word' id='word_1_40' title='bbox 741 728 870 798; x_wconf 91' lang='lat' dir='ltr'>hoc</span> <span class='ocrx_word' id='word_1_41' title='bbox 908 730 1277 812; x_wconf 81' lang='lat' dir='ltr'>excusatiO,</span> <span class='ocrx_word' id='word_1_42' title='bbox 1318 729 1514 798; x_wconf 90' lang='lat' dir='ltr'>nulla</span> <span class='ocrx_word' id='word_1_43' title='bbox 1563 742 1782 820; x_wconf 89' lang='lat' dir='ltr'>potest</span> <span class='ocrx_word' id='word_1_44' title='bbox 1809 752 1958 801; x_wconf 90' lang='lat' dir='ltr'>esse</span> <span class='ocrx_word' id='word_1_45' title='bbox 1992 730 2324 800; x_wconf 81' lang='lat' dir='ltr'><strong>defensio:</strong></span> <span class='ocrx_word' id='word_1_46' title='bbox 2376 732 2543 818; x_wconf 91' lang='lat' dir='ltr'>quia</span> <span class='ocrx_word' id='word_1_47' title='bbox 2589 754 2766 801; x_wconf 90' lang='lat' dir='ltr'>cun-</span> 
     </span>
     <span class='ocr_line' id='line_1_6' title="bbox 261 816 2764 912; baseline 0.003 -29"><span class='ocrx_word' id='word_1_48' title='bbox 261 817 358 885; x_wconf 88' lang='lat' dir='ltr'>ctis</span> <span class='ocrx_word' id='word_1_49' title='bbox 396 816 650 905; x_wconf 90' lang='lat' dir='ltr'>liquido</span> <span class='ocrx_word' id='word_1_50' title='bbox 702 830 938 887; x_wconf 90' lang='lat' dir='ltr'>notum</span> <span class='ocrx_word' id='word_1_51' title='bbox 985 829 1087 887; x_wconf 90' lang='lat' dir='ltr'>est</span> <span class='ocrx_word' id='word_1_52' title='bbox 1118 840 1295 906; x_wconf 92' lang='lat' dir='ltr'>quae</span> <span class='ocrx_word' id='word_1_53' title='bbox 1344 819 1430 890; x_wconf 91' lang='lat' dir='ltr'>sit</span> <span class='ocrx_word' id='word_1_54' title='bbox 1487 818 1556 887; x_wconf 87' lang='lat' dir='ltr'>in</span> <span class='ocrx_word' id='word_1_55' title='bbox 1608 819 1819 910; x_wconf 88' lang='lat' dir='ltr'>hujus</span> <span class='ocrx_word' id='word_1_56' title='bbox 1881 818 1978 887; x_wconf 91' lang='lat' dir='ltr'>rei</span> <span class='ocrx_word' id='word_1_57' title='bbox 2030 818 2445 908; x_wconf 80' lang='lat' dir='ltr'>negligentia</span> <span class='ocrx_word' id='word_1_58' title='bbox 2501 820 2764 912; x_wconf 83' lang='lat' dir='ltr'>egregii</span> 
     </span>
     <span class='ocr_line' id='line_1_7' title="bbox 262 904 2760 997; baseline 0.003 -26"><span class='ocrx_word' id='word_1_59' title='bbox 262 904 574 976; x_wconf 77' lang='lat' dir='ltr'>solicitudo</span> <span class='ocrx_word' id='word_1_60' title='bbox 621 906 918 975; x_wconf 89' lang='lat' dir='ltr'>doctoris</span> <span class='ocrx_word' id='word_1_61' title='bbox 950 908 1071 994; x_wconf 91' lang='lat' dir='ltr'>qui</span> <span class='ocrx_word' id='word_1_62' title='bbox 1123 907 1544 997; x_wconf 84' lang='lat' dir='ltr'>neophytum</span> <span class='ocrx_word' id='word_1_63' title='bbox 1594 907 1679 976; x_wconf 91' lang='lat' dir='ltr'>ad</span> <span class='ocrx_word' id='word_1_64' title='bbox 1731 907 2009 976; x_wconf 87' lang='lat' dir='ltr'>ordines</span> <span class='ocrx_word' id='word_1_65' title='bbox 2057 919 2234 977; x_wconf 87' lang='lat' dir='ltr'>vetat</span> <span class='ocrx_word' id='word_1_66' title='bbox 2283 931 2516 978; x_wconf 88' lang='lat' dir='ltr'>sacros</span> <span class='ocrx_word' id='word_1_67' title='bbox 2563 931 2760 979; x_wconf 90' lang='lat' dir='ltr'>acce-</span> 
     </span>
     <span class='ocr_line' id='line_1_8' title="bbox 258 992 2761 1086; baseline 0.003 -26"><span class='ocrx_word' id='word_1_68' title='bbox 258 992 401 1062; x_wconf 79' lang='lat' dir='ltr'>dere.</span> <span class='ocrx_word' id='word_1_69' title='bbox 449 995 634 1065; x_wconf 91' lang='lat' dir='ltr'>Sicut</span> <span class='ocrx_word' id='word_1_70' title='bbox 680 1008 909 1065; x_wconf 92' lang='lat' dir='ltr'>autem</span> <span class='ocrx_word' id='word_1_71' title='bbox 977 1009 1141 1065; x_wconf 89' lang='lat' dir='ltr'>tunc</span> <span class='ocrx_word' id='word_1_72' title='bbox 1206 997 1594 1086; x_wconf 82' lang='lat' dir='ltr'>neophytus</span> <span class='ocrx_word' id='word_1_73' title='bbox 1642 997 2005 1066; x_wconf 82' lang='lat' dir='ltr'>dicebatur</span> <span class='ocrx_word' id='word_1_74' title='bbox 2050 997 2170 1084; x_wconf 92' lang='lat' dir='ltr'>qui</span> <span class='ocrx_word' id='word_1_75' title='bbox 2219 997 2416 1067; x_wconf 89' lang='lat' dir='ltr'>initio</span> <span class='ocrx_word' id='word_1_76' title='bbox 2475 999 2544 1066; x_wconf 90' lang='lat' dir='ltr'>in</span> <span class='ocrx_word' id='word_1_77' title='bbox 2597 1019 2761 1067; x_wconf 73' lang='lat' dir='ltr'>san⁴</span> 
     </span>
     <span class='ocr_line' id='line_1_9' title="bbox 252 1083 2763 1186; baseline 0.002 -36"><span class='ocrx_word' id='word_1_78' title='bbox 252 1093 369 1152; x_wconf 85' lang='lat' dir='ltr'>ctae</span> <span class='ocrx_word' id='word_1_79' title='bbox 411 1083 560 1154; x_wconf 87' lang='lat' dir='ltr'>fidei</span> <span class='ocrx_word' id='word_1_80' title='bbox 596 1097 740 1153; x_wconf 88' lang='lat' dir='ltr'>erat</span> <span class='ocrx_word' id='word_1_81' title='bbox 790 1084 1176 1154; x_wconf 87' lang='lat' dir='ltr'>eruditione</span> <span class='ocrx_word' id='word_1_82' title='bbox 1224 1085 1599 1186; x_wconf 87' lang='lat' dir='ltr'>plantatus:</span> <span class='ocrx_word' id='word_1_83' title='bbox 1668 1086 1765 1155; x_wconf 90' lang='lat' dir='ltr'>sic</span> <span class='ocrx_word' id='word_1_84' title='bbox 1817 1085 2022 1154; x_wconf 92' lang='lat' dir='ltr'>modo</span> <span class='ocrx_word' id='word_1_85' title='bbox 2074 1085 2460 1177; x_wconf 81' lang='lat' dir='ltr'>neophytus</span> <span class='ocrx_word' id='word_1_86' title='bbox 2501 1087 2763 1156; x_wconf 89' lang='lat' dir='ltr'>haben-</span> 
     </span>
     <span class='ocr_line' id='line_1_10' title="bbox 252 1169 2756 1264; baseline 0.004 -26"><span class='ocrx_word' id='word_1_87' title='bbox 252 1169 357 1240; x_wconf 86' lang='lat' dir='ltr'>dus</span> <span class='ocrx_word' id='word_1_88' title='bbox 395 1186 488 1242; x_wconf 90' lang='lat' dir='ltr'>est</span> <span class='ocrx_word' id='word_1_89' title='bbox 531 1173 652 1261; x_wconf 88' lang='lat' dir='ltr'>qui</span> <span class='ocrx_word' id='word_1_90' title='bbox 687 1186 962 1264; x_wconf 89' lang='lat' dir='ltr'>repente</span> <span class='ocrx_word' id='word_1_91' title='bbox 1009 1173 1081 1242; x_wconf 89' lang='lat' dir='ltr'>in</span> <span class='ocrx_word' id='word_1_92' title='bbox 1119 1173 1473 1262; x_wconf 77' lang='lat' dir='ltr'>religionis</span> <span class='ocrx_word' id='word_1_93' title='bbox 1508 1173 1751 1244; x_wconf 89' lang='lat' dir='ltr'>habitu</span> <span class='ocrx_word' id='word_1_94' title='bbox 1800 1173 2172 1264; x_wconf 77' lang='lat' dir='ltr'>plantatuS,</span> <span class='ocrx_word' id='word_1_95' title='bbox 2209 1175 2293 1243; x_wconf 94' lang='lat' dir='ltr'>ad</span> <span class='ocrx_word' id='word_1_96' title='bbox 2345 1176 2756 1246; x_wconf 83' lang='lat' dir='ltr'>ambiendos</span> 
     </span>
     <span class='ocr_line' id='line_1_11' title="bbox 251 1257 2762 1354; baseline 0.003 -28"><span class='ocrx_word' id='word_1_97' title='bbox 251 1257 501 1331; x_wconf 88' lang='lat' dir='ltr'>honores</span> <span class='ocrx_word' id='word_1_98' title='bbox 546 1284 779 1332; x_wconf 88' lang='lat' dir='ltr'>sacros</span> <span class='ocrx_word' id='word_1_99' title='bbox 827 1263 1198 1352; x_wconf 83' lang='lat' dir='ltr'>irrepserit.</span> <span class='ocrx_word' id='word_1_100' title='bbox 1236 1263 1558 1332; x_wconf 89' lang='lat' dir='ltr'>Ordinate</span> <span class='ocrx_word' id='word_1_101' title='bbox 1604 1284 1768 1354; x_wconf 87' lang='lat' dir='ltr'>ergo</span> <span class='ocrx_word' id='word_1_102' title='bbox 1798 1263 1883 1331; x_wconf 92' lang='lat' dir='ltr'>ad</span> <span class='ocrx_word' id='word_1_103' title='bbox 1925 1263 2202 1333; x_wconf 88' lang='lat' dir='ltr'>ordines</span> <span class='ocrx_word' id='word_1_104' title='bbox 2242 1264 2762 1334; x_wconf 83' lang='lat' dir='ltr'>ascendendum</span> 
     </span>
     <span class='ocr_line' id='line_1_12' title="bbox 247 1351 2759 1443; baseline 0.003 -27"><span class='ocrx_word' id='word_1_105' title='bbox 247 1361 344 1418; x_wconf 85' lang='lat' dir='ltr'>est.</span> <span class='ocrx_word' id='word_1_106' title='bbox 389 1355 546 1419; x_wconf 83' lang='lat' dir='ltr'>Nam</span> <span class='ocrx_word' id='word_1_107' title='bbox 583 1373 825 1420; x_wconf 91' lang='lat' dir='ltr'>casum</span> <span class='ocrx_word' id='word_1_108' title='bbox 873 1352 1133 1442; x_wconf 85' lang='lat' dir='ltr'>appetit</span> <span class='ocrx_word' id='word_1_109' title='bbox 1179 1353 1298 1439; x_wconf 88' lang='lat' dir='ltr'>qui</span> <span class='ocrx_word' id='word_1_110' title='bbox 1338 1351 1423 1421; x_wconf 90' lang='lat' dir='ltr'>ad</span> <span class='ocrx_word' id='word_1_111' title='bbox 1485 1374 1763 1422; x_wconf 90' lang='lat' dir='ltr'>summa</span> <span class='ocrx_word' id='word_1_112' title='bbox 1812 1351 1944 1421; x_wconf 89' lang='lat' dir='ltr'>loci</span> <span class='ocrx_word' id='word_1_113' title='bbox 1993 1352 2302 1443; x_wconf 88' lang='lat' dir='ltr'>fastigia,</span> <span class='ocrx_word' id='word_1_114' title='bbox 2359 1354 2759 1443; x_wconf 84' lang='lat' dir='ltr'>postpositis</span> 
     </span>
     <span class='ocr_line' id='line_1_13' title="bbox 288 1439 2753 1532; baseline 0.003 -27"><span class='ocrx_word' id='word_1_115' title='bbox 288 1439 563 1519; x_wconf 74' lang='lat' dir='ltr'>radibu5‚</span> <span class='ocrx_word' id='word_1_116' title='bbox 627 1463 746 1530; x_wconf 89' lang='lat' dir='ltr'>per</span> <span class='ocrx_word' id='word_1_117' title='bbox 776 1440 1071 1531; x_wconf 90' lang='lat' dir='ltr'>abrupta</span> <span class='ocrx_word' id='word_1_118' title='bbox 1115 1441 1383 1528; x_wconf 88' lang='lat' dir='ltr'>quaerit</span> <span class='ocrx_word' id='word_1_119' title='bbox 1430 1461 1821 1510; x_wconf 88' lang='lat' dir='ltr'>ascensum.</span> <span class='ocrx_word' id='word_1_120' title='bbox 1867 1445 1942 1510; x_wconf 89' lang='lat' dir='ltr'>Et</span> <span class='ocrx_word' id='word_1_121' title='bbox 1979 1464 2141 1510; x_wconf 90' lang='lat' dir='ltr'>cum</span> <span class='ocrx_word' id='word_1_122' title='bbox 2177 1441 2359 1510; x_wconf 91' lang='lat' dir='ltr'>idem</span> <span class='ocrx_word' id='word_1_123' title='bbox 2392 1441 2753 1532; x_wconf 84' lang='lat' dir='ltr'>Apostolus</span> 
     </span>
     <span class='ocr_line' id='line_1_14' title="bbox 282 1527 2757 1619; baseline 0.002 -25"><span class='ocrx_word' id='word_1_124' title='bbox 282 1527 651 1597; x_wconf 89' lang='lat' dir='ltr'>oceatinter</span> <span class='ocrx_word' id='word_1_125' title='bbox 696 1529 832 1597; x_wconf 92' lang='lat' dir='ltr'>alia</span> <span class='ocrx_word' id='word_1_126' title='bbox 883 1529 1057 1599; x_wconf 88' lang='lat' dir='ltr'>sacri</span> <span class='ocrx_word' id='word_1_127' title='bbox 1104 1529 1369 1598; x_wconf 89' lang='lat' dir='ltr'>ordinis</span> <span class='ocrx_word' id='word_1_128' title='bbox 1416 1529 1731 1600; x_wconf 88' lang='lat' dir='ltr'>instituta</span> <span class='ocrx_word' id='word_1_129' title='bbox 1779 1529 2232 1619; x_wconf 90' lang='lat' dir='ltr'>discipulum,</span> <span class='ocrx_word' id='word_1_130' title='bbox 2280 1552 2564 1599; x_wconf 90' lang='lat' dir='ltr'>manum</span> <span class='ocrx_word' id='word_1_131' title='bbox 2617 1553 2757 1600; x_wconf 91' lang='lat' dir='ltr'>non</span> 
     </span>
     <span class='ocr_line' id='line_1_15' title="bbox 240 1616 2763 1715; baseline 0.004 -35"><span class='ocrx_word' id='word_1_132' title='bbox 240 1636 371 1715; x_wconf 81' lang='lat' dir='ltr'>esse</span> <span class='ocrx_word' id='word_1_133' title='bbox 411 1616 730 1705; x_wconf 83' lang='lat' dir='ltr'>cuiquam</span> <span class='ocrx_word' id='word_1_134' title='bbox 764 1618 970 1687; x_wconf 90' lang='lat' dir='ltr'>citius</span> <span class='ocrx_word' id='word_1_135' title='bbox 1001 1618 1530 1708; x_wconf 86' lang='lat' dir='ltr'>imponendam:</span> <span class='ocrx_word' id='word_1_136' title='bbox 1562 1618 1729 1706; x_wconf 88' lang='lat' dir='ltr'>quid</span> <span class='ocrx_word' id='word_1_137' title='bbox 1781 1618 1909 1688; x_wconf 90' lang='lat' dir='ltr'>hoc</span> <span class='ocrx_word' id='word_1_138' title='bbox 1943 1618 2237 1689; x_wconf 87' lang='lat' dir='ltr'>celerius</span> <span class='ocrx_word' id='word_1_139' title='bbox 2284 1619 2536 1706; x_wconf 89' lang='lat' dir='ltr'>quidve</span> <span class='ocrx_word' id='word_1_140' title='bbox 2570 1642 2763 1710; x_wconf 89' lang='lat' dir='ltr'>prae-</span> 
     </span>
     <span class='ocr_line' id='line_1_16' title="bbox 239 1707 2761 1798; baseline 0.003 -28"><span class='ocrx_word' id='word_1_141' title='bbox 239 1707 849 1793; x_wconf 76' lang='lat' dir='ltr'>cipitantiuS,quam</span> <span class='ocrx_word' id='word_1_142' title='bbox 879 1717 954 1776; x_wconf 91' lang='lat' dir='ltr'>ut</span> <span class='ocrx_word' id='word_1_143' title='bbox 982 1708 1325 1776; x_wconf 86' lang='lat' dir='ltr'>exoriatur</span> <span class='ocrx_word' id='word_1_144' title='bbox 1350 1731 1388 1776; x_wconf 92' lang='lat' dir='ltr'>a</span> <span class='ocrx_word' id='word_1_145' title='bbox 1422 1707 1818 1778; x_wconf 87' lang='lat' dir='ltr'>summitate</span> <span class='ocrx_word' id='word_1_146' title='bbox 1852 1708 2274 1798; x_wconf 86' lang='lat' dir='ltr'>principium</span> <span class='ocrx_word' id='word_1_147' title='bbox 2304 1722 2366 1776; x_wconf 91' lang='lat' dir='ltr'>et</span> <span class='ocrx_word' id='word_1_148' title='bbox 2389 1722 2761 1796; x_wconf 88' lang='lat' dir='ltr'>antequam</span> 
     </span>
     <span class='ocr_line' id='line_1_17' title="bbox 240 1794 2765 1887; baseline 0.003 -27"><span class='ocrx_word' id='word_1_149' title='bbox 240 1812 363 1862; x_wconf 87' lang='lat' dir='ltr'>esse</span> <span class='ocrx_word' id='word_1_150' title='bbox 408 1795 687 1886; x_wconf 88' lang='lat' dir='ltr'>incipiat</span> <span class='ocrx_word' id='word_1_151' title='bbox 734 1794 1160 1886; x_wconf 69' lang='lat' dir='ltr'>discipulus.</span> <span class='ocrx_word' id='word_1_152' title='bbox 1219 1797 1306 1866; x_wconf 91' lang='lat' dir='ltr'>sit</span> <span class='ocrx_word' id='word_1_153' title='bbox 1367 1796 1741 1886; x_wconf 77' lang='lat' dir='ltr'>magister?</span> <span class='ocrx_word' id='word_1_154' title='bbox 1788 1797 2116 1884; x_wconf 85' lang='lat' dir='ltr'>Quisquis</span> <span class='ocrx_word' id='word_1_155' title='bbox 2165 1797 2378 1887; x_wconf 89' lang='lat' dir='ltr'>igitur</span> <span class='ocrx_word' id='word_1_156' title='bbox 2447 1798 2765 1868; x_wconf 87' lang='lat' dir='ltr'>sacerdo-</span> 
     </span>
     <span class='ocr_line' id='line_1_18' title="bbox 246 1880 2763 1976; baseline 0.003 -29"><span class='ocrx_word' id='word_1_157' title='bbox 246 1880 386 1950; x_wconf 87' lang='lat' dir='ltr'>tium</span> <span class='ocrx_word' id='word_1_158' title='bbox 436 1906 568 1953; x_wconf 91' lang='lat' dir='ltr'>non</span> <span class='ocrx_word' id='word_1_159' title='bbox 622 1883 706 1952; x_wconf 92' lang='lat' dir='ltr'>ad</span> <span class='ocrx_word' id='word_1_160' title='bbox 757 1883 1071 1953; x_wconf 88' lang='lat' dir='ltr'>elationis</span> <span class='ocrx_word' id='word_1_161' title='bbox 1121 1907 1473 1975; x_wconf 87' lang='lat' dir='ltr'>pompam,</span> <span class='ocrx_word' id='word_1_162' title='bbox 1528 1885 1644 1954; x_wconf 91' lang='lat' dir='ltr'>sed</span> <span class='ocrx_word' id='word_1_163' title='bbox 1687 1885 1771 1954; x_wconf 91' lang='lat' dir='ltr'>ad</span> <span class='ocrx_word' id='word_1_164' title='bbox 1824 1884 2185 1954; x_wconf 85' lang='lat' dir='ltr'>utilitatem</span> <span class='ocrx_word' id='word_1_165' title='bbox 2238 1885 2531 1976; x_wconf 86' lang='lat' dir='ltr'>adipisci</span> <span class='ocrx_word' id='word_1_166' title='bbox 2579 1887 2763 1955; x_wconf 87' lang='lat' dir='ltr'>desi-</span> 
     </span>
     <span class='ocr_line' id='line_1_19' title="bbox 245 1968 2761 2063; baseline 0.003 -27"><span class='ocrx_word' id='word_1_167' title='bbox 245 1968 422 2052; x_wconf 82' lang='lat' dir='ltr'>derat,</span> <span class='ocrx_word' id='word_1_168' title='bbox 459 1974 656 2063; x_wconf 89' lang='lat' dir='ltr'>prius</span> <span class='ocrx_word' id='word_1_169' title='bbox 705 1973 880 2042; x_wconf 89' lang='lat' dir='ltr'>vires</span> <span class='ocrx_word' id='word_1_170' title='bbox 931 1996 1092 2044; x_wconf 91' lang='lat' dir='ltr'>suas</span> <span class='ocrx_word' id='word_1_171' title='bbox 1139 1995 1302 2043; x_wconf 89' lang='lat' dir='ltr'>cum</span> <span class='ocrx_word' id='word_1_172' title='bbox 1349 1994 1451 2053; x_wconf 90' lang='lat' dir='ltr'>e0,</span> <span class='ocrx_word' id='word_1_173' title='bbox 1487 1996 1697 2060; x_wconf 89' lang='lat' dir='ltr'>quem</span> <span class='ocrx_word' id='word_1_174' title='bbox 1745 1987 1845 2043; x_wconf 90' lang='lat' dir='ltr'>est</span> <span class='ocrx_word' id='word_1_175' title='bbox 1876 1975 2261 2055; x_wconf 77' lang='lat' dir='ltr'>subituruS,</span> <span class='ocrx_word' id='word_1_176' title='bbox 2306 1975 2565 2044; x_wconf 89' lang='lat' dir='ltr'>honore</span> <span class='ocrx_word' id='word_1_177' title='bbox 2616 1997 2761 2044; x_wconf 90' lang='lat' dir='ltr'>me-</span> 
     </span>
     <span class='ocr_line' id='line_1_20' title="bbox 241 2058 2759 2152; baseline 0.003 -27"><span class='ocrx_word' id='word_1_178' title='bbox 241 2058 438 2140; x_wconf 88' lang='lat' dir='ltr'>tiatur,</span> <span class='ocrx_word' id='word_1_179' title='bbox 495 2075 571 2131; x_wconf 90' lang='lat' dir='ltr'>ut</span> <span class='ocrx_word' id='word_1_180' title='bbox 619 2074 682 2131; x_wconf 87' lang='lat' dir='ltr'>et</span> <span class='ocrx_word' id='word_1_181' title='bbox 730 2062 956 2152; x_wconf 86' lang='lat' dir='ltr'>impar</span> <span class='ocrx_word' id='word_1_182' title='bbox 1002 2062 1340 2132; x_wconf 89' lang='lat' dir='ltr'>abstineat</span> <span class='ocrx_word' id='word_1_183' title='bbox 1399 2075 1464 2131; x_wconf 91' lang='lat' dir='ltr'>et</span> <span class='ocrx_word' id='word_1_184' title='bbox 1510 2063 1596 2131; x_wconf 94' lang='lat' dir='ltr'>ad</span> <span class='ocrx_word' id='word_1_185' title='bbox 1646 2061 1715 2131; x_wconf 91' lang='lat' dir='ltr'>id</span> <span class='ocrx_word' id='word_1_186' title='bbox 1766 2085 1928 2132; x_wconf 89' lang='lat' dir='ltr'>cum</span> <span class='ocrx_word' id='word_1_187' title='bbox 1989 2077 2199 2143; x_wconf 91' lang='lat' dir='ltr'>metu,</span> <span class='ocrx_word' id='word_1_188' title='bbox 2254 2064 2459 2132; x_wconf 89' lang='lat' dir='ltr'>etiam</span> <span class='ocrx_word' id='word_1_189' title='bbox 2509 2065 2631 2151; x_wconf 88' lang='lat' dir='ltr'>qui</span> <span class='ocrx_word' id='word_1_190' title='bbox 2685 2086 2759 2133; x_wconf 91' lang='lat' dir='ltr'>se</span> 
     </span>
     <span class='ocr_line' id='line_1_21' title="bbox 237 2149 2761 2233; baseline 0.003 -19"><span class='ocrx_word' id='word_1_191' title='bbox 237 2149 527 2219; x_wconf 76' lang='lat' dir='ltr'>sufficere</span> <span class='ocrx_word' id='word_1_192' title='bbox 575 2150 942 2231; x_wconf 87' lang='lat' dir='ltr'>existimat,</span> <span class='ocrx_word' id='word_1_193' title='bbox 995 2151 1299 2221; x_wconf 86' lang='lat' dir='ltr'>accedat.</span> <span class='ocrx_word' id='word_1_194' title='bbox 1352 2152 1447 2221; x_wconf 84' lang='lat' dir='ltr'>Ab</span> <span class='ocrx_word' id='word_1_195' title='bbox 1498 2174 1568 2219; x_wconf 91' lang='lat' dir='ltr'>re</span> <span class='ocrx_word' id='word_1_196' title='bbox 1615 2164 1843 2221; x_wconf 91' lang='lat' dir='ltr'>autem</span> <span class='ocrx_word' id='word_1_197' title='bbox 1884 2172 2016 2219; x_wconf 88' lang='lat' dir='ltr'>non</span> <span class='ocrx_word' id='word_1_198' title='bbox 2049 2151 2365 2233; x_wconf 77' lang='lat' dir='ltr'>facimUS,</span> <span class='ocrx_word' id='word_1_199' title='bbox 2420 2152 2477 2220; x_wconf 91' lang='lat' dir='ltr'>si</span> <span class='ocrx_word' id='word_1_200' title='bbox 2513 2152 2598 2221; x_wconf 89' lang='lat' dir='ltr'>ad</span> <span class='ocrx_word' id='word_1_201' title='bbox 2650 2175 2761 2222; x_wconf 91' lang='lat' dir='ltr'>ar-</span> 
     </span>
     <span class='ocr_line' id='line_1_22' title="bbox 232 2239 2756 2331; baseline 0.003 -28"><span class='ocrx_word' id='word_1_202' title='bbox 232 2250 618 2326; x_wconf 84' lang='lat' dir='ltr'>gumentum</span> <span class='ocrx_word' id='word_1_203' title='bbox 669 2239 1093 2314; x_wconf 88' lang='lat' dir='ltr'>rationabile.</span> <span class='ocrx_word' id='word_1_204' title='bbox 1147 2262 1357 2309; x_wconf 90' lang='lat' dir='ltr'>usum</span> <span class='ocrx_word' id='word_1_205' title='bbox 1406 2261 1635 2309; x_wconf 90' lang='lat' dir='ltr'>rerum</span> <span class='ocrx_word' id='word_1_206' title='bbox 1692 2239 2266 2309; x_wconf 86' lang='lat' dir='ltr'>irrationabilium</span> <span class='ocrx_word' id='word_1_207' title='bbox 2320 2240 2756 2331; x_wconf 62' lang='lat' dir='ltr'>colligamus</span> 
     </span>
     <span class='ocr_line' id='line_1_23' title="bbox 232 2328 2762 2418; baseline 0.003 -26"><span class='ocrx_word' id='word_1_208' title='bbox 232 2330 376 2414; x_wconf 82' lang='lat' dir='ltr'>Apta</span> <span class='ocrx_word' id='word_1_209' title='bbox 424 2350 728 2415; x_wconf 89' lang='lat' dir='ltr'>namque</span> <span class='ocrx_word' id='word_1_210' title='bbox 792 2328 1390 2398; x_wconf 74' lang='lat' dir='ltr'>aedificationibus</span> <span class='ocrx_word' id='word_1_211' title='bbox 1443 2328 1527 2397; x_wconf 90' lang='lat' dir='ltr'>de</span> <span class='ocrx_word' id='word_1_212' title='bbox 1590 2328 1804 2418; x_wconf 84' lang='lat' dir='ltr'>sylvis</span> <span class='ocrx_word' id='word_1_213' title='bbox 1853 2328 2039 2418; x_wconf 88' lang='lat' dir='ltr'>ligna</span> <span class='ocrx_word' id='word_1_214' title='bbox 2099 2329 2580 2410; x_wconf 88' lang='lat' dir='ltr'>succiduntur,</span> <span class='ocrx_word' id='word_1_215' title='bbox 2637 2352 2762 2399; x_wconf 89' lang='lat' dir='ltr'>nec</span> 
     </span>
     <span class='ocr_line' id='line_1_24' title="bbox 233 2416 2761 2519; baseline 0.002 -38"><span class='ocrx_word' id='word_1_216' title='bbox 233 2423 433 2484; x_wconf 88' lang='lat' dir='ltr'>tamen</span> <span class='ocrx_word' id='word_1_217' title='bbox 483 2416 715 2487; x_wconf 87' lang='lat' dir='ltr'>adhuc</span> <span class='ocrx_word' id='word_1_218' title='bbox 791 2416 1132 2499; x_wconf 85' lang='lat' dir='ltr'>viridibus</span> <span class='ocrx_word' id='word_1_219' title='bbox 1179 2417 1477 2486; x_wconf 86' lang='lat' dir='ltr'>aedificii</span> <span class='ocrx_word' id='word_1_220' title='bbox 1539 2417 1813 2508; x_wconf 91' lang='lat' dir='ltr'>pondus</span> <span class='ocrx_word' id='word_1_221' title='bbox 1862 2417 2266 2519; x_wconf 86' lang='lat' dir='ltr'>imponitur,</span> <span class='ocrx_word' id='word_1_222' title='bbox 2333 2419 2466 2486; x_wconf 91' lang='lat' dir='ltr'>nisi</span> <span class='ocrx_word' id='word_1_223' title='bbox 2516 2440 2761 2489; x_wconf 87' lang='lat' dir='ltr'>eorum</span> 
     </span>
     <span class='ocr_line' id='line_1_25' title="bbox 227 2503 2762 2597; baseline 0.002 -28"><span class='ocrx_word' id='word_1_224' title='bbox 227 2503 618 2576; x_wconf 80' lang='lat' dir='ltr'>viriditatem</span> <span class='ocrx_word' id='word_1_225' title='bbox 672 2506 1047 2576; x_wconf 90' lang='lat' dir='ltr'>multorum</span> <span class='ocrx_word' id='word_1_226' title='bbox 1097 2507 1368 2576; x_wconf 91' lang='lat' dir='ltr'>dierum</span> <span class='ocrx_word' id='word_1_227' title='bbox 1422 2529 1614 2576; x_wconf 92' lang='lat' dir='ltr'>mora</span> <span class='ocrx_word' id='word_1_228' title='bbox 1661 2508 2019 2577; x_wconf 76' lang='lat' dir='ltr'>siccaverit</span> <span class='ocrx_word' id='word_1_229' title='bbox 2066 2520 2130 2576; x_wconf 91' lang='lat' dir='ltr'>et</span> <span class='ocrx_word' id='word_1_230' title='bbox 2177 2520 2337 2597; x_wconf 87' lang='lat' dir='ltr'>apta</span> <span class='ocrx_word' id='word_1_231' title='bbox 2387 2508 2470 2576; x_wconf 92' lang='lat' dir='ltr'>ad</span> <span class='ocrx_word' id='word_1_232' title='bbox 2525 2529 2762 2578; x_wconf 90' lang='lat' dir='ltr'>neces-</span> 
     </span>
     <span class='ocr_line' id='line_1_26' title="bbox 230 2594 2764 2687; baseline 0.002 -28"><span class='ocrx_word' id='word_1_233' title='bbox 230 2594 461 2663; x_wconf 84' lang='lat' dir='ltr'>sarium</span> <span class='ocrx_word' id='word_1_234' title='bbox 514 2618 724 2664; x_wconf 88' lang='lat' dir='ltr'>usum</span> <span class='ocrx_word' id='word_1_235' title='bbox 772 2596 1089 2665; x_wconf 83' lang='lat' dir='ltr'>effecerit.</span> <span class='ocrx_word' id='word_1_236' title='bbox 1130 2602 1317 2679; x_wconf 85' lang='lat' dir='ltr'>Quae</span> <span class='ocrx_word' id='word_1_237' title='bbox 1346 2595 1404 2666; x_wconf 94' lang='lat' dir='ltr'>si</span> <span class='ocrx_word' id='word_1_238' title='bbox 1433 2596 1865 2665; x_wconf 90' lang='lat' dir='ltr'>observantia</span> <span class='ocrx_word' id='word_1_239' title='bbox 1898 2596 2067 2666; x_wconf 92' lang='lat' dir='ltr'>forte</span> <span class='ocrx_word' id='word_1_240' title='bbox 2116 2596 2514 2687; x_wconf 84' lang='lat' dir='ltr'>negligitur,</span> <span class='ocrx_word' id='word_1_241' title='bbox 2553 2597 2764 2666; x_wconf 89' lang='lat' dir='ltr'>citius</span> 
     </span>
     <span class='ocr_line' id='line_1_27' title="bbox 227 2684 2761 2777; baseline 0.003 -28"><span class='ocrx_word' id='word_1_242' title='bbox 227 2684 739 2776; x_wconf 85' lang='lat' dir='ltr'>superimposita</span> <span class='ocrx_word' id='word_1_243' title='bbox 787 2684 965 2753; x_wconf 91' lang='lat' dir='ltr'>mole</span> <span class='ocrx_word' id='word_1_244' title='bbox 1014 2684 1433 2776; x_wconf 89' lang='lat' dir='ltr'>franguntur</span> <span class='ocrx_word' id='word_1_245' title='bbox 1477 2698 1541 2754; x_wconf 87' lang='lat' dir='ltr'>et</span> <span class='ocrx_word' id='word_1_246' title='bbox 1580 2686 1804 2777; x_wconf 89' lang='lat' dir='ltr'>gignit</span> <span class='ocrx_word' id='word_1_247' title='bbox 1830 2686 2106 2755; x_wconf 90' lang='lat' dir='ltr'>ruinam</span> <span class='ocrx_word' id='word_1_248' title='bbox 2144 2686 2227 2754; x_wconf 86' lang='lat' dir='ltr'>ad</span> <span class='ocrx_word' id='word_1_249' title='bbox 2280 2684 2614 2754; x_wconf 86' lang='lat' dir='ltr'>auxilium</span> <span class='ocrx_word' id='word_1_250' title='bbox 2649 2707 2761 2756; x_wconf 90' lang='lat' dir='ltr'>res</span> 
     </span>
     <span class='ocr_line' id='line_1_28' title="bbox 229 2774 2758 2875; baseline 0.003 -39"><span class='ocrx_word' id='word_1_251' title='bbox 229 2774 495 2856; x_wconf 85' lang='lat' dir='ltr'>provisa.</span> <span class='ocrx_word' id='word_1_252' title='bbox 541 2774 715 2842; x_wconf 88' lang='lat' dir='ltr'>Hinc</span> <span class='ocrx_word' id='word_1_253' title='bbox 754 2774 1031 2842; x_wconf 89' lang='lat' dir='ltr'>etenim</span> <span class='ocrx_word' id='word_1_254' title='bbox 1083 2774 1332 2843; x_wconf 90' lang='lat' dir='ltr'>medici</span> <span class='ocrx_word' id='word_1_255' title='bbox 1379 2774 1501 2861; x_wconf 91' lang='lat' dir='ltr'>qui</span> <span class='ocrx_word' id='word_1_256' title='bbox 1550 2796 1916 2875; x_wconf 86' lang='lat' dir='ltr'>corporum</span> <span class='ocrx_word' id='word_1_257' title='bbox 1958 2796 2199 2843; x_wconf 90' lang='lat' dir='ltr'>curam</span> <span class='ocrx_word' id='word_1_258' title='bbox 2249 2786 2499 2865; x_wconf 87' lang='lat' dir='ltr'>gerunt</span> <span class='ocrx_word' id='word_1_259' title='bbox 2545 2795 2758 2861; x_wconf 86' lang='lat' dir='ltr'>quae-</span> 
     </span>
     <span class='ocr_line' id='line_1_29' title="bbox 225 2856 2756 2954; baseline 0.002 -29"><span class='ocrx_word' id='word_1_260' title='bbox 225 2856 363 2927; x_wconf 87' lang='lat' dir='ltr'>dam</span> <span class='ocrx_word' id='word_1_261' title='bbox 401 2862 769 2951; x_wconf 88' lang='lat' dir='ltr'>adjutoria,</span> <span class='ocrx_word' id='word_1_262' title='bbox 823 2863 1078 2932; x_wconf 85' lang='lat' dir='ltr'>recenti</span> <span class='ocrx_word' id='word_1_263' title='bbox 1127 2863 1357 2932; x_wconf 87' lang='lat' dir='ltr'>adhuc</span> <span class='ocrx_word' id='word_1_264' title='bbox 1403 2862 1830 2932; x_wconf 80' lang='lat' dir='ltr'>confectione</span> <span class='ocrx_word' id='word_1_265' title='bbox 1864 2862 2177 2943; x_wconf 89' lang='lat' dir='ltr'>formata,</span> <span class='ocrx_word' id='word_1_266' title='bbox 2236 2863 2572 2954; x_wconf 89' lang='lat' dir='ltr'>indigenti</span> <span class='ocrx_word' id='word_1_267' title='bbox 2614 2885 2756 2932; x_wconf 92' lang='lat' dir='ltr'>non</span> 
     </span>
     <span class='ocr_line' id='line_1_30' title="bbox 227 2948 2761 3042; baseline 0.003 -29"><span class='ocrx_word' id='word_1_268' title='bbox 227 2948 521 3032; x_wconf 84' lang='lat' dir='ltr'>offerunt,</span> <span class='ocrx_word' id='word_1_269' title='bbox 586 2951 706 3019; x_wconf 91' lang='lat' dir='ltr'>sed</span> <span class='ocrx_word' id='word_1_270' title='bbox 758 2950 1170 3020; x_wconf 87' lang='lat' dir='ltr'>maturanda</span> <span class='ocrx_word' id='word_1_271' title='bbox 1217 2952 1644 3042; x_wconf 90' lang='lat' dir='ltr'>temporibus</span> <span class='ocrx_word' id='word_1_272' title='bbox 1708 2952 2221 3039; x_wconf 88' lang='lat' dir='ltr'>derelinquunt.</span> <span class='ocrx_word' id='word_1_273' title='bbox 2277 2957 2443 3021; x_wconf 87' lang='lat' dir='ltr'>Nam</span> <span class='ocrx_word' id='word_1_274' title='bbox 2494 2952 2549 3022; x_wconf 90' lang='lat' dir='ltr'>si</span> <span class='ocrx_word' id='word_1_275' title='bbox 2630 2952 2761 3020; x_wconf 90' lang='lat' dir='ltr'>im-</span> 
     </span>
     <span class='ocr_line' id='line_1_31' title="bbox 224 3038 2807 3131; baseline 0.002 -27"><span class='ocrx_word' id='word_1_276' title='bbox 224 3049 466 3108; x_wconf 88' lang='lat' dir='ltr'>mature</span> <span class='ocrx_word' id='word_1_277' title='bbox 504 3040 666 3126; x_wconf 89' lang='lat' dir='ltr'>quis</span> <span class='ocrx_word' id='word_1_278' title='bbox 714 3038 998 3121; x_wconf 91' lang='lat' dir='ltr'>dederit,</span> <span class='ocrx_word' id='word_1_279' title='bbox 1053 3041 1345 3109; x_wconf 91' lang='lat' dir='ltr'>dubium</span> <span class='ocrx_word' id='word_1_280' title='bbox 1385 3063 1518 3110; x_wconf 90' lang='lat' dir='ltr'>non</span> <span class='ocrx_word' id='word_1_281' title='bbox 1559 3053 1683 3117; x_wconf 89' lang='lat' dir='ltr'>est,</span> <span class='ocrx_word' id='word_1_282' title='bbox 1726 3040 1891 3128; x_wconf 90' lang='lat' dir='ltr'>quia</span> <span class='ocrx_word' id='word_1_283' title='bbox 1940 3041 2016 3110; x_wconf 91' lang='lat' dir='ltr'>fit</span> <span class='ocrx_word' id='word_1_284' title='bbox 2054 3063 2263 3110; x_wconf 86' lang='lat' dir='ltr'>causa</span> <span class='ocrx_word' id='word_1_285' title='bbox 2314 3041 2603 3131; x_wconf 90' lang='lat' dir='ltr'>periculi</span> <span class='ocrx_word' id='word_1_286' title='bbox 2653 3062 2762 3109; x_wconf 88' lang='lat' dir='ltr'>res</span> <span class='ocrx_word' id='word_1_287' title='bbox 2798 3084 2807 3093; x_wconf 93' lang='lat'><em>-</em></span> 
     </span>
     <span class='ocr_line' id='line_1_32' title="bbox 223 3126 2761 3217; baseline 0.002 -24"><span class='ocrx_word' id='word_1_288' title='bbox 223 3126 467 3199; x_wconf 89' lang='lat' dir='ltr'>salutis.</span> <span class='ocrx_word' id='word_1_289' title='bbox 524 3128 801 3198; x_wconf 87' lang='lat' dir='ltr'>Discant</span> <span class='ocrx_word' id='word_1_290' title='bbox 867 3128 1096 3215; x_wconf 91' lang='lat' dir='ltr'>itaque</span> <span class='ocrx_word' id='word_1_291' title='bbox 1141 3130 1414 3199; x_wconf 89' lang='lat' dir='ltr'>discant</span> <span class='ocrx_word' id='word_1_292' title='bbox 1461 3130 1532 3197; x_wconf 90' lang='lat' dir='ltr'>in</span> <span class='ocrx_word' id='word_1_293' title='bbox 1595 3129 1825 3199; x_wconf 85' lang='lat' dir='ltr'>ofsscio</span> <span class='ocrx_word' id='word_1_294' title='bbox 1873 3151 1999 3199; x_wconf 89' lang='lat' dir='ltr'>suo</span> <span class='ocrx_word' id='word_1_295' title='bbox 2034 3129 2447 3199; x_wconf 60' lang='lat' dir='ltr'>‘sacerdotes</span> <span class='ocrx_word' id='word_1_296' title='bbox 2501 3130 2761 3217; x_wconf 89' lang='lat' dir='ltr'>quibus</span> 
     </span>
     <span class='ocr_line' id='line_1_33' title="bbox 225 3214 2762 3305; baseline 0.003 -25"><span class='ocrx_word' id='word_1_297' title='bbox 225 3214 598 3287; x_wconf 88' lang='lat' dir='ltr'>animarum</span> <span class='ocrx_word' id='word_1_298' title='bbox 634 3216 892 3286; x_wconf 83' lang='lat' dir='ltr'>credita</span> <span class='ocrx_word' id='word_1_299' title='bbox 938 3230 1040 3287; x_wconf 87' lang='lat' dir='ltr'>est</span> <span class='ocrx_word' id='word_1_300' title='bbox 1084 3239 1276 3297; x_wconf 88' lang='lat' dir='ltr'>cura,</span> <span class='ocrx_word' id='word_1_301' title='bbox 1315 3240 1585 3287; x_wconf 88' lang='lat' dir='ltr'>servare</span> <span class='ocrx_word' id='word_1_302' title='bbox 1629 3218 1815 3305; x_wconf 92' lang='lat' dir='ltr'>quod</span> <span class='ocrx_word' id='word_1_303' title='bbox 1864 3217 2295 3287; x_wconf 87' lang='lat' dir='ltr'>diversarum</span> <span class='ocrx_word' id='word_1_304' title='bbox 2340 3219 2594 3288; x_wconf 87' lang='lat' dir='ltr'>artium</span> <span class='ocrx_word' id='word_1_305' title='bbox 2641 3219 2762 3287; x_wconf 88' lang='lat' dir='ltr'>ho-</span> 
     </span>
     <span class='ocr_line' id='line_1_34' title="bbox 221 3304 2757 3398; baseline 0.002 -28"><span class='ocrx_word' id='word_1_306' title='bbox 221 3304 423 3375; x_wconf 89' lang='lat' dir='ltr'>mines</span> <span class='ocrx_word' id='word_1_307' title='bbox 470 3307 757 3375; x_wconf 87' lang='lat' dir='ltr'>docente</span> <span class='ocrx_word' id='word_1_308' title='bbox 788 3306 1050 3377; x_wconf 90' lang='lat' dir='ltr'>ratione</span> <span class='ocrx_word' id='word_1_309' title='bbox 1097 3306 1498 3377; x_wconf 87' lang='lat' dir='ltr'>custodiunt</span> <span class='ocrx_word' id='word_1_310' title='bbox 1544 3320 1608 3377; x_wconf 92' lang='lat' dir='ltr'>et</span> <span class='ocrx_word' id='word_1_311' title='bbox 1654 3329 1695 3375; x_wconf 88' lang='lat' dir='ltr'>a</span> <span class='ocrx_word' id='word_1_312' title='bbox 1747 3306 2103 3398; x_wconf 87' lang='lat' dir='ltr'>praecipiti</span> <span class='ocrx_word' id='word_1_313' title='bbox 2153 3329 2224 3376; x_wconf 91' lang='lat' dir='ltr'>se</span> <span class='ocrx_word' id='word_1_314' title='bbox 2271 3308 2648 3377; x_wconf 90' lang='lat' dir='ltr'>ambitione</span> <span class='ocrx_word' id='word_1_315' title='bbox 2690 3318 2757 3376; x_wconf 89' lang='lat' dir='ltr'>et</span> 
     </span>
     <span class='ocr_line' id='line_1_35' title="bbox 220 3390 2754 3485; baseline 0.003 -28"><span class='ocrx_word' id='word_1_316' title='bbox 220 3390 428 3463; x_wconf 89' lang='lat' dir='ltr'>sinon</span> <span class='ocrx_word' id='word_1_317' title='bbox 481 3407 693 3475; x_wconf 89' lang='lat' dir='ltr'>metu,</span> <span class='ocrx_word' id='word_1_318' title='bbox 749 3394 987 3466; x_wconf 86' lang='lat' dir='ltr'>saltem</span> <span class='ocrx_word' id='word_1_319' title='bbox 1040 3395 1301 3485; x_wconf 90' lang='lat' dir='ltr'>pudore</span> <span class='ocrx_word' id='word_1_320' title='bbox 1360 3396 1780 3465; x_wconf 90' lang='lat' dir='ltr'>contineant.</span> <span class='ocrx_word' id='word_1_321' title='bbox 1838 3396 1963 3465; x_wconf 81' lang='lat' dir='ltr'>Sed</span> <span class='ocrx_word' id='word_1_322' title='bbox 2019 3418 2102 3465; x_wconf 91' lang='lat' dir='ltr'>ne</span> <span class='ocrx_word' id='word_1_323' title='bbox 2150 3395 2433 3465; x_wconf 84' lang='lat' dir='ltr'>forsitan</span> <span class='ocrx_word' id='word_1_324' title='bbox 2484 3396 2569 3465; x_wconf 87' lang='lat' dir='ltr'>ad</span> <span class='ocrx_word' id='word_1_325' title='bbox 2624 3396 2754 3464; x_wconf 87' lang='lat' dir='ltr'>hoc</span> 
     </span>
     <span class='ocr_line' id='line_1_36' title="bbox 221 3484 2762 3574; baseline 0.001 -25"><span class='ocrx_word' id='word_1_326' title='bbox 221 3500 450 3567; x_wconf 88' lang='lat' dir='ltr'>pravae</span> <span class='ocrx_word' id='word_1_327' title='bbox 500 3506 573 3553; x_wconf 91' lang='lat' dir='ltr'>se</span> <span class='ocrx_word' id='word_1_328' title='bbox 630 3484 1154 3554; x_wconf 87' lang='lat' dir='ltr'>consuetudinis</span> <span class='ocrx_word' id='word_1_329' title='bbox 1217 3484 1589 3571; x_wconf 89' lang='lat' dir='ltr'>quisquam</span> <span class='ocrx_word' id='word_1_330' title='bbox 1650 3484 1812 3553; x_wconf 88' lang='lat' dir='ltr'>velit</span> <span class='ocrx_word' id='word_1_331' title='bbox 1856 3484 2127 3574; x_wconf 91' lang='lat' dir='ltr'>objectu</span> <span class='ocrx_word' id='word_1_332' title='bbox 2174 3484 2563 3565; x_wconf 89' lang='lat' dir='ltr'>defendere,</span> <span class='ocrx_word' id='word_1_333' title='bbox 2620 3484 2762 3552; x_wconf 90' lang='lat' dir='ltr'>fra-</span> 
     </span>
     <span class='ocr_line' id='line_1_37' title="bbox 224 3571 2762 3644; baseline 0.002 -8"><span class='ocrx_word' id='word_1_334' title='bbox 224 3571 539 3643; x_wconf 88' lang='lat' dir='ltr'>ternitatis</span> <span class='ocrx_word' id='word_1_335' title='bbox 589 3582 744 3641; x_wconf 89' lang='lat' dir='ltr'>tuae</span> <span class='ocrx_word' id='word_1_336' title='bbox 791 3572 1112 3644; x_wconf 87' lang='lat' dir='ltr'>discretio</span> <span class='ocrx_word' id='word_1_337' title='bbox 1159 3574 1444 3644; x_wconf 90' lang='lat' dir='ltr'>rationis</span> <span class='ocrx_word' id='word_1_338' title='bbox 1490 3595 1605 3643; x_wconf 92' lang='lat' dir='ltr'>eos</span> <span class='ocrx_word' id='word_1_339' title='bbox 1653 3573 1845 3643; x_wconf 92' lang='lat' dir='ltr'>freno</span> <span class='ocrx_word' id='word_1_340' title='bbox 1908 3575 2215 3643; x_wconf 73' lang='lat' dir='ltr'>coerceat</span> <span class='ocrx_word' id='word_1_341' title='bbox 2259 3585 2325 3642; x_wconf 89' lang='lat' dir='ltr'>et</span> <span class='ocrx_word' id='word_1_342' title='bbox 2373 3573 2512 3643; x_wconf 91' lang='lat' dir='ltr'>labi</span> <span class='ocrx_word' id='word_1_343' title='bbox 2553 3574 2625 3642; x_wconf 91' lang='lat' dir='ltr'>in</span> <span class='ocrx_word' id='word_1_344' title='bbox 2674 3572 2762 3640; x_wconf 89' lang='lat' dir='ltr'>il-</span> 
     </span>
     <span class='ocr_line' id='line_1_38' title="bbox 226 3654 2757 3755; baseline 0.002 -30"><span class='ocrx_word' id='word_1_345' title='bbox 226 3654 411 3755; x_wconf 82' lang='lat' dir='ltr'>licitis</span> <span class='ocrx_word' id='word_1_346' title='bbox 459 3683 597 3732; x_wconf 90' lang='lat' dir='ltr'>non</span> <span class='ocrx_word' id='word_1_347' title='bbox 631 3661 1018 3751; x_wconf 85' lang='lat' dir='ltr'>permittat:</span> <span class='ocrx_word' id='word_1_348' title='bbox 1072 3662 1238 3750; x_wconf 91' lang='lat' dir='ltr'>quia</span> <span class='ocrx_word' id='word_1_349' title='bbox 1274 3662 1603 3750; x_wconf 91' lang='lat' dir='ltr'>quicquid</span> <span class='ocrx_word' id='word_1_350' title='bbox 1657 3661 1918 3732; x_wconf 91' lang='lat' dir='ltr'>ultione</span> <span class='ocrx_word' id='word_1_351' title='bbox 1965 3662 2255 3753; x_wconf 88' lang='lat' dir='ltr'>dignum</span> <span class='ocrx_word' id='word_1_352' title='bbox 2307 3674 2432 3742; x_wconf 91' lang='lat' dir='ltr'>est,</span> <span class='ocrx_word' id='word_1_353' title='bbox 2492 3684 2626 3732; x_wconf 90' lang='lat' dir='ltr'>non</span> <span class='ocrx_word' id='word_1_354' title='bbox 2668 3660 2757 3729; x_wconf 91' lang='lat' dir='ltr'>ad</span> 
     </span>
     <span class='ocr_line' id='line_1_39' title="bbox 227 3748 2759 3842; baseline 0.002 -29"><span class='ocrx_word' id='word_1_355' title='bbox 227 3748 635 3830; x_wconf 69' lang='lat' dir='ltr'>imitationis,</span> <span class='ocrx_word' id='word_1_356' title='bbox 688 3751 805 3819; x_wconf 93' lang='lat' dir='ltr'>sed</span> <span class='ocrx_word' id='word_1_357' title='bbox 846 3751 1076 3841; x_wconf 90' lang='lat' dir='ltr'>potius</span> <span class='ocrx_word' id='word_1_358' title='bbox 1123 3751 1207 3820; x_wconf 90' lang='lat' dir='ltr'>ad</span> <span class='ocrx_word' id='word_1_359' title='bbox 1244 3751 1637 3842; x_wconf 85' lang='lat' dir='ltr'>exemplum</span> <span class='ocrx_word' id='word_1_360' title='bbox 1669 3750 1868 3821; x_wconf 89' lang='lat' dir='ltr'>debet</span> <span class='ocrx_word' id='word_1_361' title='bbox 1913 3750 2366 3839; x_wconf 82' lang='lat' dir='ltr'>correptionis</span> <span class='ocrx_word' id='word_1_362' title='bbox 2393 3749 2759 3819; x_wconf 74' lang='lat' dir='ltr'>adduci.*»</span> 
     </span>
    </p>

    <p class='ocr_par' dir='ltr' id='par_1_3' title="bbox 229 3838 2769 4375">
     <span class='ocr_line' id='line_1_40' title="bbox 299 3838 2761 3930; baseline -0 -21"><span class='ocrx_word' id='word_1_363' title='bbox 299 3838 470 3923; x_wconf 58' lang='lat' dir='ltr'>§a</span> <span class='ocrx_word' id='word_1_364' title='bbox 555 3844 691 3909; x_wconf 87' lang='lat' dir='ltr'>Has</span> <span class='ocrx_word' id='word_1_365' title='bbox 754 3840 1108 3929; x_wconf 79' lang='lat' dir='ltr'>pestiferas</span> <span class='ocrx_word' id='word_1_366' title='bbox 1170 3841 1486 3911; x_wconf 85' lang='lat' dir='ltr'>haereses</span> <span class='ocrx_word' id='word_1_367' title='bbox 1533 3861 1825 3909; x_wconf 89' lang='lat' dir='ltr'>cernens</span> <span class='ocrx_word' id='word_1_368' title='bbox 1873 3839 2460 3930; x_wconf 91' lang='lat' dir='ltr'>prudentissimus</span> <span class='ocrx_word' id='word_1_369' title='bbox 2516 3839 2761 3909; x_wconf 91' lang='lat' dir='ltr'>doctor</span> 
     </span>
     <span class='ocr_line' id='line_1_41' title="bbox 229 3925 2762 4018; baseline 0.004 -30"><span class='ocrx_word' id='word_1_370' title='bbox 229 3925 600 4017; x_wconf 85' lang='lat' dir='ltr'>Gregorius,</span> <span class='ocrx_word' id='word_1_371' title='bbox 636 3950 760 4018; x_wconf 89' lang='lat' dir='ltr'>per</span> <span class='ocrx_word' id='word_1_372' title='bbox 805 3929 1236 3998; x_wconf 88' lang='lat' dir='ltr'>sacerdotum</span> <span class='ocrx_word' id='word_1_373' title='bbox 1277 3928 1828 3998; x_wconf 82' lang='lat' dir='ltr'>convenientiam</span> <span class='ocrx_word' id='word_1_374' title='bbox 1863 3929 2004 3999; x_wconf 90' lang='lat' dir='ltr'>sive</span> <span class='ocrx_word' id='word_1_375' title='bbox 2035 3928 2571 3999; x_wconf 87' lang='lat' dir='ltr'>taciturnitatem</span> <span class='ocrx_word' id='word_1_376' title='bbox 2611 3950 2762 3998; x_wconf 90' lang='lat' dir='ltr'>ma-</span> 
     </span>
     <span class='ocr_line' id='line_1_42' title="bbox 233 4011 2763 4164; baseline 0.001 -80"><span class='ocrx_word' id='word_1_377' title='bbox 233 4011 324 4164; x_wconf 57' lang='lat' dir='ltr'>fis</span> <span class='ocrx_word' id='word_1_378' title='bbox 368 4016 727 4123; x_wconf 76' lang='lat' dir='ltr'>magisque</span> <span class='ocrx_word' id='word_1_379' title='bbox 775 4016 1048 4088; x_wconf 82' lang='lat' dir='ltr'>diffusis</span> <span class='ocrx_word' id='word_1_380' title='bbox 1098 4018 1508 4088; x_wconf 87' lang='lat' dir='ltr'>muneribus</span> <span class='ocrx_word' id='word_1_381' title='bbox 1552 4017 1753 4105; x_wconf 87' lang='lat' dir='ltr'>quasi</span> <span class='ocrx_word' id='word_1_382' title='bbox 1803 4016 2082 4107; x_wconf 89' lang='lat' dir='ltr'>pestifer</span> <span class='ocrx_word' id='word_1_383' title='bbox 2128 4038 2399 4100; x_wconf 91' lang='lat' dir='ltr'>cancer,</span> <span class='ocrx_word' id='word_1_384' title='bbox 2465 4039 2603 4087; x_wconf 89' lang='lat' dir='ltr'>non</span> <span class='ocrx_word' id='word_1_385' title='bbox 2653 4038 2763 4087; x_wconf 88' lang='lat' dir='ltr'>so-</span> 
     </span>
     <span class='ocr_line' id='line_1_43' title="bbox 258 4105 2769 4196; baseline 0.002 -27"><span class='ocrx_word' id='word_1_386' title='bbox 258 4122 360 4172; x_wconf 89' lang='lat' dir='ltr'>um</span> <span class='ocrx_word' id='word_1_387' title='bbox 409 4105 692 4175; x_wconf 79' lang='lat' dir='ltr'>intirma</span> <span class='ocrx_word' id='word_1_388' title='bbox 739 4127 937 4196; x_wconf 90' lang='lat' dir='ltr'>posse</span> <span class='ocrx_word' id='word_1_389' title='bbox 983 4106 1376 4187; x_wconf 82' lang='lat' dir='ltr'>corrodere,</span> <span class='ocrx_word' id='word_1_390' title='bbox 1431 4128 1668 4176; x_wconf 85' lang='lat' dir='ltr'>verum</span> <span class='ocrx_word' id='word_1_391' title='bbox 1720 4106 1923 4175; x_wconf 90' lang='lat' dir='ltr'>etiam</span> <span class='ocrx_word' id='word_1_392' title='bbox 1994 4105 2194 4175; x_wconf 90' lang='lat' dir='ltr'>fortia</span> <span class='ocrx_word' id='word_1_393' title='bbox 2241 4106 2554 4177; x_wconf 87' lang='lat' dir='ltr'>membra</span> <span class='ocrx_word' id='word_1_394' title='bbox 2605 4127 2769 4175; x_wconf 74' lang='grc' dir='ltr'>πω·</span> 
     </span>
     <span class='ocr_line' id='line_1_44' title="bbox 234 4194 2751 4285; baseline 0.002 -29"><span class='ocrx_word' id='word_1_395' title='bbox 234 4208 417 4262; x_wconf 81' lang='lat' dir='ltr'>crone</span> <span class='ocrx_word' id='word_1_396' title='bbox 448 4194 1076 4285; x_wconf 87' lang='lat' dir='ltr'>pulcherrimarum</span> <span class='ocrx_word' id='word_1_397' title='bbox 1115 4217 1345 4265; x_wconf 87' lang='lat' dir='ltr'>rerum</span> <span class='ocrx_word' id='word_1_398' title='bbox 1381 4216 1849 4285; x_wconf 89' lang='lat' dir='ltr'>corrumpere:</span> <span class='ocrx_word' id='word_1_399' title='bbox 1885 4194 2122 4264; x_wconf 87' lang='lat' dir='ltr'>divino</span> <span class='ocrx_word' id='word_1_400' title='bbox 2161 4195 2305 4266; x_wconf 85' lang='lat' dir='ltr'>zelo</span> <span class='ocrx_word' id='word_1_401' title='bbox 2338 4208 2751 4274; x_wconf 90' lang='lat' dir='ltr'>commotus,</span> 
     </span>
     <span class='ocr_line' id='line_1_45' title="bbox 231 4276 2753 4375; baseline 0.002 -29"><span class='ocrx_word' id='word_1_402' title='bbox 231 4276 452 4352; x_wconf 79' lang='lat' dir='ltr'>Victori</span> <span class='ocrx_word' id='word_1_403' title='bbox 481 4284 805 4375; x_wconf 87' lang='lat' dir='ltr'>episcopo</span> <span class='ocrx_word' id='word_1_404' title='bbox 834 4283 1223 4374; x_wconf 89' lang='lat' dir='ltr'>generalem</span> <span class='ocrx_word' id='word_1_405' title='bbox 1258 4284 1663 4355; x_wconf 82' lang='lat' dir='ltr'>sententiam</span> <span class='ocrx_word' id='word_1_406' title='bbox 1703 4282 2009 4374; x_wconf 86' lang='lat' dir='ltr'>protulit,</span> <span class='ocrx_word' id='word_1_407' title='bbox 2045 4282 2311 4354; x_wconf 86' lang='lat' dir='ltr'>dicens:</span> <span class='ocrx_word' id='word_1_408' title='bbox 2349 4306 2387 4351; x_wconf 83' lang='grc'>«</span> <span class='ocrx_word' id='word_1_409' title='bbox 2421 4281 2753 4371; x_wconf 86' lang='lat' dir='ltr'>Quisquis</span> 
     </span>
    </p>
   </div>
   <div class='ocr_carea' id='block_1_3' title="bbox 233 4434 2764 4547">
    <p class='ocr_par' dir='ltr' id='par_1_4' title="bbox 233 4434 2764 4547">
     <span class='ocr_line' id='line_1_46' title="bbox 272 4434 2764 4494; baseline -0 -13"><span class='ocrx_word' id='word_1_410' title='bbox 272 4434 295 4463; x_wconf 71' lang='lat'>⁸</span> <span class='ocrx_word' id='word_1_411' title='bbox 322 4439 439 4489; x_wconf 79' lang='lat' dir='ltr'>Quot</span> <span class='ocrx_word' id='word_1_412' title='bbox 470 4443 775 4493; x_wconf 58' lang='lat' dir='ltr'>gratuitate</span> <span class='ocrx_word' id='word_1_413' title='bbox 806 4443 858 4483; x_wconf 82' lang='lat' dir='ltr'>tu</span> <span class='ocrx_word' id='word_1_414' title='bbox 893 4442 970 4482; x_wconf 72' lang='lat' dir='ltr'>his</span> <span class='ocrx_word' id='word_1_415' title='bbox 1000 4443 1219 4493; x_wconf 72' lang='lat' dir='ltr'>epistolis</span> <span class='ocrx_word' id='word_1_416' title='bbox 1248 4442 1536 4484; x_wconf 62' lang='lat' dir='ltr'>sententiae!</span> <span class='ocrx_word' id='word_1_417' title='bbox 1568 4444 1702 4482; x_wconf 66' lang='lat' dir='ltr'>nota:</span> <span class='ocrx_word' id='word_1_418' title='bbox 1731 4443 1901 4482; x_wconf 68' lang='lat' dir='ltr'>canosa</span> <span class='ocrx_word' id='word_1_419' title='bbox 1930 4444 2088 4483; x_wconf 68' lang='lat' dir='ltr'>ruinae</span> <span class='ocrx_word' id='word_1_420' title='bbox 2104 4443 2279 4494; x_wconf 66' lang='lat' dir='ltr'>populu</span> <span class='ocrx_word' id='word_1_421' title='bbox 2296 4443 2542 4482; x_wconf 66' lang='lat' dir='ltr'>sacerdota</span> <span class='ocrx_word' id='word_1_422' title='bbox 2562 4441 2693 4490; x_wconf 64' lang='grc' dir='ltr'>Μιίς</span> <span class='ocrx_word' id='word_1_423' title='bbox 2713 4439 2764 4481; x_wconf 75' lang='lat' dir='ltr'>et</span> 
     </span>
     <span class='ocr_line' id='line_1_47' title="bbox 233 4486 2554 4547; baseline -0.002 -8"><span class='ocrx_word' id='word_1_424' title='bbox 233 4486 366 4539; x_wconf 55' lang='lat' dir='ltr'>(mm</span> <span class='ocrx_word' id='word_1_425' title='bbox 382 4495 432 4536; x_wconf 79' lang='lat' dir='ltr'>in</span> <span class='ocrx_word' id='word_1_426' title='bbox 450 4495 470 4546; x_wconf 69' lang='lat'>3</span> <span class='ocrx_word' id='word_1_427' title='bbox 487 4500 554 4544; x_wconf 79' lang='grc'>3);</span> <span class='ocrx_word' id='word_1_428' title='bbox 587 4497 669 4537; x_wconf 71' lang='lat' dir='ltr'>vm</span> <span class='ocrx_word' id='word_1_429' title='bbox 687 4509 851 4537; x_wconf 73' lang='lat' dir='ltr'>aarum</span> <span class='ocrx_word' id='word_1_430' title='bbox 861 4496 1015 4547; x_wconf 71' lang='lat' dir='ltr'>plaut.</span> <span class='ocrx_word' id='word_1_431' title='bbox 1030 4496 1092 4535; x_wconf 71' lang='lat' dir='ltr'>ibt</span> <span class='ocrx_word' id='word_1_432' title='bbox 1109 4502 1148 4537; x_wconf 73' lang='lat' dir='ltr'>ot</span> <span class='ocrx_word' id='word_1_433' title='bbox 1166 4497 1332 4537; x_wconf 70' lang='lat' dir='ltr'>vitium.</span> <span class='ocrx_word' id='word_1_434' title='bbox 1362 4497 1482 4537; x_wconf 65' lang='lat' dir='ltr'>Nota</span> <span class='ocrx_word' id='word_1_435' title='bbox 1501 4496 1616 4537; x_wconf 74' lang='lat' dir='ltr'>item</span> <span class='ocrx_word' id='word_1_436' title='bbox 1637 4496 1697 4536; x_wconf 68' lang='lat' dir='ltr'>ad</span> <span class='ocrx_word' id='word_1_437' title='bbox 1716 4496 1858 4536; x_wconf 71' lang='lat' dir='ltr'>finem</span> <span class='ocrx_word' id='word_1_438' title='bbox 1879 4496 1900 4547; x_wconf 70' lang='lat'><strong>5</strong></span> <span class='ocrx_word' id='word_1_439' title='bbox 1921 4497 1946 4537; x_wconf 72' lang='grc' dir='ltr'><strong><em>ὕ</em></strong></span> <span class='ocrx_word' id='word_1_440' title='bbox 1967 4495 2176 4547; x_wconf 65' lang='lat' dir='ltr'>egregia</span> <span class='ocrx_word' id='word_1_441' title='bbox 2200 4494 2554 4536; x_wconf 70' lang='lat' dir='ltr'>nimffltudtnon.</span> 
     </span>
    </p>
   </div>
  </div>
 </body>
</html>
