3327 4999
741 319 871 387 702
1442 337 1522 384 ns
1566 336 1623 385 S.
1675 334 1944 385 assumo
1989 333 2383 384 rnnsnrraao
2704 315 2813 381 Ex
2856 314 3056 382 Nov.
3121 315 3223 381 ⁴2

655 422 973 505 civitam,
1005 420 1242 492 dicens
1273 444 1288 486 :
1327 421 1396 492 Si
1439 421 1600 510 quis
1646 432 1750 492 est
1795 421 2147 511 parvulus
2182 419 2409 490 veniat
2446 418 2534 489 ad
2583 440 2715 500 me:
2750 418 3067 507 itemque
3092 419 3228 488 in-

656 511 1091 604 sipientibus:
1134 511 1386 592 Venite,
1424 511 1761 582 comedite
1855 532 2053 581 anem
2090 532 2347 592 meum,
2377 521 2443 579 et
2472 509 2682 580 bibite
2727 509 2964 580 vinum
3005 508 3218 597 quod

656 602 909 675 miscui
982 601 1195 671 vobiS.
1274 601 1657 689 Relinquite
1717 600 1785 669 in
1820 601 2076 671 antiam
2129 612 2194 670 et
2265 600 2487 669 venite
2547 611 2612 669 et
2654 598 3014 669 ambulate
3080 622 3227 691 per

654 693 802 763 vias
897 691 1273 761 rudentiae.
1326 696 1516 760 Tunc
1564 691 1741 760 inter
1765 711 2170 760 numerosos
2207 689 2523 780 copiosae
2570 688 2792 780 plebis
2838 688 3222 759 auditores

657 781 836 874 placi
888 803 928 850 o
974 779 1170 850 vultu
1231 780 1606 871 respiciens
1652 779 1986 850 humilem
2038 778 2419 850 Lebuinum
2478 801 2685 867 quem
2733 790 2891 848 ante
2951 779 3217 849 secula

658 870 1067 963 praescierat
1111 881 1177 939 et
1242 869 1862 961 praedestinaverat
1922 866 2066 940 fore
2111 868 2243 939 sibi
2289 868 2580 938 charum
2636 868 2966 950 amicum,
3034 891 3218 939 voce

657 957 1005 1031 amicabili
1052 959 1256 1029 affata
1298 971 1399 1029 est
1436 959 1682 1029 illum:
1744 963 1904 1049 Ego,
1955 958 2204 1046 inquit,
2257 956 2621 1048 diligentes
2684 979 2792 1028 me
2828 956 3079 1049 diligo,
3142 971 3214 1028 et

656 1049 778 1138 qui
814 1070 1016 1118 mane
1061 1048 1490 1139 vigilaverint
1533 1048 1621 1118 ad
1670 1069 1801 1128 me,
1857 1047 2205 1120 invenient
2234 1070 2366 1117 me.
2405 1046 2833 1138 Principium
2883 1069 2995 1116 me
3046 1047 3209 1117 adi—

658 1137 1005 1231 piscendi,
1059 1138 1262 1208 timor
1319 1138 1627 1208 Domini:
1683 1136 2066 1207 intellectus
2111 1137 2338 1209 bonus
2392 1137 2721 1207 omnibus
2767 1135 3200 1208 facientibus

655 1250 841 1299 eum.
880 1232 1058 1298 Haec
1105 1249 1269 1298 aure
1315 1227 1640 1298 audiendi
1673 1226 2276 1308 audiensnsanctus
2324 1225 2426 1296 vir
2455 1226 2824 1307 Lebuinus,
2857 1225 3203 1296 exultavit

657 1318 730 1387 in
781 1318 1066 1388 Domino
1113 1339 1231 1387 cor
1274 1316 1423 1408 ejus
1469 1330 1533 1386 et
1587 1315 1793 1386 dixit:
1837 1321 1976 1407 Eyo
2036 1338 2265 1386 servus
2318 1326 2472 1386 tuus
2527 1326 2590 1386 et
2643 1318 2830 1406 filius
2886 1319 3200 1386 ancillae

658 1419 840 1478 tuae.
878 1412 1149 1478 &ressus
1198 1429 1373 1476 meos
1429 1406 1648 1496 dirige
1697 1406 2061 1475 secundum
2094 1407 2433 1498 eloquium
2475 1416 2690 1486 tuum,
2763 1416 2841 1476 ut
2887 1428 3025 1475 non
3082 1407 3203 1475 do·

657 1499 950 1568 minetur
986 1498 1124 1568 mei
1174 1497 1385 1568 omnis
1416 1497 1779 1587 injustitia.
1829 1496 2049 1565 Deduc
2098 1518 2204 1565 me
2235 1496 2308 1563 in
2352 1496 2660 1565 semitam
2713 1495 3196 1565 mandatorum

659 1599 951 1668 tuorum,
1004 1587 1168 1679 quia
1224 1587 1439 1677 ipsam
1494 1586 1702 1655 volui.
1761 1589 1924 1655 Ecce
1975 1585 2328 1685 concupivi
2376 1584 2706 1654 mandata
2756 1594 2900 1674 tua,
2966 1586 3200 1654 inae-

659 1678 918 1770 quitate
948 1687 1068 1746 tua
1098 1676 1369 1764 vivifica
1412 1697 1517 1744 me
1543 1674 1825 1764 (Psalm.
1869 1673 2046 1763 ⁴⁴8).
2083 1673 2339 1743 Exmde
2368 1672 2515 1743 oleo
2542 1672 2837 1744 laetitiae
2864 1672 3199 1763 perfusus

662 1768 749 1838 ab
786 1787 911 1846 ea,
983 1764 1379 1857 proficiebat
1432 1762 1516 1833 de
1562 1763 1674 1833 die
1718 1763 1789 1832 in
1854 1763 2036 1833 diem
2098 1762 2440 1832 amicitiae
2486 1763 2638 1865 ejus
2684 1762 2927 1853 gratia.
2983 1768 3070 1832 Et
3121 1785 3206 1833 ne

662 1855 822 1943 quis
856 1855 1023 1926 forte
1117 1866 1282 1936 utet,
1337 1852 1712 1944 postposita
1740 1874 1969 1923 rerum
2018 1866 2366 1943 gestarum
2416 1874 2623 1934 serie,
2683 1873 2806 1923 nos
2852 1853 3201 1940 quaedam

662 1945 870 2016 veluti
911 1943 1073 2016 fabu
1101 1965 1222 2013 osa
1259 1965 1338 2013 ac
1376 1942 1638 2024 frivola,
1690 1953 1769 2013 ut
1799 1943 1935 2012 iste·
1970 1941 2210 2013 beatus
2263 1941 2364 2010 vir
2415 1941 2502 2011 ad
2552 1941 2866 2011 notitiam
2913 1944 3198 2012 semita-

667 2057 824 2106 rum
874 2033 1287 2125 sapientiae,
1365 2032 1651 2124 ejusque
1714 2031 2133 2124 agnitionem
2180 2030 2647 2113 contenderit,
2699 2044 3200 2102 commentatos

666 2146 838 2195 esse:
893 2123 951 2195 si
998 2122 1270 2194 sobrius
1328 2121 1536 2193 lector
1582 2121 1686 2192 vel
1746 2121 2021 2192 auditor
2081 2119 2404 2202 extiterit,
2475 2119 2794 2193 volumus
2843 2142 2968 2212 pro
3016 2135 3198 2192 certo

666 2212 950 2294 noverit,
999 2212 1180 2283 haud
1229 2210 1426 2282 aliter
1468 2211 1720 2299 cuique
1768 2210 2065 2281 inerrato
2111 2210 2438 2280 viandum
2488 2232 2660 2295 esse,
2714 2221 2789 2281 ut
2821 2211 3049 2301 ipsius
3086 2211 3198 2281 de-

670 2301 1106 2374 siderabilem
1155 2313 1358 2390 queat
1405 2301 1702 2392 speciem
1767 2299 2130 2392 inspicere.
2187 2304 2457 2370 Constat
2502 2299 2687 2369 enim
2744 2299 3188 2380 firmissime,

716 2392 994 2464 uoniam
1043 2391 1360 2480 quisquis
1406 2390 1629 2482 praesi
1684 2402 1877 2461 natos
1909 2388 2388 2480 hujuscemodi
2436 2390 2997 2480 progressionum
3043 2413 3195 2481 gra-

665 2414 824 2567 dus,
860 2481 1117 2571 quibus
1164 2480 1251 2552 ad
1284 2504 1434 2552 eam
1473 2481 1626 2552 ince
1677 2478 1933 2550 endum
1963 2478 2467 2557 conscenditur,
2526 2478 3060 2571 praetermiserit
3086 2501 3191 2550 ve-

670 2573 943 2665 stigare,
995 2571 1059 2642 ei
1109 2571 1298 2642 nullo
1348 2571 1548 2642 modo
1580 2568 2206 2662 philosophandum
2238 2589 2408 2640 esse.

757 2670 795 2744 §
855 2667 941 2736 4.
995 2666 1169 2753 Ergo
1232 2661 1557 2748 quoniam
1610 2660 1720 2729 bic
1773 2662 2013 2731 beatus
2060 2659 2147 2730 ab
2207 2659 2487 2728 ineunte
2532 2670 2749 2730 aetate
2809 2671 2945 2730 toto
2990 2662 3194 2729 cona-

670 2751 857 2821 mine
904 2751 1028 2821 has
1061 2761 1464 2842 prosecutus
1511 2761 1611 2819 est
1657 2749 1801 2819 vias
1869 2748 2306 2838 prudentiae,
2360 2747 2458 2818 sic
2506 2749 2878 2819 maximam
2929 2769 3193 2839 prome-

670 2840 811 2911 ruit
837 2839 1376 2931 praerogativam
1428 2838 1700 2908 divinae
1739 2839 2027 2927 gratiae.
2080 2842 2204 2906 Per
2271 2837 2448 2906 hanc
2503 2835 2800 2926 denique
2849 2841 3064 2908 inerat
3130 2837 3193 2906 ei

672 2941 913 3000 cautae
958 2926 1595 3019 circumspectionis
1640 2926 1965 3008 efficacia,
2004 2938 2080 2997 ut
2125 2925 2309 2997 velut
2352 2926 2701 2996 oculatum
2748 2928 3008 2997 animal
3042 2936 3195 2995 ante

675 3032 739 3089 et
786 3030 984 3100 retro,
1037 3017 1377 3087 incederet
1423 3016 1491 3085 in
1542 3015 1867 3086 omnibus
1918 3015 2261 3086 mandatis
2307 3025 2370 3084 et
2408 3015 3028 3105 justificationibus
3073 3021 3194 3086 Do-

674 3106 847 3176 mini
894 3106 1043 3177 sine
1088 3105 1388 3196 querela.
1424 3110 1581 3175 Erat
1624 3105 1811 3175 enim
1842 3105 1945 3175 vir
1991 3126 2283 3196 magnae
2338 3103 2813 3188 abstinentiae,
2866 3105 2999 3176 sibi
3050 3126 3193 3197 par·

672 3218 820 3279 cuS,
871 3195 1104 3288 egenis
1163 3195 1421 3287 largus,
1458 3216 1573 3265 ore
1619 3215 1928 3277 serenus,
1979 3215 2264 3285 corpore
2311 3206 2565 3275 castuS,
2623 3193 3034 3266 lectionibus
3095 3216 3193 3267 sa-

674 3285 835 3366 cris,
901 3284 1155 3376 vigiliis
1200 3297 1264 3356 et
1309 3283 1736 3355 orationibus
1793 3284 2259 3355 indesinenter
2313 3282 2620 3355 intentus
2653 3339 2668 3366 ,
2736 3306 3051 3355 sermone
3086 3285 3194 3374 ju-

673 3374 970 3457 cundus,
1034 3373 1361 3462 qualitate
1400 3396 1671 3444 morum
1723 3374 2028 3455 sobriuS‚
2081 3373 2407 3460 omnique
2462 3373 2762 3445 bonitate
2821 3374 3185 3465 praeditus.

675 3464 796 3536 His
840 3478 906 3535 et
952 3463 1349 3555 hujusmodi
1384 3463 1647 3554 pollens
1681 3463 2070 3544 virtutibus,
2123 3462 2414 3552 adeptus
2460 3474 2561 3535 est
2609 3463 2940 3535 honorem
2998 3463 3192 3535 Cleri-

673 3565 891 3626 catus.
934 3558 1154 3637 Quam
1201 3552 1601 3644 dignitatem
1632 3552 1889 3643 gradus
1927 3563 1994 3622 et
2025 3550 2339 3624 vocabuli
2388 3552 2674 3624 credens
2702 3552 3037 3624 divinitus
3064 3552 3190 3624 col-

679 3644 882 3714 latam
926 3644 1082 3724 sibi,
1135 3642 1377 3733 agebat
1434 3641 1663 3712 studio
1713 3641 2048 3745 pervigili,
2095 3663 2178 3711 ne
2229 3662 2500 3712 morum
2556 3642 2859 3733 operatio
2908 3665 3033 3713 suo
3081 3664 3190 3711 no·

678 3733 850 3803 mini
882 3732 1293 3805 dissentiret.
1349 3732 1572 3802 Cleros
1618 3752 1804 3802 emm
1854 3735 2124 3811 Graece,
2179 3753 2327 3802 sors
2367 3731 2466 3801 vel
2523 3730 2906 3801 haereditas
2953 3731 3191 3803 dicitur

679 3823 931 3892 Latine.
979 3821 1169 3893 Unde
1201 3833 1265 3892 et
1301 3820 1740 3911 appellantur
1773 3820 2010 3891 Clerici
2057 3819 2241 3906 quod
2289 3819 2375 3891 de
2422 3833 2600 3891 sorte
2642 3820 2911 3891 Domini
2958 3821 3096 3892 sint
3136 3831 3193 3890 et

678 3912 878 4000 quasi
926 3911 1012 3981 de
1060 3910 1211 4002 ejus
1284 3910 1698 3981 haereditate
1758 3909 2109 4001 peculiari:
2163 3909 2343 3980 sicut
2390 3909 2458 3978 in
2510 3914 2935 3980 'testamento
3001 3909 3191 3980 veteri

679 4000 941 4072 Levitas
985 4022 1064 4070 ex
1115 3999 1276 4070 filiis
1322 4000 1528 4071 Israel
1579 4012 1654 4070 ut
1697 3998 2008 4091 proprios
2052 3999 2430 4090 assumpsit
2470 3999 2645 4070 sibi:
2699 4000 2799 4069 vel
2845 3999 2999 4069 ideo
3042 3999 3192 4087 quia

680 4089 982 4161 vicissim
1032 4088 1134 4158 illi
1182 4088 1302 4176 qui
1349 4111 1502 4160 vere
1534 4101 1698 4159 sunt
1743 4088 2003 4171 Clerici,
2058 4100 2323 4179 praeter
2371 4092 2577 4159 Deum
2638 4087 2901 4160 nullam
2951 4110 3190 4159 concu-

683 4179 951 4282 piscant
983 4177 1466 4250 haereditatem
1517 4178 1585 4248 in
1621 4179 1749 4248 hac
1780 4179 2055 4270 regione
2103 4177 2396 4260 mortali,
2431 4189 2863 4278 expectantes
2908 4178 3057 4248 viva
3084 4198 3190 4269 spe

682 4270 871 4340 illam
949 4267 1538 4359 incorruptibilem
1606 4280 1670 4339 et
1735 4266 2344 4339 incontaminatam
2398 4278 2462 4336 et
2509 4266 3183 4347 immarcescibilem,

684 4370 1150 4431 conservatam
1199 4357 1268 4426 in
1317 4357 1546 4438 coelis,
1603 4379 1726 4449 per
1757 4358 1980 4448 ipsum
2019 4369 2270 4427 etcum
2322 4358 2471 4458 ipso
2517 4357 2677 4426 etin
2710 4357 2859 4448 ipso
2906 4378 2978 4426 se
3007 4375 3188 4447 posse

684 4447 1059 4539 consequi,
1114 4447 1291 4519 sicut
1337 4459 1402 4517 et
1458 4447 1605 4539 ipse
1667 4447 1766 4521 eis
1813 4445 2243 4539 repromittit,
2303 4446 2584 4517 dicens:
2638 4450 2777 4538 Ego
2822 4444 3189 4517 haereditas
