3327 4999
1397 306 1473 352 nn
1520 306 1611 352 ss.
1668 305 1835 354 uam
1883 305 1958 352 ET
2008 304 2205 353 socus
2254 304 2364 353 un.
2675 284 2780 349 EX
2831 283 3003 348 DEC.
3059 281 3129 346 40

634 424 645 434 ·
700 388 785 456 ad
825 384 1378 478 persuadendum
1414 399 1566 476 apte
1597 387 2087 469 contradicere,
2141 399 2218 457 ut
2248 407 2373 476 ego
2407 383 2684 472 quidem
2728 383 2816 452 ab
2846 383 3002 473 ejus
3040 382 3130 451 in-

616 476 817 567 genio
849 476 1184 546 vincerer:
1228 475 1324 544 dii
1372 486 1598 546 autem
1649 487 2123 568 arguerentur:
2161 488 2225 545 et
2279 476 2340 544 ei
2382 473 2744 544 universus
2807 472 3132 563 suffraga-

616 577 803 636 retur
854 565 1154 656 populus
1190 575 1253 634 et
1302 565 1563 644 eadem,
1602 587 1780 654 quae
1827 565 1995 656 ipse,
2033 559 2310 638 sent'iret
2341 564 2425 633 de
2457 561 2813 653 religione:
2850 561 3132 663 cogitavi

616 677 770 724 eum
822 655 1183 746 paulopost
1215 654 1465 724 talibus
1514 655 1824 724 cruciare
1872 655 2258 747 suppliciis,
2298 665 2374 723 ut
2423 652 2478 724 si
2529 674 2798 744 possem
2832 650 3129 739 quidem,

617 767 775 813 eum
828 743 1117 835 perfecte
1166 743 1530 813 vincerem:
1586 744 1693 813 sin
1746 745 2000 826 minuS,
2054 746 2202 834 ejus
2258 741 2537 830 quidem
2585 752 2768 811 certe
2816 741 3137 832 reprime-

621 829 783 902 rem'
814 844 1208 924 promptum
1258 844 1322 901 et
1377 832 1672 902 alacrem
1723 834 2078 915 animum,
2132 845 2196 903 et
2243 831 2520 902 dicendi
2577 831 2965 900 facultatem
3017 829 3135 899 im-

620 921 950 1014 pedirem.
1004 921 1236 990 Visum
1288 935 1387 992 est
1434 944 1594 1013 ergo
1628 921 1823 1002 mihi,
1879 923 2148 1015 plantas
2207 921 2459 1013 pedum
2523 921 2672 1011 ejus
2721 918 2968 1010 gladiis
3030 941 3131 987 ex-

619 1010 893 1080 cindere
926 1030 1144 1097 usque
1182 1009 1263 1079 ad
1315 1033 1492 1081 ossa:
1528 1011 1903 1098 quinetiam
1937 1013 2085 1103 ejus
2131 1033 2402 1100 quoque
2432 1010 2744 1100 linguam
2788 1007 3128 1078 excindere

621 1100 1074 1187 eloquentem,
1132 1122 1171 1168 a
1203 1122 1340 1187 qua
1378 1101 1607 1171 omnia
1654 1102 2178 1191 superabantur:
2217 1112 2561 1193 praeterea
2610 1121 2767 1169 vero
2799 1097 2944 1188 ejus
2974 1119 3129 1185 quo·

669 1213 754 1259 ue
785 1188 1021 1259 oculos
1066 1189 1398 1259 effodere:
1454 1202 1528 1259 ut
1623 1202 1852 1281 ropter
1896 1189 2586 1278 oculorumquidem
2638 1188 2954 1258 tenebras
2998 1186 3125 1256 otio

671 1278 917 1359 editus,
974 1277 1226 1348 fractus
1273 1291 1499 1349 autem
1598 1279 1865 1349 olorum
1916 1280 2250 1361 cruciatu,
2289 1279 2542 1350 tardior
2614 1276 2894 1365 quidem
2965 1275 3128 1344 fieret

624 1368 709 1437 ad
746 1367 1327 1458 respondendum,
1387 1368 1795 1439 imbecillior
1828 1392 1982 1438 vero
2037 1369 2118 1438 ad
2170 1367 2752 1439 contendendum.
2818 1371 3030 1453 Atque
3061 1364 3131 1433 li-

622 1468 839 1526 ctores
885 1456 1163 1544 quidem
1198 1478 1356 1526 cum
1406 1458 1710 1548 primum
1751 1459 2108 1548 jubentem
2158 1458 2601 1538 audivissent,
2635 1457 2942 1526 fecerunt
2987 1455 3142 1523 uni-

629 1568 926 1617 versum.
981 1545 1102 1615 Ille
1150 1556 1377 1616 autem
1428 1547 1630 1617 homo
1680 1548 2006 1620 continuo
2054 1568 2202 1619 esse
2249 1547 2605 1618 convictus
2659 1559 2725 1615 et
2781 1543 2951 1613 nihil
3000 1565 3143 1613 am-

624 1636 809 1726 plius
859 1635 1102 1718 ferens,
1155 1658 1364 1722 quam
1428 1637 1818 1708 communis
1881 1639 2094 1729 possit
2142 1650 2428 1719 natura,
2498 1635 2758 1706 missus
2803 1635 2872 1702 in
2920 1648 3143 1703 carce·

623 1746 766 1795 rem
800 1780 819 1806 ,
894 1736 1037 1794 erat
1086 1725 1287 1815 plane
1351 1737 1687 1797 mortuus.
1741 1726 1879 1796 Viri
1959 1740 2182 1798 tamen
2253 1727 2575 1798 misertus
2613 1725 2907 1815 (verum
2955 1723 3140 1792 enim

622 1813 931 1904 fatebor),
984 1825 1061 1885 ut
1093 1813 1270 1884 docti
1320 1826 1384 1884 et
1418 1816 1552 1884 mei
1600 1815 1770 1886 civis
1816 1830 1880 1887 et
1927 1839 2127 1909 aegre
2181 1816 2426 1898 ferens,
2478 1814 2660 1904 quod
2695 1814 2798 1883 vir
2836 1812 3145 1911 periisset

621 1915 806 1974 tanta
854 1903 1185 1994 sapientia
1229 1903 1578 1994 praeditus
1614 1917 1680 1975 et
1726 1905 1831 1977 elo
1881 1907 2137 1988 nentia,
2170 1928 2445 1977 summo
2481 1927 2682 1974 mane
2715 1902 2941 1973 afferri
2962 1902 3140 2002 Jussi

621 2015 873 2095 corpus
920 1991 1071 2081 ejus
1102 1993 1435 2076 exanime,
1490 1994 1725 2064 volens
1773 1997 1833 2065 vi
1889 2018 2023 2077 ere,
2079 2017 2379 2084 quonam
2429 1995 2578 2086 ejus
2624 1993 2939 2064 rediisset
2981 2011 3146 2061 con·

621 2094 893 2152 stantia.

706 2174 926 2260 §88
981 2177 1386 2259 «Postquam
1436 2183 1660 2243 autem
1693 2193 1849 2245 eum
1901 2174 2038 2243 vidi
2087 2175 2493 2245 accersitum
2546 2184 2723 2242 recte
2758 2169 3026 2263 ingredi
3083 2179 3151 2238 et

622 2283 792 2352 pure
843 2261 1126 2330 intueri:
1181 2260 1428 2331 deinde
1481 2262 1685 2332 etiam
1743 2286 1899 2333 eum
1950 2263 2184 2334 audivi
2232 2276 2462 2354 aperte
2506 2262 2993 2339 disserentem,
3051 2257 3149 2357 Vi‘.

618 2350 830 2419 debar
877 2350 1046 2420 mihi
1096 2349 1321 2420 videre
1368 2364 1718 2441 spectrum
1767 2364 1831 2422 et
1860 2352 2066 2423 inane
2097 2353 2479 2423 somnium:
2532 2364 2597 2422 et
2643 2350 2874 2421 statim
2927 2348 3152 2418 claus1
3205 2422 3223 2435 ‚

622 2439 879 2521 ocuIOS,
954 2440 1236 2511 deorum
1281 2439 1542 2510 inimici
1593 2441 1692 2511 vel
1728 2441 1957 2533 ipsum
2020 2442 2475 2514 simulacrum
2524 2439 2925 2512 abhorrens,
2981 2441 3152 2508 Cum

623 2541 849 2599 autem
882 2530 965 2599 de
1014 2530 1171 2601 sede
1218 2530 1726 2602 descendissem
1766 2546 1829 2603 ct
1871 2533 2197 2604 visionem
2231 2533 2438 2604 simul
2475 2553 2637 2603 cum
2677 2530 2835 2601 aliis
2883 2527 3157 2600 curiose

628 2619 1107 2709 indagassem:
1159 2631 1223 2689 et
1269 2642 1402 2689 non
1455 2620 1619 2690 solis
1667 2622 1952 2693 credens
2012 2623 2276 2704 oculiS,
2359 2621 2474 2692 sed
2543 2620 2750 2692 etiam
2830 2621 3157 2692 manibus

622 2708 1023 2778 examinans
1062 2721 1125 2779 et
1156 2722 1607 2792 contrectans,
1661 2711 1858 2783 illum
1902 2711 1924 2780 i
1978 2734 2134 2782 sum
2182 2711 2395 2781 didici
2444 2734 2592 2781 esse
2641 2716 2941 2793 Menam,
2998 2733 3156 2811 pro·

623 2799 809 2869 tinus
839 2797 1057 2869 victus
1106 2821 1260 2868 sum
1311 2823 1350 2868 a
1397 2800 1694 2882 veritate,
1735 2823 1869 2872 non
1934 2801 2158 2871 alsum
2209 2812 2443 2871 testem
2482 2800 2743 2870 habens
2788 2821 3152 2871 conscien-

623 2888 810 2956 tiam.
865 2892 1109 2957 Verum
1144 2888 1726 2959 enimvero·adest
1759 2890 1906 2981 ipse
1952 2913 2244 2978 quoque,
2299 2912 2338 2959 o
2383 2895 2793 2981 Imperator:
2844 2901 2907 2959 et
2961 2888 3152 2958 dicat

622 2975 901 3063 quidem
951 2976 1250 3067 populus
1296 2977 1668 3048 cruciatus:
1722 2981 1991 3049 curiose
2024 2991 2249 3048 autem
2315 2980 2460 3069 ipse
2520 3001 2788 3067 quoque
2845 2978 3146 3066 inquire,

624 3076 702 3134 ut
748 3063 1062 3144 volueriS,
1105 3086 1265 3134 cum
1315 3066 1728 3136 miraculum
1780 3068 1866 3137 sit
1902 3068 2036 3157 ‚tibi
2086 3079 2241 3138 ante
2300 3068 2560 3138 oculos,
2614 3068 2728 3136 Dic
2768 3088 2923 3137 vero
2973 3065 3160 3135 mihi

626 3175 745 3254 per
778 3164 927 3222 tuos
976 3152 1160 3233 deos,
1217 3175 1256 3222 o
1308 3159 1706 3245 Imperator,
1764 3157 1829 3225 Si
1878 3158 2032 3243 quis
2067 3156 2346 3225 vidisset
2385 3158 2754 3239 Christum,
2799 3157 2984 3227 sicut
3030 3177 3160 3247 ego

627 3263 769 3332 ipse
817 3241 978 3323 vidi,
1018 3254 1294 3333 repente
1327 3254 1539 3313 totum
1590 3243 1942 3315 hominem
1985 3243 2467 3315 reformantem
2516 3258 2582 3316 et
2628 3245 3053 3317 animantem
3092 3256 3162 3314 et

624 3354 703 3400 cx
752 3331 878 3401 hoc
908 3331 1186 3419 quidem
1222 3354 1417 3403 suam
1448 3344 1842 3424 potestatem
1886 3334 2434 3415 confirmantem,
2480 3358 2729 3426 nempe
2760 3335 2946 3424 quod
2987 3334 3162 3405 haec

624 3421 903 3509 quidem
956 3443 1089 3491 non
1142 3434 1303 3492 sunt
1348 3422 1652 3505 alteriuS,
1713 3446 1920 3512 quam
1975 3425 2090 3494 Dei
2135 3438 2199 3495 et
2260 3425 2444 3513 quod
2502 3425 2648 3516 ipse
2696 3425 2784 3495 sit
2841 3424 2963 3513 qui
3014 3424 3164 3515 pri-

629 3533 819 3581 mum
886 3512 1138 3582 creavit
1202 3513 1601 3582 hominem:
1657 3513 2284 3604 pollicetur,autem
2346 3515 2431 3586 iis
2503 3513 2622 3602 qui
2691 3514 2889 3583 illum
2938 3511 3166 3584 secuti

625 3600 899 3682 fuerint,
954 3601 1023 3669 in
1092 3602 1301 3672 coelis
1347 3603 1627 3690 quidem
1680 3625 1968 3695 regnum
2031 3615 2432 3684 aeternum,
2503 3603 2616 3672 hic
2664 3625 2821 3672 vero
2882 3613 3162 3673 tantum

630 3712 849 3781 posse,
901 3703 1236 3778 quantum
1296 3692 1442 3782 ipse
1492 3691 1702 3762 solus
1777 3693 1845 3762 Si
1908 3692 2088 3779 quis,
2142 3716 2304 3764 cum
2354 3693 2519 3763 haec
2565 3704 2630 3762 et
2676 3692 3030 3765 didicisset
3095 3703 3170 3761 et

627 3779 928 3861 vidisset,
966 3779 1346 3872 despiceret
1391 3780 1672 3868 quidem
1715 3781 1869 3854 talis
1924 3782 2035 3851 Dei
2087 3803 2235 3852 esse
2271 3794 2336 3853 et
2367 3781 2504 3852 dici
2552 3782 2866 3852 amicus:
2927 3781 3167 3872 despi-

628 3881 805 3940 ceret
852 3881 1079 3939 autem
1124 3891 1323 3969 posse
1370 3870 1604 3940 omnia
1649 3893 1684 3940 a
1740 3893 1851 3941 ere
1882 3882 1946 3940 et
1993 3882 2260 3942 mutare
2289 3893 2465 3959 quae
2511 3870 2697 3943 solus
2747 3871 2894 3962 ipse
2943 3876 3156 3940 Deus:

627 3970 691 4028 et
737 3980 973 4028 caecos
1021 3958 1298 4046 quldem
1332 3958 1551 4029 facere
1599 3959 1665 4029 vi
1718 3982 1851 4042 ere,
1884 3960 2167 4032 claudos
2215 3972 2442 4031 autem
2494 3960 2741 4031 saltare
2775 3973 2840 4031 et
2887 3971 3165 4029 montes

627 4068 895 4117 movere
942 4058 1006 4116 et
1054 4061 1361 4120 mortuos
1433 4048 1805 4120 suscitare:
1859 4061 1924 4119 ct
1981 4061 2059 4119 ut
2118 4050 2324 4121 semel
2376 4048 2603 4119 dicam
2654 4070 2792 4119 rem
2872 4068 3162 4118 omnem

628 4158 894 4207 movere
931 4147 1228 4207 creatam
1277 4138 1419 4209 solo
1472 4138 1677 4209 verbo
1710 4150 1774 4209 et
1822 4150 2017 4209 nutu.
2060 4139 2312 4208 Deinde
2349 4139 2553 4208 etiam
2599 4139 2850 4230 pignus
2897 4137 3166 4206 habere

627 4225 808 4311 quod
860 4225 1224 4296 laetabitur
1269 4237 1334 4296 et
1382 4229 1698 4317 regnabit
1734 4229 1805 4298 in
1855 4241 2232 4298 aeternum:
2286 4228 2413 4311 Qui
2461 4250 2617 4298 eum
2670 4225 3057 4313 reliquisset
3092 4237 3171 4296 et
3219 4246 3222 4249 ’

629 4313 986 4386 clausisset
1038 4314 1274 4385 oculos
1322 4316 1408 4394 ad
1479 4328 1735 4389 tantam
1785 4317 2326 4387 beatitudinem:
2391 4316 2702 4407 elegisset
2756 4326 2981 4384 autem
3040 4337 3170 4384 ve-

626 4414 802 4474 stros
872 4404 1034 4475 deos
1082 4402 1301 4475 colere
1347 4415 1411 4476 ct
1448 4427 1624 4493 esse.
1675 4406 1925 4479 Consul
1974 4417 2039 4477 et
2092 4410 2489 4497 Imperator,
2536 4404 2854 4493 quisnam
2905 4402 2968 4476 is
3032 4404 3170 4475 tibi
