3327 4999
625 285 756 350 250
1437 303 1515 349 na
1560 303 1620 350 s.
1675 303 1988 353 caesonio
2036 303 2198 350 rapx
2707 281 2955 346 MART.
3014 281 3098 345 ⁴2

537 383 860 471 sospitem
917 381 1198 451 reddere
1237 380 1666 472 dignaretur.
1720 388 1960 472 Itaque
2004 404 2170 455 cum
2219 392 2415 450 nocte
2444 378 2747 467 quadam
2783 390 2935 470 post
2963 379 3100 449 hu-

525 470 841 561 jusmodi
890 472 1093 539 fletus
1140 470 1546 556 quiesceret,
1600 471 1844 542 beatus
1879 470 2250 571 Gregorius
2299 468 2625 559 apparuit
2669 466 2757 548 ei,
2810 467 3094 537 dicens:

537 582 574 625 «
619 558 870 628 Videns
920 558 1263 647 lacrymas
1311 571 1490 637 tuas,
1544 560 1820 650 suscepi
1876 572 2255 629 orationem
2306 569 2540 627 tuam:
2608 567 2675 625 et
2740 577 2897 625 ecce
2942 577 3102 646 ger-

534 668 823 715 manum
876 658 1072 714 tuum
1140 646 1262 715 tibi
1312 646 1517 715 hodie
1581 647 1910 717 reducam
1974 666 2268 718 sanum:
2320 658 2387 715 et
2438 646 2563 713 boc
2615 644 2738 713 tibi
2785 644 3095 734 signum,

532 735 699 820 quia
747 734 979 803 statim
1028 746 1106 803 ut
1151 734 1300 804 dies
1360 734 1686 815 illuxerit,
1744 738 1950 827 jussu
2010 733 2361 827 pontificis
2412 733 2767 823 presbyter
2811 732 2934 819 qui
2983 733 3100 803 hic

532 822 853 892 inclusus
900 834 1023 903 est,
1076 823 1494 904 extrahetur,
1525 846 1560 889 »
1611 823 1741 905 Qui
1791 846 2108 914 surgens,
2145 820 2541 892 matutinali
2606 835 2912 911 tempore
2957 819 3100 889 fra-

532 911 756 979 tribus
805 909 1157 980 indicavit.
1213 916 1405 980 Forte
1455 922 1620 981 tunc
1670 912 1854 981 idem
1918 912 2277 1002 presbyter
2337 915 2733 999 Campanus
2780 909 2868 978 de
2917 908 3091 991 loc0,

531 998 654 1155 gui
703 997 1121 1079 claustrum,
1169 1021 1305 1068 non
1351 998 1556 1090 longe
1603 1022 1643 1068 a
1692 1001 2080 1079 Terracina,
2134 1010 2418 1068 vocatur
2462 1021 2502 1066 a
2551 997 2699 1066 suis
2749 1019 2872 1088 pro
2919 1019 3094 1083 quo-

582 1108 694 1155 am
730 1086 1021 1155 crimine
1060 1100 1452 1167 accusatuS,
1509 1089 1579 1156 in
1626 1088 1869 1158 eodem
1921 1087 2340 1158 monasterio
2388 1087 2773 1166 tenebatur,
2808 1098 2875 1155 et
2921 1097 3098 1154 tem-

531 1174 823 1265 poribus
856 1175 1096 1247 multis
1135 1175 1554 1256 labentibus,
1585 1197 1627 1245 a
1659 1176 1807 1247 suis
1834 1175 2358 1246 accusatoribus
2381 1174 2525 1259 jam
2560 1186 3022 1263 contemptuS,
3054 1196 3098 1243 a

535 1263 806 1332 cunctis
865 1285 1140 1349 quoque
1187 1265 1335 1334 suis
1382 1263 1605 1333 fuerat
1663 1264 1736 1332 in
1798 1264 2212 1334 oblivionem
2274 1264 2549 1342 ductuS,
2602 1284 2762 1330 eum
2818 1261 3095 1331 nullum

537 1351 1039 1441 propinquum,
1089 1351 1367 1422 nullum
1416 1352 1488 1421 in
1539 1352 1713 1422 urbe
1760 1353 2115 1442 cognitum
2168 1352 2421 1420 habere
2470 1350 2806 1439 potuisset
2851 1350 2972 1436 qui
3008 1350 3094 1418 de

533 1460 614 1508 eo
664 1439 972 1528 pontifici
1025 1441 1507 1529 suggessisset,
1561 1453 1626 1509 et
1676 1440 1999 1509 monachi
2054 1440 2336 1526 quidem
2394 1460 2515 1528 pro
2553 1460 2631 1507 eo
2682 1449 3091 1528 satagerent,

534 1527 655 1598 sed
710 1527 1108 1616 perficiendi
1159 1528 1426 1597 aditum
1476 1550 1612 1598 non
1665 1530 2018 1609 haberent,
2055 1526 2359 1597 Pontifex
2406 1526 2742 1596 divinitus
2776 1526 3096 1595 recorda-

535 1626 646 1684 tus
685 1615 1027 1703 ejusdem,
1081 1615 1393 1685 diluculo
1442 1617 1632 1686 hunc
1665 1616 1752 1686 ab
1800 1615 2147 1708 ergastulo
2176 1617 2390 1705 jussit
2435 1615 2721 1696 extrahi,
2759 1615 3095 1683 liberum-

530 1725 669 1790 que
716 1703 997 1773 dimitti.
1051 1709 1184 1775 Nec
1231 1704 1453 1775 multo
1504 1716 1658 1795 post
1713 1705 2041 1774 monachi
2098 1703 2307 1773 frater
2363 1703 2455 1771 ita
2504 1725 2718 1773 sanus
2777 1725 3093 1772 reversus

530 1804 656 1872 est,
711 1803 790 1861 ut
839 1792 1183 1874 videretur
1242 1793 1579 1863 hactenus
1644 1793 1720 1861 in·
1783 1793 2097 1882 ejusdem
2161 1791 2376 1882 patris
2439 1793 2855 1862 monasterio
2907 1804 3092 1861 tanto

530 1879 810 1949 fidelius
840 1880 1240 1962 deservisse,
1275 1892 1535 1967 quanto
1584 1903 1656 1950 se
1706 1881 1898 1951 illius
1946 1881 2375 1950 adminiculo
2425 1880 2743 1950 meminit
2789 1879 2875 1949 ad
2908 1878 3096 1948 sani-

532 1978 736 2038 tatem
792 1969 1154 2056 pristinam
1207 1991 1575 2040 remeasse.

620 2058 658 2157 §
721 2059 873 2126 28.
926 2057 1072 2125 Alio
1119 2079 1394 2144 quoque
1443 2069 1751 2149 tempore
1806 2058 2224 2158 Tetgssudu5‚
2259 2056 2610 2142 quondam
2671 2057 3094 2127 Trevirensis

532 2166 904 2234 episcopus
954 2145 1076 2233 qui
1123 2168 1285 2215 cum
1336 2146 1742 2227 Gunthario‚
1805 2147 2223 2237 Agrippinae
2277 2143 2594 2214 Coloniae
2649 2144 2882 2234 episco
2937 2168 2998 2226 ο,
3051 2167 3094 2216 a

534 2234 950 2303 reverendae
998 2235 1373 2304 memoriae
1420 2235 1696 2305 Nicolao
1744 2233 1966 2304 fuerat
2021 2233 2430 2303 sacerdotali
2479 2233 2788 2322 privatus
2835 2256 2874 2302 o
2923 2233 3086 2315 icio,

534 2320 945 2391 liberalitate
991 2322 1273 2391 Adriani
1323 2323 1673 2414 pontificis
1721 2322 1793 2390 in
1861 2322 2102 2391 eodem
2175 2321 2591 2390 monasterio
2659 2322 3092 2391 mansionem

535 2410 864 2499 suscepit.
928 2411 1048 2479 Cui
1113 2413 1356 2481 beatus
1423 2411 1795 2501 Gregorius
1842 2410 1914 2478 in
1966 2411 2229 2481 somnis
2285 2413 2653 2499 apparens,
2711 2411 3094 2480 maximum

535 2510 888 2579 terrorem,
926 2522 1064 2587 quo
1116 2499 1200 2568 de
1249 2521 1375 2568 suo
1426 2498 1844 2570 monasterio
1891 2499 2202 2570 concitus
2252 2497 2713 2589 egrederetur,
2769 2498 3086 2570 incussit.

533 2586 657 2656 Ille
706 2588 1141 2677 perpendens
1173 2588 1401 2657 visum
1436 2586 1652 2657 fuisse
1682 2588 2220 2677 phantasticum,
2259 2587 2568 2658 oratione
2608 2587 2808 2668 sacta,
2844 2610 3093 2658 rursus

532 2675 836 2745 dormire
883 2676 1129 2766 coepit.
1175 2676 1295 2745 Cui
1346 2677 1717 2765 Gregorius
1796 2676 2129 2746 ontificali
2180 2676 2422 2745 habitu
2481 2675 2845 2746 redimitus
2875 2699 3093 2766 appa-

529 2785 714 2844 rens,
783 2788 812 2828 ε
862 2770 1134 2842 Nonne,
1188 2764 1436 2849 inquit,
1494 2764 1640 2833 dixi
1689 2764 1738 2834 ti
1792 2765 1835 2845 i,
1889 2776 1968 2834 ut
2013 2787 2055 2834 a
2102 2765 2520 2833 monasterio
2571 2786 2721 2832 meo
2781 2765 2966 2852 quod
3018 2765 3092 2834 in

530 2852 741 2921 rebus
788 2852 1090 2941 propriis
1133 2873 1254 2941 per
1301 2851 1802 2921 invocationem
1854 2853 2074 2922 sancti
2108 2853 2413 2921 Andreae
2460 2851 2761 2941 Apostoli
2801 2853 3092 2922 Domino

531 2939 867 3020 dedicavi,
910 2939 1281 3020 recedereS,
1319 2940 1484 3026 quia
1516 2939 1975 3011 diversorium
2025 2941 2175 3010 sieri
2208 2940 2401 3009 nullo
2428 2940 2632 3009 modo
2683 2940 3091 3011 licuissetv»

533 3032 843 3113 Cumque
876 3027 1267 3117 Tetgaudus
1317 3028 1714 3118 hospitandi
1746 3028 1841 3098 ibi
1891 3029 2239 3098 licentiam
2292 3029 2682 3128 suscepisse
2713 3051 2786 3098 se
2827 3052 2868 3098 a
2917 3052 3092 3120 pon-

531 3115 716 3186 tifice
764 3116 1255 3205 respondisset,
1299 3116 1667 3206 Gregorius
1716 3117 1846 3186 ait:
1901 3123 2040 3186 «Et
2091 3130 2163 3186 tu
2209 3117 2332 3204 qui
2385 3117 2633 3205 petisti,
2692 3130 2757 3186 et
2805 3117 2921 3188 ille
2967 3119 3086 3204 qui

532 3202 743 3284 dedit,
780 3204 1057 3289 utrique
1103 3217 1343 3274 contra
1376 3211 1585 3274 Deum
1638 3204 1919 3286 fecistiS,
1957 3206 2161 3296 cujus
2197 3204 2571 3273 vindictam
2601 3205 2810 3277 citius
2849 3207 3090 3276 incur-

531 3313 665 3361 res,
694 3315 729 3357 »
780 3292 1129 3382 Evigilans
1179 3293 1592 3383 Tetgaudus‚
1639 3294 2021 3372 intremuit,
2059 3308 2124 3363 et
2170 3292 2347 3362 facta
2380 3293 2709 3374 oratione,
2756 3295 2984 3385 sopori
3016 3316 3094 3364 se

532 3380 819 3449 reddere
869 3380 1126 3450 voluit:
1179 3404 1341 3451 cum
1392 3393 1672 3471 repente
1718 3382 2140 3451 venientium
2178 3381 2482 3452 sonitum
2515 3381 2831 3463 audiens,
2887 3383 3095 3453 vehe—

532 3481 799 3537 menter
827 3469 1117 3558 expavit,
1149 3491 1357 3556 seque
1383 3469 1687 3539 dormire
1714 3469 2090 3540 simulavit.
2127 3475 2223 3559 Ap
2280 3469 2710 3559 ropinquans
2734 3492 2897 3562 ergo
2927 3475 3096 3541 Gre-

530 3556 794 3646 goriuS,
842 3571 1158 3627 sanctum
1210 3558 1552 3627 Andream
1584 3557 1984 3647 Apostolum
2035 3580 2160 3649 per
2254 3571 2553 3627 exteram
2590 3570 2852 3639 tenenS,
2890 3582 3093 3650 prae-

529 3645 712 3735 cepit
760 3644 1188 3715 subdiacono
1235 3647 1358 3733 qui
1409 3669 1481 3716 se
1516 3647 1827 3736 praeibat
1873 3669 2035 3717 cum
2090 3646 2380 3727 lumine,
2419 3645 2701 3718 dicens:
2756 3648 3094 3739 «Corripe

530 3732 758 3802 illum.
790 3755 825 3800 »
876 3735 1008 3816 Qui
1063 3734 1231 3803 dum
1282 3747 1641 3825 correptus
1688 3735 1761 3803 in
1819 3734 2070 3804 lectulo
2118 3735 2378 3805 clausis
2425 3735 2648 3806 oculis
2694 3737 3085 3818 resedisset,

528 3821 898 3911 Gregorius
939 3823 1070 3891 ait:
1125 3846 1160 3888 «
1186 3823 1426 3913 Aspice
1457 3823 1530 3892 in
1569 3845 1719 3893 nos,
1751 3846 1787 3889 »
1829 3824 2131 3893 Intuitus
2161 3822 2231 3891 in
2264 3845 2381 3893 eos
2411 3824 2824 3914 Tetgaudus,
2867 3825 3096 3916 magis

524 3909 910 3990 intremuit,
944 3932 1245 3998 eumque
1295 3910 1429 3981 sibi
1479 3910 1704 3981 taliter
1741 3912 2282 3982 comminantem
2343 3910 2650 3982 audivit:
2703 3914 2936 3996 «Quia
2987 3935 3098 3983 se-

525 3998 760 4068 cundo
806 4001 1298 4081 commonitus,
1356 4000 1582 4070 verbis
1628 3999 1770 4070 oris
1828 4000 1965 4069 mei
2011 4001 2291 4069 credere
2352 3999 2662 4079 noluisti,
2700 4014 2767 4071 et
2814 4022 2923 4071 me
2975 4014 3100 4073 tua

526 4085 995 4157 inobedientia
1025 4088 1194 4158 adeo
1230 4088 1635 4177 provocasti,
1672 4100 1748 4158 ut
1783 4089 1970 4158 hunc
2018 4088 2414 4178 Apostolum
2466 4089 2584 4159 Dei
2632 4089 2772 4159 huc
2800 4089 3096 4180 fatigare

528 4174 957 4245 studuerim:
1014 4177 1183 4247 scito
1223 4198 1672 4266 cognoscens,
1725 4177 1889 4262 quia
1939 4177 2076 4247 nisi
2125 4176 2330 4247 hodie
2383 4174 2470 4244 ab
2505 4178 2634 4247 hoc
2675 4178 3098 4250 monasterio

527 4264 1097 4350 meoxreeesseris
1146 4264 1379 4334 futura
1418 4264 1859 4335 hebdomada
1906 4286 2067 4333 eum
2119 4265 2257 4337 tuis
2303 4266 2633 4335 omnibus
2679 4267 2814 4336 vita
2864 4267 3098 4357 priva-

532 4352 740 4422 beris,
809 4352 876 4421 Si
928 4373 1083 4422 vero
1131 4353 1518 4433 recesseris,
1585 4353 1674 4423 ab
1724 4353 1852 4423 hac
1899 4353 2183 4441 quidem
2233 4367 2716 4425 momentanea
2753 4356 3099 4427 sententia
