3327 4999
713 262 843 328 200
1520 280 1598 325 nii
1646 279 1702 326 s.
1757 276 2067 326 sueconio
2114 277 2275 323 PAPA
2778 258 3005 322 MART.
3055 259 3125 323 ²12

621 361 974 434 irrisiones
1020 363 1176 433 illas
1222 384 1396 449 quas
1443 362 1694 432 habere
1752 362 1998 433 notarii
2057 360 2285 430 adhuc
2347 359 2543 450 pueri
2590 359 2850 441 solent,
2923 380 3129 445 usque

619 451 823 521 bodie
870 452 1077 521 frater
1122 473 1319 521 meus
1363 456 1663 522 Joannes
1709 451 1779 520 in
1832 451 2071 540 lingua
2108 472 2237 520 sua
2283 448 2548 533 retinet,
2601 448 2981 518 mordenter
3035 448 3128 518 lo-

667 542 859 611 uitur
900 554 965 610 et
1011 540 1210 627 quasi
1241 539 1326 608 de
1356 539 1474 609 tali
1507 540 1758 610 astutia
1791 539 2101 610 laetatur:
2144 538 2387 608 amicis
2435 538 2905 628 praesentibus
2950 535 3131 606 blan·

618 562 848 710 gitur,
904 630 989 699 de
1036 628 1436 698 absentibus
1510 628 1928 716 obloquitur.
1982 628 2201 697 Tertio
2261 648 2465 719 grave
2540 627 2713 696 milii
2758 639 2823 696 et
2864 625 3126 695 omnino

618 717 1000 788 execrabile
1046 730 1168 797 est,
1223 717 1388 804 quia
1419 718 1630 786 servis
1678 718 1825 787 suis
1884 740 2021 806 qua
2068 717 2239 786 hora
2284 716 2488 786 suerit
2540 728 2942 795 commotus,
2994 725 3129 783 tur-

619 808 735 897 pia
782 806 1078 876 crimina
1125 805 1438 895 imponit,
1491 818 1568 876 ut
1613 806 2028 877 effoeminati
2074 817 2139 875 et
2178 805 2407 874 adhuc
2440 804 2736 895 graviter
2781 805 2904 873 hoc
2949 824 2987 870 a
3035 822 3132 869 er—

618 895 757 965 tius
804 907 1152 965 vocentur.
1206 899 1359 965 Post
1405 895 1534 965 hoc
1580 896 1869 967 accessit
1905 894 2089 983 quod
2137 894 2506 984 disciplina
2553 892 2642 962 ad
2689 894 2892 962 vitain
2949 913 2983 960 c
3012 888 3134 958 eri-

619 1005 860 1053 corum
935 984 1453 1055 custodiendam
1530 984 1725 1054 nulla
1769 996 1909 1065 est,
1963 984 2080 1054 sed
2153 982 2628 1053 tantummodo
2692 981 2955 1051 clericis
2999 978 3133 1048 suis

619 1072 1007 1167 dominium
1055 1072 1347 1142 exhibet.
1409 1072 1734 1142 Ultimum
1782 1096 1940 1142 vero
1995 1085 2096 1143 est
2151 1071 2334 1158 quod
2385 1086 2611 1141 tamen
2674 1070 2968 1159 pondere
3009 1067 3134 1136 ela-

621 1161 827 1231 tionis
886 1161 1189 1262 primum
1258 1175 1399 1231 est:
1454 1161 1711 1232 scilicet
1758 1162 1841 1231 de
1886 1185 2023 1231 usu
2081 1161 2271 1252 pallii
2332 1173 2515 1230 extra
2562 1159 2918 1229 ecclesiam
2965 1155 3130 1244 quod

621 1250 1046 1341 temporibus
1072 1250 1508 1320 decessorum
1542 1273 1849 1319 meorum
1884 1251 2104 1320 facere
2133 1270 2513 1335 numquam
2556 1249 2920 1335 quisquam
2955 1266 3136 1337 prae-

620 1339 1000 1427 sumpsit...
1028 1343 1120 1406 Ex
1166 1338 1421 1426 quibus
1450 1339 1777 1408 omnibus
1824 1339 2095 1407 invenio
2133 1339 2293 1435 quia
2330 1338 2550 1407 honor
2581 1337 2814 1427 episco
2865 1350 3011 1405 atus
3039 1354 3136 1401 ve-

618 1427 742 1498 stri
774 1440 953 1497 totus
999 1426 1165 1498 foris
1212 1427 1280 1495 in
1331 1427 1720 1498 ostensione
1767 1438 1890 1508 est,
1947 1449 2083 1497 non
2136 1427 2205 1496 in
2258 1438 2502 1496 mente.
2557 1432 2635 1496 Et
2680 1427 2805 1512 qui
2855 1448 2959 1495 em
3006 1442 3137 1492 oin·-

619 1515 954 1606 nipotenti
1003 1520 1132 1585 Deo
1172 1516 1426 1605 gratias
1471 1538 1622 1606 ago,
1676 1516 1841 1603 quia
1877 1537 1956 1585 eo
2003 1528 2305 1606 tempore
2351 1536 2487 1602 quo
2533 1515 2621 1584 ad
2670 1537 2784 1584 me
2823 1514 2950 1583 hoc
2996 1533 3138 1601 per.-

616 1605 823 1684 venit,
861 1604 1043 1691 quod
1093 1604 1179 1672 ad
1215 1627 1415 1674 aures
1461 1604 1898 1675 decessorum
1950 1626 2261 1674 meorum
2304 1626 2688 1691 numquam
2725 1610 3129 1689 pervenerat,

620 1693 1050 1783 Longobardi
1098 1693 1274 1762 inter
1320 1716 1429 1762 me
1475 1705 1540 1762 et
1573 1699 2030 1762 Ravennatem
2083 1692 2425 1763 civitatem
2475 1692 2673 1783 positi
2719 1691 2932 1761 fuere.
2984 1695 3139 1758 Nam

619 1781 974 1852 ostendere
1009 1780 1293 1851 forsitan
1343 1782 1743 1852 hominibus
1783 1782 2016 1863 habui,
2051 1794 2386 1868 quantum
2428 1782 2568 1851 scio
2593 1802 2742 1850 esse
2776 1778 3135 1850 districtus.

619 1876 711 1941 Ne
759 1883 986 1940 autem
1036 1869 1276 1940 credas
1321 1870 1485 1957 quia
1532 1893 1658 1961 ego
1704 1871 2064 1941 ecclesiam
2114 1882 2300 1939 tuam
2335 1870 2407 1961 in
2454 1870 2688 1957 aliquo
2736 1867 3005 1960 gravari
3036 1875 3144 1963 aut

622 1959 845 2028 minui
895 1959 1068 2039 vo10,
1108 1960 1465 2029 recordare
1510 1959 1689 2029 inter
1735 1960 2096 2029 MissariIm
2129 1965 2596 2028 Romanorum
2637 1958 2992 2036 solemnia,
3023 1953 3135 2023 ubi

621 2051 979 2118 Ravennas
1011 2048 1346 2118 diaconus
1377 2048 1618 2129 stabat,
1648 2059 1714 2118 et
1744 2049 2033 2136 require,
2070 2048 2192 2118 ubi
2224 2048 2425 2118 hodie
2457 2058 2608 2121 stat.
2645 2060 2712 2116 et
2748 2063 3131 2147 cognosceS,

619 2137 785 2223 quia
833 2142 1290 2207 Ravennatem
1320 2137 1676 2207 ecclesiam
1728 2137 2062 2207 honorare
2091 2136 2426 2207 desidero.
2467 2136 2595 2206 Sed
2626 2150 2703 2206 ut
2733 2150 3142 2224 quicumque

620 2224 976 2312 quodlibet
1021 2248 1100 2295 ex
1133 2226 1458 2327 superbia
1501 2226 1825 2316 arripiat,
1879 2226 2007 2295 hoc
2053 2248 2178 2317 ego
2227 2226 2538 2295 tollerare
2596 2246 2735 2294 non
2786 2243 3139 2316 possum...

619 2317 799 2383 Haec
846 2335 1008 2405 ergo
1054 2336 1290 2384 omnia
1325 2336 1501 2401 quae
1548 2315 1871 2404 superius
1917 2315 2091 2395 dixi,
2142 2313 2350 2397 frater
2374 2314 2782 2384 charissime
2835 2310 3139 2401 recogita,

618 2400 799 2471 diem
851 2415 1006 2472 tuae
1053 2404 1426 2473 vocationis
1470 2402 1742 2473 attende
1788 2425 1961 2489 quas
2008 2402 2305 2473 rationes
2337 2403 2422 2473 de
2477 2402 2751 2472 sarcina
2799 2402 3141 2493 episcopa-

618 2502 730 2562 tus
780 2491 1174 2562 redditurus
1230 2515 1302 2562 es
1348 2491 1731 2562 considera.
1798 2492 2100 2561 Emenda
2161 2492 2317 2563 illos
2377 2514 2598 2562 mores
2666 2491 2940 2562 notarii.
2997 2485 3144 2557 Vide

665 2581 780 2651 uid
814 2582 885 2650 in
935 2580 1177 2672 lingua
1221 2581 1386 2667 quid
1437 2581 1507 2649 in
1540 2595 1699 2651 actu
1745 2582 2145 2672 episcopum
2195 2582 2450 2652 deceat.
2492 2587 2647 2651 Esto
2698 2594 2883 2651 totus
2933 2595 3137 2669 purus

649 2670 950 2739 ratribus
999 2670 1158 2739 tuiS.
1225 2674 1368 2739 Non
1430 2668 1619 2738 aliud
1686 2669 2030 2757 loquaris,
2082 2670 2273 2739 aliud
2322 2670 2393 2739 in
2444 2669 2648 2740 corde
2696 2670 2977 2740 habeas.
3029 2670 3148 2735 Nec

528 2751 535 2770 ⁴
619 2772 900 2849 appetas
946 2757 1128 2827 ultra
1174 2758 1390 2827 videri
1436 2779 1644 2845 quarn
1694 2780 1789 2840 eS,
1843 2772 1921 2829 ut
1952 2759 2173 2850 possis
2203 2758 2360 2828 dein
2409 2780 2558 2828 esse
2605 2760 2791 2845 quod
2830 2754 3141 2827 videris»

617 2851 799 2917 Haec
846 2846 1006 2933 quia
1054 2852 1354 2916 ¹Ioannes
1416 2847 1782 2916 emendare
1854 2848 2215 2939 superbiae
2261 2847 2444 2917 fastu
2511 2847 2862 2938 despexit,
2914 2843 3142 2941 eodem

617 2957 823 3016 ann0,
864 2936 1063 3025 juxta
1099 2935 1290 3020 ‚quod
1341 2935 1707 3025 Gregorius
1740 2936 1800 3005 ei
1849 2937 2296 3028 praedixerat,
2333 2936 2514 3005 diem
2559 2958 2726 3005 suae
2773 2934 3138 3004 vocationis

617 3023 785 3093 dum
837 3045 970 3094 non
1021 3024 1329 3104 attendit,
1398 3024 1710 3105 incurrit,
1764 3037 1830 3095 et
1875 3038 2032 3096 ante
2072 3026 2380 3095 tumidus
2427 3025 2696 3116 crepuit
2742 3046 2958 3112 quam
3008 3039 3142 3089 me-

618 3112 869 3182 ruisset
917 3113 1172 3181 amictu
1223 3112 1414 3203 pallii
1464 3113 1780 3183 saturari.
3061 3126 3065 3131 '

709 3203 745 3288 §
791 3204 877 3271 4.
931 3206 1194 3270 Interea
1242 3202 1458 3272 Natali
1506 3202 1829 3293 episcopo
1876 3201 2221 3282 defuncto,
2262 3224 2421 3273 cum
2456 3201 3005 3272 Dalmatinorum
3039 3214 3146 3294 ge·

618 3290 945 3359 neralitas
994 3294 1416 3362 Honoratum
1470 3291 2037 3362 archidiaconum
2067 3346 2082 3372 ,
2116 3311 2321 3377 quem
2364 3291 2511 3381 ipse
2540 3312 2621 3360 ex
2654 3291 3054 3381 presbytero
3084 3303 3146 3350 in

618 3377 987 3448 diaconum
1037 3393 1481 3460 converterat,
1536 3380 1671 3449 sibi
1719 3379 2259 3471 praeficiendum
2294 3379 2722 3449 concorditer
2761 3377 3141 3471 elegissent,

617 3487 994 3554 eorumque
1019 3467 1365 3538 decretum
1397 3468 1695 3559 pontifex
1722 3468 2190 3560 approbasset,
2224 3468 2515 3538 {actione
2545 3467 2796 3538 Malchi
2823 3467 3144 3559 episcop32

619 3556 901 3650 rectoris
946 3556 1311 3647 Apostolici
1360 3557 1780 3648 patrimonii,
1819 3578 2170 3645 manuque
2210 3557 2493 3627 militari
2527 3558 2869 3628 Maximus
2920 3550 3145 3649 multis

616 3645 1031 3714 criminibus
1079 3645 1462 3726 involutus,
1519 3646 1990 3737 episcopatum
2043 3645 2476 3716 salonitanae
2524 3645 2823 3715 civitatis
2873 3644 3138 3712 invaSit.

617 3733 811 3815 Quod
861 3734 1227 3825 Gregorius
1271 3735 1586 3816 audiens,
1641 3735 2043 3806 Dalmatinis
2089 3746 2154 3805 et
2197 3734 2571 3804 Jadertinis
2617 3732 3010 3834 episcopis,
3069 3745 3146 3794 ne

616 3821 719 3891 illi
769 3844 1054 3891 manum
1105 3823 1556 3913 imponerent,
1603 3824 1734 3894 sub
1776 3845 2024 3914 magna
2064 3823 2618 3894 interminatione
2668 3819 3048 3914 prohibuit.
3077 3818 3150 3883 At

620 3932 775 3980 vero
808 3911 1168 3993 MaximuS‚
1207 3913 1329 4000 qui
1375 3912 1812 4004 episcopatus
1860 3912 2093 3983 sedem
2140 3925 2379 3982 contra
2424 3934 2724 3982 canones
2777 3911 3143 3988 invaserat,

616 4001 822 4068 etiam
894 4001 1351 4071 sacerdotium
1412 4015 1649 4071 contra
1714 4007 1923 4071 Deum
1974 4023 2096 4091 per
2143 4001 2604 4071 Simoniacam
2666 3998 3013 4069 haeresim
3060 3988 3146 4062 ab

616 4087 959 4189 episcopis
996 4088 1350 4160 dumtaxat
1405 4090 2015 4161 excommunicatis
2046 4091 2523 4180 corruptisque
2558 4112 2691 4159 non
2729 4087 2967 4158 timuit
2997 4100 3148 4175 pro-

617 4198 888 4259 mereri,
944 4176 1205 4247 favente
1238 4179 1370 4250 sibi
1394 4179 1754 4249 occasione
1785 4191 2171 4270 temporum
2204 4201 2285 4248 ex
2314 4178 2686 4269 cupiditate
2720 4174 2938 4249 simul
2974 4174 3148 4242 inso-

620 4265 965 4353 lentiaque
1010 4267 1317 4356 Augusti.
1374 4272 1631 4350 Quem,
1688 4267 2147 4359 dispergendo
2195 4266 2549 4338 facultates
2599 4268 2880 4336 invasae
2932 4258 3149 4358 eccle-

620 4355 801 4436 siae,
852 4355 1022 4425 adeo
1068 4355 1491 4426 defensorem
1544 4355 1881 4428 scelerum
1931 4377 2217 4428 suorum
2284 4356 2503 4427 effecit
2533 4412 2549 4438 ,
2602 4367 2678 4425 ut
2739 4377 2781 4424 a
2831 4358 3148 4443 Gregorio
