3327 4999
200 379 317 446 Ex
364 377 546 446 Nov.
602 378 684 444 ⁴12
1006 395 1084 442 nn
1130 395 1186 444 S.
1242 392 1511 444 tssnnmo
1558 393 1956 443 razsnmmo
2536 377 2664 444 703

201 505 479 565 eorum3
519 481 925 553 meditantes
961 481 1223 572 jugiter
1252 493 1317 551 et
1349 481 1694 552 dicentes:
1750 482 2068 550 Dominus
2114 502 2279 572 pars
2318 480 2755 552 haereditatis

206 597 403 643 meae
450 584 512 643 et
568 573 801 642 calicis
845 573 983 640 mei
1000 597 1024 641 .·
1085 583 1158 641 tu
1190 594 1259 641 es
1287 572 1411 662 qui
1435 573 1743 641 restitues
1772 571 2257 641 haereditatem
2305 593 2528 641 meam
2555 573 2748 641 mihi.

205 668 436 733 Funes
467 663 843 731 ceciderunt
871 662 1136 729 mihtin
1193 663 1596 752 praeclaris:
1630 662 1870 730 etenim
1925 660 2310 731 haereditas
2359 683 2514 731 mea
2551 684 2756 753 prae·

206 755 409 821 clara
443 762 539 821 est
577 752 753 821 mihi
796 751 1056 840 (Psalm
1088 748 1221 840 ⁴5).
1266 750 1388 821 His
1419 750 1727 820 intentus
1772 750 1874 818 vir
1931 762 2210 822 sanctus
2250 750 2621 834 Lebuinus,
2674 773 2754 821 ac

208 840 456 911 sedulo
505 840 835 920 recolenS,
869 839 1035 927 quid
1086 839 1171 909 de
1218 839 1631 909 clericorum
1683 839 1994 909 moribus
2042 839 2150 910 his
2206 862 2378 931 pene
2441 841 2667 911 verbis
2713 863 2756 911 a

203 931 472 1002 sanctis
511 930 900 1002 institutum
938 929 1026 998 sit
1057 929 1368 1020 patribus
1394 928 1789 1000 *abstinuit
1819 951 1857 998 a
1903 928 2168 1020 vulgari
2211 930 2345 1000 vita
2376 942 2441 1000 et
2472 951 2756 1000 conver-

203 1020 500 1101 satione,
553 1043 594 1090 a
640 1017 886 1088 mundi
914 1017 1380 1110 voluptatibus
1424 1032 1489 1088 et
1535 1017 1969 1109 spectaculiS,
2011 1040 2052 1087 a
2097 1019 2311 1090 seculi
2360 1020 2657 1110 pompis,
2713 1042 2755 1089 a

198 1109 545 1179 conviviis
594 1108 915 1199 publiciS,
963 1109 1058 1178 ab
1104 1107 1340 1179 usuris
1385 1119 1450 1178 et
1509 1107 1816 1199 turpium
1876 1105 2224 1179 lucrorum
2284 1110 2754 1200 occupationi·

198 1199 368 1279 buS,
423 1221 461 1267 a
508 1197 871 1268 fraudibus
900 1209 963 1266 et
1010 1197 1097 1267 ab
1125 1197 1277 1288 ipsa
1322 1209 1731 1267 cunctorum
1759 1195 2134 1266 criminum
2185 1210 2400 1269 matre
2438 1199 2748 1270 avaritia:

200 1310 350 1357 non
410 1287 638 1358 officia
680 1310 762 1357 ac
811 1286 1081 1379 negotia
1127 1285 1505 1368 secularia,
1572 1308 1709 1356 non
1818 1285 2028 1355 radus
2087 1286 2427 1358 honorum
2479 1301 2754 1359 sectans

198 1400 336 1469 pcr
365 1377 837 1458 ambitionem,
893 1397 1028 1445 non
1071 1398 1194 1478 pro
1240 1376 1593 1447 beneficiis
1644 1397 1752 1445 me
1804 1375 2025 1445 icinae
2073 1375 2189 1445 Dei
2251 1389 2537 1468 captans
2599 1401 2755 1449 mu-

202 1489 403 1547 nera,
440 1465 634 1536 dolos
665 1477 728 1536 et
757 1466 1286 1557 conjurationeS,
1329 1465 1594 1548 odium,
1630 1465 2188 1551 aemulationem,
2229 1467 2754 1539 obtrectationes

197 1555 487 1646 fugiens
525 1567 727 1643 atque
788 1554 1144 1625 invidiam:
1197 1577 1331 1626 non
1399 1555 1590 1646 vagis
1637 1554 1883 1636 oculis,
1937 1577 2073 1625 non
2140 1555 2394 1625 infreni
2465 1556 2749 1650 lingua,

198 1657 333 1715 aut
380 1645 715 1735 petulanti
754 1645 1155 1733 tumidoque
1201 1643 1527 1715 incedens
1560 1655 1780 1736 gestu:
1834 1644 1951 1715 sed
2003 1645 2252 1717 mentis
2288 1645 2624 1737 pudorem
2657 1658 2756 1717 at-

197 1755 348 1822 que
395 1734 876 1804 verecundiam
937 1734 1240 1825 simplici
1288 1734 1655 1805 ostendens
1714 1734 1955 1804 habitu
2001 1748 2067 1805 et
2114 1734 2414 1817 incessu,
2467 1736 2751 1807 obscoe-

196 1824 495 1893 nitatem
546 1825 644 1893 sic
683 1826 1044 1895 verborum
1092 1825 1270 1894 sicut
1315 1835 1380 1893 et
1444 1845 1728 1915 operum
1830 1824 2056 1896 enitus
2103 1846 2466 1896 execrans:
2520 1826 2754 1897 visita-

200 1914 433 1983 tiones
478 1913 846 1984 viduarum
896 1936 976 1983 ac
1025 1913 1397 2004 virginum,
1452 1936 1530 1983 ac
1578 1925 1789 1983 contu
1838 1913 2032 1983 ernia
2077 1926 2554 1984 extranearum
2618 1914 2754 1985 foe-

205 2002 560 2072 minarum
611 2002 1005 2072 nullatenus
1045 2015 1394 2094 appetem,
1430 2002 1908 2072 castimoniam
1948 2002 2377 2073 immaculati
2416 2002 2645 2074 cordis
2688 2017 2754 2076 et

203 2092 521 2182 corporis
554 2114 674 2193 per
724 2104 879 2162 etuo
919 2112 1322 2163 conservare
1360 2092 1698 2162 studebat.
1753 2096 1937 2161 Inter
1984 2092 2150 2164 haec
2199 2093 2502 2164 debitam
2601 2116 2752 2164 rae-

203 2180 383 2250 bens
432 2182 681 2251 sen1ori
736 2204 820 2251 us
865 2180 1349 2263 obedientiam,
1396 2180 1588 2252 nullo
1637 2202 1710 2253 se
1745 2181 2116 2270 jactantiae
2152 2183 2312 2254 vitio
2360 2183 2534 2255 extol
2566 2183 2748 2271 ebat;

203 2282 278 2340 et
323 2271 491 2357 quid
524 2271 774 2361 plura?
822 2270 1279 2354 Lectionibu3‚
1316 2270 1689 2354 doctrinae,
1732 2271 2040 2361 psalmiS,
2077 2270 2382 2362 hymniS,
2430 2273 2754 2345 canticis-

202 2381 345 2446 que
386 2360 865 2450 spiritualibus
911 2360 1228 2430 exercitio
1272 2360 1429 2451 jugi
1479 2360 1855 2443 insistebat,
1908 2360 2207 2462 profecto
2255 2362 2526 2446 scienS,
2586 2363 2752 2451 quia

208 2447 381 2519 tales
428 2463 689 2541 oportet
741 2449 1032 2521 Clericos
1064 2449 1240 2532 esse,
1291 2451 1413 2539 qui
1456 2450 1711 2520 divinis
1756 2449 2061 2523 cultlbus
2121 2474 2193 2522 se
2253 2452 2751 2544 mancipandos

208 2538 493 2609 student
521 2539 859 2609 exhibere.
895 2539 1084 2610 Unde
1130 2552 1195 2611 et
1227 2540 1374 2630 ipse
1422 2545 1553 2609 Deo
1585 2540 1787 2610 talem
1817 2541 2148 2611 exhibens
2179 2563 2273 2624 se,
2376 2554 2481 2612 ost
2528 2556 2754 2613 tantae

206 2628 703 2698 continentiam
755 2629 951 2710 vitae,
1008 2628 1291 2700 detonso
1340 2651 1629 2788 rasoque
1687 2630 1931 2721 capite,
1999 2651 2131 2700 non
2183 2565 2474 2722 capiilos
2521 2632 2753 2723 posuit

205 2717 515 2787 urendos
563 2718 883 2789 sacrificii
916 2720 1157 2790 veteris
1186 2720 1366 2811 igne,
1422 2741 1493 2789 se
1572 2731 1648 2789 ut
1695 2740 1896 2790 verus
1927 2724 2308 2791 Nazaraeus
2337 2742 2749 2792 consecrans

202 2805 692 2898 perfectionem
742 2806 1118 2878 devotionis
1167 2831 1352 2880 suae.
1392 2808 1640 2880 obtulit
1666 2819 1882 2879 totum
1933 2830 2003 2881 se
2042 2808 2336 2880 hostiam
2386 2811 2746 2893 viventem,

203 2909 542 2979 sanctam,
584 2902 715 2967 Deo
770 2898 1175 2988 placentem,
1237 2919 1412 2985 quae
1467 2911 1782 2969 ureretur
1827 2898 2106 2969 assidue
2153 2899 2383 2969 Sancti
2451 2900 2749 2991 Spiritus

201 2987 391 3076 igne,
444 3002 521 3056 ut
552 2987 741 3057 fieret
782 2988 1195 3074 obsequium
1250 2988 1401 3076 ejus
1457 2987 1888 3068 rationabile,
1943 3000 2008 3058 et
2054 2987 2228 3058 illud
2278 2989 2554 3080 signum
2608 3002 2753 3059 ton-

204 3097 460 3157 surae,
512 3076 693 3163 quod
764 3075 1193 3168 figurabatur
1237 3076 1309 3146 in
1359 3099 1642 3169 corpore
1678 3102 1714 3159 ,¹
1774 3090 2092 3178 ageretur
2136 3077 2207 3146 in
2257 3077 2421 3160 illo,
2479 3078 2549 3148 in
2612 3101 2749 3167 quo

205 3163 519 3234 Christus
578 3165 861 3247 habitat,
916 3166 986 3235 in
1054 3166 1361 3236 interiori
1409 3166 1727 3237 homine:
1784 3166 2096 3237 videlicet
2142 3179 2218 3237 ut
2279 3168 2578 3239 exterius
2624 3168 2750 3238 ab·

206 3251 447 3322 scissis
492 3253 828 3335 crinibuS,
882 3255 1173 3325 interius
1218 3256 1489 3327 cunctis
1538 3255 1818 3328 resectis
1866 3255 2303 3339 criminibuS,
2355 3257 2756 3333 enitesceret

203 3340 437 3411 denuo
484 3342 822 3412 innovatis
871 3343 1189 3414 sensibus
1218 3398 1238 3425 ,
1320 3345 1520 3432 quasi
1567 3345 1785 3416 comis
1857 3345 2172 3416 rudibus.
2226 3351 2575 3417 Praeterea
2635 3369 2753 3449 ge-

205 3441 402 3500 stans
448 3432 645 3518 quasi
710 3432 951 3501 tiaram
1006 3432 1143 3502 veri
1214 3432 1575 3504 sacerdotii
1622 3435 1693 3503 in
1745 3433 2029 3504 detonsa
2090 3435 2431 3525 superiori
2503 3437 2754 3528 capitis

208 3531 424 3611 parte,
479 3542 741 3590 necnon
790 3520 1182 3613 exprimens
1211 3521 1280 3590 in
1332 3522 1638 3593 inferiori
1672 3521 2075 3613 dignitatem
2126 3524 2376 3626 regalis
2425 3548 2742 3607 coronae,

254 3608 550 3679 audebat
598 3632 854 3681 munus
924 3609 1196 3702 impleri
1244 3610 1314 3679 in
1366 3633 1438 3681 se
1515 3612 1642 3683 hac
1713 3625 1736 3681 t
1792 3612 1940 3701 pica
2011 3613 2502 3697 simihtudine,
2556 3615 2742 3702 quod

255 3711 450 3769 eatus
497 3700 856 3790 Apostolus
915 3705 1152 3772 Petrus
1221 3701 1594 3772 universali
1663 3722 1743 3771 co
1777 3701 1987 3771 latum
2055 3703 2306 3793 gaudet
2355 3704 2743 3775 Ecclesiae:

204 3794 360 3870 vos,
416 3788 663 3876 inquit,
707 3789 871 3859 estis
916 3812 1127 3880 yemts
1158 3792 1461 3870 electum,
1498 3794 1732 3882 reqale
1771 3792 2238 3861 sacerdotium.

297 3881 333 3965 ξ
386 3883 474 3949 5.
528 3878 747 3969 Igitur
800 3879 896 3947 vir
944 3879 1215 3949 Domini
1269 3879 1618 3949 Lebuinus
1649 3936 1665 3962 ,
1720 3880 1791 3948 in
1840 3880 2095 3950 talibus
2145 3881 2474 3953 virtutum
2518 3882 2744 3974 prose-

203 3968 435 4037 ctibus
480 3979 695 4038 aetate
730 3967 937 4038 simul
986 3980 1051 4037 et
1084 3967 1418 4058 probitate
1474 3990 1745 4039 morum
1795 3967 2098 4054 adultus,
2142 3991 2293 4041 vere
2342 3994 2464 4062 per
2512 3973 2751 4043 omnia

206 4056 836 4147 irreprehensibilis
897 4056 1237 4139 Clericus„
1305 4057 1605 4149 singulis
1670 4058 1924 4129 sensim
1984 4060 2366 4130 secundum
2434 4061 2749 4132 instituta

206 4147 545 4216 Canonica
593 4145 948 4237 dignitatis
998 4145 1510 4219 Ecclesiasticae
1537 4146 1934 4218 conscensis
1959 4146 2315 4239 gradibus,
2353 4149 2635 4241 eligitur
2662 4150 2751 4220 ad

205 4234 510 4306 officium
565 4235 1117 4326 presbyteratus:
1184 4249 1260 4307 ut
1314 4236 1437 4324 qui
1487 4236 1777 4306 scientia
1819 4250 1900 4306 ‘et
1958 4237 2350 4329 operatione
2410 4239 2754 4331 perfectus

204 4336 388 4406 erat,
449 4338 749 4396 caeteros
819 4325 1134 4395 doctrina
1181 4326 1595 4407 instrueret,
1652 4324 1968 4426 exemplo
2024 4326 2109 4396 ad
2166 4327 2339 4398 bene
2398 4329 2752 4420 agendum

207 4427 621 4502 provocaret.
681 4415 1010 4486 Liberalis
1076 4415 1422 4503 siquidem
1486 4416 1597 4485 sui
1662 4414 1966 4486 nominis
2024 4428 2089 4487 et
2136 4418 2490 4490 commissi
2538 4418 2749 4489 officii

258 4541 283 4567 *
312 4541 379 4583 Ex
408 4552 551 4593 supra
569 4543 743 4586 tradito
761 4545 979 4587 vocabuli
1002 4545 1159 4594 etymo
1184 4544 1312 4596 quod
1330 4553 1436 4587 esse
1456 4544 1623 4588 debent
1643 4544 1838 4588 clericis
1857 4545 1984 4587 vttae
2005 4544 2298 4588 institutum.
