3327 4999
223 306 478 374 MART.
534 307 616 373 ⁴2
1116 326 1194 373 m:
1242 327 1298 374 S.
1353 326 1666 375 aanoomo
1714 327 1875 374 rArA
2554 310 2684 376 235

218 405 410 475 enim
482 405 827 496 podagrae
894 404 1252 477 doloribus
1300 407 1645 494 tantisque
1716 405 2186 478 molestiarum
2238 428 2512 496 premor
2557 428 2774 508 ango·

222 495 470 574 ribuS‚
524 507 602 563 ut
665 494 801 564 vita
850 516 1004 563 mea
1069 494 1242 564 mihi
1303 495 1715 584 gravissima
1777 517 1990 585 poena
2042 496 2152 564 sit.
2220 496 2534 579 Quotidie
2582 518 2772 566 enim

218 582 294 652 in
343 582 580 652 dolore
626 582 869 653 deficio
899 638 915 665 ,
967 595 1032 652 et
1082 583 1320 653 mortis
1387 584 1768 654 remedium
1831 584 2253 675 expectando
2318 586 2616 675 suspiro.
2683 590 2762 654 In

222 672 415 741 Clero
466 693 622 742 vero
671 672 880 763 hujus
922 672 1120 742 Urbis
1168 686 1233 742 et
1283 673 1538 763 populo
1574 673 1743 742 tanti
1800 672 2095 744 febrium
2132 672 2500 764 languores
2547 675 2772 743 irrue-

219 771 423 841 runt,
476 773 553 830 ut
596 783 769 851 pene
823 760 1062 830 nullus
1105 761 1300 843 liber,
1357 762 1596 832 nullus
1647 784 1888 832 servus
1949 762 2376 843 remanserit,
2439 762 2562 849 qui
2620 784 2769 834 esse

221 849 518 919 idoneus
582 850 665 918 ad
717 849 997 937 aliquod
1046 850 1352 920 officium
1407 851 1506 920 vel
1561 850 2022 921 ministerium
2077 851 2312 941 possit.
2366 856 2456 920 De
2521 851 2768 923 vicinis

219 951 452 1011 autem
522 939 817 1008 urbibus
877 951 1137 1029 strages
1186 939 1386 1008 nobis
1446 939 1880 1011 mortalitatis
1946 939 2252 1026 quotidie
2312 941 2762 1010 nunciantur.

220 1026 443 1097 Africa
472 1042 701 1098 autem
737 1027 1032 1114 qualiter
1081 1028 1489 1098 mortalitate
1534 1041 1599 1097 et
1648 1027 2099 1117 languoribus
2148 1040 2471 1110 vastetur,
2509 1041 2767 1117 quanto

220 1116 585 1185 viciniores
616 1116 803 1198 estiS,
841 1129 1026 1186 tanto
1065 1116 1270 1186 credo
1300 1116 1480 1204 quod
1519 1116 1847 1187 subtilius
1877 1118 2331 1207 cognoscatis,
2373 1123 2461 1186 De
2490 1118 2763 1189 Oriente

217 1226 377 1274 vero
424 1205 546 1292 qui
593 1206 899 1285 veniunt,
953 1206 1297 1295 graviores
1347 1206 1803 1276 desolationes
1853 1206 2210 1276 nunciant.
2250 1211 2325 1275 In
2378 1207 2487 1276 his
2537 1207 2767 1293 itaque

219 1294 570 1372 omnibus,
623 1295 789 1381 quia
835 1294 1434 1385 appropinquante
1484 1295 1619 1364 fine
1669 1295 1914 1364 muudi
1952 1294 2341 1385 generalem
2377 1296 2765 1385 percussio-

217 1404 375 1452 nem
433 1404 583 1454 esse
643 1384 1137 1474 cognovimus,
1204 1383 1417 1475 affligi
1485 1384 1697 1454 nimis
1758 1384 1844 1454 de
1891 1384 2191 1475 propriis
2241 1384 2573 1455 molestiis
2623 1405 2760 1454 non

219 1470 579 1541 debemUS.
609 1495 645 1538 »

303 1568 343 1641 ἓ
392 1566 555 1632 56.
629 1564 796 1629 Item
857 1561 1139 1651 Eulogio
1211 1561 1637 1653 patriarchae
1696 1560 2190 1631 Alexandrino:
2248 1562 2346 1629 «¹⁴⁸
2394 1567 2767 1632 'transacto

215 1670 404 1718 anno
454 1649 865 1720 suavissima
914 1651 1292 1721 sanctitatis
1340 1664 1599 1721 vestrae
1647 1651 1904 1740 scripta
1964 1650 2283 1741 suscepi,
2337 1651 2593 1738 quibus
2644 1673 2768 1740 pro

213 1737 674 1829 aegritudinis
738 1760 928 1808 meae
987 1739 1333 1809 nimietate
1382 1740 1796 1830 respondere
1859 1762 2046 1810 nunc
2094 1762 2315 1825 usque
2364 1762 2497 1808 non
2552 1738 2763 1808 valui.

214 1830 388 1895 Ecce
433 1826 618 1896 enim
643 1828 792 1916 jam
834 1827 1189 1897 biennium
1231 1850 1404 1919 pene
1448 1828 1759 1919 expletur
1810 1849 1949 1915 quo
2002 1827 2250 1897 lectulo
2308 1840 2563 1909 teneor,
2617 1840 2767 1898 tan-

215 1916 442 2002 tisque
494 1915 834 2005 podagrae
881 1915 1236 1988 doloribus
1282 1917 1571 2007 affligor,
1624 1931 1703 1987 ut
1735 1916 1840 1986 vix
1890 1918 1961 1986 in
2012 1917 2259 1986 diebus
2308 1917 2496 1987 festis
2546 1938 2768 2004 usque

213 2004 302 2072 ad
357 2004 681 2074 horarum
737 2004 941 2073 trium
994 2004 1297 2096 spatium
1332 2028 1613 2096 surgere
1660 2006 1963 2086 valeam,
2017 2006 2378 2075 Missarum
2428 2005 2767 2075 solemnia

212 2091 586 2162 celebrare.
650 2098 797 2162 Mox
843 2107 1072 2163 autem
1122 2116 1280 2163 cum
1332 2094 1523 2183 gravi
1580 2094 1966 2184 compellor
2027 2093 2262 2164 dolore
2309 2095 2757 2176 decumbere,

210 2182 724 2281 ut‘eruciatum
779 2204 1006 2251 meum
1060 2203 1192 2251 non
1246 2183 1503 2273 possim
1554 2184 1818 2273 gemitu
1855 2183 2399 2273 interrumpente
2448 2182 2757 2253 tolerare:

209 2291 338 2355 qui
369 2269 567 2339 dolor
616 2270 958 2340 interdum
1010 2270 1237 2341 lentus
1282 2284 1406 2352 est,
1460 2271 1810 2341 interdum
1870 2272 2155 2340 nimius:
2210 2270 2326 2340 sed
2387 2293 2610 2358 neque
2670 2272 2766 2340 ita

214 2357 468 2439 lentus,
523 2369 600 2427 ut
634 2358 937 2429 recedat:
992 2382 1212 2448 neque
1260 2361 1354 2430 ita
1400 2360 1685 2442 nimius,
1737 2371 1814 2429 ut
1860 2360 2248 2430 interficiat.
2304 2360 2492 2429 Unde
2541 2360 2639 2440 fit,
2687 2373 2764 2430 ut

213 2447 337 2534 qui
382 2447 689 2536 quotidie
739 2448 809 2517 in
860 2462 1074 2520 morte
1123 2472 1303 2533 sum,
1357 2450 1663 2537 quotidie
1718 2449 2014 2540 repellar
2058 2472 2098 2518 a
2147 2461 2400 2519 morte:
2457 2470 2580 2520 nec
2630 2449 2762 2518 mi·

210 2558 369 2606 rum
420 2539 587 2624 quia
636 2550 948 2627 peccator
994 2540 1244 2631 gravis,
1305 2540 1457 2609 talis
1523 2539 1987 2630 corruptionis
2041 2560 2314 2608 carcere
2359 2539 2480 2607 diu
2531 2553 2764 2609 teneor

210 2624 551 2697 inclusus.
609 2626 799 2696 Unde
846 2628 1222 2718 compellor
1289 2628 1713 2699 exclamare:
1779 2630 1962 2697 Educ
2010 2629 2089 2696 de
2143 2651 2405 2698 carcere
2462 2630 2762 2698 ane'mam

212 2737 434 2784 meam
484 2717 577 2786 ad
631 2717 1070 2805 confitendum
1131 2720 1388 2787 nomini
1430 2728 1582 2798 tue,
1645 2720 1919 2786 Domine
1959 2717 2121 2806 (Ps.
2169 2716 2366 2805 441).
2422 2717 2548 2786 Sed
2596 2715 2762 2804 quia

211 2803 387 2873 meis
419 2804 649 2874 adhuc
690 2805 1011 2895 precibus
1059 2806 1365 2876 obtinere
1408 2828 1543 2876 non
1597 2828 1884 2887 mereor,
1939 2827 2101 2905 rogo
2150 2819 2227 2875 ut
2291 2819 2550 2876 vestrae
2598 2826 2761 2875 san-

206 2892 465 2964 ctitatis
502 2894 717 2962 oratio
766 2916 932 2963 suae
982 2895 1155 2963 mihi
1203 2895 1714 2965 intercessionis
1761 2895 2182 2985 adjutorium
2235 2894 2576 2984 praebeat,
2620 2915 2758 2964 me-

208 3002 343 3067 que
381 3005 421 3050 a
521 2982 733 3052 eccati
790 2997 855 3051 et
902 2984 1363 3073 corruptionis
1470 2985 1722 3053 ondere
1772 2984 2064 3053 liberum
2118 2982 2359 3053 reddat
2405 2982 2474 3051 in
2529 2981 2745 3065 illam,

207 3091 418 3156 quam
519 3090 643 3140 ene
684 3072 920 3153 nostis,
969 3071 1346 3142 libertatem
1382 3007 1640 3164 gloriae
1691 3072 1991 3142 filiorum
2046 3072 2232 3140 Dei.»
2267 3077 2433 3140 Item
2483 3071 2700 3141 eidem
2739 3094 2752 3138 ε

207 3164 409 3228 «Peto
442 3172 698 3240 autem,
754 3171 831 3230 ut
879 3183 1003 3250 pro
1035 3183 1143 3229 me
1174 3159 1445 3231 enixius
1488 3174 1706 3231 vestra
1736 3162 2061 3231 sanctitas
2086 3182 2280 3230 orare
2316 3161 2559 3230 debeat
2596 3161 2760 3247 quia

205 3248 556 3406 podagrae
602 3249 958 3318 doloribus
1006 3262 1069 3318 et
1120 3252 1569 3319 barbarorum
1646 3249 1850 3320 ladiis
1897 3262 1964 3319 et
2007 3271 2331 3319 curarum
2376 3248 2760 3320 afflictioni-

257 3359 341 3406 us
392 3351 817 3407 incessanter
864 3359 1160 3429 premor.
1217 3337 1343 3408 Sed
1394 3339 1451 3408 si
1502 3339 1596 3407 mi
1653 3339 2042 3408 iorationis
2082 3351 2341 3407 vestrae
2382 3360 2580 3428 opem
2631 3338 2758 3408 im—

210 3425 553 3516 penditiS,
619 3427 821 3496 credo
875 3426 1057 3514 quod
1111 3450 1219 3496 me
1247 3439 1482 3497 contra
1529 3428 1763 3496 omnia
1796 3429 2082 3497 adversa
2131 3427 2389 3496 fortiter
2426 3427 2755 3517 juvetis»)

209 3518 380 3583 Item
431 3514 653 3585 eidem
684 3539 699 3583 ;
729 3521 958 3606 «Rogo
988 3538 1172 3607 erge,
1227 3531 1302 3586 ut
1341 3538 1463 3608 pro
1504 3538 1613 3584 me
1644 3528 1997 3607 peccatore
2031 3516 2301 3585 enixius
2340 3516 2546 3585 oretis
2591 3515 2759 3602 quia

205 3618 267 3672 et
316 3602 514 3673 dolor
544 3604 852 3695 corporis
890 3616 956 3674 et
1002 3606 1391 3675 amaritudo
1430 3605 1658 3674 cordis
1691 3619 1755 3675 et
1785 3606 2126 3674 immensa
2173 3604 2453 3673 vastitas
2501 3615 2756 3673 morta-

208 3690 440 3772 litatis,
482 3692 659 3762 inter
692 3706 784 3763 tot
815 3694 1263 3764 barbarorum
1307 3693 1574 3785 gladios
1626 3715 1733 3763 me
1776 3694 2210 3763 vehementer
2241 3693 2517 3782 affligit:
2582 3693 2758 3762 inter

206 3801 383 3866 quae
410 3781 643 3850 omnia
675 3804 809 3851 non
845 3782 1314 3872 temporalem,
1348 3783 1466 3853 sed
1501 3794 1843 3851 aeternam
1881 3781 2419 3852 consolationem
2452 3782 2748 3869 requiro.

208 3872 424 3950 Quam
460 3892 583 3959 per
612 3892 721 3940 me
764 3871 1128 3962 impetrare
1170 3894 1305 3940 non
1336 3869 1548 3952 vale0,
1587 3870 1705 3940 sed
1752 3893 1870 3961 per
1901 3871 2463 3941 intercessionem
2494 3883 2756 3941 vestrae

205 3956 652 4028 beatitudinis
700 3960 879 4029 hanc
927 3981 1037 4029 me
1079 3960 1385 4030 obtinere
1433 3960 1779 4029 confido.»

290 4049 328 4134 ἓ
356 4052 499 4119 52.
528 4052 694 4117 Item
724 4048 1135 4119 Maximiano
1154 4049 1477 4140 episcopo
1504 4048 1812 4119 Arabiae:
1835 4046 2166 4118 «Multum
2187 4046 2335 4138 jam
2366 4061 2638 4139 tempus
2653 4058 2758 4118 est

206 4153 338 4220 quo
366 4158 648 4226 surgere
680 4136 765 4207 de
793 4136 963 4207 lecto
1005 4160 1139 4207 non
1167 4138 1381 4207 valeo,
1414 4143 1580 4206 Nam
1616 4158 1725 4205 me
1756 4135 1959 4205 modo
2000 4136 2343 4238 podagrae
2370 4136 2567 4206 dolor
2597 4160 2756 4206 cru-

209 4222 360 4305 ciat,
388 4225 594 4296 modo
618 4226 847 4296 neseio
867 4226 1025 4314 quis
1046 4227 1115 4296 in
1144 4238 1280 4296 toto
1300 4247 1583 4316 corpore
1615 4248 1777 4295 cum
1808 4224 2042 4294 dolore
2069 4246 2141 4294 se
2190 4227 2369 4317 ignis
2390 4225 2750 4317 expandit:

259 4433 284 4461 ¹⁸
311 4435 359 4477 In
375 4438 564 4480 diutino
584 4438 720 4490 grui
738 4439 787 4481 et
810 4438 1035 4480 continuo
1054 4439 1219 4480 morbo
1243 4437 1359 4487 quid
1380 4437 1560 4479 sentiat
1576 4437 1625 4478 et
1645 4437 1771 4479 dieat
1787 4445 1988 4487 maguus
2005 4437 2055 4476 et
2071 4437 2266 4477 sanctus
2285 4437 2376 4477 vtr.
