3327 4999
271 362 379 429 EX
426 362 646 428 SEPT.
701 361 741 426 3
1098 381 1176 427 na
1226 381 1280 426 s,
1335 378 1619 427 nemeto
1667 378 1963 426 amscoro
2586 358 2703 422 621

262 461 694 551 reposcebat,
741 479 947 545 quam
1000 459 1132 529 sibi
1160 461 1389 545 justus
1436 459 1657 530 Judex
1709 469 2127 547 reposuerat.
2183 462 2606 546 Recepturus
2652 475 2817 544 ergo

275 549 656 620 mercedem
714 549 1050 629 laborum,
1104 548 1441 619 deductus
1488 561 1589 618 est
1634 548 1704 616 in
1767 548 1877 616 via
1945 546 2247 616 mirabili
2307 544 2631 615 manibus
2678 548 2812 611 An-

277 640 614 731 gelorum.
660 638 829 708 Vixit
861 651 1139 708 centum
1173 638 1451 729 triginta
1482 637 1727 706 annis:
1766 636 1937 707 obiit
1974 658 2104 705 xv11
2134 634 2280 704 Kal.
2314 632 2733 725 Septembris
2756 630 2814 700 *.

663 932 891 1053 vtt'A'
948 953 1028 1053 S.
1085 952 1533 1053 REMACLI
1602 949 2077 1052 TRAJECT.
2133 948 2445 1050 EPlSC.

1067 1135 1162 1201 Ac
1208 1107 1515 1201 Pdsrffl
1562 1134 2040 1201 LEoomNsls

527 1322 816 1373 AUCTORE
862 1322 1145 1371 nomano
1194 1318 1377 1369 Lsson.
1430 1320 1627 1369 amsc.
1688 1298 1829 1388 (QUI
1876 1321 2141 1369 emaum·
2188 1320 2370 1368 cmm
2415 1296 2578 1387 850)

616 1426 834 1473 nomm
881 1427 957 1472 m·
1002 1424 1336 1473 onscuium
1386 1424 1625 1473 srrtuu
1673 1424 1948 1472 uuum·
1995 1423 2182 1470 Lana.
2237 1422 2487 1471 suiuus.

941 1603 1127 1660 Obiit
1167 1603 1348 1660 circa
1400 1607 1531 1659 664
1557 1634 1636 1642 —
1662 1603 1820 1660 Nat.
1854 1604 2181 1660 Francus.

385 1791 421 1875 ξ
471 1794 546 1860 1.
601 1787 1046 1877 Omnipotens
1097 1786 1453 1865 DominuS,
1505 1785 1625 1872 qui
1673 1784 1862 1854 dives
1908 1797 2008 1854 est
2056 1785 2124 1854 in
2175 1783 2670 1865 misericordia,
2704 1806 2825 1852 cu-

287 1878 409 1968 jus
461 1889 700 1945 natura
752 1876 1042 1955 bonitas,
1095 1875 1300 1965 cujus
1350 1873 1663 1944 voluntas
1713 1874 2033 1962 potentia,
2090 1874 2292 1964 cujus
2331 1896 2506 1963 opus
2561 1873 2827 1942 miscri-

298 1964 533 2034 cordia
580 1978 703 2045 est,
758 1966 1086 2034 sustinuit
1133 1986 1293 2032 vasa
1342 1964 1504 2044 irae,
1558 1977 1718 2053 apta
1767 1964 1837 2032 in
1890 1963 2267 2041 interitum,
2321 1963 2390 2030 in
2445 1961 2661 2031 multa
2707 1984 2830 2052 pa-

300 2053 559 2123 tientia.
595 2054 892 2123 Tandem
927 2076 1105 2134 vero,
1135 2053 1312 2121 sicut
1342 2075 1382 2120 a
1416 2064 1600 2121 reatu
1639 2052 1900 2143 primae
1936 2051 2532 2141 praevaricationis
2560 2049 2831 2119 nullum

299 2142 592 2212 liberum
646 2143 916 2231 reperit,
970 2143 1059 2212 ita
1115 2141 1490 2211 liberandis
1536 2141 1866 2210 omnibus
1906 2141 2135 2220 vonit,
2189 2141 2463 2210 divitias
2512 2139 2835 2208 bonitatis

296 2245 362 2301 et
395 2231 936 2321 longanimitatis
975 2231 1302 2301 omnibus
1352 2230 1802 2320 praerogavit,
1849 2229 2217 2298 voluntatis
2264 2227 2830 2318 omnipotentiam

300 2320 369 2389 in
421 2320 727 2411 ingratos
774 2332 838 2389 et
883 2320 1034 2410 ejus
1082 2319 1341 2411 gratiae
1390 2332 1703 2409 respectu
1746 2318 2090 2408 indignOS,
2143 2317 2621 2388 efficacissime
2650 2338 2837 2386 exer-

301 2410 466 2489 cuit,
529 2408 808 2495 quando
854 2430 1031 2499 opus
1080 2408 1464 2478 salvatricis
1506 2407 2041 2487 misericordiae,
2089 2419 2166 2477 ut
2226 2406 2528 2496 reparari
2581 2417 2829 2495 posset,

302 2497 837 2568 clementissime
884 2512 1040 2567 ante
1090 2497 1503 2589 procuravit.
1551 2497 1728 2566 Forti
1781 2496 1879 2565 illi
1928 2508 2191 2566 armato
2230 2519 2446 2576 arma,
2481 2496 2548 2563 in
2579 2494 2838 2582 quibus

301 2588 710 2668 confidebat,
763 2587 1071 2658 abstulit:
1124 2611 1309 2667 vasa,
1362 2608 1539 2673 quae
1588 2586 2002 2675 possidebat,
2057 2585 2449 2654 distribuit:
2504 2597 2603 2664 ut,
2659 2585 2838 2653 sicut

302 2677 499 2768 prius
537 2691 806 2767 propter
834 2690 1131 2768 peccata,
1172 2677 1313 2746 irae
1339 2699 1520 2757 vasa,
1561 2675 1651 2744 ita
1688 2697 1808 2766 per
1855 2675 2005 2764 ejus
2053 2674 2343 2765 gratiam
2394 2674 2635 2743 fierent
2678 2695 2841 2743 vasa

296 2766 831 2836 misericordiae.
890 2771 968 2836 Ut
1014 2767 1197 2834 enim
1240 2787 1377 2835 non
1426 2777 1527 2835 est
1572 2765 2022 2844 credendum,
2067 2763 2149 2832 ad
2194 2762 2483 2832 salutem
2535 2762 2837 2848 aliquem

298 2856 708 2946 pertingere,
766 2856 897 2924 nisi
951 2860 1079 2925 Deo
1130 2855 1461 2924 invitante
1505 2855 1598 2922 ⁴⁸⁴:
1653 2855 1751 2924 sic
1801 2875 1925 2923 nec
1956 2852 2317 2921 invitatum
2360 2850 2639 2939 quidem
2677 2871 2839 2940 ope·

296 2944 434 3013 rari
484 2945 777 3013 salutem
843 2967 1088 3024 suam,
1147 2943 1281 3013 nisi
1343 2948 1474 3013 Deo
1537 2943 1946 3012 auxiliante:
2002 2940 2275 3011 nullum
2329 2940 2678 3010 voluntate
2728 2938 2843 3008 Dei

298 3033 543 3121 perire,
598 3034 713 3101 sed
768 3033 1133 3121 permissu,
1184 3055 1306 3122 pro
1352 3032 1617 3102 arbitrii
1666 3033 2016 3101 electione:
2058 3052 2142 3099 ne
2183 3030 2528 3100 facultatis
2563 3028 2843 3098 libertas

298 3134 363 3188 et
412 3120 805 3209 ingenuitas
852 3121 1062 3189 semel
1117 3121 1381 3190 homini
1429 3121 1780 3203 attributa,
1836 3120 1917 3189 ad
1973 3119 2287 3192 servilem
2336 3118 2687 3205 quandam
2725 3139 2843 3186 ne-

301 3209 684 3278 cessitatem
736 3209 1106 3299 redigatur.
1162 3215 1261 3278 Ita
1307 3232 1470 3300 ergo
1511 3209 1788 3280 initium
1837 3208 2082 3278 salutis
2135 3224 2402 3278 nostrae
2457 3212 2585 3277 Deo
2636 3207 2840 3275 mise-

299 3309 495 3364 rante
545 3297 904 3366 habemus,
946 3303 1027 3366 Ut
1071 3310 1299 3366 autem
1352 3297 1744 3367 salutiferae
1793 3298 2232 3386 inspirationi
2280 3297 2835 3384 acquiescamu5‚

302 3384 518 3452 nostri
564 3398 666 3455 est
713 3386 1000 3453 arbitrii.
1039 3391 1243 3454 Porro
1276 3399 1352 3456 ut
1380 3386 1855 3477 adipiscamur
1894 3387 1961 3454 id
2010 3386 2194 3472 quod
2247 3385 2610 3454 monitioni
2664 3383 2840 3452 divi-

304 3495 433 3541 nae
479 3475 989 3559 acquiescentes
1036 3475 1476 3566 appetimus,
1529 3474 1746 3543 divini
1796 3487 1896 3542 est
1946 3475 2278 3543 muneris.
2358 3480 2439 3543 Ut
2499 3473 2842 3553 labamur,

304 3573 576 3631 nostrae
624 3576 726 3631 est
776 3564 1123 3650 potestatis
1180 3577 1245 3633 et
1304 3564 1645 3654 ignaviae.
1709 3568 1789 3632 Ut
1841 3583 1975 3631 non
2028 3562 2346 3631 labamur
2392 3562 2635 3632 salutis
2695 3583 2848 3630 mu-

306 3672 467 3720 nere
515 3651 784 3740 adepto,
828 3666 1095 3721 nostrae
1128 3652 1408 3739 quidem
1459 3653 1762 3740 quodam
1813 3650 2015 3720 modo
2063 3662 2165 3720 est
2205 3651 2691 3732 solicitudinis,
2727 3651 2848 3720 sed

305 3740 495 3809 omni
539 3740 739 3809 modo
787 3740 1109 3832 adjutorii
1145 3741 1483 3812 coelestis.
1522 3745 1735 3827 Atque
1773 3739 1833 3808 ei
1867 3739 2010 3829 spei
2046 3738 2417 3809 fortissime
2448 3741 2842 3822 innitenteS,

305 3828 541 3898 beatos
588 3852 736 3898 esse
786 3852 856 3898 re
906 3831 1053 3920 ipsa
1102 3831 1614 3919 comperimus:
1679 3828 1799 3914 qui
1879 3850 2037 3896 cum
2108 3827 2452 3898 Christum
2512 3829 2582 3898 in
2647 3850 2853 3898 carne

306 3929 493 3986 tanta
540 3918 943 3988 efficientem
982 3941 1113 3988 non
1152 3919 1468 3998 viderint,
1510 3918 1747 3987 audita
1795 3929 2189 3987 constanter
2242 3918 2516 3987 credere
2552 3939 2683 3986 non
2718 3918 2853 3987 du·-

305 4007 635 4077 bitarunt:
689 4030 725 4077 e
772 4009 1028 4095 quibus
1075 4008 1281 4077 etiam
1336 4008 1588 4077 multos
1629 4007 1871 4078 fecisse
1911 4030 2113 4097 opera
2166 4028 2343 4095 quae
2387 4007 2501 4077 ille
2550 4007 2729 4088 fecit,
2786 4018 2852 4076 et

297 4095 495 4184 juxta
542 4097 691 4187 ejus
741 4098 1271 4186 promissionem
1324 4098 1584 4187 majora
1632 4117 1908 4185 quoque
1955 4096 2237 4179 secisse,
2302 4097 2714 4166 nonsolum
2756 4095 2856 4163 vi-

306 4183 445 4253 cini
531 4187 985 4269 confitentur,
1064 4186 1181 4258 sed
1255 4186 1360 4255 illi
1420 4187 1629 4256 etiam
1713 4185 2160 4277 praedicant,
2245 4186 2368 4274 qui
2442 4197 2604 4256 sunt
2673 4184 2856 4255 ultra

314 4382 506 4485 ggatnusss
536 4385 659 4425 diem
687 4385 847 4426 obitus
874 4396 961 4435 pro
989 4396 1044 4426 eo
1073 4386 1148 4425 hte
1176 4385 1427 4426 inserendo
1455 4384 1738 4435 delegimus:
1767 4385 1851 4426 ned
1880 4386 2194 4425 communiter
2220 4384 2316 4425 diei
2343 4392 2409 4423 xv
2438 4382 2708 4424 novembris
2738 4383 2851 4424 assi·

358 4488 412 4516 *¹*
440 4490 578 4531 Salus
598 4493 788 4534 aeterna
805 4503 890 4543 per
907 4493 991 4534 Det
1009 4492 1306 4533 vocationem
1324 4494 1372 4534 et
1390 4494 1609 4544 gratiam:
1630 4492 1870 4534 damnatio
1887 4493 2058 4542 cutem,
2079 4493 2162 4534 Dei
2182 4492 2419 4543 permissu
2437 4501 2492 4532 ex
2505 4490 2638 4541 justo
2654 4489 2850 4541 judicio.
