3327 4999
203 315 450 380 MART.
508 314 589 377 ›1ss
904 331 983 377 nn
1032 332 1086 377 s.
1142 330 1494 378 uealnanro
1542 331 1765 379 coLoN.
1822 330 2023 378 Erisc.
2537 313 2667 379 327

206 416 543 486 transibat
602 413 934 570 exiguum
984 414 1132 503 jam
1204 414 1371 483 dicti
1428 414 1755 505 pauperis
1812 414 2195 503 tugurium.
2255 414 2378 484 Ille
2424 426 2503 484 ut
2560 436 2758 505 prae-

208 515 587 574 tereuntem
638 503 700 571 vi
758 504 828 582 it,
875 524 1011 571 non
1049 525 1294 591 parum
1330 502 1539 572 alacri
1573 525 1746 572 usus
1778 502 2216 582 confidentia,
2255 503 2592 593 prorupit,
2628 503 2761 572 fre-

204 614 377 661 num
426 589 585 678 equi
626 589 984 680 corripuit,
1022 590 1232 659 simul
1282 591 1593 660 clamans
1640 603 1707 659 et
1754 591 2086 681 adjurans
2121 612 2242 680 per
2277 612 2527 659 nomen
2564 590 2753 659 Chri-

202 681 294 751 sti
343 690 412 748 et
460 700 580 769 pet·
629 680 1051 768 majestatem
1094 678 1372 747 divinae
1418 678 1800 759 charitatiS,
1839 690 1917 747 ut
1956 678 2322 768 paululum
2361 679 2764 748 subsisteret

198 780 270 837 et
320 768 421 837 vel
475 766 826 836 modicum
877 766 1049 852 quid
1097 766 1183 836 de
1230 768 1605 857 compatris
1650 767 1763 837 sui
1804 778 2145 867 apparatu
2179 766 2579 856 perciperet:
2620 789 2759 835 me·

199 878 361 925 mor
406 855 723 934 foederiS,
779 854 965 939 quod
1015 876 1251 924 secum
1306 855 1680 945 pepigisset
1726 855 1796 923 in
1841 878 1986 941 ¹jam
2030 855 2214 923 dicta
2245 855 2762 940 regeneratione

200 943 308 1013 vel
360 943 799 1031 susceptione
846 942 1069 1011 filioli:
1126 942 1427 1032 pontifex
1467 966 1766 1032 magnus
1814 942 1898 1012 ad
1951 942 2356 1041 hujusmodi
2401 944 2762 1032 tugurium

198 1053 357 1101 com
416 1031 586 1100 atris
632 1030 1014 1120 digressus,
1054 1031 1395 1120 optimum
1448 1031 1748 1121 sumpsit
1795 1030 2214 1111 convivium,
2270 1030 2472 1123 panis
2520 1030 2762 1098 videli-

198 1133 311 1188 cet
388 1132 683 1196 rustum,
737 1130 803 1187 et
840 1118 1141 1207 gallinae
1190 1119 1489 1207 pullum,
1548 1141 1815 1189 necnon
1866 1132 1931 1188 et
1981 1120 2206 1187 tenuis
2252 1118 2581 1186 cervisiae
2640 1141 2762 1208 po-

203 1206 475 1278 culum.
530 1206 711 1275 Talis
760 1228 971 1276 causa
1020 1207 1131 1288 sit,
1172 1206 1328 1276 talis
1378 1207 1648 1295 pietatis
1681 1207 2018 1288 custodia,
2075 1206 2228 1275 talis
2276 1206 2600 1286 charitas,
2635 1206 2764 1275 ubi

202 1295 312 1364 vel
365 1295 635 1382 quoties
683 1294 1128 1364 sacerdotalis
1175 1295 1499 1381 dignitaS,
1539 1315 1665 1383 pro
1712 1294 2116 1385 accipiendo
2149 1315 2435 1362 munere
2466 1294 2549 1362 ad
2588 1316 2763 1384 pau-

203 1405 409 1474 peres
439 1404 587 1453 sese
618 1383 930 1451 inclinat.
970 1389 1149 1453 Haec
1184 1406 1308 1474 pro
1354 1383 1770 1453 humilitatis
1800 1385 1951 1471 ejus
1983 1382 2371 1453 testimonio
2406 1382 2506 1451 vel
2538 1404 2764 1452 exem-

202 1473 323 1563 plo
370 1471 553 1540 dicta
600 1471 761 1539 sint.

310 1568 348 1640 ἓ
402 1563 572 1629 20.
626 1564 834 1627 Porro
881 1558 967 1627 de
1005 1558 1503 1645 misericordia,
1549 1581 1756 1645 quam
1810 1580 2136 1650 magnam
2190 1559 2258 1627 in
2311 1570 2579 1659 pec-tore
2611 1558 2763 1646 ejus

210 1648 498 1716 domum
538 1646 671 1715 sibi
706 1646 1191 1726 aedificaverit,
1226 1669 1436 1733 quam
1485 1670 1640 1717 vere
1691 1647 2080 1716 misericors
2127 1659 2192 1715 et
2240 1646 2755 1716 misericordiae

209 1736 406 1805 filius
454 1734 678 1815 fuerit,
735 1746 937 1803 testes
983 1748 1177 1803 erant
1224 1758 1611 1826 pauperum
1662 1735 2171 1815 multitudines,
2223 1746 2287 1802 et
2335 1756 2510 1824 pene
2558 1735 2765 1803 innu-

211 1822 581 1892 merabiles
625 1822 1078 1892 esurientium
1129 1824 1356 1892 cunei:
1408 1846 1584 1910 quos
1632 1845 1771 1894 non
1812 1845 1953 1893 uno
2002 1833 2266 1892 tantum
2320 1835 2626 1912 tempore
2660 1821 2764 1891 vel

208 1933 420 1991 anno,
477 1911 596 1980 sed
646 1910 967 2001 pluribus
999 1911 1440 2001 episcopatus
1488 1912 1598 1981 sui
1645 1912 1872 1992 anniS,
1928 1911 2109 1980 fame
2156 1933 2278 1999 per
2325 1923 2540 1980 totum
2590 1930 2767 1999 pene

211 2000 455 2069 orbem
497 2011 891 2090 grassante,
947 1999 1033 2067 de
1081 1999 1322 2070 multis
1382 2000 1785 2089 regionibus
1831 1999 2278 2078 confluentes,
2333 2011 2615 2087 paterno
2663 1996 2764 2065 af-

212 2088 399 2157 fectu
447 2100 512 2156 et
561 2100 871 2157 materna
918 2087 1167 2177 pietate
1214 2087 1284 2154 in
1337 2110 1590 2157 maona
1637 2087 2125 2176 benignissimi
2169 2086 2400 2156 cordis
2449 2085 2557 2153 sui
2608 2085 2764 2153 lati-

213 2176 460 2246 tudine
489 2176 930 2265 suscipiebat,
970 2175 1383 2265 dispertiens
1419 2138 1573 2244 illos
1604 2196 1725 2264 per
1757 2174 2090 2274 episcopii
2119 2174 2228 2244 sui
2266 2172 2758 2263 possessioneS,

214 2276 555 2350 quantum
606 2266 1111 2353 cujuscumque
1157 2264 1357 2332 fundi
1391 2262 1785 2333 facultatem
1838 2275 2176 2332 sustinere
2234 2283 2434 2351 posse
2470 2282 2766 2360 perpen-

211 2351 443 2421 debat.
496 2356 741 2420 Verum
795 2363 1058 2442 praeter
1104 2351 1507 2438 quotidiana
1540 2352 1708 2420 haec
1741 2350 2011 2441 pietatis
2058 2350 2208 2437 ejus
2262 2362 2754 2438 experimenta,

214 2437 594 2527 quamdam
643 2439 1018 2527 aliquando
1068 2440 1401 2510 memoria
1449 2441 1733 2531 dignam
1784 2460 1927 2508 rem
2025 2438 2229 2518 essit,
2298 2438 2370 2506 in
2419 2459 2558 2523 qua
2611 2458 2766 2528 pro-

210 2541 369 2621 pter
414 2528 933 2598 abundantiam.
967 2529 1501 2609 misericordiae,
1544 2549 1758 2618 prope
1798 2550 1955 2596 men
2012 2528 2144 2595 acii
2192 2526 2333 2595 sive
2382 2525 2764 2594 simulatio-

210 2617 328 2688 nis
388 2639 469 2685 ac
517 2615 945 2706 duplicitatis
994 2617 1426 2704 iniquitatem
1476 2618 1856 2686 incurrisse
1905 2615 2120 2705 possit
2175 2612 2576 2684 existimari.
2634 2612 2764 2682 Sed

209 2727 346 2775 nos
396 2704 734 2788 eiusmodi
788 2726 932 2774 rem
968 2719 1228 2795 gestam
1265 2719 1911 2784 commemorantes,
1967 2702 2175 2772 simul
2217 2702 2302 2771 ad
2359 2701 2765 2770 memoriam

218 2814 625 2864 revocemus
658 2793 832 2862 illud
883 2792 1146 2862 dictum
1201 2794 1563 2882 Sapientis:
1600 2793 1836 2862 Melior
1863 2803 1964 2861 est
1993 2791 2325 2878 iniquitas
2353 2789 2506 2869 viri,
2547 2810 2761 2875 quam

209 2879 652 2952 benefaciens
702 2880 977 2951 mulier.
1033 2887 1164 2951 Res
1213 2882 1343 2950 hoc
1378 2882 1581 2951 modo
1618 2895 1809 2970 gesta
1846 2892 1970 2950 est:
2010 2879 2310 2949 Clericus
2348 2877 2634 2963 quidam
2686 2898 2768 2944 ex

212 2991 360 3061 pau
412 2968 669 3049 eribus,
723 2970 866 3055 qui,
930 2981 1007 3038 ut
1058 2969 1207 3059 jam
1258 2969 1520 3037 dictum
1579 2981 1703 3049 est,
1765 2968 1851 3037 ad
1899 2968 2081 3037 beati
2131 2966 2479 3057 pontificis
2521 2985 2766 3033 curam

207 3069 283 3128 et
313 3080 350 3125 e
380 3078 821 3146 eemosynam
857 3057 1353 3137 confluxerant,
1391 3078 1527 3126 non
1570 3067 1934 3126 contentus
1984 3054 2327 3145 stipendio
2374 3053 2757 3132 charitatiS,

211 3145 404 3234 quod
456 3145 587 3213 sibi
634 3167 715 3214 ex
763 3144 882 3213 illo
929 3145 1041 3213 die
1090 3144 1593 3234 porrigebatur,
1627 3165 1849 3230 usque
1879 3144 1949 3211 in
1986 3143 2349 3212 Saxoniam
2392 3140 2770 3210 transvola-

212 3244 445 3312 verat,
499 3246 565 3302 et
611 3233 1020 3303 otiositatem
1071 3245 1417 3316 sectatuS,
1475 3254 1693 3318 quae,
1755 3245 1829 3301 ut
1884 3232 1980 3301 ait
2037 3229 2406 3319 Sapientia,
2476 3228 2769 3297 multam

214 3321 459 3392 docuit
533 3321 866 3402 malitiam
900 3375 916 3400 ‚
971 3321 1232 3390 furtum
1284 3331 1812 3410 perpetraverat.
1867 3319 2172 3405 Denique
2220 3329 2355 3386 tres
2405 3329 2613 3386 noctu
2673 3315 2772 3385 ef-

214 3410 532 3497 fringens
570 3409 920 3490 ecclesias,
972 3431 1134 3478 cum
1184 3409 1367 3478 vasis
1417 3419 1484 3476 et
1539 3408 1840 3476 vestibus
1888 3407 2106 3478 sacris
2152 3405 2400 3475 exinde
2447 3403 2765 3484 sublatiS,

215 3497 602 3586 sacrilegus
651 3497 999 3567 Coloniam
1052 3518 1288 3567 versus
1337 3496 1799 3586 repedaverat.
1836 3494 1985 3563 Illic
2019 3494 2517 3584 deprehensuS,
2556 3493 2772 3561 immo

218 3585 810 3671 subsequentibus
858 3607 896 3654 e
942 3585 1227 3676 vestigio
1275 3583 1386 3654 his
1436 3583 1556 3670 qui
1608 3583 1947 3652 damnum
2026 3581 2503 3673 pertulerant,
2546 3577 2778 3670 judici

214 3673 531 3762 ejusde'm
565 3673 860 3744 civitatis
886 3695 1046 3744 reus
1073 3683 1623 3763 repraesentatus
1653 3670 1897 3740 fuerat.
1934 3676 2064 3740 Nec
2097 3682 2242 3739 erat
2271 3668 2485 3736 dubia
2515 3679 2778 3765 senten-

216 3763 341 3842 tia,
386 3762 557 3848 quin
607 3762 788 3832 sicut
836 3762 1041 3831 habet
1088 3760 1379 3831 forensis
1413 3761 1541 3840 leX,
1579 3760 1936 3829 convictus
1969 3758 2080 3827 fur
2110 3755 2512 3844 sacrilegus,
2545 3767 2777 3824 statim

215 3850 602 3939 suspendio
650 3849 980 3918 interiret.
1018 3854 1094 3918 At
1136 3862 1282 3919 tum
1333 3861 1615 3920 sanctus
1666 3861 1856 3937 pater
1901 3847 1973 3915 in
2028 3846 2180 3936 ipsa
2230 3844 2404 3914 urbe
2455 3864 2780 3933 praesens

219 3938 486 4009 aderat.
553 3938 798 4008 Audito
863 3959 1027 4027 ergo
1082 3937 1269 4024 quod
1330 3937 1718 4016 acciderat,
1774 3933 2134 4005 confestim
2195 3932 2508 4022 judicem
2566 3930 2651 3999 ad
2711 3950 2785 3999 se

216 4030 480 4107 evocat,
522 4026 859 4114 jubetque
905 4037 1259 4112 tamquam
1307 4023 1474 4094 furti
1523 4024 1771 4093 vindex
1819 4024 2201 4102 animosuS,
2264 4032 2343 4089 ut
2400 4018 2623 4089 furem
2675 4039 2784 4118 se-

219 4135 386 4185 cum
438 4115 509 4183 in
572 4135 773 4184 suam
824 4113 1287 4204 praesentiam
1335 4113 1674 4182 deducat:
1709 4116 1937 4191 «Non,
2005 4110 2269 4195 inquit,
2332 4107 2538 4178 hodie
2585 4128 2785 4193 quic-

220 4223 437 4289 quam
501 4202 643 4271 cibi
688 4213 809 4271 aut
855 4213 1060 4291 potus
1114 4201 1491 4291 percipiam
1527 4254 1542 4281 ,
1608 4200 1826 4270 donec
1884 4199 1956 4267 in
2017 4209 2394 4284 conspectu
2455 4216 2607 4264 meo
2665 4193 2784 4262 ille

226 4290 471 4360 mortis
503 4313 663 4360 reus
696 4302 1095 4379 appareat.»
1125 4295 1544 4374 Factumque
1573 4299 1697 4369 est,
1732 4299 1797 4357 et
1829 4308 2062 4356 coram
2094 4285 2503 4364 adductum,
2537 4302 2788 4380 quam-3

225 4379 331 4448 vis
379 4379 589 4451 torvis
637 4378 857 4448 oculis
904 4377 1275 4468 aspicienS,
1327 4382 1503 4458 «Te,
1562 4375 1813 4464 inquit,
1867 4375 2093 4445 vivere
2144 4373 2247 4444 fas
2299 4392 2440 4442 non
2493 4379 2619 4450 est,
2673 4389 2790 4438 cul
