3327 4999
737 363 869 431 468
1467 379 1536 429 m
1581 375 1966 430 ANNUNCIAT.
2018 377 2079 430 Β.
2130 377 2369 428 mmm
2815 315 3064 426 MART.
3118 358 3213 426 25
3309 390 3324 409 ι

653 459 1013 555 majorem,
1068 463 1395 534 Zebedaei
1440 463 1692 548 filium,
1730 475 1794 535 et
1840 469 2117 535 Petrum
2163 469 2381 533 Jonae
2409 461 2513 532 vel
2542 461 2853 545 Joannis,
2894 473 3213 534 astruere

655 553 1004 645 compulsi
1052 565 1238 623 sunt.

739 644 779 730 ξ
825 646 976 715 16.
1030 643 1257 711 Habes
1304 663 1465 732 ergo
1514 662 1766 740 meam,
1819 641 1997 712 bone
2046 640 2278 723 lector,
2333 640 2461 710 hac
2508 639 2595 710 de
2643 661 2715 710 re
2762 641 3207 711 sententiam:

656 752 866 817 quam
918 742 984 799 et
1033 743 1095 798 te
1142 751 1440 818 quoque,
1481 751 1536 802 ει
1574 730 1736 820 pius
1764 752 1870 813 eS,
1911 730 1969 801 si
2001 728 2333 801 castitatis
2378 741 2444 798 et
2491 728 2992 798 sanctimoniae
3021 752 3214 800 ama-

657 830 784 900 tor,
824 819 884 888 si
932 818 1112 888 beati
1162 818 1415 908 Joseph
1453 817 1739 889 devotus
1772 818 1965 889 filius
1989 818 2247 899 existis,
2290 830 2691 887 secuturum
2722 838 2860 887 non
2892 820 3201 909 ambigo.

651 905 861 976 Plura
909 917 1166 986 autem,
1223 908 1282 976 si
1330 912 1631 977 Veronae
1661 908 1731 975 in
1783 907 2200 1008 Episcopatu
2248 927 2401 975 meo
2448 905 2763 988 fuissem,
2816 928 2901 975 su
2957 927 3033 976 er
3078 907 3204 977 hoc

654 993 939 1064 forsitan
1001 994 1173 1064 colle
1225 996 1456 1074 issem,
1513 995 1637 1066 ubi
1683 1007 1749 1066 et
1808 996 2145 1067 hbrorum
2196 993 2371 1064 mihi
2419 993 2618 1086 copia
2666 1015 2889 1085 suppe
2945 994 3091 1072 itat‚
3139 1008 3202 1065 et

653 1081 910 1152 adsunt
958 1105 1197 1153 nonnu
1230 1084 1454 1153 larum
1505 1084 1966 1174 Epistolarum
2032 1082 2325 1153 schedae
2370 1082 2554 1153 ultro
2602 1083 2912 1170 citroque
2963 1084 3192 1154 missa-

654 1193 839 1253 rum,
885 1170 1054 1240 dum
1106 1171 1509 1241 recolendae
1558 1173 1932 1242 memoriae
1968 1178 2269 1243 Joannes
2317 1171 2691 1242 Cochlaeus
2741 1171 2845 1240 vir
2891 1169 3189 1243 doctissi-

655 1281 838 1340 mus,
890 1272 956 1328 et
1003 1259 1087 1328 de
1146 1259 1530 1330 Christiana
1577 1260 1934 1350 republica
1982 1261 2240 1352 optime
2287 1260 2617 1341 merituS‚
2674 1259 2908 1330 adhuc
2975 1261 3196 1331 nobis-

653 1369 815 1417 cum
866 1348 938 1416 in
990 1347 1318 1419 humanis
1366 1362 1619 1438 ageret.
1674 1348 2180 1419 Nam-memini
2217 1348 2346 1418 hac
2379 1348 2465 1419 de
2510 1370 2583 1419 re
2613 1349 2792 1418 inter
2821 1370 2953 1418 nos
2984 1349 3195 1418 multa

653 1447 718 1505 et
765 1436 952 1505 dicta
998 1448 1062 1505 et
1109 1437 1482 1507 constituta
1528 1436 1764 1509 fuisse.
1809 1441 1990 1507 Haec
2025 1459 2202 1518 νει-ο,
2237 1459 2413 1525 quae
2461 1459 2583 1527 per
2629 1459 2740 1507 me
2787 1458 2977 1507 nunc
3014 1436 3198 1527 apud

655 1524 1171 1595 nobilissimum
1206 1524 1525 1596 Poloniae
1558 1547 1848 1617 regnum
1899 1526 2334 1596 Pontificium
2388 1530 2710 1616 Legatum
2762 1529 3104 1616 agentem,
3141 1537 3204 1594 et

654 1610 853 1682 libris
900 1611 1038 1681 fere
1086 1625 1471 1697 carentem,
1523 1626 1729 1715 atque
1775 1613 2054 1685 assidue
2112 1614 2251 1684 huc
2307 1614 2611 1702 illucque
2659 1614 3197 1702 obequitantem,

652 1722 733 1769 ac
783 1701 1076 1791 negotiis
1123 1701 1561 1773 difficillimis
1610 1700 2071 1793 1mplicatum,
2124 1703 2326 1790 quasi
2374 1724 2455 1773 ex
2503 1703 2838 1773 memoria
2893 1702 3036 1772 dici
3083 1723 3200 1793 po-

654 1799 957 1871 tuerunt,
993 1801 1066 1860 tu
1094 1803 1159 1861 et
1188 1790 1483 1881 benigne
1527 1791 1884 1882 suscipitO,
1931 1801 1995 1861 et
2027 1792 2228 1880 aequi
2262 1791 2568 1879 bonique
2604 1791 2979 1863 consulito.
3015 1790 3193 1860 Vale.

1252 2049 1328 2129 S.
1394 2051 1441 2127 J
1443 2048 1654 2129 OAN
1657 2050 1729 2129 N
1734 2049 1820 2130 IS
1883 2048 2602 2131 CHRYSOSTOMI

1435 2284 1729 2334 Ancnmr.
1783 2248 2417 2334 consrmrmor'our.

838 2472 942 2572 ΙΝ
1014 2471 1150 2575 SS.
1220 2471 1391 2574 DEl
1459 2470 2039 2606 GENl'l'RlClS
2107 2468 3022 2573 ANNUNclATloNEM

1782 2669 2083 2752 ORATIO

736 2845 772 2929 ξ
818 2848 895 2914 1.
952 2847 1216 2911 Rursus
1262 2840 1558 2911 laetitiae
1597 2841 1848 2922 nuntii,
1902 2862 2148 2912 rursus
2199 2839 2531 2910 libertatis
2572 2839 2857 2923 indicia,
2913 2862 3201 2912 rursum

645 2930 1001 3009 revocati0,
1048 2951 1326 2998 rursum
1363 2928 1646 3010 redituS,
1694 2951 1974 2999 rursum
2007 2928 2286 3020 gaudia,
2326 2951 2606 2999 rursum
2655 2951 2697 2998 a
2745 2929 3072 3000 servitute
3113 2929 3200 2997 li-

643 3016 926 3087 beratio.
993 3017 1291 3107 Angelus
1348 3040 1510 3088 cum
1574 3018 1851 3110 Virgine
1898 3017 2248 3106 loquitur,
2304 3017 2636 3104 quoniam
2685 3039 2976 3108 serpens
3021 3040 3186 3088 cum

644 3104 935 3175 muliere
983 3105 1252 3176 locutus
1300 3104 1541 3176 fuerat.
1598 3110 1818 3187 Sext0,
1874 3106 2120 3194 inquit,
2177 3127 2413 3177 mense
2463 3105 2722 3175 missus
2754 3118 2858 3176 est
2894 3128 2982 3176 an
3081 3105 3192 3177 lus

644 3193 913 3263 Gabriel
961 3216 1003 3263 a
1052 3199 1181 3263 Deo
1221 3194 1307 3263 ad
1348 3195 1694 3286 Virginem
1730 3195 2218 3296 desponsatam
2270 3194 2435 3265 viro.
2475 3194 2726 3266 Missus
2754 3207 2859 3266 est
2885 3199 2987 3265 Ga
3041 3194 3188 3276 riel‚

644 3294 721 3352 ut
771 3282 978 3353 totius
1018 3282 1263 3352 mundi
1311 3283 1603 3354 salutem
1657 3297 2039 3353 nunciaret.
2095 3283 2345 3353 Missus
2394 3294 2497 3352 est
2531 3282 2835 3365 Gabriel,
2891 3295 2971 3354 ut
3019 3283 3190 3355 scri-

646 3382 843 3460 ptum
895 3370 1346 3442 revocationis
1392 3372 1605 3442 Adam
1640 3373 1932 3442 afferret.
1975 3371 2222 3444 Missus
2250 3382 2352 3442 est
2383 3370 2654 3442 Gabriel
2689 3371 2776 3441 ad
2811 3371 3189 3463 Virginem,

647 3470 725 3529 ut
772 3459 1085 3531 mulieris
1131 3459 1428 3531 dedecus
1476 3461 1547 3530 in
1599 3461 1926 3530 honorem
1976 3470 2418 3530 converteret.
2474 3458 2723 3529 Missus
2756 3471 2858 3531 est
2888 3461 3187 3540 Gabriel,

645 3559 724 3618 ut
768 3570 944 3638 puro
991 3570 1247 3639 sponso
1293 3548 1678 3619 thalamum
1723 3562 2014 3640 pararet.
2071 3549 2318 3618 Missus
2373 3560 2476 3618 est
2521 3548 2820 3630 Gabriel,
2893 3563 2971 3620 ut
3016 3550 3194 3619 inter

644 3649 1031 3708 creaturam
1078 3649 1143 3706 et
1187 3647 1561 3707 creatorem
1612 3637 1963 3727 sponsalia
2009 3637 2405 3707 celebraret.
2474 3636 2723 3709 Missus
2768 3647 2874 3709 est
2919 3636 3192 3708 Gabriel

643 3724 731 3792 ad
779 3726 1164 3795 animatum
1215 3725 1547 3815 palatium
1599 3726 1779 3826 regis
1827 3725 2258 3817 angelorum.
2331 3726 2580 3794 Missus
2626 3736 2731 3794 est
2778 3724 3056 3796 Gabriel
3105 3725 3192 3795 ad

644 3813 992 3905 Virginem
1041 3813 1526 3903 desponsatam
1583 3814 1865 3901 quidem
1920 3814 2176 3905 Joseph
2207 3868 2223 3895 ‚
2278 3814 2399 3884 sed
2460 3825 2798 3884 servatam
2849 3813 2998 3884 filio
3051 3815 3190 3884 Dei.

644 3901 892 3973 Missus
926 3913 1027 3971 est
1056 3923 1294 3973 servus
1326 3903 1775 3993 incorporeus
1820 3902 1905 3971 ad
1958 3903 2304 4003 Virginem
2354 3901 2904 3972 immaculatam.
2941 3902 3197 3974 Missus

641 4002 744 4060 est
789 4013 830 4060 a
893 4003 1169 4080 peccato
1216 3990 1480 4081 integer
1539 3990 1627 4060 ad
1676 3991 2143 4082 corruptioms
2189 4002 2558 4081 expertem.
2630 3989 2880 4062 Missus
2940 4004 3043 4061 est
3093 3991 3200 4060 lu—

641 4099 888 4148 cernae
935 4078 1284 4168 splendor,
1339 4079 1460 4236 Ἱυί
1498 4079 1812 4169 justitiae
1852 4078 2067 4149 solem
2119 4079 2494 4149 nuntiaret.
2549 4077 2801 4148 Missus
2847 4090 2950 4149 est
3010 4079 3198 4150 nitor

641 4189 952 4247 aurorae,
1011 4166 1133 4253 qui
1179 4166 1318 4237 diei
1397 4189 1602 4237 umen
1652 4178 2146 4258 praecurreret.
2194 4167 2443 4238 Missus
2488 4180 2593 4237 est
2639 4166 2936 4249 Gabriel,
2999 4180 3076 4237 ut
3119 4189 3202 4237 o-

642 4256 983 4325 stenderet
1028 4276 1213 4337 eum,
1266 4256 1389 4342 qui
1435 4267 1537 4325 est
1585 4256 1653 4325 in
1706 4257 1865 4329 sinu
1914 4256 2155 4337 PatriS,
2195 4257 2267 4326 in
2310 4256 2552 4326 matris
2597 4255 2803 4325 etiam
2845 4254 3038 4326 ulnis
3073 4277 3199 4347 ge-

641 4345 830 4413 stari.
886 4344 1135 4412 Missus
1180 4357 1282 4415 est
1329 4343 1624 4425 Gabriel,
1677 4357 1755 4414 ut
1802 4345 2158 4427 indicaret,
2219 4345 2338 4432 qui
2388 4357 2490 4414 est
2545 4344 2617 4413 in
2666 4344 2861 4426 solio,
2915 4344 2987 4412 in
3038 4365 3200 4435 sp&

643 4430 852 4506 lunca
897 4432 1104 4503 etiam
1137 4431 1390 4522 jacere.
1445 4432 1696 4504 Missus
1741 4445 1843 4503 est
1892 4434 2115 4516 mileS,
2151 4434 2275 4524 qui
2306 4432 2751 4525 Imperatoris
2781 4432 3202 4525 mysterium
