3327 4999
645 265 778 329 246
1466 281 1546 328 nn:
1594 280 1650 328 s.
1705 280 2018 329 enncomo
2065 282 2227 329 rara
2731 265 2981 332 MART.
3037 269 3124 333 42

554 372 680 443 est,
718 361 804 431 ad
856 360 1105 432 balnea
1161 359 1519 449 processit.
1565 359 1770 431 Unde
1818 372 2187 442 revertenS,
2229 370 2497 431 tantum
2551 361 2850 433 laetitiae
2900 365 3125 455 potio-

555 450 767 520 nibus
806 462 874 521 et
918 449 1361 519 cantionibus
1409 470 1481 518 se
1527 448 1868 528 dissolvit,
1905 460 1984 519 ut
2029 448 2446 539 subrepente
2478 472 2746 530 somno,
2789 453 3128 524 interesse

555 539 916 611 nocturnis
965 560 1127 609 cum
1176 537 1507 608 fratribus
1554 558 1944 623 numquam
1994 538 2331 626 potuisset
2376 537 2651 609 officiis.
2690 540 2944 610 Eadem
2995 563 3125 611 no-

555 640 661 697 cte
707 628 991 697 cuidam
1040 626 1439 717 presbytero
1498 638 1564 694 et
1628 626 1973 695 monacho
2025 627 2263 699 beatus
2311 628 2682 716 Gregorius
2730 628 2802 697 in
2854 630 3126 701 somnis

555 738 926 807 apparenS,
965 714 1100 785 ait:
1155 734 1192 781 «
1218 719 1458 805 Surge,
1511 726 1578 783 et
1623 713 1737 783 dic
1775 715 2187 804 praeposito,
2228 726 2305 785 ut
2336 716 2830 805 poenitentiam
2878 739 3122 809 ageuS,

554 804 913 894 peculium
963 825 1171 873 suum
1222 803 1409 890 quod
1457 823 1618 873 eum
1684 824 2062 902 aggregare
2129 824 2267 871 non
2384 803 2612 885 uduit,
2666 827 2790 895 pro
2844 819 3128 895 peccato

555 892 1021 994 conscientiae
1068 913 1235 963 suae
1282 891 1658 982 dispergat,
1696 913 1863 978 quta
1909 891 2022 961 die
2071 892 2266 962 tertia
2350 893 2635 963 unditus
2681 893 3130 985 extinguetur

557 1002 600 1050 a
645 993 805 1050 vlta.
836 1004 874 1047 ))
2229 992 2240 1003 ·

644 1072 682 1157 ἓ
739 1073 889 1141 28.
943 1068 1134 1151 Quod
1201 1068 1636 1158 praepositus
1702 1068 2163 1149 vehementer,
2225 1078 2306 1137 ut
2351 1068 2640 1151 audivit,
2708 1070 3000 1160 expavit,
3053 1084 3128 1143 et

555 1158 721 1245 quia
775 1157 1100 1227 mandato
1151 1156 1458 1247 Gregorii
1493 1155 1903 1227 incredulus
1940 1177 2092 1227 esse
2125 1177 2261 1225 non
2292 1168 2576 1246 poterat,
2623 1158 3127 1248 poenitentiam

554 1246 761 1336 cepit,
806 1256 1194 1332 cunctaque
1244 1268 1370 1314 sua
1419 1266 1637 1315 sanus
1682 1244 2135 1325 distribuens,
2181 1257 2370 1314 tanto
2417 1245 2629 1316 febris
2677 1245 2923 1316 ardore
2966 1269 3127 1316 cor-—

554 1347 792 1425 reptus
839 1344 964 1413 est,
1001 1346 1078 1403 ut
1124 1355 1166 1403 a
1204 1332 1514 1403 diluculo
1555 1333 1692 1402 diei
1743 1333 1922 1403 tertii
1956 1355 2177 1421 usque
2205 1332 2291 1402 ad
2346 1334 2581 1403 horam
2638 1334 2902 1403 tertiam
2952 1357 3127 1405 cum

555 1423 820 1513 ingenti
853 1421 1123 1511 fragore
1170 1444 1335 1512 prae
1383 1421 1704 1491 incendio
1738 1421 2049 1512 linguam
2083 1422 2169 1491 ab
2207 1443 2325 1491 ore
2355 1421 2748 1513 projiciens,
2788 1422 3128 1493 ultimum

554 1511 799 1581 flatum
852 1510 1298 1600 protraheret.
1354 1515 1571 1593 Quem
1623 1509 2007 1599 presbyteri
2057 1522 2194 1579 tam
2244 1508 2848 1580 duriterlaborare
2877 1511 3128 1581 viden-

556 1611 697 1681 tes,
761 1599 1109 1688 deputatis
1172 1598 1313 1667 illic
1382 1598 1746 1669 monachis
1806 1598 2136 1685 quicum
2203 1598 2610 1687 psalmodiis
2657 1599 2811 1688 ejus
2858 1600 3128 1671 exitum
3199 1603 3204 1608 ’

553 1685 1146 1767 commendarent,
1186 1686 1321 1775 ipsi
1371 1708 1495 1776 pro
1542 1708 1623 1756 eo
1671 1687 1999 1756 studuere
2043 1687 2499 1776 omnipotenti
2538 1688 2821 1756 Domino
2872 1687 3131 1758 solem-

555 1797 680 1845 nes
729 1774 989 1844 hostias
1028 1773 1414 1844 immolare.
1452 1775 1580 1844 Sed
1634 1775 1959 1843 monachi
2009 1774 2470 1865 psalmodiam
2511 1775 2927 1857 deserenteS,
2978 1798 3125 1845 non

554 1864 941 1932 timuerunt
976 1864 1153 1932 inter
1188 1885 1262 1932 se
1310 1863 1630 1932 morienti
1665 1861 1858 1932 fratri
1907 1864 2289 1932 detrahere.
2329 1868 2497 1933 Cum
2546 1885 2703 1933 ecce
2740 1866 3129 1954 presbyteri

554 1973 597 2021 a
644 1952 1010 2021 Missarum
1062 1950 1420 2021 solemniis
1446 1952 1626 2021 circa
1671 1952 1912 2020 horam
1942 1952 2309 2041 septimam
2338 1965 2746 2033 remeantes,
2777 1959 3130 2023 Joannem

554 2040 1063 2131 presbyterum,
1116 2061 1326 2126 quem
1374 2039 1878 2119 incredibiliter
1923 2061 2086 2109 cum
2137 2053 2353 2109 morte
2402 2040 2778 2109 luctantem
2822 2041 3130 2127 relique-—

553 2140 732 2209 rant,
779 2128 999 2198 levius
1047 2150 1121 2197 se
1169 2128 1423 2198 habere
1488 2129 1717 2198 mirati
1757 2139 1943 2207 sunt,
1984 2149 2288 2214 eumque
2350 2130 2763 2197 nominatim
2811 2130 3124 2200 clamare

551 2229 948 2317 coeperunt.
985 2222 1132 2287 Mox
1165 2215 1283 2286 ille
1309 2215 1549 2287 oculos
1580 2216 2006 2287 subridendo
2042 2216 2469 2297 concutiens,
2506 2222 2821 2297 «Pareat,
2859 2218 3117 2303 inquit,

551 2305 748 2374 vobis
798 2305 1158 2385 Dominus,
1197 2303 1474 2374 fratres:
1509 2325 1725 2391 quare
1766 2325 1876 2374 me
1905 2304 2248 2374 solicitare
2286 2304 2654 2375 voluistis?
2691 2305 2813 2391 qui
2845 2306 2932 2376 ab
2961 2306 3123 2396 ipso

553 2393 767 2483 hujus
813 2393 949 2461 diei
1001 2392 1345 2484 principio
1395 2414 1616 2478 usque
1667 2414 1879 2472 nunc,
1918 2414 2150 2479 coram
2184 2393 2448 2464 Christo
2481 2393 2902 2483 praesidenti
2936 2395 3128 2465 mul-

557 2482 647 2554 tis
679 2480 991 2552 millibus
1030 2481 1463 2572 angelorum,
1502 2504 1665 2551 cum
1714 2480 1991 2552 diabolo
2038 2482 2125 2551 ad
2173 2480 2522 2571 judicium
2575 2483 2753 2564 steti,
2807 2495 2873 2553 et
2919 2482 3126 2575 adju-

551 2571 878 2640 vantibus
927 2592 1038 2640 me
1085 2569 1345 2640 sanctis
1392 2569 1658 2638 Andrea
1693 2582 1758 2639 et
1806 2571 2155 2660 Gregori0,
2203 2572 2474 2640 cunctis
2513 2572 2664 2659 ejus
2712 2572 3129 2663 objectioni-

550 2659 687 2729 bus
735 2659 909 2728 bene
958 2656 1307 2748 respondi.
1379 2657 1623 2728 Sciatis
1689 2669 1962 2741 autem,
2029 2658 2194 2745 quia
2261 2661 2662 2730 monasterii
2713 2661 3119 2744 sextarium,

551 2746 912 2828 modium,
974 2746 1250 2827 libram,
1314 2746 1891 2815 consuetudinem
1949 2747 2549 2835 eleemosynarum
2611 2760 2677 2818 et
2735 2747 3119 2832 luminum,

550 2856 971 2920 omnemque
1019 2856 1417 2904 mensuram
1468 2834 1944 2905 curiosissime
2010 2836 2275 2905 Christo
2340 2837 2701 2923 quaerenti
2762 2859 2982 2924 usque
3027 2837 3123 2908 ad

556 2921 940 2994 scabellum
996 2922 1251 3013 pedum
1291 2923 1443 3012 ejus
1479 2924 1780 3013 portavi:
1835 2922 1951 2992 sed
1993 2923 2079 2994 de
2119 2946 2259 2993 una
2289 2925 2673 3013 objectione
2714 2924 2927 2994 fateor
2955 2948 3124 2995 con-

550 3011 774 3080 victus
805 3011 1081 3080 erubui.
1136 3016 1228 3081 De
1271 3032 1412 3098 qua
1462 3033 1573 3080 me
1621 3011 1945 3092 nimium,
1983 3013 2164 3081 sicut
2210 3012 2501 3094 vidistis,
2576 3012 2955 3083 laborando
3000 3035 3123 3082 ve-

550 3098 729 3179 xavi,
783 3111 849 3169 et
897 3121 1006 3168 me
1053 3099 1284 3169 adhuc
1334 3099 1627 3169 liberare
1675 3121 1813 3169 non
1866 3101 2132 3189 potui.»
2168 3105 2477 3187 Cumque
2507 3100 2752 3171 fratres
2777 3102 2862 3170 de
2887 3124 2960 3171 ea
3010 3123 3126 3170 re-

551 3187 930 3274 quirerent,
984 3188 1119 3257 ait:
1175 3212 1211 3254 «
1242 3193 1382 3256 Non
1433 3188 1657 3258 audeo
1703 3186 1956 3269 dicere,
2011 3190 2179 3274 quia
2225 3190 2506 3276 quando
2548 3212 2667 3260 vos
2699 3213 2809 3259 me
2856 3192 3120 3259 clama-

553 3275 700 3356 stiS‚
739 3286 804 3345 et
850 3298 892 3345 a
939 3286 1175 3346 sancto
1224 3277 1548 3367 Gregorio
1598 3275 1825 3346 redire
1862 3275 2109 3366 jussus
2158 3299 2341 3359 sum,
2409 3291 2486 3347 ut
2533 3278 2727 3348 vobis
2773 3279 2981 3347 etiam
3031 3278 3123 3347 de

550 3364 901 3434 mensuris
948 3376 1014 3434 et
1057 3364 1687 3435 consuetudinibus
1737 3365 2140 3435 monasterii
2188 3387 2516 3456 ponerem
2564 3367 2928 3446 rationem,
2966 3366 3123 3436 dia·

550 3451 756 3522 bolus
802 3457 1223 3539 conquestus
1270 3465 1394 3533 est,
1432 3466 1688 3542 putans
1735 3452 1918 3538 quod
1972 3475 2083 3522 me
2148 3466 2341 3543 pater
2389 3455 2763 3544 Gregorius
2810 3453 2895 3524 ad
2959 3477 3126 3543 poe-

550 3539 914 3609 nitentiam
955 3540 1419 3610 remisisset.»
1460 3546 1738 3631 Quapro
1793 3554 1893 3610 ter
1921 3542 2202 3611 beatum
2231 3543 2642 3632 Gregorium
2683 3542 2923 3612 vadem
2957 3543 3124 3611 dedi

550 3649 639 3698 ne
685 3640 1103 3698 commotam
1151 3628 1581 3700 calumniam
1624 3630 1740 3699 cui
1774 3630 1913 3699 ibet
1960 3629 2360 3700 revelarem.
2416 3631 2564 3701 Illis
2614 3631 2839 3721 magis
2887 3630 3124 3701 immi-

551 3717 904 3798 nentibus,
958 3727 1023 3786 et
1055 3738 1130 3785 se
1178 3738 1301 3806 pro
1340 3739 1420 3787 eo
1467 3717 1960 3807 deprecaturos
2009 3717 2380 3789 Dominum
2415 3718 3004 3809 promittentibus,
3042 3730 3124 3789 ut

549 3826 832 3875 causam
884 3804 1217 3874 fratribus
1267 3804 1615 3886 revelaret,
1685 3805 2171 3877 defunctorum
2241 3807 2708 3895 quorumdam
2759 3807 3006 3878 domos
3052 3820 3122 3877 et

549 3892 928 3961 viventium
977 3893 1223 3963 merita
1257 3892 1668 3983 proferebat,
1724 3893 2006 3965 dicens:
2061 3900 2254 3966 «Iste
2301 3896 2584 3986 dignus,
2623 3895 2752 3965 iste
2780 3895 3123 3986 indignus

549 3991 733 4050 cst.»
784 3985 1053 4053 Rursus
1100 3984 1585 4072 interrogatus,
1642 3982 1731 4051 ad
1782 3983 2160 4053 monachos
2214 3983 2337 4071 qui
2388 3983 2658 4074 pridem
2714 4005 2952 4054 secum
3010 4003 3126 4053 re-

551 4080 973 4149 manserant,
1016 4092 1392 4141 conversus
1438 4083 1563 4153 est,
1616 4069 1893 4140 dicens:
1947 4072 2277 4154 «Omnia,
2332 4071 2404 4140 in
2465 4072 2724 4159 quibus
2772 4071 2949 4140 mihi
2996 4071 3124 4142 de-

550 4157 877 4238 traxistiS‚
933 4156 1218 4241 fratreS,
1272 4158 1533 4241 audivi,
1585 4180 2019 4247 quamquam
2079 4159 2497 4250 respondere
2546 4159 3000 4248 nequiverim,
3055 4171 3126 4230 et

549 4245 1130 4335 impedimentum
1180 4248 1354 4317 mihi
1385 4269 1523 4332 non
1574 4248 1930 4317 modicum
1975 4248 2381 4338 generastiS,
2420 4248 2588 4335 quia
2635 4262 2773 4318 tam
2831 4269 2873 4317 a
2921 4248 3124 4322 vobis

549 4355 763 4421 quam
828 4357 870 4404 a
931 4334 1209 4405 diabolo
1275 4335 1406 4407 sub
1468 4357 1611 4406 uno
1679 4349 1985 4427 tempore
2047 4349 2418 4407 accusatus
2452 4390 2468 4419 ,
2538 4336 2932 4407 nesciebam
3002 4336 3127 4408 cui
