3327 4999
673 318 800 383 180
1495 336 1575 383 aa
1623 334 1679 382 s.
1734 331 2047 381 aassaomo
2094 332 2258 380 ΡΑΡΑ
2750 312 2984 380 MART.
3033 311 3100 377 ⁴2

582 418 923 511 gerendas
972 417 1436 509 praevidendo
1485 417 1764 489 sentire.
1818 415 1943 486 Ille
1990 416 2251 506 quippe
2315 414 2388 485 in
2452 415 2675 486 tribus
2736 415 2997 507 Angelis
3034 435 3107 482 u-

582 530 757 579 num
807 507 1143 586 salutanS,
1182 505 1534 577 Trinitatis
1582 504 2065 575 subsistentias
2111 504 2326 575 unius
2373 503 2802 574 substantiae
2829 525 2968 574 esse
3008 502 3108 573 de·

582 593 890 681 claravit.
944 600 1080 664 Iste
1128 615 1285 663 vero
1335 593 1622 665 satiatus
1655 592 2003 663 benedicit
2049 592 2300 672 filium,
2336 592 2503 681 quia
2531 593 2655 681 qui
2684 592 2934 661 divinis
2961 613 3110 683 epu-

583 683 671 753 lis
720 683 1048 773 repletur‚
1093 681 1287 752 illius
1335 704 1586 753 sensus
1632 681 1703 750 in
1749 680 2151 771 prophetiae
2199 682 2517 751 virtutem
2562 681 2967 751 extenditur.
3016 679 3111 748 Di-

581 772 785 840 vinae
831 783 1058 840 autem
1111 771 1381 861 epulae,
1427 769 1606 841 sacri
1653 769 1912 857 eloquii
1961 770 2168 839 verba
2227 782 2412 839 sunt.
2476 770 2545 840 Si
2594 771 2809 861 igitur
2862 768 3113 839 assidue

582 859 836 950 legitiS,
876 859 935 929 si
982 859 1376 949 exemplum
1415 860 1502 929 ab
1529 858 1985 929 exterioribus
2033 858 2404 940 trahenteS,
2442 858 2716 928 interna
2741 857 3108 959 penetratis„

580 946 785 1034 quasi
833 946 918 1016 de
965 948 1117 1038 agri
1146 946 1505 1017 venatione
1552 947 1804 1028 satiati,
1860 947 2111 1019 mentis
2159 960 2464 1016 ventrem
2517 947 2840 1037 repletis:
2892 958 3113 1017 utan-

582 1036 873 1126 teposito
905 1034 1073 1116 filio,
1113 1047 1433 1125 suscepto
1464 1035 1781 1105 videlicet
1820 1035 2101 1126 popule,
2140 1036 2421 1126 possitis
2456 1049 2744 1105 ventura
2774 1034 3107 1105 nunciare.

584 1123 713 1194 Sed
762 1124 909 1215 jam
971 1124 1041 1192 in
1114 1124 1241 1193 hoc
1306 1124 1540 1194 seculo
1606 1123 1738 1194 call
1792 1137 1860 1193 at
1923 1124 2044 1211 qui
2093 1123 2180 1192 de
2230 1128 2362 1193 Deo
2410 1124 2676 1211 aliquid
2750 1125 3107 1215 prophetat.

581 1213 754 1295 Quia
808 1211 1107 1302 profecto
1138 1212 1429 1303 dignum
1479 1222 1605 1291 est,
1645 1223 1722 1282 ut
1812 1212 1873 1281 ic
1895 1212 2044 1303 jam
2083 1234 2204 1302 per
2231 1212 2871 1302 concupiscentiam
2908 1211 3113 1284 minus

580 1299 830 1381 videat,
867 1301 1074 1391 cujus
1108 1322 1355 1371 sensus
1406 1322 1528 1391 per
1575 1300 2105 1391 intelligentiam
2129 1300 2330 1371 intus
2378 1313 2718 1370 coruscat.
2756 1305 2940 1371 Haec
2977 1321 3115 1387 ergo

581 1388 668 1458 ad
719 1389 1172 1479 vosmetipsos
1220 1389 1488 1471 trahite,
1534 1398 1600 1457 et
1650 1388 1710 1460 si
1758 1410 1883 1458 vos
1918 1387 2088 1458 tales
2135 1389 2535 1482 agnoscitiS‚
2576 1388 2750 1458 nihil
2806 1403 2911 1459 est
2954 1386 3115 1476 quod

579 1477 666 1546 de
713 1489 945 1576 vestra·
984 1477 1460 1578 aestimatione
1517 1476 1874 1577 dubitetis.
1934 1476 2247 1548 Gaudere
2293 1483 2571 1565 quoque
2633 1477 3111 1578 beatitudinem

577 1575 875 1634 vestram
929 1586 1226 1646 invenio,
1263 1589 1320 1634 si
1362 1587 1630 1635 voracis
1663 1587 1916 1635 nomen
1967 1587 2129 1634 cum
2180 1587 2413 1635 rerum
2462 1579 2742 1636 auctore
2772 1574 3111 1635 sustineat.

580 1652 773 1736 Quod
823 1673 949 1743 ego
981 1653 1274 1723 breviter
1320 1675 1610 1744 expon0,
1675 1654 1843 1740 quia
1889 1653 1949 1722 si
1996 1652 2083 1722 de
2131 1652 2324 1724 vobis
2380 1653 2632 1725 falsum
2685 1654 2969 1735 dicitur,
3019 1673 3120 1721 no-

577 1761 737 1809 men
775 1742 905 1810 hoc
954 1743 1284 1811 veraciter
1329 1763 1491 1811 cum
1542 1763 1774 1810 rerum
1807 1752 2087 1811 auctore
2125 1742 2504 1811 sustinetis⁸
2543 1743 2609 1812 Si
2649 1764 2809 1812 vero
2838 1743 2924 1812 de
2950 1740 3119 1811 vobis

579 1849 818 1898 verum
868 1840 970 1898 est
1016 1829 1200 1917 quod
1232 1829 1318 1915 de
1366 1829 1485 1898 illo
1519 1827 1774 1899 falsum
1816 1829 2032 1900 fuisse
2086 1829 2244 1917 quis
2290 1829 2580 1913 dubitet,
2618 1830 2975 1902 absolvere
3019 1848 3121 1898 vos

580 1937 721 1985 non
769 1916 949 1987 valet
996 1940 1124 2007 par
1172 1939 1463 1999 nomen,
1570 1939 1815 1987 uorum
1867 1917 2106 2008 dispar
2169 1930 2272 1988 est
2330 1940 2566 1988 causa.
2625 1925 2796 1989 Nam
2859 1941 3013 1988 curn
3058 1936 3125 1987 eo

578 2026 860 2075 crucem
908 2004 1117 2075 etiam
1167 1940 1725 2096 periturus‘latro
1774 2006 2115 2096 suscepit:
2152 2005 2270 2075 sed
2311 2028 2517 2094 quem
2557 2021 2784 2078 reatus
2815 2006 3120 2099 proprius

578 2094 823 2174 tenuit,
910 2116 989 2163 ar
1033 2094 1391 2164 crucifixio
1431 2116 1568 2164 non
1618 2094 1934 2163 absolvit.
1980 2099 2118 2185 Ego
2167 2106 2394 2163 tamen
2443 2097 2726 2181 quantis
2767 2097 2961 2166 valeo
2993 2116 3126 2185 pre·

578 2181 781 2251 cibus
878 2203 1148 2273 eposco‚
1185 2193 1261 2252 ut
1309 2182 1818 2253 sanctissimam
1864 2182 2358 2253 fraternitatem
2401 2197 2693 2253 vestram
2729 2184 2995 2254 auctori
3026 2203 3126 2250 no-

579 2280 722 2339 stro
755 2275 886 2339 Deo
933 2291 1072 2340 non
1108 2271 1333 2341 solum
1385 2292 1662 2350 nomen,
1718 2270 1836 2340 sed
1887 2270 2095 2339 etiam
2128 2292 2343 2341 causa
2389 2272 2794 2361 conjungat.
2831 2269 3128 2343 Convivia

581 2368 811 2427 autem
846 2380 1026 2445 quae
1059 2381 1139 2428 ex
1189 2359 1572 2429 intentione
1619 2358 2128 2447 impendendae
2174 2357 2783 2441 charitatisfiunt,
2826 2372 3004 2430 recte
3033 2380 3127 2426 ve·

580 2456 723 2516 stra
757 2447 1086 2518 sanctitas
1134 2448 1204 2516 in
1259 2447 1406 2518 suis
1453 2445 1766 2537 epistolis
1813 2444 2073 2516 laudat.
2144 2445 2272 2517 Sed
2323 2458 2548 2517 tamen
2601 2448 2969 2519 sciendum
3018 2454 3123 2527 est,

579 2535 745 2622 quia
795 2547 962 2606 tunc
1013 2535 1341 2605 veraciter
1386 2556 1467 2604 ex
1514 2534 1849 2604 charitate
1898 2535 2262 2625 prodeunt,
2300 2557 2464 2604 cum
2513 2536 2584 2605 in
2632 2537 2734 2608 eis
2783 2539 2983 2608 nulla
3026 2536 3129 2604 ab·

579 2623 884 2694 sentium
933 2624 1072 2693 vita
1113 2622 1492 2702 mordetur,
1534 2621 1772 2691 nullus
1820 2644 1899 2692 ex
1949 2623 2271 2692 irrisione
2312 2624 2870 2713 reprehenditur,
2909 2639 2974 2695 et
3013 2643 3129 2693 non

575 2711 652 2780 in
711 2713 811 2783 eis
858 2711 1101 2782 inanes
1149 2709 1570 2779 secularium
1623 2710 2056 2801 negotiorum
2106 2710 2422 2792 fabulae,
2484 2713 2603 2781 sed
2654 2714 2864 2784 verba
2916 2731 3129 2783 sacrae

579 2799 893 2870 lectionis
940 2798 1366 2869 audiuntur:
1434 2820 1598 2867 cum
1668 2819 1803 2867 non
1855 2799 2016 2889 plus
2061 2821 2272 2886 quam
2325 2821 2604 2870 necesse
2661 2814 2787 2882 est,
2854 2802 3131 2872 servitur

577 2889 874 2977 corpori,
917 2887 1036 2956 sed
1077 2886 1223 2955 sola
1269 2886 1422 2976 ejus
1462 2885 1832 2956 infirmitas
1873 2887 2202 2969 reficitur,
2244 2898 2322 2957 ut
2369 2888 2454 2957 ad
2506 2911 2680 2960 usus
2727 2888 3132 2960 exercendae

576 2975 852 3046 virtutis
900 2974 1258 3043 habeatur.
1313 2978 1492 3044 Haec
1541 2974 1774 3060 itaque
1830 2975 1889 3044 si
1946 2996 2066 3044 vos
2114 2975 2186 3043 in
2239 2974 2481 3047 vestris
2528 2978 2870 3048 conviviis
2918 3002 2956 3048 a
3010 2976 3128 3051 itis,

578 3062 1077 3135 abstinentium
1124 3061 1401 3152 (fateor)
1446 3062 1765 3153 magistri
1798 3063 1986 3132 estis.
2043 3063 2237 3146 Quod
2270 3085 2433 3154 ergo
2468 3065 2665 3134 Pauli
2706 3071 2961 3156 Aposto
2995 3068 3014 3134 i
3059 3060 3132 3133 ad

575 3173 688 3220 me
736 3150 1213 3221 testimonium
1249 3150 1605 3240 posuistis,
1644 3150 1778 3232 Qui
1813 3173 1951 3220 non
1985 3151 2386 3232 manducat,
2429 3153 2978 3224 manducantem
3013 3172 3131 3221 non

3236 361 3247 580 *μμ*
3234 111 3247 342 *Q*

566 3238 877 3330 judicet:
931 3238 1218 3308 omnino
1284 3238 1600 3308 existimo
1673 3238 2140 3329 incongruum
2209 3237 2446 3309 fuisse.
2512 3242 2690 3323 Quia
2750 3264 2982 3330 neque
3026 3258 3136 3330 ego
3244 3242 3247 3261 ¹

576 3349 715 3397 non
751 3326 1064 3407 comedo,
1110 3348 1333 3413 neque
1361 3327 1449 3396 ob
1497 3325 1629 3395 hoc
1678 3349 1719 3395 a
1768 3327 1980 3397 Paulo
2013 3327 2331 3417 Apostolo
2362 3328 2626 3398 dictum
2658 3341 2784 3411 est,
2819 3345 2902 3401 ut
2935 3350 3134 3399 mem·

575 3415 702 3485 bra
735 3415 983 3485 Christi
1032 3436 1210 3501 quae
1259 3415 1327 3483 in
1379 3415 1531 3505 ejus
1579 3437 1891 3504 corpore,
1947 3414 2017 3484 id
2068 3428 2193 3495 est,
2258 3416 2328 3484 in
2378 3416 2686 3486 Ecclesia
2733 3419 2871 3488 sibi
2921 3414 3136 3488 chari·
3246 3484 3247 3501 χ

576 3505 737 3574 tatis
782 3506 1120 3604 compage
1151 3524 1462 3573 connexa
1508 3514 1695 3583 sunt,
1735 3502 2003 3572 nullam
2052 3502 2138 3572 de
2168 3523 2242 3572 se
2289 3502 2434 3574 ullo
2484 3504 2690 3575 modo
2739 3529 2987 3577 curam
3037 3525 3138 3595 ge-
3244 3556 3247 3579 -,

577 3603 757 3661 rant.
796 3592 922 3662 Sed
975 3615 1034 3662 s1
1085 3613 1307 3678 neque
1345 3614 1471 3680 ego
1511 3590 1598 3660 ad
1649 3601 1736 3671 te,
1780 3611 2004 3678 neque
2052 3602 2128 3660 tu
2175 3589 2442 3679 aliquid
2523 3594 2857 3665 ertineres
2898 3594 2983 3664 ad
3019 3612 3134 3671 me,

567 3680 732 3771 jure
779 3692 1002 3750 tacere
1048 3678 1542 3769 compellerer:
1595 3689 1674 3748 ut
1705 3700 1868 3746 eum
1917 3701 2056 3748 non
2108 3680 2440 3769 reprehen
2498 3702 2683 3751 erem
2732 3683 2858 3769 qui
2917 3704 3139 3752 emen·

575 3768 730 3837 dari
764 3789 902 3838 non
937 3779 1190 3858 posset.
1248 3772 1428 3836 Haec
1462 3787 1626 3858 ergo
1675 3768 2015 3837 sententia
2051 3779 2331 3857 propter
2377 3789 2495 3838 eos
2542 3770 2988 3840 solummodo
3046 3766 3142 3836 di-

574 3867 688 3927 cta
734 3868 837 3926 est
882 3856 1004 3944 qui
1053 3855 1209 3924 illos
1248 3855 1570 3943 judicare
1626 3854 1948 3936 student,
2018 3876 2321 3941 quorum
2370 3878 2539 3926 cura
2586 3857 2722 3927 sibi
2770 3858 3142 3929 commissa

579 3966 720 4015 non
767 3956 893 4015 est.
933 3949 1010 4021 At
1058 3953 1423 4033 postquam
1467 3963 1594 4012 nos
1641 3955 1919 4013 auctore
1962 3944 2249 4013 Domino
2299 3966 2519 4014 unum
2555 3968 2828 4028 sumus,
2863 3947 2926 4017 si
2962 3944 3141 4016 vobis

579 4056 686 4111 ea,
738 4054 916 4121 quae
964 4031 1373 4132 corrigenda
1406 4042 1589 4112 sunt,
1631 4042 1963 4111 tacemus,
2004 4031 2200 4101 valde
2229 4031 2795 4119 delinquimus.»

674 4124 710 4209 ξ
764 4126 925 4191 99.
978 4124 1334 4191 Neminem
1377 4140 1542 4189 sane
1609 4118 2023 4209 pontificum
2072 4142 2112 4188 a
2167 4121 2485 4209 paroecia
2543 4143 2673 4191 sua
2727 4123 2981 4192 saltem
3029 4140 3143 4210 pa-

579 4230 868 4299 rumper
914 4208 1177 4296 absque
1237 4206 1617 4278 inevitabili
1683 4228 1967 4297 prorsus
2026 4208 2427 4279 necessitate
2487 4209 2839 4279 discedere
2891 4215 3131 4299 Grego-

579 4297 730 4369 rius
777 4297 1235 4388 permittebat,
1279 4317 1456 4383 quos
1490 4294 1825 4365 nimirum
1877 4295 1947 4364 in
1996 4296 2229 4365 causis
2282 4297 2760 4367 mundialibus
2804 4319 2980 4368 occu
3033 4294 3130 4365 ari

580 4385 1182 4459 vehementissime
1259 4383 1689 4474 prohibebat.
1771 4383 1964 4454 Unde
2036 4389 2345 4456 Romano
2416 4386 2758 4459 defensori
2842 4385 2987 4457 scri
3035 4384 3131 4466 it,
