<?xml version="1.0" encoding="UTF-8"?>
<!DOCTYPE html PUBLIC "-//W3C//DTD XHTML 1.0 Transitional//EN"
    "http://www.w3.org/TR/xhtml1/DTD/xhtml1-transitional.dtd">
<html xmlns="http://www.w3.org/1999/xhtml" xml:lang="en" lang="en">
 <head>
  <title>
</title>
<meta http-equiv="Content-Type" content="text/html;charset=utf-8" />
  <meta name='ocr-system' content='tesseract 3.04.00' />
  <meta name='ocr-capabilities' content='ocr_page ocr_carea ocr_par ocr_line ocrx_word'/>
</head>
<body>
  <div class='ocr_page' id='page_1' title='image "./historiaeseuvit04lippgoog_0163.png"; bbox 0 0 3327 4999; ppageno 0'>
   <div class='ocr_carea' id='block_1_1' title="bbox 151 297 2525 368">
    <p class='ocr_par' dir='ltr' id='par_1_1' title="bbox 151 297 2525 368">
     <span class='ocr_line' id='line_1_1' title="bbox 151 297 2525 368; baseline 0.002 -7"><span class='ocrx_word' id='word_1_1' title='bbox 151 297 349 362; x_wconf 67' lang='lat' dir='ltr'>MART.</span> <span class='ocrx_word' id='word_1_2' title='bbox 397 298 471 361; x_wconf 64' lang='lat'>42</span> <span class='ocrx_word' id='word_1_3' title='bbox 961 316 1038 362; x_wconf 74' lang='lat' dir='ltr'>na</span> <span class='ocrx_word' id='word_1_4' title='bbox 1087 316 1143 363; x_wconf 92' lang='lat' dir='ltr'>s.</span> <span class='ocrx_word' id='word_1_5' title='bbox 1195 315 1506 364; x_wconf 74' lang='lat' dir='ltr'>cassoomo</span> <span class='ocrx_word' id='word_1_6' title='bbox 1555 317 1714 364; x_wconf 69' lang='grc' dir='ltr'><strong>ΡΑΡΑ</strong></span> <span class='ocrx_word' id='word_1_7' title='bbox 2288 361 2289 368; x_wconf 75' lang='grc'>,</span> <span class='ocrx_word' id='word_1_8' title='bbox 2401 302 2525 366; x_wconf 72' lang='grc'>153</span> 
     </span>
    </p>
   </div>
   <div class='ocr_carea' id='block_1_2' title="bbox 106 398 2619 4462">
    <p class='ocr_par' dir='ltr' id='par_1_2' title="bbox 128 398 2617 2185">
     <span class='ocr_line' id='line_1_2' title="bbox 216 398 2605 492; baseline -0 -19"><span class='ocrx_word' id='word_1_9' title='bbox 216 403 246 486; x_wconf 84' lang='lat'><strong>§</strong></span> <span class='ocrx_word' id='word_1_10' title='bbox 283 404 395 473; x_wconf 64' lang='lat'>12.</span> <span class='ocrx_word' id='word_1_11' title='bbox 441 400 552 469; x_wconf 84' lang='lat' dir='ltr'>His</span> <span class='ocrx_word' id='word_1_12' title='bbox 583 398 1170 470; x_wconf 84' lang='lat' dir='ltr'>exhortationibus</span> <span class='ocrx_word' id='word_1_13' title='bbox 1204 401 1627 492; x_wconf 83' lang='lat' dir='ltr'><strong>Augustinus</strong></span> <span class='ocrx_word' id='word_1_14' title='bbox 1661 422 1820 470; x_wconf 89' lang='lat' dir='ltr'>cum</span> <span class='ocrx_word' id='word_1_15' title='bbox 1857 398 2185 472; x_wconf 88' lang='lat' dir='ltr'>fratribus</span> <span class='ocrx_word' id='word_1_16' title='bbox 2222 401 2605 482; x_wconf 90' lang='lat' dir='ltr'>roboratus,</span> 
     </span>
     <span class='ocr_line' id='line_1_3' title="bbox 146 487 2612 644; baseline 0.002 -88"><span class='ocrx_word' id='word_1_17' title='bbox 146 509 244 644; x_wconf 78' lang='lat' dir='ltr'>per</span> <span class='ocrx_word' id='word_1_18' title='bbox 281 488 504 556; x_wconf 84' lang='lat' dir='ltr'>Etherii</span> <span class='ocrx_word' id='word_1_19' title='bbox 556 487 961 557; x_wconf 77' lang='lat' dir='ltr'><strong>Arelatensis</strong></span> <span class='ocrx_word' id='word_1_20' title='bbox 1010 490 1216 570; x_wconf 88' lang='lat' dir='ltr'>vatis,</span> <span class='ocrx_word' id='word_1_21' title='bbox 1262 511 1515 590; x_wconf 86' lang='lat' dir='ltr'>perque</span> <span class='ocrx_word' id='word_1_22' title='bbox 1562 489 1856 559; x_wconf 88' lang='lat' dir='ltr'>aliorum</span> <span class='ocrx_word' id='word_1_23' title='bbox 1908 489 2151 579; x_wconf 90' lang='lat' dir='ltr'>Episco</span> <span class='ocrx_word' id='word_1_24' title='bbox 2204 512 2401 559; x_wconf 90' lang='lat' dir='ltr'>orum</span> <span class='ocrx_word' id='word_1_25' title='bbox 2457 490 2612 560; x_wconf 87' lang='lat' dir='ltr'>Gal-</span> 
     </span>
     <span class='ocr_line' id='line_1_4' title="bbox 174 577 2617 668; baseline 0.001 -24"><span class='ocrx_word' id='word_1_26' title='bbox 174 577 258 644; x_wconf 86' lang='lat' dir='ltr'>iae</span> <span class='ocrx_word' id='word_1_27' title='bbox 295 581 685 667; x_wconf 88' lang='lat' dir='ltr'>Regumque,</span> <span class='ocrx_word' id='word_1_28' title='bbox 723 577 978 663; x_wconf 90' lang='lat' dir='ltr'>quibus</span> <span class='ocrx_word' id='word_1_29' title='bbox 1025 599 1141 647; x_wconf 90' lang='lat' dir='ltr'>eos</span> <span class='ocrx_word' id='word_1_30' title='bbox 1189 577 1548 667; x_wconf 80' lang='lat' dir='ltr'>piissimus</span> <span class='ocrx_word' id='word_1_31' title='bbox 1598 590 1791 668; x_wconf 90' lang='lat' dir='ltr'>pater</span> <span class='ocrx_word' id='word_1_32' title='bbox 1822 599 1944 668; x_wconf 90' lang='lat' dir='ltr'>pro</span> <span class='ocrx_word' id='word_1_33' title='bbox 2000 578 2120 647; x_wconf 91' lang='lat' dir='ltr'>riis</span> <span class='ocrx_word' id='word_1_34' title='bbox 2184 579 2395 649; x_wconf 88' lang='lat' dir='ltr'>itteris</span> <span class='ocrx_word' id='word_1_35' title='bbox 2425 600 2617 647; x_wconf 89' lang='lat' dir='ltr'>com-</span> 
     </span>
     <span class='ocr_line' id='line_1_5' title="bbox 149 664 2612 758; baseline 0.002 -27"><span class='ocrx_word' id='word_1_36' title='bbox 149 664 461 744; x_wconf 85' lang='lat' dir='ltr'>mendarat,</span> <span class='ocrx_word' id='word_1_37' title='bbox 515 665 831 756; x_wconf 86' lang='lat' dir='ltr'>hospitia,</span> <span class='ocrx_word' id='word_1_38' title='bbox 887 666 1306 735; x_wconf 82' lang='lat' dir='ltr'>Britanniam</span> <span class='ocrx_word' id='word_1_39' title='bbox 1364 666 1575 757; x_wconf 84' lang='lat' dir='ltr'>petiit,</span> <span class='ocrx_word' id='word_1_40' title='bbox 1628 679 1693 735; x_wconf 90' lang='lat' dir='ltr'>et</span> <span class='ocrx_word' id='word_1_41' title='bbox 1740 666 1823 734; x_wconf 91' lang='lat' dir='ltr'>ad</span> <span class='ocrx_word' id='word_1_42' title='bbox 1877 672 1953 735; x_wconf 90' lang='lat' dir='ltr'>Et</span> <span class='ocrx_word' id='word_1_43' title='bbox 2007 666 2343 736; x_wconf 73' lang='lat' dir='ltr'><strong>elbertum</strong></span> <span class='ocrx_word' id='word_1_44' title='bbox 2382 689 2612 758; x_wconf 90' lang='lat' dir='ltr'>regem</span> 
     </span>
     <span class='ocr_line' id='line_1_6' title="bbox 149 754 2614 846; baseline 0.002 -26"><span class='ocrx_word' id='word_1_45' title='bbox 149 754 603 823; x_wconf 84' lang='lat' dir='ltr'>Cantuariorum</span> <span class='ocrx_word' id='word_1_46' title='bbox 653 755 953 835; x_wconf 82' lang='lat' dir='ltr'>venienS,</span> <span class='ocrx_word' id='word_1_47' title='bbox 1012 755 1122 823; x_wconf 91' lang='lat' dir='ltr'>Dei</span> <span class='ocrx_word' id='word_1_48' title='bbox 1173 768 1580 844; x_wconf 78' lang='lat' dir='ltr'>cooperante</span> <span class='ocrx_word' id='word_1_49' title='bbox 1627 756 1869 846; x_wconf 72' lang='lat' dir='ltr'>gratia,</span> <span class='ocrx_word' id='word_1_50' title='bbox 1925 778 2059 824; x_wconf 88' lang='lat' dir='ltr'>non</span> <span class='ocrx_word' id='word_1_51' title='bbox 2113 756 2336 825; x_wconf 89' lang='lat' dir='ltr'>solum</span> <span class='ocrx_word' id='word_1_52' title='bbox 2403 755 2614 824; x_wconf 87' lang='lat' dir='ltr'>licen-</span> 
     </span>
     <span class='ocr_line' id='line_1_7' title="bbox 153 840 2615 932; baseline 0.003 -26"><span class='ocrx_word' id='word_1_53' title='bbox 153 840 285 908; x_wconf 90' lang='lat' dir='ltr'>tiam</span> <span class='ocrx_word' id='word_1_54' title='bbox 324 843 787 932; x_wconf 88' lang='lat' dir='ltr'>praedicandi,</span> <span class='ocrx_word' id='word_1_55' title='bbox 842 864 1074 913; x_wconf 84' lang='lat' dir='ltr'>verum</span> <span class='ocrx_word' id='word_1_56' title='bbox 1126 844 1329 912; x_wconf 90' lang='lat' dir='ltr'>etiam</span> <span class='ocrx_word' id='word_1_57' title='bbox 1383 845 1601 914; x_wconf 86' lang='lat' dir='ltr'>victus</span> <span class='ocrx_word' id='word_1_58' title='bbox 1648 859 1715 913; x_wconf 92' lang='lat' dir='ltr'>et</span> <span class='ocrx_word' id='word_1_59' title='bbox 1761 845 2157 915; x_wconf 80' lang='lat' dir='ltr'>mansiones</span> <span class='ocrx_word' id='word_1_60' title='bbox 2218 845 2287 913; x_wconf 89' lang='lat' dir='ltr'>in</span> <span class='ocrx_word' id='word_1_61' title='bbox 2340 844 2615 914; x_wconf 83' lang='lat' dir='ltr'>civitate</span> 
     </span>
     <span class='ocr_line' id='line_1_8' title="bbox 154 932 2608 1033; baseline 0.002 -37"><span class='ocrx_word' id='word_1_62' title='bbox 154 932 551 1013; x_wconf 84' lang='lat' dir='ltr'>Dorvernensi,</span> <span class='ocrx_word' id='word_1_63' title='bbox 604 953 778 1018; x_wconf 88' lang='lat' dir='ltr'>quae</span> <span class='ocrx_word' id='word_1_64' title='bbox 825 942 968 1000; x_wconf 89' lang='lat' dir='ltr'>erat</span> <span class='ocrx_word' id='word_1_65' title='bbox 1016 932 1210 1021; x_wconf 88' lang='lat' dir='ltr'>regni</span> <span class='ocrx_word' id='word_1_66' title='bbox 1257 932 1407 1033; x_wconf 70' lang='lat' dir='ltr'>ejus</span> <span class='ocrx_word' id='word_1_67' title='bbox 1459 932 1877 1023; x_wconf 82' lang='lat' dir='ltr'>metropolis,</span> <span class='ocrx_word' id='word_1_68' title='bbox 1942 932 2140 1002; x_wconf 85' lang='lat' dir='ltr'>facile</span> <span class='ocrx_word' id='word_1_69' title='bbox 2192 933 2608 1023; x_wconf 89' lang='lat' dir='ltr'>impetravit.</span> 
     </span>
     <span class='ocr_line' id='line_1_9' title="bbox 151 1016 2615 1112; baseline 0.003 -29"><span class='ocrx_word' id='word_1_70' title='bbox 151 1016 223 1084; x_wconf 78' lang='lat' dir='ltr'>Ad</span> <span class='ocrx_word' id='word_1_71' title='bbox 253 1040 424 1104; x_wconf 82' lang='lat' dir='ltr'>qnam</span> <span class='ocrx_word' id='word_1_72' title='bbox 471 1021 1100 1111; x_wconf 65' lang='lat' dir='ltr'>Augustinus‘cum</span> <span class='ocrx_word' id='word_1_73' title='bbox 1152 1021 1379 1101; x_wconf 66' lang='lat' dir='ltr'>socim,</span> <span class='ocrx_word' id='word_1_74' title='bbox 1440 1021 1740 1112; x_wconf 89' lang='lat' dir='ltr'>praelata</span> <span class='ocrx_word' id='word_1_75' title='bbox 1786 1042 2014 1104; x_wconf 89' lang='lat' dir='ltr'>cruce,</span> <span class='ocrx_word' id='word_1_76' title='bbox 2071 1044 2194 1091; x_wconf 91' lang='lat' dir='ltr'>seu</span> <span class='ocrx_word' id='word_1_77' title='bbox 2247 1021 2615 1092; x_wconf 85' lang='lat' dir='ltr'>Salvatoris</span> 
     </span>
     <span class='ocr_line' id='line_1_10' title="bbox 148 1103 2606 1210; baseline 0.002 -36"><span class='ocrx_word' id='word_1_78' title='bbox 148 1103 404 1203; x_wconf 78' lang='lat' dir='ltr'>imagine,</span> <span class='ocrx_word' id='word_1_79' title='bbox 435 1110 1022 1210; x_wconf 81' lang='lat' dir='ltr'>appropinquans,</span> <span class='ocrx_word' id='word_1_80' title='bbox 1061 1109 1307 1178; x_wconf 80' lang='lat' dir='ltr'>cecinit</span> <span class='ocrx_word' id='word_1_81' title='bbox 1333 1110 1594 1179; x_wconf 86' lang='lat' dir='ltr'>dicens:</span> <span class='ocrx_word' id='word_1_82' title='bbox 1631 1116 2167 1200; x_wconf 87' lang='lat' dir='ltr'>«Deprecamur,</span> <span class='ocrx_word' id='word_1_83' title='bbox 2202 1123 2261 1180; x_wconf 87' lang='lat' dir='ltr'>te</span> <span class='ocrx_word' id='word_1_84' title='bbox 2297 1111 2606 1193; x_wconf 85' lang='lat' dir='ltr'>Domine,</span> 
     </span>
     <span class='ocr_line' id='line_1_11' title="bbox 145 1197 2612 1279; baseline 0.003 -19"><span class='ocrx_word' id='word_1_85' title='bbox 145 1215 198 1260; x_wconf 80' lang='lat' dir='ltr'>in</span> <span class='ocrx_word' id='word_1_86' title='bbox 243 1199 402 1266; x_wconf 90' lang='lat' dir='ltr'>omni</span> <span class='ocrx_word' id='word_1_87' title='bbox 450 1197 919 1268; x_wconf 84' lang='lat' dir='ltr'>mlsericordia</span> <span class='ocrx_word' id='word_1_88' title='bbox 967 1212 1106 1279; x_wconf 89' lang='lat' dir='ltr'>tua,</span> <span class='ocrx_word' id='word_1_89' title='bbox 1161 1211 1234 1267; x_wconf 88' lang='lat' dir='ltr'>ut</span> <span class='ocrx_word' id='word_1_90' title='bbox 1295 1198 1646 1268; x_wconf 76' lang='lat' dir='ltr'>auferatur</span> <span class='ocrx_word' id='word_1_91' title='bbox 1694 1198 1886 1268; x_wconf 83' lang='lat' dir='ltr'>furor</span> <span class='ocrx_word' id='word_1_92' title='bbox 1934 1211 2094 1269; x_wconf 91' lang='lat' dir='ltr'>tuus</span> <span class='ocrx_word' id='word_1_93' title='bbox 2141 1212 2206 1268; x_wconf 89' lang='lat' dir='ltr'>et</span> <span class='ocrx_word' id='word_1_94' title='bbox 2256 1199 2356 1268; x_wconf 89' lang='lat' dir='ltr'>ira</span> <span class='ocrx_word' id='word_1_95' title='bbox 2405 1213 2520 1269; x_wconf 87' lang='lat' dir='ltr'>tua</span> <span class='ocrx_word' id='word_1_96' title='bbox 2570 1223 2612 1268; x_wconf 91' lang='lat' dir='ltr'>a</span> 
     </span>
     <span class='ocr_line' id='line_1_12' title="bbox 145 1281 2613 1378; baseline 0.003 -29"><span class='ocrx_word' id='word_1_97' title='bbox 145 1281 354 1353; x_wconf 64' lang='lat' dir='ltr'>civitate</span> <span class='ocrx_word' id='word_1_98' title='bbox 409 1286 535 1355; x_wconf 89' lang='lat' dir='ltr'>ista</span> <span class='ocrx_word' id='word_1_99' title='bbox 592 1300 655 1355; x_wconf 87' lang='lat' dir='ltr'>et</span> <span class='ocrx_word' id='word_1_100' title='bbox 701 1308 741 1355; x_wconf 87' lang='lat' dir='ltr'>a</span> <span class='ocrx_word' id='word_1_101' title='bbox 788 1286 992 1355; x_wconf 87' lang='lat' dir='ltr'>domo</span> <span class='ocrx_word' id='word_1_102' title='bbox 1041 1300 1277 1356; x_wconf 89' lang='lat' dir='ltr'>sancta</span> <span class='ocrx_word' id='word_1_103' title='bbox 1325 1301 1464 1368; x_wconf 86' lang='lat' dir='ltr'>tua,</span> <span class='ocrx_word' id='word_1_104' title='bbox 1503 1287 1783 1375; x_wconf 88' lang='lat' dir='ltr'>quando</span> <span class='ocrx_word' id='word_1_105' title='bbox 1819 1288 2349 1378; x_wconf 85' lang='lat' dir='ltr'>peccavimus.»</span> <span class='ocrx_word' id='word_1_106' title='bbox 2413 1293 2613 1357; x_wconf 85' lang='lat' dir='ltr'>Prae-</span> 
     </span>
     <span class='ocr_line' id='line_1_13' title="bbox 140 1369 2602 1456; baseline 0.003 -19"><span class='ocrx_word' id='word_1_107' title='bbox 140 1369 468 1444; x_wconf 85' lang='lat' dir='ltr'>dicantibus</span> <span class='ocrx_word' id='word_1_108' title='bbox 525 1388 755 1445; x_wconf 86' lang='lat' dir='ltr'>autem</span> <span class='ocrx_word' id='word_1_109' title='bbox 810 1375 931 1454; x_wconf 91' lang='lat' dir='ltr'>eis,</span> <span class='ocrx_word' id='word_1_110' title='bbox 981 1387 1045 1444; x_wconf 93' lang='lat' dir='ltr'>et</span> <span class='ocrx_word' id='word_1_111' title='bbox 1108 1376 1175 1443; x_wconf 91' lang='lat' dir='ltr'>in</span> <span class='ocrx_word' id='word_1_112' title='bbox 1244 1377 1520 1445; x_wconf 90' lang='lat' dir='ltr'>nomine</span> <span class='ocrx_word' id='word_1_113' title='bbox 1565 1383 1732 1446; x_wconf 69' lang='lat' dir='ltr'>‚lesu</span> <span class='ocrx_word' id='word_1_114' title='bbox 1782 1376 2117 1446; x_wconf 88' lang='lat' dir='ltr'>miracula</span> <span class='ocrx_word' id='word_1_115' title='bbox 2167 1376 2602 1456; x_wconf 74' lang='lat' dir='ltr'>facientibuS,</span> 
     </span>
     <span class='ocr_line' id='line_1_14' title="bbox 139 1460 2614 1553; baseline 0.002 -26"><span class='ocrx_word' id='word_1_116' title='bbox 139 1460 510 1532; x_wconf 84' lang='lat' dir='ltr'>crediderunt</span> <span class='ocrx_word' id='word_1_117' title='bbox 546 1463 765 1544; x_wconf 91' lang='lat' dir='ltr'>multi,</span> <span class='ocrx_word' id='word_1_118' title='bbox 800 1475 865 1532; x_wconf 86' lang='lat' dir='ltr'>et</span> <span class='ocrx_word' id='word_1_119' title='bbox 898 1463 1216 1553; x_wconf 87' lang='lat' dir='ltr'>baptizati</span> <span class='ocrx_word' id='word_1_120' title='bbox 1250 1478 1433 1546; x_wconf 88' lang='lat' dir='ltr'>sunt,</span> <span class='ocrx_word' id='word_1_121' title='bbox 1469 1464 1797 1534; x_wconf 87' lang='lat' dir='ltr'>mirantes</span> <span class='ocrx_word' id='word_1_122' title='bbox 1831 1464 2216 1534; x_wconf 88' lang='lat' dir='ltr'>innocentis</span> <span class='ocrx_word' id='word_1_123' title='bbox 2244 1465 2417 1534; x_wconf 90' lang='lat' dir='ltr'>vitae</span> <span class='ocrx_word' id='word_1_124' title='bbox 2449 1466 2614 1535; x_wconf 87' lang='lat' dir='ltr'>sim-</span> 
     </span>
     <span class='ocr_line' id='line_1_15' title="bbox 135 1547 2614 1655; baseline 0.003 -40"><span class='ocrx_word' id='word_1_125' title='bbox 135 1547 469 1636; x_wconf 87' lang='lat' dir='ltr'>plicitatem,</span> <span class='ocrx_word' id='word_1_126' title='bbox 493 1552 1167 1638; x_wconf 80' lang='lat' dir='ltr'>complectentesque</span> <span class='ocrx_word' id='word_1_127' title='bbox 1197 1552 1628 1622; x_wconf 74' lang='lat' dir='ltr'>dulcedinem</span> <span class='ocrx_word' id='word_1_128' title='bbox 1663 1553 1973 1624; x_wconf 85' lang='lat' dir='ltr'>coelestis</span> <span class='ocrx_word' id='word_1_129' title='bbox 2021 1554 2394 1655; x_wconf 54' lang='lat' dir='ltr'>doctrinae)</span> <span class='ocrx_word' id='word_1_130' title='bbox 2432 1559 2614 1636; x_wconf 87' lang='lat' dir='ltr'>Qua-</span> 
     </span>
     <span class='ocr_line' id='line_1_16' title="bbox 133 1640 2614 1733; baseline 0.002 -29"><span class='ocrx_word' id='word_1_131' title='bbox 133 1652 355 1727; x_wconf 84' lang='lat' dir='ltr'>propter</span> <span class='ocrx_word' id='word_1_132' title='bbox 395 1645 488 1709; x_wconf 78' lang='lat' dir='ltr'>Au</span> <span class='ocrx_word' id='word_1_133' title='bbox 539 1640 818 1709; x_wconf 85' lang='lat' dir='ltr'>ustinus</span> <span class='ocrx_word' id='word_1_134' title='bbox 863 1640 1191 1710; x_wconf 77' lang='lat' dir='ltr'>Arelatem</span> <span class='ocrx_word' id='word_1_135' title='bbox 1246 1641 1445 1722; x_wconf 90' lang='lat' dir='ltr'>veuit,</span> <span class='ocrx_word' id='word_1_136' title='bbox 1497 1654 1562 1711; x_wconf 91' lang='lat' dir='ltr'>et</span> <span class='ocrx_word' id='word_1_137' title='bbox 1591 1641 1976 1711; x_wconf 91' lang='lat' dir='ltr'>secundum</span> <span class='ocrx_word' id='word_1_138' title='bbox 2020 1643 2324 1733; x_wconf 87' lang='lat' dir='ltr'>Gregorii</span> <span class='ocrx_word' id='word_1_139' title='bbox 2352 1643 2614 1733; x_wconf 68' lang='lat' dir='ltr'>jussio-</span> 
     </span>
     <span class='ocr_line' id='line_1_17' title="bbox 128 1729 2602 1820; baseline 0.004 -30"><span class='ocrx_word' id='word_1_140' title='bbox 128 1746 268 1805; x_wconf 81' lang='lat' dir='ltr'>nem,</span> <span class='ocrx_word' id='word_1_141' title='bbox 309 1729 389 1797; x_wconf 89' lang='lat' dir='ltr'>ab</span> <span class='ocrx_word' id='word_1_142' title='bbox 435 1734 509 1799; x_wconf 83' lang='lat' dir='ltr'>Et</span> <span class='ocrx_word' id='word_1_143' title='bbox 566 1729 707 1798; x_wconf 89' lang='lat' dir='ltr'>erio</span> <span class='ocrx_word' id='word_1_144' title='bbox 755 1729 1134 1820; x_wconf 89' lang='lat' dir='ltr'>Episcopus</span> <span class='ocrx_word' id='word_1_145' title='bbox 1183 1744 1646 1811; x_wconf 79' lang='lat' dir='ltr'>consecratuS,</span> <span class='ocrx_word' id='word_1_146' title='bbox 1688 1730 1758 1799; x_wconf 88' lang='lat' dir='ltr'>in</span> <span class='ocrx_word' id='word_1_147' title='bbox 1789 1731 2214 1799; x_wconf 87' lang='lat' dir='ltr'>Britanniam</span> <span class='ocrx_word' id='word_1_148' title='bbox 2252 1732 2602 1800; x_wconf 79' lang='lat' dir='ltr'>remeavit..</span> 
     </span>
     <span class='ocr_line' id='line_1_18' title="bbox 132 1813 2601 1908; baseline 0.004 -30"><span class='ocrx_word' id='word_1_149' title='bbox 132 1813 376 1902; x_wconf 85' lang='lat' dir='ltr'>llicoque</span> <span class='ocrx_word' id='word_1_150' title='bbox 433 1840 558 1907; x_wconf 91' lang='lat' dir='ltr'>per</span> <span class='ocrx_word' id='word_1_151' title='bbox 631 1818 1069 1887; x_wconf 85' lang='lat' dir='ltr'>Laurentium</span> <span class='ocrx_word' id='word_1_152' title='bbox 1135 1819 1608 1908; x_wconf 86' lang='lat' dir='ltr'>presbyterum</span> <span class='ocrx_word' id='word_1_153' title='bbox 1680 1830 1744 1888; x_wconf 91' lang='lat' dir='ltr'>et</span> <span class='ocrx_word' id='word_1_154' title='bbox 1811 1824 2082 1888; x_wconf 88' lang='lat' dir='ltr'>Petrum</span> <span class='ocrx_word' id='word_1_155' title='bbox 2160 1819 2601 1900; x_wconf 88' lang='lat' dir='ltr'>monachum,</span> 
     </span>
     <span class='ocr_line' id='line_1_19' title="bbox 131 1902 2608 2008; baseline 0.003 -39"><span class='ocrx_word' id='word_1_156' title='bbox 131 1902 298 1992; x_wconf 77' lang='lat' dir='ltr'>Papae</span> <span class='ocrx_word' id='word_1_157' title='bbox 340 1905 663 1997; x_wconf 83' lang='lat' dir='ltr'>Gregorio</span> <span class='ocrx_word' id='word_1_158' title='bbox 709 1908 1220 1977; x_wconf 86' lang='lat' dir='ltr'>conversionem</span> <span class='ocrx_word' id='word_1_159' title='bbox 1263 1907 1484 1998; x_wconf 88' lang='lat' dir='ltr'>gentis</span> <span class='ocrx_word' id='word_1_160' title='bbox 1535 1906 1936 2008; x_wconf 86' lang='lat' dir='ltr'>Anglorum,</span> <span class='ocrx_word' id='word_1_161' title='bbox 1992 1930 2198 1995; x_wconf 92' lang='lat' dir='ltr'>seque</span> <span class='ocrx_word' id='word_1_162' title='bbox 2246 1910 2608 1977; x_wconf 84' lang='lat' dir='ltr'>consecra-</span> 
     </span>
     <span class='ocr_line' id='line_1_20' title="bbox 129 1993 2606 2095; baseline 0.004 -41"><span class='ocrx_word' id='word_1_163' title='bbox 129 2000 238 2056; x_wconf 84' lang='lat' dir='ltr'>tum</span> <span class='ocrx_word' id='word_1_164' title='bbox 269 1993 579 2074; x_wconf 86' lang='lat' dir='ltr'>innotuit,</span> <span class='ocrx_word' id='word_1_165' title='bbox 616 2016 992 2095; x_wconf 79' lang='lat' dir='ltr'>suggerens</span> <span class='ocrx_word' id='word_1_166' title='bbox 1023 2010 1101 2065; x_wconf 94' lang='lat' dir='ltr'>ut</span> <span class='ocrx_word' id='word_1_167' title='bbox 1149 1995 1441 2065; x_wconf 90' lang='lat' dir='ltr'>mitteret</span> <span class='ocrx_word' id='word_1_168' title='bbox 1490 1995 1826 2085; x_wconf 80' lang='lat' dir='ltr'>plurimos</span> <span class='ocrx_word' id='word_1_169' title='bbox 1876 1996 2060 2066; x_wconf 89' lang='lat' dir='ltr'>verbi</span> <span class='ocrx_word' id='word_1_170' title='bbox 2114 1996 2487 2077; x_wconf 73' lang='lat' dir='ltr'>ministr05‚</span> <span class='ocrx_word' id='word_1_171' title='bbox 2527 2018 2606 2066; x_wconf 91' lang='lat' dir='ltr'>eo</span> 
     </span>
     <span class='ocr_line' id='line_1_21' title="bbox 133 2079 2599 2185; baseline 0.003 -40"><span class='ocrx_word' id='word_1_172' title='bbox 133 2079 275 2162; x_wconf 85' lang='lat' dir='ltr'>quod</span> <span class='ocrx_word' id='word_1_173' title='bbox 317 2104 606 2154; x_wconf 88' lang='lat' dir='ltr'>messem</span> <span class='ocrx_word' id='word_1_174' title='bbox 657 2085 932 2170; x_wconf 80' lang='lat' dir='ltr'>quidem</span> <span class='ocrx_word' id='word_1_175' title='bbox 987 2084 1273 2153; x_wconf 85' lang='lat' dir='ltr'>multam</span> <span class='ocrx_word' id='word_1_176' title='bbox 1324 2085 1624 2165; x_wconf 86' lang='lat' dir='ltr'>haberet,</span> <span class='ocrx_word' id='word_1_177' title='bbox 1663 2086 2012 2175; x_wconf 85' lang='lat' dir='ltr'>operarios</span> <span class='ocrx_word' id='word_1_178' title='bbox 2043 2098 2267 2155; x_wconf 89' lang='lat' dir='ltr'>autem</span> <span class='ocrx_word' id='word_1_179' title='bbox 2311 2105 2599 2185; x_wconf 86' lang='lat' dir='ltr'>paucos.</span> 
     </span>
    </p>

    <p class='ocr_par' dir='ltr' id='par_1_3' title="bbox 115 2172 2616 3239">
     <span class='ocr_line' id='line_1_22' title="bbox 202 2172 2601 2266; baseline 0 -25"><span class='ocrx_word' id='word_1_180' title='bbox 202 2174 382 2266; x_wconf 48' lang='lat'>518.</span> <span class='ocrx_word' id='word_1_181' title='bbox 461 2172 739 2255; x_wconf 87' lang='lat' dir='ltr'>Quibus</span> <span class='ocrx_word' id='word_1_182' title='bbox 807 2172 1255 2242; x_wconf 88' lang='lat' dir='ltr'>relationibus</span> <span class='ocrx_word' id='word_1_183' title='bbox 1305 2173 1672 2264; x_wconf 85' lang='lat' dir='ltr'>Gregorius</span> <span class='ocrx_word' id='word_1_184' title='bbox 1744 2173 2601 2254; x_wconf 81' lang='lat' dir='ltr'>in·Christolaet1ficatuS‚</span> 
     </span>
     <span class='ocr_line' id='line_1_23' title="bbox 142 2260 2613 2353; baseline 0.005 -35"><span class='ocrx_word' id='word_1_185' title='bbox 142 2268 286 2324; x_wconf 78' lang='lat' dir='ltr'>mislt</span> <span class='ocrx_word' id='word_1_186' title='bbox 333 2265 418 2329; x_wconf 73' lang='lat' dir='ltr'>Au</span> <span class='ocrx_word' id='word_1_187' title='bbox 472 2261 711 2331; x_wconf 90' lang='lat' dir='ltr'>ustino</span> <span class='ocrx_word' id='word_1_188' title='bbox 781 2260 1114 2351; x_wconf 88' lang='lat' dir='ltr'>plurimos</span> <span class='ocrx_word' id='word_1_189' title='bbox 1162 2261 1351 2330; x_wconf 90' lang='lat' dir='ltr'>verbi</span> <span class='ocrx_word' id='word_1_190' title='bbox 1402 2261 1775 2343; x_wconf 76' lang='lat' dir='ltr'>ministr05‚</span> <span class='ocrx_word' id='word_1_191' title='bbox 1830 2261 1900 2330; x_wconf 89' lang='lat' dir='ltr'>in</span> <span class='ocrx_word' id='word_1_192' title='bbox 1950 2263 2206 2349; x_wconf 92' lang='lat' dir='ltr'>quibus</span> <span class='ocrx_word' id='word_1_193' title='bbox 2256 2262 2613 2353; x_wconf 89' lang='lat' dir='ltr'>praecipui</span> 
     </span>
     <span class='ocr_line' id='line_1_24' title="bbox 135 2349 2609 2441; baseline 0.004 -34"><span class='ocrx_word' id='word_1_194' title='bbox 135 2358 297 2425; x_wconf 83' lang='lat' dir='ltr'>erant,</span> <span class='ocrx_word' id='word_1_195' title='bbox 344 2354 438 2419; x_wconf 81' lang='lat' dir='ltr'>Me</span> <span class='ocrx_word' id='word_1_196' title='bbox 470 2350 670 2428; x_wconf 86' lang='lat' dir='ltr'>litus,</span> <span class='ocrx_word' id='word_1_197' title='bbox 721 2354 986 2430; x_wconf 79' lang='lat' dir='ltr'>Justus,</span> <span class='ocrx_word' id='word_1_198' title='bbox 1042 2349 1372 2421; x_wconf 88' lang='lat' dir='ltr'>Paulinus</span> <span class='ocrx_word' id='word_1_199' title='bbox 1421 2365 1484 2420; x_wconf 87' lang='lat' dir='ltr'>et</span> <span class='ocrx_word' id='word_1_200' title='bbox 1532 2349 1970 2419; x_wconf 86' lang='lat' dir='ltr'>Rufinianus:</span> <span class='ocrx_word' id='word_1_201' title='bbox 2008 2363 2073 2420; x_wconf 86' lang='lat' dir='ltr'>et</span> <span class='ocrx_word' id='word_1_202' title='bbox 2122 2372 2241 2441; x_wconf 90' lang='lat' dir='ltr'>per</span> <span class='ocrx_word' id='word_1_203' title='bbox 2285 2367 2401 2420; x_wconf 88' lang='lat' dir='ltr'>eos</span> <span class='ocrx_word' id='word_1_204' title='bbox 2448 2350 2609 2419; x_wconf 82' lang='lat' dir='ltr'>uni-</span> 
     </span>
     <span class='ocr_line' id='line_1_25' title="bbox 135 2436 2616 2524; baseline 0.002 -22"><span class='ocrx_word' id='word_1_205' title='bbox 135 2451 298 2517; x_wconf 73' lang='lat' dir='ltr'>versa,</span> <span class='ocrx_word' id='word_1_206' title='bbox 342 2460 516 2524; x_wconf 89' lang='lat' dir='ltr'>quae</span> <span class='ocrx_word' id='word_1_207' title='bbox 574 2436 660 2507; x_wconf 90' lang='lat' dir='ltr'>ad</span> <span class='ocrx_word' id='word_1_208' title='bbox 708 2437 970 2508; x_wconf 89' lang='lat' dir='ltr'>cultum</span> <span class='ocrx_word' id='word_1_209' title='bbox 1020 2453 1213 2508; x_wconf 89' lang='lat' dir='ltr'>erant</span> <span class='ocrx_word' id='word_1_210' title='bbox 1260 2437 1600 2510; x_wconf 82' lang='lat' dir='ltr'>Ecclesiae</span> <span class='ocrx_word' id='word_1_211' title='bbox 1645 2439 2055 2522; x_wconf 88' lang='lat' dir='ltr'>necessaria,</span> <span class='ocrx_word' id='word_1_212' title='bbox 2098 2461 2255 2509; x_wconf 92' lang='lat' dir='ltr'>vasa</span> <span class='ocrx_word' id='word_1_213' title='bbox 2300 2438 2616 2509; x_wconf 87' lang='lat' dir='ltr'>videlicet</span> 
     </span>
     <span class='ocr_line' id='line_1_26' title="bbox 127 2526 2610 2610; baseline 0.004 -24"><span class='ocrx_word' id='word_1_214' title='bbox 127 2540 293 2604; x_wconf 85' lang='lat' dir='ltr'>sacra,</span> <span class='ocrx_word' id='word_1_215' title='bbox 325 2542 384 2596; x_wconf 87' lang='lat' dir='ltr'>et</span> <span class='ocrx_word' id='word_1_216' title='bbox 415 2527 827 2597; x_wconf 87' lang='lat' dir='ltr'>vestimenta</span> <span class='ocrx_word' id='word_1_217' title='bbox 859 2526 1206 2607; x_wconf 87' lang='lat' dir='ltr'>altarium,</span> <span class='ocrx_word' id='word_1_218' title='bbox 1243 2540 1646 2598; x_wconf 87' lang='lat' dir='ltr'>ornamenta</span> <span class='ocrx_word' id='word_1_219' title='bbox 1676 2528 2171 2610; x_wconf 89' lang='lat' dir='ltr'>Ecclesiastica,</span> <span class='ocrx_word' id='word_1_220' title='bbox 2209 2530 2610 2597; x_wconf 88' lang='lat' dir='ltr'>vestimenta</span> 
     </span>
     <span class='ocr_line' id='line_1_27' title="bbox 128 2607 2612 2707; baseline 0.006 -35"><span class='ocrx_word' id='word_1_221' title='bbox 128 2607 436 2707; x_wconf 84' lang='lat' dir='ltr'>clericalia,</span> <span class='ocrx_word' id='word_1_222' title='bbox 493 2617 974 2707; x_wconf 77' lang='lat' dir='ltr'>Apostolorum</span> <span class='ocrx_word' id='word_1_223' title='bbox 1025 2630 1089 2687; x_wconf 86' lang='lat' dir='ltr'>et</span> <span class='ocrx_word' id='word_1_224' title='bbox 1137 2617 1511 2686; x_wconf 87' lang='lat' dir='ltr'>multorum</span> <span class='ocrx_word' id='word_1_225' title='bbox 1556 2629 1951 2688; x_wconf 89' lang='lat' dir='ltr'>sanctorum</span> <span class='ocrx_word' id='word_1_226' title='bbox 1996 2616 2346 2705; x_wconf 83' lang='lat' dir='ltr'>reliquiaS,</span> <span class='ocrx_word' id='word_1_227' title='bbox 2385 2630 2450 2686; x_wconf 90' lang='lat' dir='ltr'>et</span> <span class='ocrx_word' id='word_1_228' title='bbox 2497 2638 2612 2686; x_wconf 92' lang='lat' dir='ltr'>co-</span> 
     </span>
     <span class='ocr_line' id='line_1_28' title="bbox 129 2692 2615 2797; baseline 0.004 -35"><span class='ocrx_word' id='word_1_229' title='bbox 129 2692 267 2771; x_wconf 78' lang='lat' dir='ltr'>dices</span> <span class='ocrx_word' id='word_1_230' title='bbox 311 2707 590 2775; x_wconf 57' lang='lat' dir='ltr'>multos</span> <span class='ocrx_word' id='word_1_231' title='bbox 652 2704 831 2773; x_wconf 85' lang='lat' dir='ltr'>Misit</span> <span class='ocrx_word' id='word_1_232' title='bbox 869 2704 938 2775; x_wconf 84' lang='lat' dir='ltr'>ei</span> <span class='ocrx_word' id='word_1_233' title='bbox 998 2719 1064 2774; x_wconf 87' lang='lat' dir='ltr'>et</span> <span class='ocrx_word' id='word_1_234' title='bbox 1112 2704 1427 2795; x_wconf 91' lang='lat' dir='ltr'>pallium,</span> <span class='ocrx_word' id='word_1_235' title='bbox 1472 2706 1728 2795; x_wconf 89' lang='lat' dir='ltr'>jubens</span> <span class='ocrx_word' id='word_1_236' title='bbox 1777 2717 1853 2775; x_wconf 87' lang='lat' dir='ltr'>ut</span> <span class='ocrx_word' id='word_1_237' title='bbox 1901 2706 2028 2777; x_wconf 90' lang='lat' dir='ltr'>sub</span> <span class='ocrx_word' id='word_1_238' title='bbox 2078 2706 2438 2797; x_wconf 89' lang='lat' dir='ltr'>metropoli</span> <span class='ocrx_word' id='word_1_239' title='bbox 2486 2727 2615 2774; x_wconf 91' lang='lat' dir='ltr'>sua</span> 
     </span>
     <span class='ocr_line' id='line_1_29' title="bbox 127 2787 2614 2883; baseline 0.005 -33"><span class='ocrx_word' id='word_1_240' title='bbox 127 2787 342 2861; x_wconf 81' lang='lat' dir='ltr'>Cantiae</span> <span class='ocrx_word' id='word_1_241' title='bbox 385 2795 419 2828; x_wconf 68' lang='lat'>¹*</span> <span class='ocrx_word' id='word_1_242' title='bbox 467 2793 837 2865; x_wconf 85' lang='lat' dir='ltr'>duodecim</span> <span class='ocrx_word' id='word_1_243' title='bbox 890 2793 1261 2883; x_wconf 88' lang='lat' dir='ltr'>Episcopos</span> <span class='ocrx_word' id='word_1_244' title='bbox 1308 2793 1678 2863; x_wconf 86' lang='lat' dir='ltr'>ordinaret:</span> <span class='ocrx_word' id='word_1_245' title='bbox 1724 2794 1808 2862; x_wconf 89' lang='lat' dir='ltr'>ad</span> <span class='ocrx_word' id='word_1_246' title='bbox 1859 2794 2279 2864; x_wconf 89' lang='lat' dir='ltr'>Londoniam</span> <span class='ocrx_word' id='word_1_247' title='bbox 2329 2806 2393 2863; x_wconf 91' lang='lat' dir='ltr'>et</span> <span class='ocrx_word' id='word_1_248' title='bbox 2442 2793 2614 2863; x_wconf 90' lang='lat' dir='ltr'>Ebo-</span> 
     </span>
     <span class='ocr_line' id='line_1_30' title="bbox 121 2877 2609 2973; baseline 0.003 -31"><span class='ocrx_word' id='word_1_249' title='bbox 121 2877 312 2948; x_wconf 69' lang='lat' dir='ltr'>racum</span> <span class='ocrx_word' id='word_1_250' title='bbox 343 2881 412 2915; x_wconf 64' lang='lat'>*³*</span> <span class='ocrx_word' id='word_1_251' title='bbox 458 2881 779 2973; x_wconf 89' lang='lat' dir='ltr'>singulos</span> <span class='ocrx_word' id='word_1_252' title='bbox 828 2882 1196 2973; x_wconf 86' lang='lat' dir='ltr'>Episcopus</span> <span class='ocrx_word' id='word_1_253' title='bbox 1246 2883 1562 2964; x_wconf 90' lang='lat' dir='ltr'>mitteret,</span> <span class='ocrx_word' id='word_1_254' title='bbox 1614 2883 1738 2970; x_wconf 92' lang='lat' dir='ltr'>qui</span> <span class='ocrx_word' id='word_1_255' title='bbox 1786 2883 1915 2952; x_wconf 87' lang='lat' dir='ltr'>sub</span> <span class='ocrx_word' id='word_1_256' title='bbox 1966 2905 2037 2952; x_wconf 91' lang='lat' dir='ltr'>se</span> <span class='ocrx_word' id='word_1_257' title='bbox 2084 2883 2449 2953; x_wconf 87' lang='lat' dir='ltr'>duodecim</span> <span class='ocrx_word' id='word_1_258' title='bbox 2502 2883 2609 2950; x_wconf 91' lang='lat' dir='ltr'>ni-</span> 
     </span>
     <span class='ocr_line' id='line_1_31' title="bbox 121 2960 2613 3062; baseline 0.005 -34"><span class='ocrx_word' id='word_1_259' title='bbox 121 2960 449 3040; x_wconf 85' lang='lat' dir='ltr'>hilominus</span> <span class='ocrx_word' id='word_1_260' title='bbox 516 2972 882 3061; x_wconf 89' lang='lat' dir='ltr'>episcopos</span> <span class='ocrx_word' id='word_1_261' title='bbox 947 2985 1463 3049; x_wconf 86' lang='lat' dir='ltr'>consecrantes,</span> <span class='ocrx_word' id='word_1_262' title='bbox 1518 2971 1808 3061; x_wconf 88' lang='lat' dir='ltr'>pallium</span> <span class='ocrx_word' id='word_1_263' title='bbox 1876 2971 1963 3040; x_wconf 91' lang='lat' dir='ltr'>ab</span> <span class='ocrx_word' id='word_1_264' title='bbox 2011 2972 2393 3062; x_wconf 80' lang='lat' dir='ltr'>Apostolica</span> <span class='ocrx_word' id='word_1_265' title='bbox 2452 2970 2613 3040; x_wconf 89' lang='lat' dir='ltr'>sede</span> 
     </span>
     <span class='ocr_line' id='line_1_32' title="bbox 115 3056 2612 3206; baseline 0.002 -84"><span class='ocrx_word' id='word_1_266' title='bbox 115 3056 521 3206; x_wconf 53' lang='lat' dir='ltr'>perciperent.</span> <span class='ocrx_word' id='word_1_267' title='bbox 569 3064 646 3129; x_wconf 87' lang='lat' dir='ltr'>Et</span> <span class='ocrx_word' id='word_1_268' title='bbox 696 3071 845 3150; x_wconf 89' lang='lat' dir='ltr'>post</span> <span class='ocrx_word' id='word_1_269' title='bbox 891 3058 1255 3159; x_wconf 76' lang='lat' dir='ltr'>Augustini</span> <span class='ocrx_word' id='word_1_270' title='bbox 1301 3059 1564 3128; x_wconf 91' lang='lat' dir='ltr'>obitum</span> <span class='ocrx_word' id='word_1_271' title='bbox 1606 3059 1753 3149; x_wconf 88' lang='lat' dir='ltr'>ipse</span> <span class='ocrx_word' id='word_1_272' title='bbox 1806 3059 1981 3129; x_wconf 89' lang='lat' dir='ltr'>inter</span> <span class='ocrx_word' id='word_1_273' title='bbox 2025 3082 2142 3129; x_wconf 88' lang='lat' dir='ltr'>eos</span> <span class='ocrx_word' id='word_1_274' title='bbox 2192 3060 2459 3151; x_wconf 87' lang='lat' dir='ltr'>primus</span> <span class='ocrx_word' id='word_1_275' title='bbox 2491 3060 2612 3129; x_wconf 88' lang='lat' dir='ltr'>ha-</span> 
     </span>
     <span class='ocr_line' id='line_1_33' title="bbox 150 3143 2615 3239; baseline 0.003 -30"><span class='ocrx_word' id='word_1_276' title='bbox 150 3143 226 3211; x_wconf 84' lang='lat' dir='ltr'>eri</span> <span class='ocrx_word' id='word_1_277' title='bbox 280 3147 679 3229; x_wconf 85' lang='lat' dir='ltr'>debuisset,</span> <span class='ocrx_word' id='word_1_278' title='bbox 731 3148 852 3235; x_wconf 91' lang='lat' dir='ltr'>qui</span> <span class='ocrx_word' id='word_1_279' title='bbox 924 3170 1115 3237; x_wconf 79' lang='lat' dir='ltr'>prius</span> <span class='ocrx_word' id='word_1_280' title='bbox 1163 3147 1550 3217; x_wconf 87' lang='lat' dir='ltr'>consecrari</span> <span class='ocrx_word' id='word_1_281' title='bbox 1600 3148 1986 3217; x_wconf 86' lang='lat' dir='ltr'>meruisset.</span> <span class='ocrx_word' id='word_1_282' title='bbox 2053 3149 2402 3239; x_wconf 88' lang='lat' dir='ltr'>Praecepit</span> <span class='ocrx_word' id='word_1_283' title='bbox 2446 3170 2615 3236; x_wconf 92' lang='lat' dir='ltr'>quo·</span> 
     </span>
    </p>

    <p class='ocr_par' dir='ltr' id='par_1_4' title="bbox 106 3234 2619 4462">
     <span class='ocr_line' id='line_1_34' title="bbox 114 3234 2610 3327; baseline 0.002 -28"><span class='ocrx_word' id='word_1_284' title='bbox 114 3249 250 3312; x_wconf 72' lang='lat' dir='ltr'>que,</span> <span class='ocrx_word' id='word_1_285' title='bbox 298 3250 374 3305; x_wconf 87' lang='lat' dir='ltr'>ut</span> <span class='ocrx_word' id='word_1_286' title='bbox 423 3237 494 3305; x_wconf 91' lang='lat' dir='ltr'>in</span> <span class='ocrx_word' id='word_1_287' title='bbox 547 3236 919 3327; x_wconf 78' lang='lat' dir='ltr'>Anglorum</span> <span class='ocrx_word' id='word_1_288' title='bbox 973 3249 1172 3326; x_wconf 90' lang='lat' dir='ltr'>gente</span> <span class='ocrx_word' id='word_1_289' title='bbox 1219 3234 1562 3305; x_wconf 89' lang='lat' dir='ltr'>idolorum</span> <span class='ocrx_word' id='word_1_290' title='bbox 1622 3236 1780 3305; x_wconf 89' lang='lat' dir='ltr'>fana</span> <span class='ocrx_word' id='word_1_291' title='bbox 1830 3257 1965 3304; x_wconf 91' lang='lat' dir='ltr'>non</span> <span class='ocrx_word' id='word_1_292' title='bbox 2015 3237 2438 3319; x_wconf 90' lang='lat' dir='ltr'>destrueret,</span> <span class='ocrx_word' id='word_1_293' title='bbox 2493 3236 2610 3306; x_wconf 92' lang='lat' dir='ltr'>sed</span> 
     </span>
     <span class='ocr_line' id='line_1_35' title="bbox 116 3323 2613 3414; baseline 0.005 -32"><span class='ocrx_word' id='word_1_294' title='bbox 116 3323 514 3396; x_wconf 73' lang='lat' dir='ltr'>sanctificatis</span> <span class='ocrx_word' id='word_1_295' title='bbox 566 3326 766 3412; x_wconf 86' lang='lat' dir='ltr'>aquis</span> <span class='ocrx_word' id='word_1_296' title='bbox 815 3347 1148 3414; x_wconf 86' lang='lat' dir='ltr'>respersa,</span> <span class='ocrx_word' id='word_1_297' title='bbox 1206 3325 1276 3392; x_wconf 90' lang='lat' dir='ltr'>in</span> <span class='ocrx_word' id='word_1_298' title='bbox 1325 3323 1647 3395; x_wconf 88' lang='lat' dir='ltr'>basilicas</span> <span class='ocrx_word' id='word_1_299' title='bbox 1697 3324 2064 3395; x_wconf 89' lang='lat' dir='ltr'>dedicaret.</span> <span class='ocrx_word' id='word_1_300' title='bbox 2100 3332 2178 3395; x_wconf 88' lang='lat' dir='ltr'>Et</span> <span class='ocrx_word' id='word_1_301' title='bbox 2223 3326 2387 3413; x_wconf 90' lang='lat' dir='ltr'>quia</span> <span class='ocrx_word' id='word_1_302' title='bbox 2436 3325 2613 3395; x_wconf 90' lang='lat' dir='ltr'>sole-</span> 
     </span>
     <span class='ocr_line' id='line_1_36' title="bbox 115 3403 2609 3501; baseline 0.004 -29"><span class='ocrx_word' id='word_1_303' title='bbox 115 3403 243 3501; x_wconf 68' lang='lat' dir='ltr'>bant</span> <span class='ocrx_word' id='word_1_304' title='bbox 314 3418 617 3483; x_wconf 85' lang='lat' dir='ltr'>Saxones</span> <span class='ocrx_word' id='word_1_305' title='bbox 685 3414 752 3482; x_wconf 90' lang='lat' dir='ltr'>in</span> <span class='ocrx_word' id='word_1_306' title='bbox 815 3413 1152 3482; x_wconf 88' lang='lat' dir='ltr'>sacrificio</span> <span class='ocrx_word' id='word_1_307' title='bbox 1226 3411 1644 3482; x_wconf 89' lang='lat' dir='ltr'>daemonum</span> <span class='ocrx_word' id='word_1_308' title='bbox 1693 3412 1896 3483; x_wconf 90' lang='lat' dir='ltr'>boves</span> <span class='ocrx_word' id='word_1_309' title='bbox 1959 3415 2212 3484; x_wconf 84' lang='lat' dir='ltr'>multos</span> <span class='ocrx_word' id='word_1_310' title='bbox 2275 3413 2609 3496; x_wconf 86' lang='lat' dir='ltr'>occidere,</span> 
     </span>
     <span class='ocr_line' id='line_1_37' title="bbox 106 3498 2609 3591; baseline 0.004 -29"><span class='ocrx_word' id='word_1_311' title='bbox 106 3498 273 3579; x_wconf 72' lang='lat' dir='ltr'>jussit</span> <span class='ocrx_word' id='word_1_312' title='bbox 316 3514 388 3571; x_wconf 88' lang='lat' dir='ltr'>ut</span> <span class='ocrx_word' id='word_1_313' title='bbox 437 3504 510 3571; x_wconf 92' lang='lat' dir='ltr'>in</span> <span class='ocrx_word' id='word_1_314' title='bbox 565 3502 680 3571; x_wconf 89' lang='lat' dir='ltr'>die</span> <span class='ocrx_word' id='word_1_315' title='bbox 727 3501 1198 3581; x_wconf 84' lang='lat' dir='ltr'>dedicationis,</span> <span class='ocrx_word' id='word_1_316' title='bbox 1243 3500 1341 3570; x_wconf 88' lang='lat' dir='ltr'>vel</span> <span class='ocrx_word' id='word_1_317' title='bbox 1382 3501 1710 3571; x_wconf 85' lang='lat' dir='ltr'>natalitiis</span> <span class='ocrx_word' id='word_1_318' title='bbox 1759 3515 2148 3572; x_wconf 87' lang='lat' dir='ltr'>sanctorum</span> <span class='ocrx_word' id='word_1_319' title='bbox 2202 3515 2609 3591; x_wconf 78' lang='lat' dir='ltr'>martyrum,</span> 
     </span>
     <span class='ocr_line' id='line_1_38' title="bbox 112 3589 2611 3681; baseline 0.002 -27"><span class='ocrx_word' id='word_1_320' title='bbox 112 3602 364 3666; x_wconf 79' lang='lat' dir='ltr'>quorum</span> <span class='ocrx_word' id='word_1_321' title='bbox 412 3591 563 3661; x_wconf 90' lang='lat' dir='ltr'>illic</span> <span class='ocrx_word' id='word_1_322' title='bbox 616 3590 942 3678; x_wconf 85' lang='lat' dir='ltr'>reliquiae</span> <span class='ocrx_word' id='word_1_323' title='bbox 992 3603 1434 3681; x_wconf 88' lang='lat' dir='ltr'>ponerentur,</span> <span class='ocrx_word' id='word_1_324' title='bbox 1473 3589 1915 3659; x_wconf 89' lang='lat' dir='ltr'>tabernacula</span> <span class='ocrx_word' id='word_1_325' title='bbox 1948 3591 2084 3660; x_wconf 89' lang='lat' dir='ltr'>sibi</span> <span class='ocrx_word' id='word_1_326' title='bbox 2112 3591 2297 3660; x_wconf 91' lang='lat' dir='ltr'>circa</span> <span class='ocrx_word' id='word_1_327' title='bbox 2335 3591 2611 3660; x_wconf 88' lang='lat' dir='ltr'>easdem</span> 
     </span>
     <span class='ocr_line' id='line_1_39' title="bbox 107 3674 2614 3768; baseline 0.004 -31"><span class='ocrx_word' id='word_1_328' title='bbox 107 3674 388 3750; x_wconf 82' lang='lat' dir='ltr'>ecclesias</span> <span class='ocrx_word' id='word_1_329' title='bbox 435 3702 622 3768; x_wconf 88' lang='lat' dir='ltr'>quae</span> <span class='ocrx_word' id='word_1_330' title='bbox 660 3700 739 3748; x_wconf 77' lang='lat' dir='ltr'>ex</span> <span class='ocrx_word' id='word_1_331' title='bbox 785 3678 964 3748; x_wconf 90' lang='lat' dir='ltr'>fanis</span> <span class='ocrx_word' id='word_1_332' title='bbox 1009 3691 1468 3749; x_wconf 87' lang='lat' dir='ltr'>commutatae</span> <span class='ocrx_word' id='word_1_333' title='bbox 1516 3692 1700 3759; x_wconf 90' lang='lat' dir='ltr'>sunt,</span> <span class='ocrx_word' id='word_1_334' title='bbox 1755 3679 1840 3747; x_wconf 92' lang='lat' dir='ltr'>de</span> <span class='ocrx_word' id='word_1_335' title='bbox 1888 3679 2101 3749; x_wconf 87' lang='lat' dir='ltr'>ramis</span> <span class='ocrx_word' id='word_1_336' title='bbox 2147 3680 2473 3749; x_wconf 87' lang='lat' dir='ltr'>arborum</span> <span class='ocrx_word' id='word_1_337' title='bbox 2515 3679 2614 3748; x_wconf 82' lang='lat' dir='ltr'>fa-</span> 
     </span>
     <span class='ocr_line' id='line_1_40' title="bbox 110 3766 2618 3859; baseline 0.003 -32"><span class='ocrx_word' id='word_1_338' title='bbox 110 3778 320 3847; x_wconf 80' lang='lat' dir='ltr'>cerent,</span> <span class='ocrx_word' id='word_1_339' title='bbox 357 3780 423 3839; x_wconf 91' lang='lat' dir='ltr'>et</span> <span class='ocrx_word' id='word_1_340' title='bbox 468 3766 814 3859; x_wconf 88' lang='lat' dir='ltr'>religiosis</span> <span class='ocrx_word' id='word_1_341' title='bbox 851 3768 1183 3838; x_wconf 87' lang='lat' dir='ltr'>conviviis</span> <span class='ocrx_word' id='word_1_342' title='bbox 1232 3767 1699 3838; x_wconf 88' lang='lat' dir='ltr'>solemnitates</span> <span class='ocrx_word' id='word_1_343' title='bbox 1746 3766 2012 3838; x_wconf 89' lang='lat' dir='ltr'>debitas</span> <span class='ocrx_word' id='word_1_344' title='bbox 2060 3768 2506 3838; x_wconf 88' lang='lat' dir='ltr'>celebrarent.</span> <span class='ocrx_word' id='word_1_345' title='bbox 2538 3773 2618 3836; x_wconf 87' lang='lat' dir='ltr'>Et</span> 
     </span>
     <span class='ocr_line' id='line_1_41' title="bbox 111 3849 2610 3949; baseline -0.003 -17"><span class='ocrx_word' id='word_1_346' title='bbox 111 3849 236 3932; x_wconf 79' lang='lat' dir='ltr'>quia</span> <span class='ocrx_word' id='word_1_347' title='bbox 302 3879 517 3949; x_wconf 85' lang='lat' dir='ltr'>super</span> <span class='ocrx_word' id='word_1_348' title='bbox 594 3856 1011 3944; x_wconf 88' lang='lat' dir='ltr'>quibusdam</span> <span class='ocrx_word' id='word_1_349' title='bbox 1084 3855 1407 3947; x_wconf 90' lang='lat' dir='ltr'>capitulis</span> <span class='ocrx_word' id='word_1_350' title='bbox 1469 3856 1896 3947; x_wconf 77' lang='lat' dir='ltr'>Augustinus</span> <span class='ocrx_word' id='word_1_351' title='bbox 1944 3880 2103 3927; x_wconf 90' lang='lat' dir='ltr'>eum</span> <span class='ocrx_word' id='word_1_352' title='bbox 2154 3857 2610 3945; x_wconf 81' lang='lat' dir='ltr'>interroganS,</span> 
     </span>
     <span class='ocr_line' id='line_1_42' title="bbox 117 3941 2614 4039; baseline -0.002 -22"><span class='ocrx_word' id='word_1_353' title='bbox 117 3941 359 4033; x_wconf 62' lang='lat' dir='ltr'>&lt;naliter</span> <span class='ocrx_word' id='word_1_354' title='bbox 425 3947 806 4039; x_wconf 88' lang='lat' dir='ltr'>episcopus</span> <span class='ocrx_word' id='word_1_355' title='bbox 854 3968 1012 4016; x_wconf 90' lang='lat' dir='ltr'>cum</span> <span class='ocrx_word' id='word_1_356' title='bbox 1065 3946 1208 4017; x_wconf 89' lang='lat' dir='ltr'>suis</span> <span class='ocrx_word' id='word_1_357' title='bbox 1248 3946 1637 4015; x_wconf 88' lang='lat' dir='ltr'>conversari</span> <span class='ocrx_word' id='word_1_358' title='bbox 1686 3945 1961 4015; x_wconf 89' lang='lat' dir='ltr'>deberet</span> <span class='ocrx_word' id='word_1_359' title='bbox 2005 3946 2275 4016; x_wconf 88' lang='lat' dir='ltr'>clericis</span> <span class='ocrx_word' id='word_1_360' title='bbox 2324 3944 2614 4031; x_wconf 89' lang='lat' dir='ltr'>requisi-</span> 
     </span>
     <span class='ocr_line' id='line_1_43' title="bbox 125 4032 2619 4125; baseline -0.002 -16"><span class='ocrx_word' id='word_1_361' title='bbox 125 4040 207 4109; x_wconf 57' lang='grc' dir='ltr'>ΥΠ,</span> <span class='ocrx_word' id='word_1_362' title='bbox 260 4036 496 4107; x_wconf 87' lang='lat' dir='ltr'>Doctor</span> <span class='ocrx_word' id='word_1_363' title='bbox 549 4034 989 4104; x_wconf 90' lang='lat' dir='ltr'>humillimus</span> <span class='ocrx_word' id='word_1_364' title='bbox 1037 4035 1213 4104; x_wconf 88' lang='lat' dir='ltr'>inter</span> <span class='ocrx_word' id='word_1_365' title='bbox 1265 4045 1528 4104; x_wconf 87' lang='lat' dir='ltr'>caetera</span> <span class='ocrx_word' id='word_1_366' title='bbox 1576 4032 1677 4103; x_wconf 89' lang='lat' dir='ltr'>sic</span> <span class='ocrx_word' id='word_1_367' title='bbox 1726 4034 2120 4125; x_wconf 89' lang='lat' dir='ltr'>rescripsit:</span> <span class='ocrx_word' id='word_1_368' title='bbox 2180 4057 2215 4102; x_wconf 89' lang='lat'>«</span> <span class='ocrx_word' id='word_1_369' title='bbox 2280 4034 2452 4117; x_wconf 87' lang='lat' dir='ltr'>Quia</span> <span class='ocrx_word' id='word_1_370' title='bbox 2499 4044 2619 4103; x_wconf 85' lang='lat' dir='ltr'>tua</span> 
     </span>
     <span class='ocr_line' id='line_1_44' title="bbox 124 4109 2617 4225; baseline 0.003 -42"><span class='ocrx_word' id='word_1_371' title='bbox 124 4109 452 4195; x_wconf 75' lang='lat' dir='ltr'>fraternitas</span> <span class='ocrx_word' id='word_1_372' title='bbox 502 4123 905 4196; x_wconf 87' lang='lat' dir='ltr'>monasterii</span> <span class='ocrx_word' id='word_1_373' title='bbox 954 4123 1211 4225; x_wconf 82' lang='lat' dir='ltr'>regulis</span> <span class='ocrx_word' id='word_1_374' title='bbox 1257 4123 1549 4211; x_wconf 86' lang='lat' dir='ltr'>erudita,</span> <span class='ocrx_word' id='word_1_375' title='bbox 1602 4144 1915 4193; x_wconf 90' lang='lat' dir='ltr'>seorsum</span> <span class='ocrx_word' id='word_1_376' title='bbox 1966 4123 2187 4193; x_wconf 88' lang='lat' dir='ltr'>vivere</span> <span class='ocrx_word' id='word_1_377' title='bbox 2228 4145 2362 4192; x_wconf 92' lang='lat' dir='ltr'>non</span> <span class='ocrx_word' id='word_1_378' title='bbox 2413 4122 2617 4192; x_wconf 90' lang='lat' dir='ltr'>debet</span> 
     </span>
     <span class='ocr_line' id='line_1_45' title="bbox 129 4206 2618 4312; baseline 0.002 -40"><span class='ocrx_word' id='word_1_379' title='bbox 129 4218 157 4263; x_wconf 74' lang='lat' dir='ltr'>a</span> <span class='ocrx_word' id='word_1_380' title='bbox 190 4206 422 4284; x_wconf 80' lang='lat' dir='ltr'>clericis</span> <span class='ocrx_word' id='word_1_381' title='bbox 471 4213 652 4292; x_wconf 89' lang='lat' dir='ltr'>suis;</span> <span class='ocrx_word' id='word_1_382' title='bbox 705 4212 776 4281; x_wconf 90' lang='lat' dir='ltr'>in</span> <span class='ocrx_word' id='word_1_383' title='bbox 823 4212 1107 4282; x_wconf 79' lang='lat' dir='ltr'>ecclesia</span> <span class='ocrx_word' id='word_1_384' title='bbox 1152 4212 1552 4303; x_wconf 83' lang='lat' dir='ltr'>Anglorum,</span> <span class='ocrx_word' id='word_1_385' title='bbox 1586 4232 1765 4299; x_wconf 87' lang='lat' dir='ltr'>quae</span> <span class='ocrx_word' id='word_1_386' title='bbox 1814 4233 2036 4303; x_wconf 89' lang='lat' dir='ltr'>nuper</span> <span class='ocrx_word' id='word_1_387' title='bbox 2081 4211 2165 4280; x_wconf 87' lang='lat' dir='ltr'>ad</span> <span class='ocrx_word' id='word_1_388' title='bbox 2212 4212 2425 4312; x_wconf 41' lang='lat' dir='ltr'>fidem·</span> <span class='ocrx_word' id='word_1_389' title='bbox 2464 4232 2618 4311; x_wconf 74' lang='lat' dir='ltr'>per-</span> 
     </span>
     <span class='ocr_line' id='line_1_46' title="bbox 129 4285 2606 4388; baseline 0.006 -34"><span class='ocrx_word' id='word_1_390' title='bbox 129 4285 283 4367; x_wconf 80' lang='lat' dir='ltr'>dueta</span> <span class='ocrx_word' id='word_1_391' title='bbox 320 4319 452 4385; x_wconf 87' lang='lat' dir='ltr'>est,</span> <span class='ocrx_word' id='word_1_392' title='bbox 508 4304 693 4373; x_wconf 85' lang='lat' dir='ltr'>hanc</span> <span class='ocrx_word' id='word_1_393' title='bbox 741 4300 938 4371; x_wconf 89' lang='lat' dir='ltr'>debet</span> <span class='ocrx_word' id='word_1_394' title='bbox 981 4301 1562 4373; x_wconf 87' lang='lat' dir='ltr'>conversationem</span> <span class='ocrx_word' id='word_1_395' title='bbox 1627 4300 2006 4384; x_wconf 87' lang='lat' dir='ltr'>instituere,</span> <span class='ocrx_word' id='word_1_396' title='bbox 2060 4322 2237 4388; x_wconf 89' lang='lat' dir='ltr'>quae</span> <span class='ocrx_word' id='word_1_397' title='bbox 2288 4301 2356 4369; x_wconf 90' lang='lat' dir='ltr'>in</span> <span class='ocrx_word' id='word_1_398' title='bbox 2408 4313 2606 4369; x_wconf 77' lang='lat' dir='ltr'>mitio</span> 
     </span>
     <span class='ocr_line' id='line_1_47' title="bbox 169 4410 1659 4462; baseline 0.001 -3"><span class='ocrx_word' id='word_1_399' title='bbox 169 4410 318 4460; x_wconf 49' lang='lat' dir='ltr'>‘Rene</span> <span class='ocrx_word' id='word_1_400' title='bbox 1412 4421 1468 4449; x_wconf 59' lang='grc' dir='ltr'>ει*</span> <span class='ocrx_word' id='word_1_401' title='bbox 1500 4421 1659 4462; x_wconf 65' lang='lat' dir='ltr'>Yon-ck.</span> 
     </span>
    </p>
   </div>
  </div>
 </body>
</html>
