3327 4999
670 323 799 386 608
1421 336 1501 383 na
1549 336 1604 382 S.
1658 334 1951 383 msmooo
1995 332 2295 381 Emscoro
2713 313 2819 378 EX
2862 311 3040 379 JUL.
3095 313 3144 377 8

575 439 780 489 suum
831 416 1073 486 adesse
1121 415 1347 494 sciret,
1403 415 1668 499 nemini
1719 415 2028 483 indicare
2078 414 2314 493 voluit,
2383 412 2684 502 demptis
2737 412 2982 500 paucis
3030 432 3146 479 re·

577 505 847 596 ligiosis
896 505 1061 573 viris
1091 557 1106 581 ,
1158 503 1279 589 qui
1329 502 1468 571 fere
1515 503 1834 572 omnium
1897 517 2318 571 secretorum
2378 503 2530 590 ejus
2591 514 2789 569 erant
2836 499 3136 569 conscii.

578 594 674 662 Iis
722 594 909 662 enim
969 592 1330 681 exposuit,
1390 592 1704 681 angelica
1771 591 2180 660 revelatione
2234 589 2642 679 cognovisse
2691 609 2774 657 se
2832 610 3044 658 suam
3098 610 3146 656 a

573 703 861 770 corpore
911 680 1425 769 migrationem:
1463 693 1767 749 caeteros
1794 679 2048 749 veroid
2083 679 2292 747 latere
2328 678 2564 757 voluit,
2595 676 2780 763 quod
2812 676 3140 744 omnium

579 791 867 858 operum
944 789 1289 847 suorum,
1346 789 1432 836 ne
1490 767 1801 836 humana
1849 767 2056 837 laude
2105 768 2428 857 perirent,
2493 780 2832 853 quantum
2884 764 3138 853 potuit,

587 858 1099 927 zelantissimus
1146 868 1346 924 esset.
1397 858 1559 924 Jam
1598 857 1880 946 triginta
1912 857 2118 926 annis
2150 856 2219 923 in
2254 877 2333 923 eo
2386 867 2616 924 monte
2664 858 2796 922 Deo
2843 852 3150 925 fideliter

586 946 936 1024 servierat,
991 957 1059 1013 et
1105 942 1436 1013 fratribus
1492 945 1640 1013 suis
1708 945 2091 1015 necessaria
2147 964 2463 1031 quaeque
2524 941 2803 1011 abunde
2867 941 3149 1010 submi-

582 1034 932 1103 nistrarat.
988 1032 1158 1100 Inde
1209 1054 1412 1122 porro
1459 1045 1811 1123 aegrotare
1864 1034 2109 1123 coepit,
2167 1031 2325 1121 plus
2375 1030 2629 1110 labore,
2684 1051 2895 1116 quam
2944 1029 3147 1099 senio

585 1121 941 1190 exhaustis
1006 1120 1318 1210 corporis
1367 1121 1654 1190 viribus.
1713 1121 2112 1191 Convocatis
2173 1121 2387 1221 igitur
2434 1119 2802 1199 fratribuS,
2869 1132 3144 1207 patrem

584 1210 686 1279 eis
738 1208 1142 1288 nominavit,
1199 1209 1638 1295 eundemque
1675 1221 1818 1277 tum
1859 1210 2163 1298 primum
2201 1209 2375 1298 ipsis
2425 1206 2820 1297 petentibus
2874 1206 3147 1296 praefe-

582 1298 725 1376 cit,
780 1297 1017 1366 omnia
1092 1319 1272 1382 quae
1332 1298 1484 1385 ejus
1548 1297 1680 1365 loci
1746 1310 1983 1377 erant,
2039 1297 2140 1366 illi
2200 1297 2662 1366 committens
2716 1300 2882 1364 Ante
2936 1295 3147 1364 illum

582 1385 768 1454 enim
822 1384 1007 1452 diem
1052 1398 1314 1474 patrem
1345 1385 1479 1453 sibi
1520 1385 1874 1475 designari
1908 1386 2274 1455 noluerant
2306 1385 2548 1458 alium.
2590 1396 2862 1475 praeter
2904 1384 3148 1472 ipsum

583 1473 698 1541 cui
753 1473 877 1541 uni
937 1473 1006 1539 in
1058 1472 1386 1541 omnibus
1447 1487 1778 1560 tanquam
1829 1474 2008 1563 patri
2055 1473 2478 1542 obedierant.
2542 1476 2798 1541 Locum
2865 1492 3148 1557 quoque

589 1560 989 1649 sepulturae
1060 1582 1227 1630 suae
1299 1560 1440 1628 illis
1487 1561 1836 1641 ostendit,
1892 1584 2050 1631 cum
2112 1560 2440 1650 lacrymis
2486 1572 2553 1630 et
2598 1560 2976 1651 gemitibus
3023 1580 3146 1638 eos

589 1670 830 1728 oram,
890 1671 975 1716 ne
1024 1649 1092 1716 in
1146 1646 1428 1716 sublimi
1470 1649 1703 1736 aliquo
1753 1649 1935 1730 loco,
1990 1649 2106 1717 sed
2159 1650 2230 1717 in
2285 1648 2534 1717 humili
2584 1647 2863 1717 oratorii
2915 1648 3147 1737 ipsius

586 1736 1001 1805 umbraculo
1037 1791 1052 1817 ,
1108 1737 1180 1804 in
1230 1756 1367 1821 quo
1427 1742 1559 1805 Deo
1624 1737 1974 1806 solitarius
2033 1737 2402 1816 servierat,
2458 1737 2691 1825 ipsum
2747 1737 3166 1804 humarent:

587 1823 883 1894 Polliciti
917 1838 1082 1894 sunt
1128 1825 1396 1901 fratres,
1456 1847 1528 1894 se
1577 1826 1645 1894 id
1700 1839 2086 1905 curaturos,
2127 1825 2244 1893 sed
2287 1825 2354 1893 id
2407 1825 2556 1895 sine
2603 1846 2858 1914 magno
2906 1823 3149 1892 dolore

587 1926 653 1982 et
688 1912 1016 2001 lacrymis
1066 1935 1199 1981 non
1253 1910 1405 1981 fuit.
1453 1914 1673 1982 Simul
1722 1915 1929 1983 etiam
1978 1914 2214 1982 omnia
2261 1914 2414 2001 ejus
2463 1912 2644 1981 bona
2692 1933 2900 2001 opera
2936 1912 3146 1981 etin-

591 2000 983 2071 stitutiones
1044 1998 1451 2091 singulatim
1525 2002 2218 2083 commemorabant,
2271 2002 2658 2086 acerbeque
2710 2001 3141 2090 plangentes,

593 2088 969 2161 dicebantz,
1005 2090 1215 2169 Eheu,
1254 2088 1423 2173 quid
1462 2090 1661 2159 nobis
1711 2090 2024 2159 futurum
2055 2102 2180 2169 est,
2215 2090 2340 2159 ubi
2375 2102 2438 2158 te
2473 2102 2843 2178 patronum
2873 2102 2936 2158 et
2979 2110 3146 2157 con-

590 2176 952 2248 solatorem
1003 2198 1373 2267 corporum
1423 2190 1627 2263 atque
1666 2178 2060 2246 animarum
2113 2190 2506 2248 nostrarum
2539 2176 3027 2246 amiserimus?
3062 2181 3145 2246 Ut

588 2278 818 2333 autem
894 2286 1136 2335 cervus
1210 2266 1612 2335 sitibundus
1679 2266 1899 2335 fontes
1947 2288 2289 2352 aquarum
2340 2265 2633 2355 expetit:
2688 2265 2781 2333 ita
2828 2265 2933 2333 illi
2987 2286 3149 2334 san-

589 2367 778 2422 ctum
828 2352 1054 2422 virum
1103 2355 1479 2441 cupiebant
1525 2355 1713 2444 apud
1766 2376 1836 2424 se
1883 2354 2151 2423 diutius
2187 2355 2499 2422 retinere:
2538 2352 2725 2439 quod
2756 2366 2953 2421 antea
2986 2352 3145 2439 qui-

589 2440 746 2510 dem
784 2462 947 2531 prae
994 2442 1273 2531 gaudiO,
1320 2464 1458 2530 quo
1491 2445 1733 2513 crebro
1780 2464 1860 2512 ex
1904 2441 2020 2511 illo
2063 2442 2336 2513 fuerant
2384 2442 2632 2522 affecti,
2671 2441 2975 2532 cogitare
3005 2462 3145 2510 non

641 2543 929 2599 Olerant.

591 2553 635 2620 p
679 2622 715 2704 ξ
763 2622 900 2690 18.
949 2619 1253 2705 Denique
1302 2620 1816 2709 ingravescente
1862 2619 2119 2700 dolore,
2165 2619 2414 2688 iterum
2467 2619 2862 2687 convocatis
2909 2617 3144 2687 fratri-

588 2707 770 2786 buS‚
828 2706 1036 2774 finem
1090 2730 1294 2776 suum
1350 2708 1495 2796 jam
1549 2707 1936 2787 imminere,
1990 2719 2069 2776 ut
2118 2707 2358 2796 potuit,
2416 2707 2876 2798 significavit:
2938 2719 3148 2792 atque

591 2794 683 2862 ita
723 2807 877 2883 post
926 2794 1181 2864 multos
1229 2794 1606 2864 exantlatos
1652 2795 1946 2876 laboreS‚
2011 2808 2162 2885 post
2213 2795 2468 2864 multas
2518 2795 2840 2864 toleratas
2896 2817 3144 2864 cruces

592 2895 658 2950 et
704 2882 1130 2963 afflictiones,
1185 2905 1369 2951 anno
1407 2884 1648 2953 aetatis
1698 2906 1864 2953 suae
1925 2883 2576 2973 octogesimoprimo
2613 2939 2627 2963 ,
2681 2895 2919 2953 octavo
2971 2884 3142 2952 Idus

589 2969 760 3038 Julii
808 2992 847 3038 a
895 2992 1182 3060 corpore
1234 2972 1573 3060 migravit,
1630 2972 1943 3052 Domine,
1989 2975 2103 3041 cui
2153 2972 2449 3041 fideliter
2495 2972 2844 3050 servierat,
2905 2993 3145 3040 coram

590 3058 921 3126 fratribus
970 3059 1291 3144 spiritum
1336 3059 1655 3127 reddens.
1712 3066 1880 3128 Tum
1933 3082 2087 3129 vero
2143 3061 2602 3129 suavissimus
2647 3061 2969 3129 omnium
3020 3082 3145 3128 na-

592 3168 703 3214 res
752 3145 1055 3235 perfudit
1102 3146 1271 3215 odor
1316 3168 1444 3215 ceu
1493 3148 1810 3228 balsami,
1869 3149 2189 3236 myrrhae
2227 3161 2291 3217 et
2330 3149 2555 3219 thuris
2589 3161 3148 3233 cunctorumque

593 3246 980 3301 aromatum
1016 3289 1031 3315 ,
1084 3248 1151 3302 et
1201 3235 1417 3304 multa
1479 3248 1642 3303 sunt
1694 3235 1832 3304 illic
1880 3237 2215 3305 divinitus
2273 3236 2455 3304 edita
2509 3236 2869 3306 miracula.
2936 3241 3146 3304 Fama

592 3334 822 3390 autem
875 3344 996 3411 per
1041 3344 1318 3391 omnem
1368 3323 1791 3412 provinciam
1842 3324 2032 3392 illam
2087 3347 2242 3393 mox
2289 3325 2642 3415 divulgata
2690 3338 2813 3403 est,
2862 3326 3143 3394 beatum

592 3410 999 3479 Disibbdum
1048 3434 1084 3479 e
1131 3412 1268 3480 vita
1300 3412 1695 3480 excessisse.
1737 3417 1975 3497 Itaque
2005 3412 2490 3501 copiosissima
2538 3414 2901 3482 hominum
2964 3411 3148 3481 mul-

593 3498 810 3566 titudo
859 3499 944 3567 ad
995 3500 1143 3589 ejus
1194 3522 1569 3588 properans
1619 3502 1967 3585 exequias,
2020 3501 2341 3589 cupiebat
2388 3502 2538 3588 ejus
2588 3501 2986 3590 sepulturae
3036 3502 3146 3567 in-

595 3598 867 3666 teresse,
931 3602 995 3655 et
1055 3589 1276 3677 signa,
1321 3611 1498 3674 quae
1548 3588 1691 3657 illic
1755 3589 2018 3664 tierent,
2074 3590 2326 3657 videre.
2380 3588 2788 3659 Tumulatus
2838 3611 2995 3658 vero
3046 3598 3152 3656 est

594 3674 663 3741 in
712 3676 960 3764 exiguo
1009 3677 1116 3743 sui
1166 3676 1466 3756 oratorii,
1522 3677 1706 3763 quod
1759 3676 1905 3765 ipse
1954 3677 2088 3746 sibi
2138 3689 2518 3767 paraverat,
2574 3677 3017 3755 umbraculo,
3070 3688 3153 3744 ut

592 3763 742 3851 ejus
793 3764 1117 3852 precibus
1166 3764 1355 3832 fieret
1403 3766 1590 3834 satis.
1647 3770 1714 3833 Is
1761 3776 2016 3844 autem,
2055 3787 2259 3852 quem
2311 3765 2616 3833 diximus
2648 3820 2663 3846 ,
2722 3766 2937 3834 mirae
2984 3786 3154 3834 sua-

592 3850 822 3918 vitatis
856 3852 1026 3919 odor
1073 3853 1157 3920 ad
1213 3853 1643 3941 trigesimum
1685 3875 1904 3938 usque
1935 3854 2116 3922 diem
2161 3853 2343 3942 apud
2381 3854 2533 3941 ejus
2562 3853 2963 3953 sepulcrum
2997 3875 3158 3943 per-

593 3939 890 4008 duravit:
927 3955 1130 4026 atque
1166 3940 1424 4009 interea
1472 3953 1728 4029 septem
1773 3942 2202 4010 daemoniaci
2246 3942 2535 4022 liberati,
2577 3942 2855 4040 triginta
2884 3942 3153 4018 claudi,

594 4027 797 4096 multi
845 4029 1030 4097 caeci
1081 4042 1145 4097 et
1178 4029 1399 4109 surdi,
1453 4029 1986 4118 compluresque
2034 4030 2178 4110 alii,
2237 4030 2444 4098 variis
2484 4052 2702 4118 pressi
2737 4031 3024 4110 morbiS,
3063 4030 3159 4098 ad

594 4128 988 4184 contactum
1035 4116 1286 4196 tumuli
1335 4118 1508 4202 ejus,
1570 4129 1957 4206 praestante
2007 4119 2319 4197 Domine,
2377 4118 2600 4187 curati
2651 4129 2837 4187 sunt.
2879 4123 2955 4187 Et
2985 4118 3166 4203 quia

597 4203 817 4272 multa
850 4205 1016 4272 haec
1065 4206 1265 4295 signa
1313 4219 1530 4285 erant,
1566 4218 1632 4276 et
1679 4227 1756 4274 ea
1801 4218 2199 4296 tempestate
2245 4205 2569 4292 frequens
2616 4220 2783 4286 erat,
2838 4219 2915 4276 ut
2947 4207 3167 4275 mira-

601 4292 761 4360 cula
810 4292 1073 4372 fierent,
1131 4294 1447 4362 homines
1498 4294 1933 4372 insolentius,
1973 4316 2182 4381 quam
2237 4317 2361 4383 par
2406 4307 2575 4374 erat,
2633 4294 3040 4364 exultabant
3088 4318 3172 4364 a·-

603 4380 840 4463 nimiS,
876 4382 1361 4468 dicebantque:
1399 4382 1850 4473 Omnipotens
1897 4389 2078 4453 Deus
2113 4396 2266 4473 post
2298 4383 2565 4453 obitum
2615 4383 2796 4453 beati
2848 4383 3170 4455 Disibbdi
