<?xml version="1.0" encoding="UTF-8"?>
<!DOCTYPE html PUBLIC "-//W3C//DTD XHTML 1.0 Transitional//EN"
    "http://www.w3.org/TR/xhtml1/DTD/xhtml1-transitional.dtd">
<html xmlns="http://www.w3.org/1999/xhtml" xml:lang="en" lang="en">
 <head>
  <title>
</title>
<meta http-equiv="Content-Type" content="text/html;charset=utf-8" />
  <meta name='ocr-system' content='tesseract 3.04.00' />
  <meta name='ocr-capabilities' content='ocr_page ocr_carea ocr_par ocr_line ocrx_word'/>
</head>
<body>
  <div class='ocr_page' id='page_1' title='image "./historiaeseuvit04lippgoog_0416.png"; bbox 0 0 3327 4999; ppageno 0'>
   <div class='ocr_carea' id='block_1_1' title="bbox 680 292 3162 385">
    <p class='ocr_par' dir='ltr' id='par_1_1' title="bbox 680 292 3162 385">
     <span class='ocr_line' id='line_1_1' title="bbox 680 292 3162 385; baseline -0.001 -5"><span class='ocrx_word' id='word_1_1' title='bbox 680 314 814 380; x_wconf 72' lang='lat'>402</span> <span class='ocrx_word' id='word_1_2' title='bbox 1213 331 1292 377; x_wconf 73' lang='lat' dir='ltr'>ne</span> <span class='ocrx_word' id='word_1_3' title='bbox 1340 329 1397 376; x_wconf 86' lang='lat' dir='ltr'>S.</span> <span class='ocrx_word' id='word_1_4' title='bbox 1449 328 1814 377; x_wconf 71' lang='lat' dir='ltr'>cumanam</span> <span class='ocrx_word' id='word_1_5' title='bbox 1862 292 2060 376; x_wconf 68' lang='lat' dir='ltr'>amsc.</span> <span class='ocrx_word' id='word_1_6' title='bbox 2115 331 2525 385; x_wconf 73' lang='lat' dir='ltr'>mesrARN.</span> <span class='ocrx_word' id='word_1_7' title='bbox 2764 312 3013 377; x_wconf 83' lang='lat' dir='ltr'><strong>MART.</strong></span> <span class='ocrx_word' id='word_1_8' title='bbox 3070 313 3162 377; x_wconf 78' lang='lat'>20</span> 
     </span>
    </p>
   </div>
   <div class='ocr_carea' id='block_1_2' title="bbox 595 408 3165 1557">
    <p class='ocr_par' dir='ltr' id='par_1_2' title="bbox 595 408 3165 1205">
     <span class='ocr_line' id='line_1_2' title="bbox 599 408 3160 501; baseline -0.001 -21"><span class='ocrx_word' id='word_1_9' title='bbox 599 412 880 501; x_wconf 85' lang='lat' dir='ltr'>plenam</span> <span class='ocrx_word' id='word_1_10' title='bbox 930 410 1184 479; x_wconf 88' lang='lat' dir='ltr'>mentis</span> <span class='ocrx_word' id='word_1_11' title='bbox 1213 422 1280 477; x_wconf 91' lang='lat' dir='ltr'>et</span> <span class='ocrx_word' id='word_1_12' title='bbox 1306 409 1616 499; x_wconf 90' lang='lat' dir='ltr'>corporis</span> <span class='ocrx_word' id='word_1_13' title='bbox 1667 408 2027 478; x_wconf 89' lang='lat' dir='ltr'>sanitatem</span> <span class='ocrx_word' id='word_1_14' title='bbox 2080 411 2359 500; x_wconf 87' lang='lat' dir='ltr'>recepit,</span> <span class='ocrx_word' id='word_1_15' title='bbox 2412 422 2490 480; x_wconf 93' lang='lat' dir='ltr'>ut</span> <span class='ocrx_word' id='word_1_16' title='bbox 2516 409 2874 479; x_wconf 86' lang='lat' dir='ltr'>confestim</span> <span class='ocrx_word' id='word_1_17' title='bbox 2907 409 3160 498; x_wconf 85' lang='lat' dir='ltr'>resipi-</span> 
     </span>
     <span class='ocr_line' id='line_1_3' title="bbox 598 496 3165 587; baseline -0.001 -19"><span class='ocrx_word' id='word_1_18' title='bbox 598 522 822 580; x_wconf 84' lang='lat' dir='ltr'><strong>scens,</strong></span> <span class='ocrx_word' id='word_1_19' title='bbox 860 499 1294 569; x_wconf 87' lang='lat' dir='ltr'>benediceret</span> <span class='ocrx_word' id='word_1_20' title='bbox 1324 497 1719 577; x_wconf 88' lang='lat' dir='ltr'>Dominum,</span> <span class='ocrx_word' id='word_1_21' title='bbox 1775 496 2169 587; x_wconf 78' lang='lat' dir='ltr'>gratiasque</span> <span class='ocrx_word' id='word_1_22' title='bbox 2219 498 2496 568; x_wconf 82' lang='lat' dir='ltr'>referret</span> <span class='ocrx_word' id='word_1_23' title='bbox 2543 498 2607 567; x_wconf 88' lang='lat' dir='ltr'>ei</span> <span class='ocrx_word' id='word_1_24' title='bbox 2653 498 2771 584; x_wconf 92' lang='lat' dir='ltr'>qui</span> <span class='ocrx_word' id='word_1_25' title='bbox 2804 498 2971 568; x_wconf 89' lang='lat' dir='ltr'>tales</span> <span class='ocrx_word' id='word_1_26' title='bbox 3011 511 3165 566; x_wconf 87' lang='lat' dir='ltr'>tan—</span> 
     </span>
     <span class='ocr_line' id='line_1_4' title="bbox 595 585 3162 685; baseline -0.001 -27"><span class='ocrx_word' id='word_1_27' title='bbox 595 600 836 675; x_wconf 88' lang='lat' dir='ltr'>tosque</span> <span class='ocrx_word' id='word_1_28' title='bbox 870 587 1173 676; x_wconf 81' lang='lat' dir='ltr'>hospites</span> <span class='ocrx_word' id='word_1_29' title='bbox 1203 586 1289 655; x_wconf 91' lang='lat' dir='ltr'>ad</span> <span class='ocrx_word' id='word_1_30' title='bbox 1322 607 1393 654; x_wconf 89' lang='lat' dir='ltr'>se</span> <span class='ocrx_word' id='word_1_31' title='bbox 1424 585 1837 654; x_wconf 75' lang='lat' dir='ltr'>visitandam</span> <span class='ocrx_word' id='word_1_32' title='bbox 1867 585 2415 673; x_wconf 90' lang='lat' dir='ltr'>curamdamque</span> <span class='ocrx_word' id='word_1_33' title='bbox 2445 586 2792 656; x_wconf 88' lang='lat' dir='ltr'>destinare</span> <span class='ocrx_word' id='word_1_34' title='bbox 2823 586 3162 685; x_wconf 83' lang='lat' dir='ltr'>dignatus</span> 
     </span>
     <span class='ocr_line' id='line_1_5' title="bbox 598 674 3160 764; baseline -0.001 -18"><span class='ocrx_word' id='word_1_35' title='bbox 598 677 711 746; x_wconf 89' lang='lat' dir='ltr'>sit.</span> <span class='ocrx_word' id='word_1_36' title='bbox 767 682 899 746; x_wconf 83' lang='lat' dir='ltr'>Nec</span> <span class='ocrx_word' id='word_1_37' title='bbox 948 696 1163 755; x_wconf 87' lang='lat' dir='ltr'>mora,</span> <span class='ocrx_word' id='word_1_38' title='bbox 1218 695 1582 764; x_wconf 85' lang='lat' dir='ltr'>exurgens,</span> <span class='ocrx_word' id='word_1_39' title='bbox 1638 674 1810 763; x_wconf 90' lang='lat' dir='ltr'>ipsis</span> <span class='ocrx_word' id='word_1_40' title='bbox 1858 694 2024 742; x_wconf 90' lang='lat' dir='ltr'>suae</span> <span class='ocrx_word' id='word_1_41' title='bbox 2082 674 2398 743; x_wconf 88' lang='lat' dir='ltr'>sanitatis</span> <span class='ocrx_word' id='word_1_42' title='bbox 2448 674 2788 745; x_wconf 88' lang='lat' dir='ltr'>ministris</span> <span class='ocrx_word' id='word_1_43' title='bbox 2837 674 3160 743; x_wconf 79' lang='lat' dir='ltr'>ministe-</span> 
     </span>
     <span class='ocr_line' id='line_1_6' title="bbox 597 762 3162 853; baseline -0.001 -20"><span class='ocrx_word' id='word_1_44' title='bbox 597 766 783 834; x_wconf 90' lang='lat' dir='ltr'>rium</span> <span class='ocrx_word' id='word_1_45' title='bbox 835 785 1005 831; x_wconf 91' lang='lat' dir='ltr'>sana</span> <span class='ocrx_word' id='word_1_46' title='bbox 1055 762 1392 851; x_wconf 89' lang='lat' dir='ltr'>praebuit,</span> <span class='ocrx_word' id='word_1_47' title='bbox 1448 762 1880 850; x_wconf 84' lang='lat' dir='ltr'>pulchroque</span> <span class='ocrx_word' id='word_1_48' title='bbox 1928 762 2323 851; x_wconf 88' lang='lat' dir='ltr'>spectaculo</span> <span class='ocrx_word' id='word_1_49' title='bbox 2380 763 2534 852; x_wconf 87' lang='lat' dir='ltr'>ipsa</span> <span class='ocrx_word' id='word_1_50' title='bbox 2600 763 2826 853; x_wconf 88' lang='lat' dir='ltr'>prima</span> <span class='ocrx_word' id='word_1_51' title='bbox 2886 763 2971 831; x_wconf 89' lang='lat' dir='ltr'>de</span> <span class='ocrx_word' id='word_1_52' title='bbox 3021 774 3162 831; x_wconf 86' lang='lat' dir='ltr'>tota</span> 
     </span>
     <span class='ocr_line' id='line_1_7' title="bbox 600 849 3164 940; baseline -0.001 -19"><span class='ocrx_word' id='word_1_53' title='bbox 600 853 772 921; x_wconf 90' lang='lat' dir='ltr'>tanti</span> <span class='ocrx_word' id='word_1_54' title='bbox 821 851 951 919; x_wconf 89' lang='lat' dir='ltr'>viri</span> <span class='ocrx_word' id='word_1_55' title='bbox 998 849 1261 918; x_wconf 87' lang='lat' dir='ltr'>familia</span> <span class='ocrx_word' id='word_1_56' title='bbox 1317 849 1640 939; x_wconf 90' lang='lat' dir='ltr'>episcopo</span> <span class='ocrx_word' id='word_1_57' title='bbox 1704 863 1942 940; x_wconf 88' lang='lat' dir='ltr'>potum</span> <span class='ocrx_word' id='word_1_58' title='bbox 2009 849 2401 919; x_wconf 83' lang='lat' dir='ltr'>resectionis</span> <span class='ocrx_word' id='word_1_59' title='bbox 2463 850 2746 932; x_wconf 90' lang='lat' dir='ltr'>obtulit,</span> <span class='ocrx_word' id='word_1_60' title='bbox 2799 872 2978 936; x_wconf 89' lang='lat' dir='ltr'>quae</span> <span class='ocrx_word' id='word_1_61' title='bbox 3043 872 3164 940; x_wconf 91' lang='lat' dir='ltr'>per</span> 
     </span>
     <span class='ocr_line' id='line_1_8' title="bbox 601 937 3160 1030; baseline -0.001 -21"><span class='ocrx_word' id='word_1_62' title='bbox 601 939 827 1030; x_wconf 90' lang='lat' dir='ltr'>ipsius</span> <span class='ocrx_word' id='word_1_63' title='bbox 884 938 1427 1009; x_wconf 86' lang='lat' dir='ltr'>benedictionem</span> <span class='ocrx_word' id='word_1_64' title='bbox 1493 938 1823 1027; x_wconf 89' lang='lat' dir='ltr'>poculum</span> <span class='ocrx_word' id='word_1_65' title='bbox 1892 939 2134 1007; x_wconf 88' lang='lat' dir='ltr'>mortis</span> <span class='ocrx_word' id='word_1_66' title='bbox 2183 939 2419 1017; x_wconf 89' lang='lat' dir='ltr'>evasit,</span> <span class='ocrx_word' id='word_1_67' title='bbox 2479 952 2712 1010; x_wconf 86' lang='lat' dir='ltr'>secuta</span> <span class='ocrx_word' id='word_1_68' title='bbox 2760 937 3160 1028; x_wconf 83' lang='lat' dir='ltr'>exemplum</span> 
     </span>
     <span class='ocr_line' id='line_1_9' title="bbox 600 1025 3159 1116; baseline -0.001 -19"><span class='ocrx_word' id='word_1_69' title='bbox 600 1050 841 1097; x_wconf 91' lang='lat' dir='ltr'>socrus</span> <span class='ocrx_word' id='word_1_70' title='bbox 890 1027 1181 1116; x_wconf 91' lang='lat' dir='ltr'>apostoli</span> <span class='ocrx_word' id='word_1_71' title='bbox 1224 1026 1393 1095; x_wconf 88' lang='lat' dir='ltr'>Petri</span> <span class='ocrx_word' id='word_1_72' title='bbox 1429 1048 1603 1112; x_wconf 88' lang='lat' dir='ltr'>quae</span> <span class='ocrx_word' id='word_1_73' title='bbox 1633 1038 1872 1095; x_wconf 87' lang='lat' dir='ltr'>curata</span> <span class='ocrx_word' id='word_1_74' title='bbox 1918 1048 1959 1094; x_wconf 88' lang='lat' dir='ltr'>a</span> <span class='ocrx_word' id='word_1_75' title='bbox 2009 1025 2318 1096; x_wconf 86' lang='lat' dir='ltr'>febribus</span> <span class='ocrx_word' id='word_1_76' title='bbox 2369 1049 2490 1116; x_wconf 89' lang='lat' dir='ltr'>per</span> <span class='ocrx_word' id='word_1_77' title='bbox 2539 1027 2936 1106; x_wconf 87' lang='lat' dir='ltr'>Dominum,</span> <span class='ocrx_word' id='word_1_78' title='bbox 2992 1047 3159 1096; x_wconf 89' lang='lat' dir='ltr'>con-</span> 
     </span>
     <span class='ocr_line' id='line_1_10' title="bbox 599 1113 2531 1205; baseline -0.002 -18"><span class='ocrx_word' id='word_1_79' title='bbox 599 1118 794 1187; x_wconf 89' lang='lat' dir='ltr'>tinuo</span> <span class='ocrx_word' id='word_1_80' title='bbox 829 1137 1146 1205; x_wconf 87' lang='lat' dir='ltr'>surgens,</span> <span class='ocrx_word' id='word_1_81' title='bbox 1188 1115 1621 1183; x_wconf 84' lang='lat' dir='ltr'>ministrabat</span> <span class='ocrx_word' id='word_1_82' title='bbox 1670 1114 1773 1182; x_wconf 91' lang='lat' dir='ltr'>illi</span> <span class='ocrx_word' id='word_1_83' title='bbox 1821 1136 1901 1182; x_wconf 91' lang='lat' dir='ltr'>ac</span> <span class='ocrx_word' id='word_1_84' title='bbox 1949 1113 2316 1203; x_wconf 70' lang='lat' dir='ltr'>discipulis</span> <span class='ocrx_word' id='word_1_85' title='bbox 2356 1116 2531 1203; x_wconf 76' lang='lat' dir='ltr'>ejus,</span> 
     </span>
    </p>

    <p class='ocr_par' dir='ltr' id='par_1_3' title="bbox 599 1201 3162 1557">
     <span class='ocr_line' id='line_1_11' title="bbox 687 1201 3152 1291; baseline -0.002 -16"><span class='ocrx_word' id='word_1_86' title='bbox 687 1208 724 1291; x_wconf 69' lang='grc' dir='ltr'><strong>ξ</strong></span> <span class='ocrx_word' id='word_1_87' title='bbox 783 1208 941 1291; x_wconf 66' lang='grc'>34.</span> <span class='ocrx_word' id='word_1_88' title='bbox 978 1208 1109 1273; x_wconf 88' lang='lat' dir='ltr'>Nec</span> <span class='ocrx_word' id='word_1_89' title='bbox 1143 1202 1416 1271; x_wconf 89' lang='lat' dir='ltr'>silentio</span> <span class='ocrx_word' id='word_1_90' title='bbox 1455 1202 2032 1287; x_wconf 90' lang='lat' dir='ltr'>praetereundum</span> <span class='ocrx_word' id='word_1_91' title='bbox 2066 1203 2489 1272; x_wconf 79' lang='lat' dir='ltr'>arbitramur</span> <span class='ocrx_word' id='word_1_92' title='bbox 2518 1202 2938 1272; x_wconf 81' lang='lat' dir='ltr'>miraculum</span> <span class='ocrx_word' id='word_1_93' title='bbox 2967 1201 3152 1288; x_wconf 91' lang='lat' dir='ltr'>quod</span> 
     </span>
     <span class='ocr_line' id='line_1_12' title="bbox 599 1289 3158 1382; baseline -0.001 -20"><span class='ocrx_word' id='word_1_94' title='bbox 599 1291 912 1382; x_wconf 89' lang='lat' dir='ltr'>ejusdem</span> <span class='ocrx_word' id='word_1_95' title='bbox 963 1292 1092 1360; x_wconf 90' lang='lat' dir='ltr'>viri</span> <span class='ocrx_word' id='word_1_96' title='bbox 1139 1289 1552 1359; x_wconf 88' lang='lat' dir='ltr'>venerabilis</span> <span class='ocrx_word' id='word_1_97' title='bbox 1600 1290 1872 1370; x_wconf 89' lang='lat' dir='ltr'>virtute,</span> <span class='ocrx_word' id='word_1_98' title='bbox 1925 1291 2243 1375; x_wconf 91' lang='lat' dir='ltr'>quamvis</span> <span class='ocrx_word' id='word_1_99' title='bbox 2271 1291 2423 1381; x_wconf 89' lang='lat' dir='ltr'>ipso</span> <span class='ocrx_word' id='word_1_100' title='bbox 2457 1292 2763 1369; x_wconf 83' lang='lat' dir='ltr'>absente,</span> <span class='ocrx_word' id='word_1_101' title='bbox 2805 1304 3158 1380; x_wconf 87' lang='lat' dir='ltr'>patratum</span> 
     </span>
     <span class='ocr_line' id='line_1_13' title="bbox 601 1378 3160 1470; baseline -0.002 -19"><span class='ocrx_word' id='word_1_102' title='bbox 601 1380 1077 1470; x_wconf 89' lang='lat' dir='ltr'>cognovimus.</span> <span class='ocrx_word' id='word_1_103' title='bbox 1133 1378 1576 1447; x_wconf 89' lang='lat' dir='ltr'>Meminimus</span> <span class='ocrx_word' id='word_1_104' title='bbox 1624 1400 1835 1468; x_wconf 91' lang='lat' dir='ltr'>supra</span> <span class='ocrx_word' id='word_1_105' title='bbox 1886 1378 2221 1447; x_wconf 84' lang='lat' dir='ltr'>Hildmeri</span> <span class='ocrx_word' id='word_1_106' title='bbox 2257 1379 2602 1468; x_wconf 84' lang='lat' dir='ltr'>praefecti,</span> <span class='ocrx_word' id='word_1_107' title='bbox 2642 1379 2846 1468; x_wconf 89' lang='lat' dir='ltr'>cujus</span> <span class='ocrx_word' id='word_1_108' title='bbox 2872 1399 3160 1447; x_wconf 82' lang='lat' dir='ltr'>uxorem</span> 
     </span>
     <span class='ocr_line' id='line_1_14' title="bbox 600 1465 3162 1557; baseline -0.001 -20"><span class='ocrx_word' id='word_1_109' title='bbox 600 1470 706 1537; x_wconf 89' lang='lat' dir='ltr'>vir</span> <span class='ocrx_word' id='word_1_110' title='bbox 756 1468 869 1537; x_wconf 92' lang='lat' dir='ltr'>Dei</span> <span class='ocrx_word' id='word_1_111' title='bbox 919 1469 1005 1537; x_wconf 90' lang='lat' dir='ltr'>ab</span> <span class='ocrx_word' id='word_1_112' title='bbox 1057 1465 1421 1535; x_wconf 88' lang='lat' dir='ltr'>immundo</span> <span class='ocrx_word' id='word_1_113' title='bbox 1483 1466 1735 1555; x_wconf 84' lang='lat' dir='ltr'>spiritu</span> <span class='ocrx_word' id='word_1_114' title='bbox 1803 1465 2213 1535; x_wconf 81' lang='lat' dir='ltr'>liberaverit.</span> <span class='ocrx_word' id='word_1_115' title='bbox 2287 1468 2475 1536; x_wconf 91' lang='lat' dir='ltr'>Idem</span> <span class='ocrx_word' id='word_1_116' title='bbox 2544 1489 2708 1557; x_wconf 88' lang='lat' dir='ltr'>ergo</span> <span class='ocrx_word' id='word_1_117' title='bbox 2773 1466 3162 1556; x_wconf 82' lang='lat' dir='ltr'>praefectus</span> 
     </span>
    </p>
   </div>
   <div class='ocr_carea' id='block_1_3' title="bbox 602 1553 3208 1646">
    <p class='ocr_par' dir='ltr' id='par_1_4' title="bbox 602 1553 3208 1646">
     <span class='ocr_line' id='line_1_15' title="bbox 602 1553 3208 1646; baseline -0.001 -20"><span class='ocrx_word' id='word_1_118' title='bbox 602 1568 837 1646; x_wconf 89' lang='lat' dir='ltr'>postea</span> <span class='ocrx_word' id='word_1_119' title='bbox 884 1556 1140 1625; x_wconf 77' lang='lat' dir='ltr'>decidit</span> <span class='ocrx_word' id='word_1_120' title='bbox 1172 1555 1243 1622; x_wconf 89' lang='lat' dir='ltr'>in</span> <span class='ocrx_word' id='word_1_121' title='bbox 1294 1554 1572 1633; x_wconf 89' lang='lat' dir='ltr'>lectum,</span> <span class='ocrx_word' id='word_1_122' title='bbox 1618 1553 2026 1644; x_wconf 86' lang='lat' dir='ltr'>gravissima</span> <span class='ocrx_word' id='word_1_123' title='bbox 2078 1576 2362 1643; x_wconf 88' lang='lat' dir='ltr'>pressus</span> <span class='ocrx_word' id='word_1_124' title='bbox 2410 1554 2834 1635; x_wconf 84' lang='lat' dir='ltr'>infirmitate,</span> <span class='ocrx_word' id='word_1_125' title='bbox 2868 1555 3040 1624; x_wconf 90' lang='lat' dir='ltr'>adeo</span> <span class='ocrx_word' id='word_1_126' title='bbox 3078 1566 3159 1624; x_wconf 87' lang='lat' dir='ltr'>ut</span> <span class='ocrx_word' id='word_1_127' title='bbox 3202 1599 3208 1603; x_wconf 96' lang='lat'>-</span> 
     </span>
    </p>
   </div>
   <div class='ocr_carea' id='block_1_4' title="bbox 597 1642 3166 4465">
    <p class='ocr_par' dir='ltr' id='par_1_5' title="bbox 597 1642 3166 3220">
     <span class='ocr_line' id='line_1_16' title="bbox 601 1642 3154 1733; baseline -0.002 -19"><span class='ocrx_word' id='word_1_128' title='bbox 601 1656 949 1714; x_wconf 88' lang='lat' dir='ltr'>crescente</span> <span class='ocrx_word' id='word_1_129' title='bbox 997 1642 1308 1711; x_wconf 77' lang='lat' dir='ltr'>molestia</span> <span class='ocrx_word' id='word_1_130' title='bbox 1359 1663 1480 1732; x_wconf 92' lang='lat' dir='ltr'>per</span> <span class='ocrx_word' id='word_1_131' title='bbox 1528 1642 1698 1721; x_wconf 84' lang='lat' dir='ltr'>dies,</span> <span class='ocrx_word' id='word_1_132' title='bbox 1729 1642 2162 1733; x_wconf 86' lang='lat' dir='ltr'>jamjamque</span> <span class='ocrx_word' id='word_1_133' title='bbox 2190 1643 2536 1712; x_wconf 88' lang='lat' dir='ltr'>videretur</span> <span class='ocrx_word' id='word_1_134' title='bbox 2566 1665 2716 1712; x_wconf 91' lang='lat' dir='ltr'>esse</span> <span class='ocrx_word' id='word_1_135' title='bbox 2744 1644 3154 1713; x_wconf 59' lang='lat' dir='ltr'>moriturus</span> 
     </span>
     <span class='ocr_line' id='line_1_17' title="bbox 601 1730 3162 1820; baseline -0.001 -18"><span class='ocrx_word' id='word_1_136' title='bbox 601 1733 894 1802; x_wconf 84' lang='lat' dir='ltr'>Aderant</span> <span class='ocrx_word' id='word_1_137' title='bbox 924 1731 1123 1799; x_wconf 91' lang='lat' dir='ltr'>multi</span> <span class='ocrx_word' id='word_1_138' title='bbox 1163 1730 1545 1799; x_wconf 88' lang='lat' dir='ltr'>amicorum</span> <span class='ocrx_word' id='word_1_139' title='bbox 1596 1731 1717 1815; x_wconf 91' lang='lat' dir='ltr'>qui</span> <span class='ocrx_word' id='word_1_140' title='bbox 1751 1730 1835 1798; x_wconf 91' lang='lat' dir='ltr'>ad</span> <span class='ocrx_word' id='word_1_141' title='bbox 1886 1730 2388 1800; x_wconf 90' lang='lat' dir='ltr'>consolandum</span> <span class='ocrx_word' id='word_1_142' title='bbox 2445 1742 2770 1801; x_wconf 89' lang='lat' dir='ltr'>venerant</span> <span class='ocrx_word' id='word_1_143' title='bbox 2823 1731 3162 1820; x_wconf 87' lang='lat' dir='ltr'>languen-</span> 
     </span>
     <span class='ocr_line' id='line_1_18' title="bbox 604 1818 3163 1909; baseline -0.001 -20"><span class='ocrx_word' id='word_1_144' title='bbox 604 1834 766 1889; x_wconf 85' lang='lat' dir='ltr'>tem.</span> <span class='ocrx_word' id='word_1_145' title='bbox 822 1824 1130 1904; x_wconf 87' lang='lat' dir='ltr'>Cumque</span> <span class='ocrx_word' id='word_1_146' title='bbox 1187 1819 1357 1887; x_wconf 88' lang='lat' dir='ltr'>lecto</span> <span class='ocrx_word' id='word_1_147' title='bbox 1396 1818 1693 1907; x_wconf 85' lang='lat' dir='ltr'>jacentis</span> <span class='ocrx_word' id='word_1_148' title='bbox 1741 1818 2144 1899; x_wconf 84' lang='lat' dir='ltr'>assiderent,</span> <span class='ocrx_word' id='word_1_149' title='bbox 2186 1830 2464 1909; x_wconf 89' lang='lat' dir='ltr'>repente</span> <span class='ocrx_word' id='word_1_150' title='bbox 2523 1841 2712 1888; x_wconf 90' lang='lat' dir='ltr'>unus</span> <span class='ocrx_word' id='word_1_151' title='bbox 2758 1841 3000 1888; x_wconf 90' lang='lat' dir='ltr'>eorum</span> <span class='ocrx_word' id='word_1_152' title='bbox 3050 1820 3163 1887; x_wconf 89' lang='lat' dir='ltr'>in-</span> 
     </span>
     <span class='ocr_line' id='line_1_19' title="bbox 603 1905 3164 1995; baseline -0.001 -17"><span class='ocrx_word' id='word_1_153' title='bbox 603 1908 783 1988; x_wconf 88' lang='lat' dir='ltr'>tulit,</span> <span class='ocrx_word' id='word_1_154' title='bbox 837 1908 1004 1993; x_wconf 91' lang='lat' dir='ltr'>quia</span> <span class='ocrx_word' id='word_1_155' title='bbox 1051 1927 1285 1976; x_wconf 89' lang='lat' dir='ltr'>secum</span> <span class='ocrx_word' id='word_1_156' title='bbox 1341 1905 1620 1975; x_wconf 90' lang='lat' dir='ltr'>haberet</span> <span class='ocrx_word' id='word_1_157' title='bbox 1668 1928 1942 1995; x_wconf 89' lang='lat' dir='ltr'>panem,</span> <span class='ocrx_word' id='word_1_158' title='bbox 1994 1927 2200 1991; x_wconf 89' lang='lat' dir='ltr'>quem</span> <span class='ocrx_word' id='word_1_159' title='bbox 2253 1908 2387 1977; x_wconf 88' lang='lat' dir='ltr'>sibi</span> <span class='ocrx_word' id='word_1_160' title='bbox 2448 1929 2545 1977; x_wconf 90' lang='lat' dir='ltr'>nu</span> <span class='ocrx_word' id='word_1_161' title='bbox 2599 1929 2674 1975; x_wconf 91' lang='lat' dir='ltr'>er</span> <span class='ocrx_word' id='word_1_162' title='bbox 2735 1908 2836 1974; x_wconf 90' lang='lat' dir='ltr'>vir</span> <span class='ocrx_word' id='word_1_163' title='bbox 2885 1907 3164 1976; x_wconf 89' lang='lat' dir='ltr'>Domini</span> 
     </span>
     <span class='ocr_line' id='line_1_20' title="bbox 604 1994 3166 2085; baseline -0.001 -19"><span class='ocrx_word' id='word_1_164' title='bbox 604 1996 1018 2067; x_wconf 87' lang='lat' dir='ltr'>Cuthbertus</span> <span class='ocrx_word' id='word_1_165' title='bbox 1077 1994 1576 2064; x_wconf 81' lang='lat' dir='ltr'>benedictionis</span> <span class='ocrx_word' id='word_1_166' title='bbox 1608 1995 1828 2085; x_wconf 74' lang='lat' dir='ltr'>gratia</span> <span class='ocrx_word' id='word_1_167' title='bbox 1877 1994 2202 2065; x_wconf 90' lang='lat' dir='ltr'>dedisset.</span> <span class='ocrx_word' id='word_1_168' title='bbox 2241 2001 2368 2064; x_wconf 87' lang='lat' dir='ltr'>«Et</span> <span class='ocrx_word' id='word_1_169' title='bbox 2416 2017 2528 2063; x_wconf 90' lang='lat' dir='ltr'>cre</span> <span class='ocrx_word' id='word_1_170' title='bbox 2583 2018 2644 2076; x_wconf 92' lang='lat' dir='ltr'>o,</span> <span class='ocrx_word' id='word_1_171' title='bbox 2692 1994 2942 2081; x_wconf 88' lang='lat' dir='ltr'>inquit,</span> <span class='ocrx_word' id='word_1_172' title='bbox 2995 1995 3166 2080; x_wconf 90' lang='lat' dir='ltr'>quia</span> 
     </span>
     <span class='ocr_line' id='line_1_21' title="bbox 604 2082 3158 2174; baseline -0.001 -20"><span class='ocrx_word' id='word_1_173' title='bbox 604 2085 820 2173; x_wconf 88' lang='lat' dir='ltr'>hujus</span> <span class='ocrx_word' id='word_1_174' title='bbox 868 2095 1079 2174; x_wconf 87' lang='lat' dir='ltr'>gustu</span> <span class='ocrx_word' id='word_1_175' title='bbox 1129 2082 1364 2172; x_wconf 84' lang='lat' dir='ltr'>possit,</span> <span class='ocrx_word' id='word_1_176' title='bbox 1420 2083 1473 2152; x_wconf 88' lang='lat' dir='ltr'>si</span> <span class='ocrx_word' id='word_1_177' title='bbox 1527 2094 1754 2151; x_wconf 88' lang='lat' dir='ltr'>tamen</span> <span class='ocrx_word' id='word_1_178' title='bbox 1805 2082 1964 2151; x_wconf 80' lang='lat' dir='ltr'>fidei</span> <span class='ocrx_word' id='word_1_179' title='bbox 2014 2094 2287 2152; x_wconf 84' lang='lat' dir='ltr'>nostrae</span> <span class='ocrx_word' id='word_1_180' title='bbox 2337 2084 2621 2153; x_wconf 88' lang='lat' dir='ltr'>tarditas</span> <span class='ocrx_word' id='word_1_181' title='bbox 2670 2104 2806 2152; x_wconf 88' lang='lat' dir='ltr'>non</span> <span class='ocrx_word' id='word_1_182' title='bbox 2857 2082 3158 2165; x_wconf 88' lang='lat' dir='ltr'>obsistit,</span> 
     </span>
     <span class='ocr_line' id='line_1_22' title="bbox 604 2170 3156 2261; baseline -0 -20"><span class='ocrx_word' id='word_1_183' title='bbox 604 2172 944 2241; x_wconf 86' lang='lat' dir='ltr'>medelam</span> <span class='ocrx_word' id='word_1_184' title='bbox 997 2171 1298 2260; x_wconf 89' lang='lat' dir='ltr'>recipere</span> <span class='ocrx_word' id='word_1_185' title='bbox 1326 2170 1642 2239; x_wconf 83' lang='lat' dir='ltr'>salutis»</span> <span class='ocrx_word' id='word_1_186' title='bbox 1675 2177 1880 2239; x_wconf 88' lang='lat' dir='ltr'>Erant</span> <span class='ocrx_word' id='word_1_187' title='bbox 1919 2185 2145 2239; x_wconf 86' lang='lat' dir='ltr'>autem</span> <span class='ocrx_word' id='word_1_188' title='bbox 2181 2170 2339 2239; x_wconf 88' lang='lat' dir='ltr'>laici</span> <span class='ocrx_word' id='word_1_189' title='bbox 2369 2193 2633 2251; x_wconf 87' lang='lat' dir='ltr'>omnes,</span> <span class='ocrx_word' id='word_1_190' title='bbox 2672 2171 2792 2239; x_wconf 92' lang='lat' dir='ltr'>sed</span> <span class='ocrx_word' id='word_1_191' title='bbox 2825 2172 3156 2261; x_wconf 84' lang='lat' dir='ltr'>religiosi.</span> 
     </span>
     <span class='ocr_line' id='line_1_23' title="bbox 607 2258 3164 2348; baseline 0 -19"><span class='ocrx_word' id='word_1_192' title='bbox 607 2260 929 2329; x_wconf 85' lang='lat' dir='ltr'>Conversi</span> <span class='ocrx_word' id='word_1_193' title='bbox 980 2259 1190 2348; x_wconf 89' lang='lat' dir='ltr'>igitur</span> <span class='ocrx_word' id='word_1_194' title='bbox 1235 2258 1320 2327; x_wconf 91' lang='lat' dir='ltr'>ad</span> <span class='ocrx_word' id='word_1_195' title='bbox 1373 2259 1692 2337; x_wconf 85' lang='lat' dir='ltr'>invicem,</span> <span class='ocrx_word' id='word_1_196' title='bbox 1746 2259 2256 2328; x_wconf 83' lang='lat' dir='ltr'>confitebantur</span> <span class='ocrx_word' id='word_1_197' title='bbox 2301 2259 2602 2348; x_wconf 85' lang='lat' dir='ltr'>singuli,</span> <span class='ocrx_word' id='word_1_198' title='bbox 2665 2260 2832 2345; x_wconf 89' lang='lat' dir='ltr'>quia</span> <span class='ocrx_word' id='word_1_199' title='bbox 2896 2260 3164 2346; x_wconf 89' lang='lat' dir='ltr'>absque</span> 
     </span>
     <span class='ocr_line' id='line_1_24' title="bbox 604 2346 3159 2437; baseline 0 -21"><span class='ocrx_word' id='word_1_200' title='bbox 604 2348 748 2417; x_wconf 90' lang='lat' dir='ltr'>ulla</span> <span class='ocrx_word' id='word_1_201' title='bbox 798 2347 1148 2416; x_wconf 88' lang='lat' dir='ltr'>dubietate</span> <span class='ocrx_word' id='word_1_202' title='bbox 1195 2347 1574 2426; x_wconf 87' lang='lat' dir='ltr'>crederent,</span> <span class='ocrx_word' id='word_1_203' title='bbox 1631 2369 1753 2435; x_wconf 89' lang='lat' dir='ltr'>per</span> <span class='ocrx_word' id='word_1_204' title='bbox 1798 2346 2105 2437; x_wconf 86' lang='lat' dir='ltr'>ejusdem</span> <span class='ocrx_word' id='word_1_205' title='bbox 2177 2346 2519 2416; x_wconf 88' lang='lat' dir='ltr'>benedicti</span> <span class='ocrx_word' id='word_1_206' title='bbox 2581 2347 2783 2437; x_wconf 89' lang='lat' dir='ltr'>panis</span> <span class='ocrx_word' id='word_1_207' title='bbox 2840 2370 3159 2418; x_wconf 89' lang='lat' dir='ltr'>commu-</span> 
     </span>
     <span class='ocr_line' id='line_1_25' title="bbox 606 2434 3162 2525; baseline 0.001 -20"><span class='ocrx_word' id='word_1_208' title='bbox 606 2436 886 2506; x_wconf 87' lang='lat' dir='ltr'>nionem</span> <span class='ocrx_word' id='word_1_209' title='bbox 936 2458 1094 2506; x_wconf 93' lang='lat' dir='ltr'>eum</span> <span class='ocrx_word' id='word_1_210' title='bbox 1152 2457 1349 2525; x_wconf 88' lang='lat' dir='ltr'>posse</span> <span class='ocrx_word' id='word_1_211' title='bbox 1411 2434 1665 2505; x_wconf 88' lang='lat' dir='ltr'>sanari.</span> <span class='ocrx_word' id='word_1_212' title='bbox 1708 2435 2216 2525; x_wconf 88' lang='lat' dir='ltr'>Impletensque</span> <span class='ocrx_word' id='word_1_213' title='bbox 2254 2435 2540 2505; x_wconf 75' lang='lat' dir='ltr'>calicem</span> <span class='ocrx_word' id='word_1_214' title='bbox 2589 2438 2794 2521; x_wconf 73' lang='lat' dir='ltr'>aqua,</span> <span class='ocrx_word' id='word_1_215' title='bbox 2847 2435 3162 2507; x_wconf 88' lang='lat' dir='ltr'>immise-</span> 
     </span>
     <span class='ocr_line' id='line_1_26' title="bbox 604 2523 3161 2615; baseline 0 -22"><span class='ocrx_word' id='word_1_216' title='bbox 604 2538 768 2595; x_wconf 89' lang='lat' dir='ltr'>runt</span> <span class='ocrx_word' id='word_1_217' title='bbox 816 2524 1277 2615; x_wconf 82' lang='lat' dir='ltr'>pauxillulum</span> <span class='ocrx_word' id='word_1_218' title='bbox 1331 2524 1534 2613; x_wconf 88' lang='lat' dir='ltr'>panis</span> <span class='ocrx_word' id='word_1_219' title='bbox 1581 2524 1797 2604; x_wconf 84' lang='lat' dir='ltr'>illius,</span> <span class='ocrx_word' id='word_1_220' title='bbox 1836 2523 2283 2592; x_wconf 81' lang='lat' dir='ltr'>etdederunt</span> <span class='ocrx_word' id='word_1_221' title='bbox 2332 2525 2392 2593; x_wconf 91' lang='lat' dir='ltr'>ei</span> <span class='ocrx_word' id='word_1_222' title='bbox 2449 2524 2706 2593; x_wconf 90' lang='lat' dir='ltr'>bibere.</span> <span class='ocrx_word' id='word_1_223' title='bbox 2762 2525 2974 2613; x_wconf 88' lang='lat' dir='ltr'>Cujus</span> <span class='ocrx_word' id='word_1_224' title='bbox 3022 2538 3161 2593; x_wconf 85' lang='lat' dir='ltr'>sta-</span> 
     </span>
     <span class='ocr_line' id='line_1_27' title="bbox 605 2611 3155 2703; baseline 0 -21"><span class='ocrx_word' id='word_1_225' title='bbox 605 2615 725 2682; x_wconf 90' lang='lat' dir='ltr'>tim</span> <span class='ocrx_word' id='word_1_226' title='bbox 777 2626 853 2683; x_wconf 90' lang='lat' dir='ltr'>ut</span> <span class='ocrx_word' id='word_1_227' title='bbox 892 2613 1150 2701; x_wconf 80' lang='lat' dir='ltr'>viscera</span> <span class='ocrx_word' id='word_1_228' title='bbox 1191 2623 1437 2702; x_wconf 89' lang='lat' dir='ltr'>gustus</span> <span class='ocrx_word' id='word_1_229' title='bbox 1486 2611 1601 2680; x_wconf 89' lang='lat' dir='ltr'>ille</span> <span class='ocrx_word' id='word_1_230' title='bbox 1648 2634 1869 2699; x_wconf 89' lang='lat' dir='ltr'>aquae</span> <span class='ocrx_word' id='word_1_231' title='bbox 1926 2634 2048 2700; x_wconf 88' lang='lat' dir='ltr'>per</span> <span class='ocrx_word' id='word_1_232' title='bbox 2089 2633 2333 2701; x_wconf 90' lang='lat' dir='ltr'>panem</span> <span class='ocrx_word' id='word_1_233' title='bbox 2388 2612 2858 2681; x_wconf 86' lang='lat' dir='ltr'>sanctificatus</span> <span class='ocrx_word' id='word_1_234' title='bbox 2907 2613 3155 2703; x_wconf 87' lang='lat' dir='ltr'>attigit,</span> 
     </span>
     <span class='ocr_line' id='line_1_28' title="bbox 602 2699 3159 2793; baseline -0.001 -23"><span class='ocrx_word' id='word_1_235' title='bbox 602 2701 780 2793; x_wconf 89' lang='lat' dir='ltr'>fugit</span> <span class='ocrx_word' id='word_1_236' title='bbox 825 2700 1022 2769; x_wconf 89' lang='lat' dir='ltr'>dolor</span> <span class='ocrx_word' id='word_1_237' title='bbox 1070 2702 1580 2768; x_wconf 89' lang='lat' dir='ltr'>interaneorum</span> <span class='ocrx_word' id='word_1_238' title='bbox 1632 2700 1885 2782; x_wconf 89' lang='lat' dir='ltr'>omnis,</span> <span class='ocrx_word' id='word_1_239' title='bbox 1926 2699 1994 2767; x_wconf 88' lang='lat' dir='ltr'>su</span> <span class='ocrx_word' id='word_1_240' title='bbox 2052 2701 2100 2767; x_wconf 90' lang='lat' dir='ltr'>it</span> <span class='ocrx_word' id='word_1_241' title='bbox 2132 2700 2543 2769; x_wconf 86' lang='lat' dir='ltr'>exteriorum</span> <span class='ocrx_word' id='word_1_242' title='bbox 2596 2700 2912 2769; x_wconf 91' lang='lat' dir='ltr'>tabitudo</span> <span class='ocrx_word' id='word_1_243' title='bbox 2939 2723 3159 2768; x_wconf 90' lang='lat' dir='ltr'>mem-</span> 
     </span>
     <span class='ocr_line' id='line_1_29' title="bbox 599 2787 3160 2877; baseline -0.001 -18"><span class='ocrx_word' id='word_1_244' title='bbox 599 2790 911 2859; x_wconf 90' lang='lat' dir='ltr'>brorum.</span> <span class='ocrx_word' id='word_1_245' title='bbox 966 2794 1094 2857; x_wconf 89' lang='lat' dir='ltr'>Nec</span> <span class='ocrx_word' id='word_1_246' title='bbox 1147 2809 1377 2865; x_wconf 90' lang='lat' dir='ltr'>mora,</span> <span class='ocrx_word' id='word_1_247' title='bbox 1449 2787 1843 2877; x_wconf 85' lang='lat' dir='ltr'>expeditum</span> <span class='ocrx_word' id='word_1_248' title='bbox 1912 2810 1952 2857; x_wconf 87' lang='lat' dir='ltr'>a</span> <span class='ocrx_word' id='word_1_249' title='bbox 2037 2810 2344 2877; x_wconf 90' lang='lat' dir='ltr'>anguore</span> <span class='ocrx_word' id='word_1_250' title='bbox 2392 2788 2618 2856; x_wconf 90' lang='lat' dir='ltr'>virum</span> <span class='ocrx_word' id='word_1_251' title='bbox 2671 2788 2866 2857; x_wconf 88' lang='lat' dir='ltr'>salus</span> <span class='ocrx_word' id='word_1_252' title='bbox 2915 2790 3160 2859; x_wconf 90' lang='lat' dir='ltr'>subse-</span> 
     </span>
     <span class='ocr_line' id='line_1_30' title="bbox 604 2875 3160 2961; baseline -0 -13"><span class='ocrx_word' id='word_1_253' title='bbox 604 2893 764 2947; x_wconf 86' lang='lat' dir='ltr'>cuta</span> <span class='ocrx_word' id='word_1_254' title='bbox 810 2876 1264 2954; x_wconf 85' lang='lat' dir='ltr'>confirmavit,</span> <span class='ocrx_word' id='word_1_255' title='bbox 1319 2887 1523 2961; x_wconf 90' lang='lat' dir='ltr'>atque</span> <span class='ocrx_word' id='word_1_256' title='bbox 1571 2876 1654 2943; x_wconf 89' lang='lat' dir='ltr'>ad</span> <span class='ocrx_word' id='word_1_257' title='bbox 1708 2875 2133 2944; x_wconf 90' lang='lat' dir='ltr'>laudandum</span> <span class='ocrx_word' id='word_1_258' title='bbox 2198 2875 2443 2944; x_wconf 88' lang='lat' dir='ltr'>famuli</span> <span class='ocrx_word' id='word_1_259' title='bbox 2506 2876 2757 2945; x_wconf 82' lang='lat' dir='ltr'>Christi</span> <span class='ocrx_word' id='word_1_260' title='bbox 2825 2877 3160 2947; x_wconf 84' lang='lat' dir='ltr'>sanctita-</span> 
     </span>
     <span class='ocr_line' id='line_1_31' title="bbox 601 2962 3158 3043; baseline -0.001 -9"><span class='ocrx_word' id='word_1_261' title='bbox 601 2978 735 3035; x_wconf 90' lang='lat' dir='ltr'>tem</span> <span class='ocrx_word' id='word_1_262' title='bbox 785 2976 849 3032; x_wconf 90' lang='lat' dir='ltr'>et</span> <span class='ocrx_word' id='word_1_263' title='bbox 897 2964 1379 3033; x_wconf 88' lang='lat' dir='ltr'>admirandam</span> <span class='ocrx_word' id='word_1_264' title='bbox 1430 2962 1590 3031; x_wconf 87' lang='lat' dir='ltr'>fidei</span> <span class='ocrx_word' id='word_1_265' title='bbox 1651 2986 1786 3032; x_wconf 90' lang='lat' dir='ltr'>non</span> <span class='ocrx_word' id='word_1_266' title='bbox 1855 2964 2052 3032; x_wconf 84' lang='lat' dir='ltr'>fictae</span> <span class='ocrx_word' id='word_1_267' title='bbox 2109 2963 2454 3043; x_wconf 89' lang='lat' dir='ltr'>virtutem,</span> <span class='ocrx_word' id='word_1_268' title='bbox 2511 2964 2756 3033; x_wconf 87' lang='lat' dir='ltr'>merito</span> <span class='ocrx_word' id='word_1_269' title='bbox 2804 2977 2870 3034; x_wconf 90' lang='lat' dir='ltr'>et</span> <span class='ocrx_word' id='word_1_270' title='bbox 2920 2965 2941 3033; x_wconf 93' lang='lat' dir='ltr'>i</span> <span class='ocrx_word' id='word_1_271' title='bbox 2997 2986 3158 3034; x_wconf 89' lang='lat' dir='ltr'>sum</span> 
     </span>
     <span class='ocr_line' id='line_1_32' title="bbox 597 3051 3156 3142; baseline -0 -20"><span class='ocrx_word' id='word_1_272' title='bbox 597 3066 664 3122; x_wconf 92' lang='lat' dir='ltr'>et</span> <span class='ocrx_word' id='word_1_273' title='bbox 710 3073 951 3122; x_wconf 88' lang='lat' dir='ltr'>omnes</span> <span class='ocrx_word' id='word_1_274' title='bbox 1007 3052 1129 3137; x_wconf 91' lang='lat' dir='ltr'>qui</span> <span class='ocrx_word' id='word_1_275' title='bbox 1175 3051 1589 3121; x_wconf 89' lang='lat' dir='ltr'>celeritatem</span> <span class='ocrx_word' id='word_1_276' title='bbox 1640 3064 1777 3120; x_wconf 91' lang='lat' dir='ltr'>tam</span> <span class='ocrx_word' id='word_1_277' title='bbox 1827 3052 2225 3142; x_wconf 91' lang='lat' dir='ltr'>inopinatae</span> <span class='ocrx_word' id='word_1_278' title='bbox 2280 3051 2525 3122; x_wconf 89' lang='lat' dir='ltr'>salutis</span> <span class='ocrx_word' id='word_1_279' title='bbox 2573 3053 2808 3122; x_wconf 89' lang='lat' dir='ltr'>videre</span> <span class='ocrx_word' id='word_1_280' title='bbox 2870 3075 2964 3134; x_wconf 43' lang='lat' dir='ltr'>ve,</span> <span class='ocrx_word' id='word_1_281' title='bbox 3022 3075 3156 3122; x_wconf 88' lang='lat' dir='ltr'>au-</span> 
     </span>
     <span class='ocr_line' id='line_1_33' title="bbox 604 3139 1161 3220; baseline -0.004 -11"><span class='ocrx_word' id='word_1_282' title='bbox 604 3141 816 3220; x_wconf 87' lang='lat' dir='ltr'>diere,</span> <span class='ocrx_word' id='word_1_283' title='bbox 858 3139 1161 3209; x_wconf 87' lang='lat' dir='ltr'>sustulit.</span> 
     </span>
    </p>

    <p class='ocr_par' dir='ltr' id='par_1_6' title="bbox 597 3226 3162 4465">
     <span class='ocr_line' id='line_1_34' title="bbox 689 3226 3160 3328; baseline -0.001 -28"><span class='ocrx_word' id='word_1_284' title='bbox 689 3231 726 3315; x_wconf 76' lang='lat'>§</span> <span class='ocrx_word' id='word_1_285' title='bbox 803 3233 961 3300; x_wconf 68' lang='lat'>35.</span> <span class='ocrx_word' id='word_1_286' title='bbox 1015 3227 1324 3309; x_wconf 86' lang='lat' dir='ltr'>Quodam</span> <span class='ocrx_word' id='word_1_287' title='bbox 1376 3248 1649 3313; x_wconf 91' lang='lat' dir='ltr'>quoque</span> <span class='ocrx_word' id='word_1_288' title='bbox 1681 3239 2007 3328; x_wconf 85' lang='lat' dir='ltr'>tempore,</span> <span class='ocrx_word' id='word_1_289' title='bbox 2046 3227 2215 3296; x_wconf 92' lang='lat' dir='ltr'>dum</span> <span class='ocrx_word' id='word_1_290' title='bbox 2252 3227 2737 3297; x_wconf 88' lang='lat' dir='ltr'>sanctissimus</span> <span class='ocrx_word' id='word_1_291' title='bbox 2767 3226 2999 3319; x_wconf 87' lang='lat' dir='ltr'>gregis</span> <span class='ocrx_word' id='word_1_292' title='bbox 3026 3232 3160 3298; x_wconf 90' lang='lat' dir='ltr'>Do-</span> 
     </span>
     <span class='ocr_line' id='line_1_35' title="bbox 601 3314 3157 3406; baseline 0 -21"><span class='ocrx_word' id='word_1_293' title='bbox 601 3316 842 3386; x_wconf 88' lang='lat' dir='ltr'>minici</span> <span class='ocrx_word' id='word_1_294' title='bbox 878 3328 1110 3406; x_wconf 87' lang='lat' dir='ltr'>pastor</span> <span class='ocrx_word' id='word_1_295' title='bbox 1159 3338 1285 3386; x_wconf 91' lang='lat' dir='ltr'>sua</span> <span class='ocrx_word' id='word_1_296' title='bbox 1325 3314 1739 3383; x_wconf 85' lang='lat' dir='ltr'>illustrando</span> <span class='ocrx_word' id='word_1_297' title='bbox 1774 3318 2171 3385; x_wconf 78' lang='lat' dir='ltr'>circumiret</span> <span class='ocrx_word' id='word_1_298' title='bbox 2209 3316 2447 3398; x_wconf 89' lang='lat' dir='ltr'>ovilia,</span> <span class='ocrx_word' id='word_1_299' title='bbox 2500 3317 2774 3385; x_wconf 88' lang='lat' dir='ltr'>devenit</span> <span class='ocrx_word' id='word_1_300' title='bbox 2833 3317 2906 3384; x_wconf 90' lang='lat' dir='ltr'>in</span> <span class='ocrx_word' id='word_1_301' title='bbox 2959 3338 3157 3385; x_wconf 90' lang='lat' dir='ltr'>mon-</span> 
     </span>
     <span class='ocr_line' id='line_1_36' title="bbox 601 3403 3160 3494; baseline 0 -22"><span class='ocrx_word' id='word_1_302' title='bbox 601 3416 761 3473; x_wconf 90' lang='lat' dir='ltr'>tana</span> <span class='ocrx_word' id='word_1_303' title='bbox 809 3416 874 3473; x_wconf 90' lang='lat' dir='ltr'>et</span> <span class='ocrx_word' id='word_1_304' title='bbox 920 3427 959 3473; x_wconf 90' lang='lat' dir='ltr'>a</span> <span class='ocrx_word' id='word_1_305' title='bbox 1014 3404 1216 3473; x_wconf 88' lang='lat' dir='ltr'>restia</span> <span class='ocrx_word' id='word_1_306' title='bbox 1267 3403 1437 3483; x_wconf 90' lang='lat' dir='ltr'>loca,</span> <span class='ocrx_word' id='word_1_307' title='bbox 1478 3403 1597 3471; x_wconf 91' lang='lat' dir='ltr'>ubi</span> <span class='ocrx_word' id='word_1_308' title='bbox 1641 3403 1843 3472; x_wconf 87' lang='lat' dir='ltr'>multi</span> <span class='ocrx_word' id='word_1_309' title='bbox 1890 3418 2087 3473; x_wconf 87' lang='lat' dir='ltr'>erant</span> <span class='ocrx_word' id='word_1_310' title='bbox 2119 3405 2204 3472; x_wconf 92' lang='lat' dir='ltr'>de</span> <span class='ocrx_word' id='word_1_311' title='bbox 2250 3405 2515 3473; x_wconf 91' lang='lat' dir='ltr'>circum</span> <span class='ocrx_word' id='word_1_312' title='bbox 2571 3404 2811 3494; x_wconf 84' lang='lat' dir='ltr'>positis</span> <span class='ocrx_word' id='word_1_313' title='bbox 2861 3403 2994 3473; x_wconf 90' lang='lat' dir='ltr'>late</span> <span class='ocrx_word' id='word_1_314' title='bbox 3033 3405 3160 3472; x_wconf 85' lang='lat' dir='ltr'>vil-</span> 
     </span>
     <span class='ocr_line' id='line_1_37' title="bbox 601 3491 3158 3582; baseline 0.001 -23"><span class='ocrx_word' id='word_1_315' title='bbox 601 3491 790 3572; x_wconf 80' lang='lat' dir='ltr'>lulis,</span> <span class='ocrx_word' id='word_1_316' title='bbox 852 3494 972 3578; x_wconf 91' lang='lat' dir='ltr'>qui</span> <span class='ocrx_word' id='word_1_317' title='bbox 1028 3516 1111 3561; x_wconf 91' lang='lat' dir='ltr'>us</span> <span class='ocrx_word' id='word_1_318' title='bbox 1171 3512 1421 3561; x_wconf 88' lang='lat' dir='ltr'>manus</span> <span class='ocrx_word' id='word_1_319' title='bbox 1488 3503 1633 3560; x_wconf 88' lang='lat' dir='ltr'>erat</span> <span class='ocrx_word' id='word_1_320' title='bbox 1703 3492 2145 3582; x_wconf 89' lang='lat' dir='ltr'>imponenda.</span> <span class='ocrx_word' id='word_1_321' title='bbox 2199 3497 2333 3561; x_wconf 89' lang='lat' dir='ltr'>Nec</span> <span class='ocrx_word' id='word_1_322' title='bbox 2399 3504 2625 3561; x_wconf 89' lang='lat' dir='ltr'>tamen</span> <span class='ocrx_word' id='word_1_323' title='bbox 2677 3493 2748 3561; x_wconf 88' lang='lat' dir='ltr'>in</span> <span class='ocrx_word' id='word_1_324' title='bbox 2800 3493 3158 3562; x_wconf 85' lang='lat' dir='ltr'>montibus</span> 
     </span>
     <span class='ocr_line' id='line_1_38' title="bbox 597 3580 3156 3669; baseline 0 -20"><span class='ocrx_word' id='word_1_325' title='bbox 597 3581 889 3650; x_wconf 87' lang='lat' dir='ltr'>ecclesia</span> <span class='ocrx_word' id='word_1_326' title='bbox 936 3580 1039 3650; x_wconf 91' lang='lat' dir='ltr'>vel</span> <span class='ocrx_word' id='word_1_327' title='bbox 1093 3581 1286 3649; x_wconf 90' lang='lat' dir='ltr'>locus</span> <span class='ocrx_word' id='word_1_328' title='bbox 1334 3580 1625 3648; x_wconf 87' lang='lat' dir='ltr'>inveniri</span> <span class='ocrx_word' id='word_1_329' title='bbox 1727 3580 1901 3649; x_wconf 89' lang='lat' dir='ltr'>otuit</span> <span class='ocrx_word' id='word_1_330' title='bbox 1948 3594 2154 3669; x_wconf 90' lang='lat' dir='ltr'>aptus</span> <span class='ocrx_word' id='word_1_331' title='bbox 2187 3580 2307 3667; x_wconf 91' lang='lat' dir='ltr'>qui</span> <span class='ocrx_word' id='word_1_332' title='bbox 2360 3581 2752 3669; x_wconf 85' lang='lat' dir='ltr'>pontificem</span> <span class='ocrx_word' id='word_1_333' title='bbox 2813 3603 2974 3650; x_wconf 92' lang='lat' dir='ltr'>cum</span> <span class='ocrx_word' id='word_1_334' title='bbox 3028 3602 3156 3650; x_wconf 89' lang='lat' dir='ltr'>suo</span> 
     </span>
     <span class='ocr_line' id='line_1_39' title="bbox 597 3667 3158 3759; baseline -0 -22"><span class='ocrx_word' id='word_1_335' title='bbox 597 3669 926 3738; x_wconf 89' lang='lat' dir='ltr'>comitatu</span> <span class='ocrx_word' id='word_1_336' title='bbox 997 3667 1400 3758; x_wconf 88' lang='lat' dir='ltr'>susciperet.</span> <span class='ocrx_word' id='word_1_337' title='bbox 1443 3674 1641 3737; x_wconf 84' lang='lat' dir='ltr'>Teten</span> <span class='ocrx_word' id='word_1_338' title='bbox 1700 3681 1904 3738; x_wconf 89' lang='lat' dir='ltr'>erunt</span> <span class='ocrx_word' id='word_1_339' title='bbox 1959 3691 2123 3759; x_wconf 90' lang='lat' dir='ltr'>ergo</span> <span class='ocrx_word' id='word_1_340' title='bbox 2174 3669 2464 3737; x_wconf 89' lang='lat' dir='ltr'>tentoria</span> <span class='ocrx_word' id='word_1_341' title='bbox 2511 3670 2579 3737; x_wconf 92' lang='lat' dir='ltr'>in</span> <span class='ocrx_word' id='word_1_342' title='bbox 2636 3669 2766 3748; x_wconf 83' lang='lat' dir='ltr'>via,</span> <span class='ocrx_word' id='word_1_343' title='bbox 2831 3680 2899 3739; x_wconf 88' lang='lat' dir='ltr'>et</span> <span class='ocrx_word' id='word_1_344' title='bbox 2937 3669 3158 3739; x_wconf 87' lang='lat' dir='ltr'>caesis</span> 
     </span>
     <span class='ocr_line' id='line_1_40' title="bbox 597 3756 3158 3846; baseline -0 -21"><span class='ocrx_word' id='word_1_345' title='bbox 597 3756 682 3826; x_wconf 90' lang='lat' dir='ltr'>de</span> <span class='ocrx_word' id='word_1_346' title='bbox 730 3758 956 3826; x_wconf 87' lang='lat' dir='ltr'>vicina</span> <span class='ocrx_word' id='word_1_347' title='bbox 1009 3757 1199 3846; x_wconf 78' lang='lat' dir='ltr'>sylva</span> <span class='ocrx_word' id='word_1_348' title='bbox 1252 3757 1694 3836; x_wconf 80' lang='lat' dir='ltr'>ramusculiS,</span> <span class='ocrx_word' id='word_1_349' title='bbox 1737 3757 1868 3827; x_wconf 89' lang='lat' dir='ltr'>sibi</span> <span class='ocrx_word' id='word_1_350' title='bbox 1916 3758 2176 3843; x_wconf 87' lang='lat' dir='ltr'>quique</span> <span class='ocrx_word' id='word_1_351' title='bbox 2226 3757 2666 3826; x_wconf 91' lang='lat' dir='ltr'>tabernacula</span> <span class='ocrx_word' id='word_1_352' title='bbox 2717 3756 2804 3825; x_wconf 87' lang='lat' dir='ltr'>ad</span> <span class='ocrx_word' id='word_1_353' title='bbox 2865 3778 3158 3825; x_wconf 91' lang='lat' dir='ltr'>manen-</span> 
     </span>
     <span class='ocr_line' id='line_1_41' title="bbox 598 3844 3160 3935; baseline 0 -23"><span class='ocrx_word' id='word_1_354' title='bbox 598 3844 795 3927; x_wconf 91' lang='lat' dir='ltr'>dum,</span> <span class='ocrx_word' id='word_1_355' title='bbox 849 3844 1083 3932; x_wconf 89' lang='lat' dir='ltr'>qualia</span> <span class='ocrx_word' id='word_1_356' title='bbox 1133 3856 1438 3935; x_wconf 53' lang='lat' dir='ltr'>potuere,</span> <span class='ocrx_word' id='word_1_357' title='bbox 1476 3844 1794 3914; x_wconf 82' lang='lat' dir='ltr'>fixerunt.</span> <span class='ocrx_word' id='word_1_358' title='bbox 1836 3846 1962 3914; x_wconf 91' lang='lat' dir='ltr'>Ubi</span> <span class='ocrx_word' id='word_1_359' title='bbox 2012 3846 2178 3913; x_wconf 91' lang='lat' dir='ltr'>dum</span> <span class='ocrx_word' id='word_1_360' title='bbox 2230 3846 2747 3914; x_wconf 86' lang='lat' dir='ltr'>confluentibus</span> <span class='ocrx_word' id='word_1_361' title='bbox 2795 3845 2882 3913; x_wconf 90' lang='lat' dir='ltr'>ad</span> <span class='ocrx_word' id='word_1_362' title='bbox 2913 3868 2983 3914; x_wconf 88' lang='lat' dir='ltr'>se</span> <span class='ocrx_word' id='word_1_363' title='bbox 3013 3857 3160 3914; x_wconf 91' lang='lat' dir='ltr'>tur—</span> 
     </span>
     <span class='ocr_line' id='line_1_42' title="bbox 598 3932 3158 4033; baseline -0.001 -30"><span class='ocrx_word' id='word_1_364' title='bbox 598 3932 708 4003; x_wconf 91' lang='lat' dir='ltr'>bis</span> <span class='ocrx_word' id='word_1_365' title='bbox 760 3934 861 4002; x_wconf 92' lang='lat' dir='ltr'>vir</span> <span class='ocrx_word' id='word_1_366' title='bbox 908 3933 1024 4002; x_wconf 89' lang='lat' dir='ltr'>Dei</span> <span class='ocrx_word' id='word_1_367' title='bbox 1074 3933 1356 4002; x_wconf 87' lang='lat' dir='ltr'>verbum</span> <span class='ocrx_word' id='word_1_368' title='bbox 1409 3933 1622 4001; x_wconf 88' lang='lat' dir='ltr'>biduo</span> <span class='ocrx_word' id='word_1_369' title='bbox 1673 3933 2121 4022; x_wconf 88' lang='lat' dir='ltr'>praedicaret,</span> <span class='ocrx_word' id='word_1_370' title='bbox 2158 3954 2236 4002; x_wconf 87' lang='lat' dir='ltr'>ac</span> <span class='ocrx_word' id='word_1_371' title='bbox 2265 3934 2562 4023; x_wconf 89' lang='lat' dir='ltr'>Spiritus</span> <span class='ocrx_word' id='word_1_372' title='bbox 2611 3935 2828 4003; x_wconf 88' lang='lat' dir='ltr'>sancti</span> <span class='ocrx_word' id='word_1_373' title='bbox 2861 3934 3158 4033; x_wconf 89' lang='lat' dir='ltr'>gratiam</span> 
     </span>
     <span class='ocr_line' id='line_1_43' title="bbox 602 4020 3162 4112; baseline 0 -23"><span class='ocrx_word' id='word_1_374' title='bbox 602 4042 827 4110; x_wconf 88' lang='lat' dir='ltr'>nuper</span> <span class='ocrx_word' id='word_1_375' title='bbox 873 4021 1291 4112; x_wconf 89' lang='lat' dir='ltr'>regeneratis</span> <span class='ocrx_word' id='word_1_376' title='bbox 1342 4021 1411 4088; x_wconf 87' lang='lat' dir='ltr'>iu</span> <span class='ocrx_word' id='word_1_377' title='bbox 1463 4020 1731 4090; x_wconf 86' lang='lat' dir='ltr'>Christo</span> <span class='ocrx_word' id='word_1_378' title='bbox 1774 4043 1892 4110; x_wconf 91' lang='lat' dir='ltr'>per</span> <span class='ocrx_word' id='word_1_379' title='bbox 1941 4042 2191 4090; x_wconf 89' lang='lat' dir='ltr'>manus</span> <span class='ocrx_word' id='word_1_380' title='bbox 2238 4021 2753 4111; x_wconf 83' lang='lat' dir='ltr'>impositionem</span> <span class='ocrx_word' id='word_1_381' title='bbox 2805 4022 3162 4090; x_wconf 82' lang='lat' dir='ltr'>ministra-</span> 
     </span>
     <span class='ocr_line' id='line_1_44' title="bbox 598 4109 3152 4208; baseline -0.001 -30"><span class='ocrx_word' id='word_1_382' title='bbox 598 4121 724 4188; x_wconf 89' lang='lat' dir='ltr'>ret,</span> <span class='ocrx_word' id='word_1_383' title='bbox 779 4130 937 4178; x_wconf 88' lang='lat' dir='ltr'>ecce</span> <span class='ocrx_word' id='word_1_384' title='bbox 985 4109 1213 4178; x_wconf 91' lang='lat' dir='ltr'>subito</span> <span class='ocrx_word' id='word_1_385' title='bbox 1247 4131 1632 4208; x_wconf 88' lang='lat' dir='ltr'>apparuere</span> <span class='ocrx_word' id='word_1_386' title='bbox 1663 4109 2015 4189; x_wconf 79' lang='lat' dir='ltr'>muliereS,</span> <span class='ocrx_word' id='word_1_387' title='bbox 2065 4110 2358 4179; x_wconf 83' lang='lat' dir='ltr'>serentes</span> <span class='ocrx_word' id='word_1_388' title='bbox 2387 4110 2456 4177; x_wconf 90' lang='lat' dir='ltr'>in</span> <span class='ocrx_word' id='word_1_389' title='bbox 2488 4111 2771 4201; x_wconf 87' lang='lat' dir='ltr'>grabato</span> <span class='ocrx_word' id='word_1_390' title='bbox 2793 4109 3152 4199; x_wconf 86' lang='lat' dir='ltr'>juvenem,</span> 
     </span>
     <span class='ocr_line' id='line_1_45' title="bbox 600 4196 3159 4287; baseline 0 -22"><span class='ocrx_word' id='word_1_391' title='bbox 600 4196 849 4287; x_wconf 89' lang='lat' dir='ltr'>longae</span> <span class='ocrx_word' id='word_1_392' title='bbox 897 4197 1355 4287; x_wconf 75' lang='lat' dir='ltr'>aegritudinis</span> <span class='ocrx_word' id='word_1_393' title='bbox 1406 4199 1776 4265; x_wconf 87' lang='lat' dir='ltr'>acerbitate</span> <span class='ocrx_word' id='word_1_394' title='bbox 1835 4196 2273 4278; x_wconf 84' lang='lat' dir='ltr'>tabefactum,</span> <span class='ocrx_word' id='word_1_395' title='bbox 2332 4211 2799 4287; x_wconf 89' lang='lat' dir='ltr'>ponentesque</span> <span class='ocrx_word' id='word_1_396' title='bbox 2847 4197 2919 4264; x_wconf 91' lang='lat' dir='ltr'>in</span> <span class='ocrx_word' id='word_1_397' title='bbox 2970 4198 3159 4266; x_wconf 81' lang='lat' dir='ltr'>exitu</span> 
     </span>
     <span class='ocr_line' id='line_1_46' title="bbox 601 4284 3157 4376; baseline 0 -23"><span class='ocrx_word' id='word_1_398' title='bbox 601 4284 859 4374; x_wconf 83' lang='lat' dir='ltr'>sylvae,</span> <span class='ocrx_word' id='word_1_399' title='bbox 899 4286 1239 4355; x_wconf 89' lang='lat' dir='ltr'>miserunt</span> <span class='ocrx_word' id='word_1_400' title='bbox 1286 4284 1369 4352; x_wconf 90' lang='lat' dir='ltr'>ad</span> <span class='ocrx_word' id='word_1_401' title='bbox 1421 4285 1854 4376; x_wconf 89' lang='lat' dir='ltr'>episcopum,</span> <span class='ocrx_word' id='word_1_402' title='bbox 1913 4298 2255 4376; x_wconf 82' lang='lat' dir='ltr'>roganteS,</span> <span class='ocrx_word' id='word_1_403' title='bbox 2293 4298 2368 4355; x_wconf 91' lang='lat' dir='ltr'>ut</span> <span class='ocrx_word' id='word_1_404' title='bbox 2391 4286 2478 4354; x_wconf 86' lang='lat' dir='ltr'>ad</span> <span class='ocrx_word' id='word_1_405' title='bbox 2528 4286 3005 4375; x_wconf 89' lang='lat' dir='ltr'>accipiendam</span> <span class='ocrx_word' id='word_1_406' title='bbox 3035 4287 3157 4356; x_wconf 89' lang='lat' dir='ltr'>be-</span> 
     </span>
     <span class='ocr_line' id='line_1_47' title="bbox 603 4373 3158 4465; baseline 0 -22"><span class='ocrx_word' id='word_1_407' title='bbox 603 4373 1064 4444; x_wconf 89' lang='lat' dir='ltr'>nedictionem</span> <span class='ocrx_word' id='word_1_408' title='bbox 1115 4373 1199 4443; x_wconf 91' lang='lat' dir='ltr'>ad</span> <span class='ocrx_word' id='word_1_409' title='bbox 1280 4395 1352 4441; x_wconf 89' lang='lat' dir='ltr'>se</span> <span class='ocrx_word' id='word_1_410' title='bbox 1401 4373 1590 4442; x_wconf 91' lang='lat' dir='ltr'>hunc</span> <span class='ocrx_word' id='word_1_411' title='bbox 1655 4373 1885 4443; x_wconf 84' lang='lat' dir='ltr'>afferri</span> <span class='ocrx_word' id='word_1_412' title='bbox 1943 4375 2387 4465; x_wconf 88' lang='lat' dir='ltr'>permitteret.</span> <span class='ocrx_word' id='word_1_413' title='bbox 2453 4379 2666 4457; x_wconf 85' lang='lat' dir='ltr'>Quem</span> <span class='ocrx_word' id='word_1_414' title='bbox 2724 4396 2884 4444; x_wconf 88' lang='lat' dir='ltr'>cum</span> <span class='ocrx_word' id='word_1_415' title='bbox 2942 4374 3028 4443; x_wconf 91' lang='lat' dir='ltr'>ad</span> <span class='ocrx_word' id='word_1_416' title='bbox 3082 4394 3158 4443; x_wconf 85' lang='lat' dir='ltr'>se</span> 
     </span>
    </p>
   </div>
   <div class='ocr_carea' id='block_1_5' title="bbox 3267 103 3314 283">
    <p class='ocr_par' dir='ltr' id='par_1_7' title="bbox 3267 103 3314 283">
     <span class='ocr_line' id='line_1_48' title="bbox 3267 103 3314 283; baseline 0 -126"><span class='ocrx_word' id='word_1_417' title='bbox 3267 103 3314 283; x_wconf 59' lang='lat'>,</span> 
     </span>
    </p>
   </div>
  </div>
 </body>
</html>
