3327 4999
686 309 809 376 494
1489 325 1570 373 on
1617 326 1674 373 s.
1726 321 2038 373 cnssooruo
2084 322 2245 371 PAPA
2752 306 2988 371 MART.
3040 306 3110 371 ⁴2

587 406 661 477 in
699 409 826 479 hoc
874 407 1106 478 seculo
1139 405 1318 476 videt
1346 406 1485 475 alta
1529 426 1680 477 esse
1727 416 1967 474 contra
2012 404 2385 484 veritatem,
2425 425 2548 494 pro
2583 403 2861 473 veritate
2899 403 3112 492 despi-

588 497 747 579 ciat,
791 508 856 567 et
903 494 1394 585 omnipotentis
1443 494 1559 563 Dei
1606 493 1829 585 gratia
1875 505 2080 580 atque
2128 493 2307 564 beati
2352 492 2531 562 Petri
2583 492 2878 583 Apostoli
2922 492 3112 583 adju-

588 586 760 656 torio
808 584 1133 656 confidat.
1170 589 1411 653 Vocem
1476 583 1776 653 veritatis
1825 582 2098 663 recolat,
2142 581 2467 651 dicentis:
2521 583 2739 672 Major
2784 593 2878 652 est
2909 585 3024 673 qui
3053 583 3116 651 in

585 676 771 744 vobis
816 685 912 744 est
945 696 1150 764 quam
1179 674 1301 763 qui
1334 674 1405 741 in
1441 672 1687 741 mundo
1718 672 1778 762 (l
1822 676 2017 741 Joan.
2074 669 2210 759 1v):
2262 682 2327 741 ct
2374 670 2446 739 in
2504 670 2632 739 hac
2681 693 2891 740 causa
2932 670 3116 757 quic-

584 763 753 849 quid
787 761 1132 863 agendum
1168 772 1294 841 est,
1340 781 1500 829 cum
1551 782 1829 830 summa
1877 759 2279 831 auctoritate
2312 770 2492 850 agat.
2537 764 2906 846 Postquam
2938 759 3112 828 enim

586 850 861 921 defendi
909 851 995 920 ab
1044 849 1487 919 inimicorum
1530 847 1782 941 gladiis
1832 849 2024 918 nullo
2074 848 2278 918 modo
2329 869 2727 939 possumuS,
2767 859 3112 938 postquam

586 961 713 1030 pro
768 961 1002 1009 amore
1048 938 1146 1007 rei
1197 938 1514 1029 publicae
1571 948 1970 1038 argentum,
2035 958 2314 1018 aurum,
2375 935 2725 1026 mancipia
2775 948 3116 1022 vestesque

589 1027 1043 1118 perdidimus,
1098 1026 1307 1097 nimis
1342 1027 1883 1118 ignominiosum
1913 1038 2037 1106 est,
2076 1039 2153 1095 ut
2202 1047 2321 1117 per
2356 1046 2472 1094 eos
2501 1024 2708 1094 etiam
2738 1025 2940 1095 fidem
3018 1046 3113 1093 er·

587 1117 863 1188 damus.
914 1117 996 1187 In
1045 1116 1174 1205 isto
1221 1116 1407 1186 enim
1457 1115 1740 1187 scelesto
1779 1113 2112 1186 vocabulo
2156 1114 2565 1195 consentire,
2604 1113 2778 1182 nihil
2810 1112 3117 1185 estaiud

587 1228 798 1293 quam
847 1204 1056 1275 fidem
1108 1205 1411 1294 perdere.
1451 1205 1644 1274 Unde
1673 1203 1850 1276 sicut
1885 1204 2035 1295 jam
2086 1203 2446 1274 transactis
2492 1202 2803 1294 epistolis
2851 1201 3111 1294 scripsi,

587 1316 748 1365 cum
799 1315 877 1363 eo
927 1316 1311 1381 numquam
1364 1293 1731 1384 procedere
1778 1295 2209 1383 praesumas.
2245 1314 2281 1359 »

675 1385 712 1470 ξ
771 1386 940 1455 39.
996 1387 1072 1451 At
1118 1404 1272 1452 vero
1316 1389 1640 1464 Joannes,
1707 1402 1921 1451 novae
1979 1380 2561 1472 praesumptionis
2609 1380 2949 1463 inventor,
2999 1378 3114 1448 ubi

587 1472 986 1541 Mauritium
1044 1476 1175 1541 Deo
1223 1470 1614 1552 adversum,
1660 1469 1982 1561 Gregorio
2028 1492 2188 1540 cum
2254 1469 2401 1540 suis
2459 1469 2924 1560 complicibus
2968 1466 3114 1536 fecit

583 1558 958 1640 infensum,
996 1581 1284 1629 cernens
1335 1559 1796 1630 Constantiam
1846 1558 2359 1660 Imperatricem
2410 1558 2564 1628 totis
2600 1559 2970 1629 conatibus
3000 1563 3117 1626 Ro·

586 1670 832 1718 manae
881 1647 1219 1719 Ecclesiae
1275 1648 1609 1718 servanda
1658 1647 2014 1738 privilegia
2061 1646 2372 1732 suadere,
2432 1647 2710 1734 quantis
2759 1647 2975 1717 valuit
3019 1667 3121 1744 ar7

583 1737 773 1808 tibus
821 1737 1148 1818 incitavit,
1210 1748 1286 1806 ut
1335 1760 1457 1828 pro
1512 1751 1612 1806 ter
1655 1758 1832 1818 eam,
1884 1758 2094 1823 quam
2146 1737 2215 1805 in
2285 1736 2613 1806 honorem
2663 1736 2886 1807 sancti
2935 1733 3120 1807 Pauli

587 1825 881 1916 apostoli
928 1825 1000 1894 in
1050 1826 1305 1895 Palatio
1352 1847 1430 1895 ae
1482 1825 1759 1895 ificabat
1805 1825 2187 1906 ecclesiam,
2232 1847 2272 1893 a
2320 1823 2642 1916 Gregorio
2685 1837 2900 1915 caput
2946 1824 3123 1915 ejus-

588 1914 743 1983 dem
780 1913 1100 2005 Apostoli,
1146 1927 1264 1983 aut
1310 1913 1497 1984 aliud
1547 1914 1717 2001 quid
1749 1913 1835 1983 de
1867 1914 2088 2005 ipsius
2136 1935 2418 2004 corpore
2464 1914 2597 1983 sibi
2644 1913 2858 2005 dirigi
2901 1924 3125 2004 postu-

592 2002 784 2072 laret.
831 2007 1051 2086 Quam
1118 2002 1557 2073 calliditatem
1611 2002 2051 2073 beatissimus
2109 2008 2290 2091 Papa
2335 2024 2416 2072 co
2471 2025 2783 2082 noscenS,
2829 2008 3126 2092 Impera·
3167 2038 3172 2045 ·

589 2091 781 2161 tricis
813 2092 1046 2161 animo
1087 2091 1308 2162 taliter
1355 2092 1720 2163 satisfecit:
1773 2094 1811 2159 >«
1838 2096 2011 2161 Dum
2062 2090 2176 2160 illa
2207 2090 2375 2159 mihi
2462 2090 2882 2163 asiderarem
2919 2091 3128 2181 impe-

587 2180 751 2263 rari,
796 2180 882 2250 de
927 2180 1183 2267 quibus
1229 2180 1632 2251 facillimam
1682 2180 2140 2268 obedientiam
2187 2179 2547 2262 exhibens,
2608 2192 2905 2250 vestram
2967 2200 3123 2278 erga

586 2290 697 2338 me
747 2269 1118 2369 potuissem
1171 2271 1461 2360 gratiam
1511 2268 1816 2359 amplius
1926 2290 2281 2348 rovocare,
2350 2268 2574 2358 major
2622 2290 2731 2337 me
2783 2267 3123 2338 moestitia

586 2370 804 2428 tenuit
849 2358 1030 2445 quod
1074 2357 1192 2427 illa
1233 2358 1625 2449 praecipitis
1650 2380 1828 2444 quae
1860 2381 1863 2384 ’
1900 2379 2094 2427 acere
2141 2378 2265 2427 nec
2314 2379 2623 2447 possum,
2662 2378 2786 2427 nec
2820 2355 3120 2427 audeo*.

583 2450 751 2516 Nam
800 2469 1089 2537 corpora
1135 2459 1529 2518 sanctorum
1582 2447 1759 2517 Petri
1789 2458 1855 2516 et
1901 2445 2094 2516 Pauli
2142 2445 2632 2538 apostolorum,
2673 2446 2890 2517 tantis
2917 2445 2987 2515 in
3020 2465 3127 2515 ec-

583 2535 812 2607 clesiis
861 2537 1006 2608 suis
1052 2548 1419 2606 coruscant
1477 2535 1835 2606 miraculis
1894 2548 2097 2622 atque
2145 2535 2560 2615 terroribus,
2630 2548 2707 2605 ut
2755 2558 2992 2622 neque
3036 2533 3119 2603 ad

583 2624 924 2695 orandum
989 2624 1138 2694 sine
1194 2647 1446 2716 magno
1504 2624 1671 2694 illuc
1720 2625 1962 2694 timore
2013 2625 2226 2715 possit
2271 2624 2531 2694 accedi.
2595 2623 2910 2711 Denique
2956 2623 3120 2693 dum

583 2712 818 2783 beatae
877 2713 1366 2783 recordationis
1418 2713 1734 2784 decessor
1783 2735 2002 2793 meus,
2055 2713 2215 2800 quia
2265 2725 2626 2804 argentum
2676 2713 2868 2799 quod
2919 2733 3131 2803 supra

585 2801 1131 2872 sacratissimum
1179 2824 1430 2891 corpus
1478 2802 1699 2871 sancti
1745 2803 1922 2871 Petri
1958 2801 2249 2893 apostoli
2294 2815 2461 2883 erat,
2496 2801 2608 2872 lon
2662 2823 2699 2870 e
2745 2814 2989 2872 tamen
3045 2799 3125 2868 ab

584 2891 823 2960 eodem
855 2912 1160 2980 corpore,
1201 2888 1338 2960 fere
1383 2890 1783 2978 quindecim
1833 2890 2149 2981 pedibus,
2204 2904 2472 2961 mutare
2533 2911 2614 2958 vo
2649 2890 2771 2972 uit,
2839 2891 3124 2982 signum

584 2979 649 3048 ei
695 3000 832 3048 non
884 2979 1071 3068 parvi
1121 2980 1397 3049 terroris
1442 2979 1788 3070 apparuit.
1843 2980 1971 3050 Sed
2031 2992 2096 3049 et
2141 3001 2267 3069 ego
2331 2979 2592 3066 aliquid
2642 2977 2976 3049 similiter
3043 2974 3127 3045 ad

586 3067 1130 3140 sacratissimum
1192 3091 1447 3159 corpus
1504 3068 1723 3140 sancti
1787 3068 1965 3137 Petri
2020 3067 2310 3159 apostoli
2365 3067 2725 3138 meliorare
2788 3067 3024 3138 volui:
3073 3075 3136 3134 et

584 3156 750 3243 quia
796 3177 1070 3225 necesse
1115 3169 1281 3232 erat.
1317 3170 1393 3227 ut
1431 3158 1630 3245 juxta
1680 3157 2076 3247 sepulcrum
2126 3156 2465 3246 ejusmodi
2512 3156 2717 3226 effodi
2751 3157 2972 3227 altius
3020 3154 3136 3223 de-

585 3245 871 3325 buisset,
936 3246 1363 3336 praepositus
1426 3246 1556 3316 loci
1611 3245 1804 3315 illius
1848 3266 2006 3317 ossa
2051 3245 2308 3332 aliqua,
2381 3267 2515 3314 non
2565 3244 2856 3332 quidem
2909 3244 3133 3315 eidem

585 3333 900 3425 sepulcro
946 3335 1335 3425 conjuncta,
1400 3336 1674 3426 reperit.
1732 3340 1919 3419 Quae
1966 3335 2295 3421 quoniam
2354 3333 2577 3403 levare
2627 3333 3127 3425 praesumpsit,

590 3436 794 3509 atque
842 3423 911 3492 in
962 3422 1177 3492 alium
1227 3423 1456 3494 locum
1506 3435 1972 3515 transponere,
2012 3422 2505 3515 apparentibus
2552 3423 2986 3509 quibusdam
3023 3420 3136 3490 tri-

586 3513 811 3583 stibus
876 3510 1136 3602 signiS‚
1200 3512 1429 3583 subita
1476 3524 1690 3583 morte
1736 3513 2103 3583 defunctus
2147 3523 2271 3582 est.
2339 3517 2607 3581 Praeter
2668 3511 2839 3581 haec
2903 3523 3136 3606 autem

585 3613 862 3671 sanctae
901 3599 1271 3670 memoriae
1303 3602 1620 3671 decessor
1660 3624 1856 3671 meus
1903 3601 2085 3671 idem
2113 3601 2199 3671 ad
2248 3622 2500 3691 corpus
2526 3601 2742 3669 sancti
2775 3596 3137 3670 Laurentii

588 3689 911 3780 martyris
957 3689 1295 3777 quaedam
1348 3689 1706 3760 meliorare
1758 3690 2181 3771 desiderans,
2233 3690 2402 3759 dum
2455 3691 2757 3759 nescitur
2809 3689 2939 3758 ubi
2989 3709 3140 3756 cor-

582 3800 718 3869 pus
762 3788 938 3849 esset
984 3778 1367 3848 venerabile
1413 3779 1847 3860 collocatum,
1888 3779 2209 3849 effoditur
2254 3778 2700 3865 exquirend0‚
2761 3791 2833 3847 et
2903 3776 3136 3848 subito

583 3867 979 3958 sepulcrum
1010 3867 1181 3958 ipsis
1209 3867 1605 3958 ignoranter
1634 3881 1950 3957 apertum
1984 3880 2108 3939 est.
2136 3873 2212 3937 Et
2242 3867 2317 3936 hi
2348 3867 2469 3955 qui
2500 3879 2904 3958 praesentes
2940 3873 3139 3935 erant

546 3967 787 4043 ‚atque
837 3955 1237 4026 laborabant
1284 3956 1605 4026 monachi
1652 3969 1717 4026 et
1765 3957 2238 4036 mansionarii,
2295 3956 2460 4043 quia
2506 3976 2760 4046 corpus
2812 3954 3140 4046 ejusdem

582 4044 908 4135 martyris
937 4044 1254 4114 viderunt
1298 4046 1482 4132 quod
1515 4044 1797 4133 quidem
1850 4060 2127 4137 tangere
2156 4045 2437 4114 minime
2517 4051 3129 4133 raesumpserunt‚

515 4217 519 4221 ἡ
583 4155 823 4204 omnes
869 4132 1049 4202 intra
1093 4134 1329 4203 decem
1375 4134 1524 4206 dies
1569 4133 1879 4204 defuncti
1913 4147 2097 4216 sunt,
2135 4133 2225 4203 ita
2260 4144 2334 4204 ut
2374 4067 2610 4202 nullus
2649 4131 2829 4201 vitae
2882 4152 3139 4223 super-

583 4244 735 4293 esse
785 4222 1112 4313 potuisset
1156 4223 1278 4310 qui
1317 4223 1529 4293 semel
1568 4224 1840 4314 justum
1890 4245 2142 4313 corpus
2189 4222 2380 4291 illius
2427 4222 2708 4291 viderat.
2748 4242 2788 4286 »

675 4313 713 4400 ἓ
772 4314 939 4385 40.
994 4315 1370 4402 Cognoscat
1401 4323 1629 4383 autem
1668 4311 2239 4399 tranquillissima
2267 4311 2570 4392 domina,
2601 4309 2766 4396 quia
2799 4306 3145 4379 Romanis

637 4430 661 4453 ⁴·
690 4429 785 4472 cm·
799 4428 1066 4480 postulatas
1083 4429 1309 4480 reliquias
1327 4427 1376 4471 Β.
1397 4430 1533 4472 Pauli
1548 4430 1764 4482 Apostoli
1791 4428 2050 4483 Gregorius
2068 4432 2304 4481 Augustae
2323 4438 2419 4471 non
2437 4425 2737 4472 concesserit.
