3327 4999
581 307 703 372 ⁴74
1383 321 1463 369 nii
1511 319 1566 370 s.
1619 318 1935 371 canonino
1981 322 2145 371 rara
2644 304 2884 372 MART.
2936 304 3010 372 ⁴2

486 419 553 479 et
600 406 993 479 imminutio
1066 405 1276 498 exigit
1341 428 1844 497 personarum,
1898 420 1975 476 ut
2022 405 2368 477 destitutis
2411 405 2721 477 ecclesiis
2766 406 3015 476 salubri

486 520 567 569 ac
625 495 910 587 provida
957 495 1331 565 debeamus
1377 496 1831 579 dispositione
1892 517 2318 565 succurrere.
2373 500 2451 567 Et
2498 495 2650 565 ideo
2696 494 3013 584 quoniam

485 586 849 658 ecclesiam
898 585 1434 654 Minturnensem
1486 584 1803 654 funditus
1832 596 1971 654 tam
2005 584 2173 655 cleri
2218 606 2426 672 quam
2477 584 2700 675 plebis
2747 584 3017 655 destitu-

490 687 630 746 tam
679 674 1097 745 desolatione
1157 674 1632 764 cognovimus,
1687 686 2014 761 tuamque
2062 694 2186 765 pro
2232 696 2311 743 ea
2374 673 2797 764 petitionem,
2855 693 3016 759 qua-

487 765 703 835 tenus
723 762 1126 834 Formianae
1170 761 1520 844 ecclesiae,
1558 763 1629 832 in
1677 784 1816 849 qua
1864 784 2118 854 corpus
2164 761 2346 833 beati
2394 762 2663 834 Erasmi
2708 761 3020 850 martyris

488 853 880 941 requiescit,
923 849 1176 938 cuique
1212 850 1603 922 fraternitas
1649 863 1769 922 tua
1809 852 2174 941 praesidet,
2213 851 2503 942 adjungi
2541 851 2806 921 debeat:
2848 851 3021 941 piam

489 964 641 1013 esse
685 963 765 1011 ac
802 939 1267 1032 justissimam
1311 940 1816 1041 praevidenteS,
1858 940 2325 1011 necessarium
2373 939 2727 1022 duximus,
2780 961 3022 1009 cousu-

488 1032 705 1101 lentes
745 1042 884 1100 tam
923 1027 1327 1098 desolationi
1370 1029 1500 1099 loci
1532 1029 1750 1109 illius,
1791 1050 1999 1116 quam
2052 1041 2208 1099 tuae
2253 1029 2584 1099 ecclesiae
2617 1026 3017 1119 paupertati,

486 1119 752 1190 reditus
798 1140 884 1188 su
936 1116 1235 1187 radietae
1280 1118 1609 1188 ecclesiae
1655 1118 2162 1189 Minturnensis
2194 1172 2210 1198 ‚
2264 1117 2366 1187 vel
2415 1118 2748 1206 quicquid
2798 1117 2863 1187 ei
2908 1137 3026 1186 an-

488 1210 682 1297 tiquo
742 1229 856 1277 mo
906 1228 1208 1293 ernoque
1244 1207 1406 1297 jure
1454 1208 1557 1277 vel
1609 1206 1969 1298 privilegio
2017 1207 2258 1297 potuit,
2307 1219 2523 1297 potest
2578 1206 2681 1276 vel
2731 1204 3029 1294 qualibet

489 1297 752 1369 ratione
782 1305 1191 1396 competere,
1236 1296 1323 1364 ad
1371 1307 1527 1367 tuae
1558 1296 1889 1367 ecclesiae
1926 1296 2049 1385 jus
2098 1293 2637 1386 potestatemque
2675 1295 2809 1366 hac
2843 1314 3028 1392 prae7

488 1386 669 1478 cepti
714 1397 932 1455 nostri
979 1383 1383 1454 auctoritate
1430 1387 1753 1476 migrare,
1807 1396 1885 1454 ut
1930 1407 1971 1454 a
2019 1385 2366 1475 praesenti
2414 1395 2756 1474 tempore,
2837 1384 3027 1456 sicuti

484 1475 573 1545 de
620 1473 900 1566 propria
945 1472 1237 1542 ecclesia
1280 1473 1534 1545 debeas
1580 1474 1907 1575 cogitare,
1954 1472 2156 1561 eique
2201 1472 2658 1564 competentia
2704 1484 2827 1543 tua
2875 1493 3022 1563 pro-

484 1564 748 1634 visione
781 1562 1170 1651 disponere:
1207 1575 1550 1649 quatenus
1583 1562 1910 1651 deinceps
1957 1562 2142 1650 quod
2193 1562 2418 1653 perire
2465 1584 2885 1649 nuncusque
2916 1583 3024 1652 po-.

484 1653 665 1735 tuit,
718 1672 1107 1751 pauperum
1173 1650 1501 1723 ecclesiae
1551 1662 1709 1722 tuae
1752 1650 2171 1722 utilitatibus
2216 1651 2522 1739 clerique
2589 1649 2931 1740 proficiat.
2991 1671 3022 1713 »

489 1746 662 1812 Item
710 1740 896 1809 Libri
943 1744 1024 1820 2,
1079 1743 1200 1830 Ep.
1254 1744 1364 1809 31.

578 1838 618 1912 ἓ
665 1836 800 1903 11.
850 1833 929 1897 At
976 1849 1133 1897 vero
1179 1828 1534 1899 civitatum
1581 1827 2045 1899 desolatarum
2093 1828 2456 1919 pontifices
2504 1827 2879 1918 Gregorius
2926 1849 3032 1896 va·

487 1919 810 1990 cantibus
855 1916 1249 1987 civitatibus
1296 1916 1735 1987 incardinare
1780 1920 2092 1989 curabat.
2140 1918 2331 1987 Unde
2377 1916 2665 1987 Martino
2711 1918 3032 2008 episcopo

490 2007 802 2079 Corsicae
849 2006 1030 2076 inter
1058 2017 1324 2077 caetera
1357 2005 1692 2078 scribens:
1731 2034 1762 2069 u
1799 2005 2165 2090 Quoniam,
2202 2005 2452 2095 inquit,
2489 2005 2785 2076 ecclesia
2818 2004 3032 2075 Tarni-

490 2110 669 2180 tana,
708 2097 778 2166 in
826 2117 968 2183 qua
1011 2093 1284 2164 dudum
1322 2094 1545 2165 fuerat
1574 2095 1837 2165 honore
1881 2093 2290 2166 sacerdotali
2329 2108 2449 2165 tua
2495 2093 2893 2165 fraternitas
2921 2093 3032 2163 de-

487 2196 741 2268 corata,
773 2185 867 2254 ita
895 2194 998 2255 est
1025 2183 1296 2254 delictis
1324 2182 1737 2256 facientibus
1761 2184 1997 2256 hostili
2026 2183 2290 2254 feritate
2319 2195 2656 2273 occupata
2682 2195 2749 2253 et
2779 2184 3029 2263 diruta,

485 2287 564 2346 ut
594 2274 740 2344 illic
780 2272 1072 2344 ulterius
1105 2295 1261 2364 spes
1296 2273 1648 2343 remeandi
1690 2273 1884 2343 nulla
1913 2274 2342 2343 remanserit:
2373 2274 2448 2342 in
2478 2272 2771 2343 ecclesia
2804 2286 2869 2343 te
2898 2270 3033 2341 Ale-

487 2364 702 2434 riensi
735 2371 774 2444 ,’
803 2383 983 2450 quae
1018 2361 1299 2450 jamdiu
1345 2362 1694 2453 pontificis
1740 2375 1841 2432 est
1887 2361 2147 2432 auxilio
2194 2361 2543 2444 destituta,
2598 2361 3033 2431 cardinalem

490 2451 877 2525 secundum
950 2450 1298 2542 petitionis
1355 2463 1513 2522 tuae
1584 2450 1869 2521 modum
1917 2450 2048 2521 hac
2095 2451 2500 2522 auctoritate
2545 2450 3035 2521 constituimus

491 2543 641 2615 sine
687 2542 901 2613 dubio
948 2540 1398 2612 sacerdotem.
1435 2545 1536 2609 Ita
1582 2562 1746 2631 ergo
1795 2540 2024 2611 studio
2071 2540 2385 2632 vigilanti
2434 2563 2593 2610 cuin
2639 2540 2756 2608 Dei
2807 2559 3038 2610 amore

484 2632 872 2703 secundum
920 2651 1271 2699 canonum
1320 2642 1685 2730 praecepta
1745 2640 1998 2699 cuncta
2044 2629 2337 2720 dispone
2381 2642 2448 2697 et
2494 2628 2781 2710 ordina,
2856 2641 2934 2698 ut
2977 2637 3039 2695 et

483 2720 873 2791 fraternitas
911 2729 1029 2788 tua
1075 2716 1223 2788 suis
1257 2717 1619 2788 desideriis
1666 2740 1739 2787 se
1785 2718 2082 2809 gaudeat
2112 2718 2327 2790 fuisse
2360 2720 2669 2809 potitam,
2706 2731 2775 2787 et
2823 2716 3039 2787 eccle-

485 2811 588 2880 sia
635 2809 750 2879 Dei
797 2809 1060 2878 alterno
1106 2804 1364 2898 gaudio
1408 2805 1780 2908 repleatur,
1837 2806 2270 2877 cardinalem
2321 2819 2383 2876 te
2424 2805 2819 2896 suscepisse
2871 2827 3036 2903 pon7

483 2899 762 2969 tificem.
827 2921 863 2965 »
904 2901 1075 2965 Item
1111 2894 1366 2965 Joanni
1405 2918 1729 2986 episcopo
1780 2900 1821 2966 S
1872 2896 2215 2965 uillaceno
2251 2920 2264 2963 :
2334 2924 2365 2958 a
2405 2894 2776 2965 pastoralis
2825 2894 3037 2965 officii

484 3009 656 3058 cura
704 3008 827 3057 nos
873 2985 1197 3055 admonet
1225 3038 1242 3064 ‚
1316 2983 1661 3056 destitutis
1722 3005 1840 3055 ecc
1871 2985 2034 3057 esiis
2083 2985 2401 3074 proprios
2447 2985 2872 3054 constituere
2921 3006 3030 3054 sa·

483 3074 815 3155 cerdotes,
866 3074 986 3161 qui
1036 3093 1318 3163 gregem
1367 3073 1804 3144 Dominicum
1854 3072 2180 3164 pastorali
2245 3073 2541 3144 debeant
2587 3072 3033 3144 solicitudine

485 3164 895 3256 gubernare.
976 3166 1341 3251 Propterea
1381 3172 1445 3232 te
1487 3168 1829 3233 Joannem
1863 3217 1878 3243 ,
1933 3163 2021 3232 ab
2069 3162 2383 3233 hostibus
2430 3162 2816 3253 captivatae
2866 3162 3035 3231 Lisi-

484 3268 684 3324 tanae
714 3251 1009 3323 civitatis
1046 3251 1479 3342 episcopum,
1520 3250 1594 3320 in
1630 3250 2069 3340 Squillacena
2114 3251 2536 3322 cardinalem
2589 3272 2874 3323 necesse
2907 3249 3035 3319 du-

481 3342 715 3413 ximus
759 3340 1174 3412 constituere
1212 3340 1659 3422 sacerdotem,
1714 3352 1792 3410 ut
1836 3352 1902 3410 et
1942 3352 2337 3431 susceptam
2378 3340 2587 3410 semel
2636 3341 3035 3409 animarum

484 3454 724 3502 curam
788 3430 1048 3500 intuitu
1097 3428 1367 3499 futurae
1414 3428 1889 3501 retributionis
1936 3428 2253 3520 impleas,
2305 3441 2371 3500 et
2417 3429 2577 3499 licet
2624 3452 2667 3499 a
2703 3432 2851 3510 tua,
2914 3427 3036 3497 lio-

485 3533 585 3591 ste
632 3519 1059 3600 imminente,
1111 3516 1450 3608 depulsus
1497 3519 1629 3600 sis,
1685 3518 1893 3588 aliam
1942 3540 2120 3606 quae
2169 3530 2439 3608 pastore
2486 3530 2724 3598 vacat,
2782 3516 3036 3586 debeas

483 3608 860 3679 Ecclesiam
907 3609 1318 3699 gubernare.
1372 3613 1474 3677 Ita
1522 3620 1792 3688 tamen,
1850 3619 1929 3677 ut
1973 3607 2034 3677 si
2080 3606 2425 3679 civitatem
2473 3606 2668 3676 illam
2716 3606 3035 3676 hostibus

484 3698 775 3767 liberam
821 3696 1023 3778 effici,
1061 3709 1128 3767 et
1165 3697 1453 3766 Domino
1495 3708 1911 3788 protegente,
1957 3696 2044 3765 ad
2079 3696 2381 3787 priorem
2421 3708 2679 3768 statum
2726 3696 3037 3785 contige-

485 3787 574 3858 rit
619 3788 956 3868 revocari‚
1024 3785 1094 3854 in
1142 3806 1329 3866 eam,
1383 3785 1454 3854 in
1503 3808 1643 3873 qua
1694 3784 1886 3876 prius
1933 3785 2294 3855 ordinatus
2338 3808 2412 3857 es
2446 3840 2461 3867 ‚
2513 3784 2879 3857 ecclesiam
2931 3804 3038 3851 re-

484 3876 792 3946 vertaris.
832 3875 901 3946 Si
948 3886 1179 3946 autem
1226 3874 1577 3964 praedicta
1623 3874 1865 3945 civitas
1911 3873 2243 3945 continua
2287 3874 2703 3965 captivitatis
2740 3870 3036 3943 calami-

486 3975 621 4035 tate
669 3978 1041 4056 prematur,
1095 3964 1167 4032 in
1216 3963 1372 4046 hac,
1426 3964 1498 4033 in
1546 3987 1687 4052 qua
1756 3986 1797 4033 a
1846 3963 2044 4034 nobis
2092 3963 2569 4033 incardinatus
2614 3985 2725 4043 es,
2779 3961 3035 4031 debeas

484 4053 776 4124 eeclesia
823 4074 1250 4144 permanere.
1315 4078 1343 4118 »

573 4144 610 4231 ξ
658 4149 806 4215 19.
862 4142 988 4213 Sed
1021 4154 1087 4213 et
1122 4141 1448 4234 expulsos
1485 4141 1871 4232 episcopOS,
1914 4164 2089 4230 quos
2139 4154 2279 4211 tam
2327 4141 2462 4211 cito
2512 4141 2889 4232 Gregorius
2928 4136 3029 4206 vel

485 4230 921 4302 incardinare
968 4254 1108 4302 non
1157 4243 1442 4322 poterat,
1480 4232 1582 4301 vel
1632 4253 1933 4319 quorum
1980 4230 2281 4300 reditum
2330 4229 2417 4300 ad
2467 4230 2663 4299 sedes
2711 4227 3030 4319 proprias

483 4322 881 4412 contingere
927 4343 1128 4412 posse
1175 4321 1516 4411 sperabat,
1569 4319 1726 4391 aliis
1772 4320 2139 4410 episcopis,
2190 4319 2314 4407 qui
2365 4331 2544 4389 tunc
2593 4317 2911 4388 videlicet
2951 4316 3029 4415 ‘i‘n

483 4410 655 4484 locis
730 4410 875 4484 suis
943 4409 1330 4502 degebant,
1409 4409 1687 4480 interim
1767 4431 1891 4499 pro
1966 4408 2459 4480 sustentatione
2514 4430 2603 4481 ac
2665 4404 3030 4499 stipendiis
