3327 4999
184 394 290 460 EX
340 393 509 460 DEC.
567 396 650 458 40
1004 411 1082 459 nr.
1128 411 1219 459 ss.
1276 410 1443 461 MENA
1492 411 1566 458 Er
1612 410 1812 461 sonus
1863 413 1973 460 uu.
2507 399 2632 466 755

185 493 572 565 videretur?
601 497 743 564 Non
783 512 930 562 vere
961 491 1234 572 stultus,
1275 513 1409 562 non
1437 495 1698 564 emotae
1726 493 1998 577 mentiS‚
2028 507 2094 565 et
2122 498 2241 584 qui
2270 497 2472 590 longe
2500 499 2712 581 abest,

189 596 264 656 ut
310 581 647 673 intelligat
687 581 870 669 quod
921 581 1007 651 sit
1055 581 1535 653 conducibile?

274 675 310 761 ξ
363 677 525 744 ἳὲθ.
585 676 981 762 «Propterea
1028 670 1259 760 igitur,
1313 693 1351 741 o
1400 675 1799 761 Imperator,
1838 693 1963 763 ego
2010 694 2309 745 errorem
2335 687 2399 746 et
2446 676 2718 748 fabulas

185 775 442 834 vestras
473 772 538 831 et
580 761 743 831 deos
791 761 1228 830 abominatus
1275 773 1339 830 et
1387 760 1719 851 abnegata
1782 761 1909 831 hac
1957 764 2145 832 omni
2194 785 2370 851 quae
2420 766 2711 848 videtur,

184 851 522 934 felicitate,
577 849 661 918 ad
715 848 940 920 solum
977 853 1188 919 Deum
1240 850 1495 919 accessi
1534 861 1599 918 et
1650 849 1886 931 malui,
1932 863 2009 921 ut
2066 852 2210 943 ipse
2257 853 2513 936 dixisti,
2569 878 2718 926 esse

186 941 464 1011 infelix:
535 939 760 1029 potius
810 938 1024 1007 videri
1074 938 1323 1009 stultus
1381 961 1589 1025 quam
1656 961 1825 1020 esse,
1880 939 2162 1030 eligens.
2218 947 2428 1029 Atque
2488 957 2718 1016 nostra

182 1030 462 1119 quidem
510 1051 589 1097 ex
621 1028 705 1098 iis
753 1049 928 1114 quae
976 1027 1279 1110 audiisti,
1325 1029 1473 1118 jam
1523 1028 1867 1099 didicisti:
1915 1035 2042 1100 Res
2091 1044 2320 1101 autem
2372 1032 2616 1105 Christi
2658 1037 2716 1105 si

181 1120 348 1191 velis
380 1141 460 1188 ex
511 1117 795 1187 erientia
843 1117 1126 1200 discere,
1175 1139 1257 1186 ne
1303 1118 1669 1188 cuncteris.
1725 1120 2043 1210 Excogita
2088 1121 2220 1190 cito
2269 1121 2338 1190 in
2391 1144 2515 1191 nos
2569 1146 2714 1193 ma-

182 1232 399 1301 gnum
429 1140 708 1295 aliquod
747 1218 811 1276 et
858 1230 1060 1298 grave
1108 1207 1557 1298 supplicium:
1611 1218 1676 1276 et
1725 1208 1781 1276 si
1833 1209 1953 1279 tibi
2003 1209 2171 1288 forte
2213 1210 2402 1280 deest
2449 1211 2712 1300 aliquid

181 1299 267 1370 ad
315 1296 762 1388 excogitanda
808 1296 1175 1388 supplicia,
1228 1319 1352 1387 ego
1400 1297 1521 1385 qui
1557 1318 1811 1388 magna
1856 1298 1927 1368 in
1965 1298 2071 1368 his
2119 1300 2597 1372 exercitatione
2627 1304 2712 1373 ad

182 1409 529 1458 summam
563 1386 859 1476 processi
890 1386 1400 1477 experientiam,
1435 1408 1515 1456 ea
1546 1408 1821 1474 quoque
1861 1410 2036 1476 quae
2075 1401 2333 1463 restant
2383 1394 2712 1464 revocabo

181 1478 254 1546 in
305 1476 729 1545 memoriam.
784 1476 1013 1577 Objice
1062 1475 1321 1556 bestiis,
1377 1475 1667 1546 deturba
1698 1498 1734 1544 e
1785 1478 2207 1569 praecipiti0‚
2250 1480 2423 1549 mari
2470 1481 2706 1563 obrue,

181 1579 358 1635 terra
407 1564 657 1647 infode,
711 1564 941 1655 gladio
990 1564 1249 1645 scinde,
1318 1565 1461 1654 igni
1507 1566 1878 1648 combure,
1944 1568 2323 1655 unicuique
2400 1571 2710 1641 membro

182 1654 572 1746 appositum
622 1655 926 1744 excogita
976 1653 1421 1745 supplicium.
1480 1655 1587 1724 Sic
1621 1655 1806 1724 enim
1841 1679 1965 1815 ego
2003 1678 2276 1745 quoque
2310 1658 2515 1749 paulo
2556 1674 2714 1731 ante

180 1744 591 1826 caecutienS,
652 1743 779 1813 feci
830 1766 979 1813 meo
1029 1743 1357 1813 luminari
1422 1756 1486 1813 et
1533 1744 1652 1831 qui
1710 1767 1818 1814 me
1929 1746 2161 1817 eduxit
2207 1747 2289 1817 ad
2336 1749 2707 1831 veritatem,

183 1841 485 1905 Menae.»
516 1837 725 1920 Atque
766 1833 1062 1924 populus
1108 1832 1412 1920 quidem,
1466 1856 1624 1904 cum
1665 1846 1798 1903 tam
1841 1835 2206 1907 artificiose
2252 1849 2315 1906 et
2364 1837 2574 1909 libere
2607 1839 2715 1908 di-

180 1924 388 1995 xisset
436 1927 918 2013 Hermogenes,
954 1923 1336 1994 admiratus
1369 1935 1469 1993 est
1501 1924 1650 2014 ejus
1697 1925 1910 1994 animi
1965 1926 2292 1996 virtutum
2330 1939 2396 1997 et
2434 1926 2709 1997 dicendi

179 2013 608 2084 facultatem:
646 2018 1023 2103 Imperator
1060 2024 1288 2083 autem
1339 2034 1495 2082 cum
1548 2035 1671 2083 nec
1722 2013 2050 2085 adversus
2103 2037 2278 2104 quae
2325 2015 2507 2087 dicta
2567 2016 2707 2087 fue·

178 2114 355 2185 rant,
396 2112 622 2193 posset
655 2101 914 2189 aliquid
965 2101 1190 2172 dicere
1235 2102 1427 2260 qnam
1477 2113 1541 2173 et
1591 2103 1890 2204 populus
1958 2105 2447 2177 testificabatur
2518 2118 2583 2178 et
2639 2107 2708 2176 in

178 2203 552 2282 conspectu
593 2193 742 2281 eJus
790 2203 934 2261 erat
982 2192 1245 2262 miracu
1279 2215 1395 2261 um
1426 2191 1475 2293 ),
1527 2205 1592 2263 et
1638 2193 1847 2263 s1mul
1895 2195 2205 2284 cogitans
2274 2196 2458 2283 quod
2508 2196 2565 2266 si
2619 2197 2705 2266 ad

177 2280 453 2352 dicendi
502 2281 759 2351 veniret
804 2281 1351 2362 contentionem,
1428 2304 1572 2371 ipse
1630 2282 1912 2369 quidem
2010 2283 2222 2355 udore
2270 2284 2655 2356 afficeretur
2688 2342 2703 2368 ,

177 2372 328 2472 ejus
375 2392 531 2439 vero
578 2369 675 2439 dii
724 2369 1215 2440 refellerentur:
1270 2370 1485 2439 animi
1534 2371 1792 2442 dubius
1840 2385 1904 2442 et
1991 2373 2175 2445 olore
2205 2374 2510 2456 affectuS,
2555 2376 2708 2465 jus-

179 2471 266 2531 sit
313 2459 531 2531 sancti
564 2480 811 2530 manus
856 2473 919 2529 et
977 2459 1205 2551 pedes,
1244 2458 1401 2530 illas
1446 2460 1728 2548 quidem
1775 2482 1853 2531 ex
1905 2462 2234 2545 humeris,
2304 2463 2430 2534 hos
2476 2478 2706 2536 autem

176 2573 256 2622 ex
312 2549 606 2640 genibus
652 2570 814 2618 ense
874 2560 1285 2640 amputatOS,
1351 2550 1501 2640 ipso
1540 2550 1830 2631 vidente,
1885 2551 2026 2642 jaci
2075 2553 2144 2621 in
2201 2553 2431 2623 focum
2489 2554 2694 2645 ignis.

176 2638 430 2709 Deinde
499 2660 659 2708 cum
720 2650 1017 2708 ventrem
1081 2649 1279 2708 conto
1353 2640 1851 2729 percussissent
1919 2651 1983 2711 et
2029 2642 2263 2711 omnia
2323 2642 2708 2714 effecissent

175 2730 410 2809 fluere,
455 2727 522 2796 id
572 2728 755 2816 quod
820 2727 1115 2799 restabat
1160 2727 1387 2798 adhuc
1437 2729 1710 2829 spirans
1758 2730 1986 2820 jacere
2033 2752 2148 2801 eos
2186 2731 2399 2821 jussit
2451 2733 2522 2802 in
2581 2734 2707 2801 ssu-

174 2818 364 2888 vium
396 2817 517 2906 qui
567 2816 987 2908 praeterfluit
1015 2817 1380 2888 civitatem.
1429 2823 1722 2890 Lictores
1751 2841 1913 2910 ergo
1945 2820 2167 2892 nudos
2213 2843 2410 2892 enses
2457 2834 2522 2892 et
2552 2845 2707 2892 cru-

174 2907 415 2979 deliter
462 2906 827 2989 intuenteS,
881 2930 1040 2978 curn
1091 2920 1316 2979 essent
1350 2907 1446 2977 vel
1478 2908 1622 2981 solo
1661 2922 1942 2998 aspectu
1983 2910 2342 2991 terribiles,
2388 2924 2703 2980 sanctum

173 2997 401 3067 statim
444 2997 1049 3078 circumsistenteS,
1094 2997 1397 3088 primum
1431 2997 1710 3085 quidem
1743 2998 2112 3070 crudeliter
2143 3021 2413 3081 manuS‚
2453 3000 2704 3070 deinde

173 3108 422 3156 rursus
466 3108 737 3179 quoque
787 3087 990 3177 pedes
1039 3086 1430 3157 immaniter
1476 3099 2027 3178 amputaverunt.
2084 3088 2204 3158 Ille
2255 3102 2483 3160 autem
2520 3089 2705 3159 labo-

172 3174 366 3244 rabat
402 3174 684 3261 quidem
734 3174 1207 3263 frequentibus
1254 3175 1603 3249 confectus
1632 3177 2012 3248 doloribus:
2057 3178 2227 3249 adeo
2275 3201 2431 3248 vero
2463 3202 2534 3249 se
2567 3178 2703 3249 sor-

174 3275 307 3334 tem
345 3263 731 3354 praebebat,
784 3266 925 3333 acsi
975 3286 1108 3334 non
1163 3266 1306 3356 ipse
1369 3279 1732 3356 pateretur,
1769 3267 1887 3336 sed
1937 3268 2109 3338 alios
2160 3270 2388 3359 potius
2449 3268 2704 3339 videret

174 3353 451 3424 affectos
490 3351 878 3443 suppliciis.

257 3445 294 3529 ἓ
352 3445 523 3514 81).
577 3446 942 3530 Postquam
1002 3453 1231 3511 autem
1293 3442 1460 3511 vidit
1522 3465 1647 3513 sua
1707 3445 2016 3514 membra
2065 3446 2224 3537 igne
2288 3446 2560 3518 redacta
2628 3448 2698 3517 in

167 3531 494 3611 cinerem,
550 3545 759 3621 caput
809 3553 1053 3622 parum
1106 3529 1420 3600 attollens
1467 3545 1531 3601 et
1585 3532 1669 3602 ad
1735 3532 1962 3603 focum
2022 3536 2698 3626 aspiciens,‚«Quam

168 3620 327 3691 felix
366 3641 546 3701 sum,
596 3620 841 3708 inquit,
896 3620 1079 3708 quod
1134 3641 1381 3690 manus
1430 3642 1614 3693 meas
1661 3645 1836 3709 quas
1879 3622 2254 3710 aliquando
2287 3626 2558 3696 extendi
2614 3625 2698 3695 ad

171 3711 333 3780 deos
381 3709 640 3779 alienos
695 3722 759 3780 et
794 3709 1021 3800 pedes,
1068 3709 1186 3797 qui
1235 3710 1761 3782 ambulaverunt
1822 3712 1889 3780 in
1933 3735 2192 3794 errore,
2263 3719 2438 3784 Deus
2499 3714 2703 3785 hodie

167 3799 420 3889 accipit
464 3812 539 3869 ut
585 3798 811 3869 oblata
843 3799 904 3868 ei
957 3799 1026 3867 in
1059 3798 1547 3870 sacrificium.»
1582 3800 1899 3871 Protinus
1930 3816 2157 3873 autem
2210 3804 2482 3886 milites»,
2522 3816 2703 3896 post-

164 3911 372 3977 quam
423 3888 767 3960 abscissae
798 3888 1076 3958 fuerunt
1126 3911 1373 3959 manus
1406 3903 1470 3959 et
1521 3892 1748 3980 pedes»,
1796 3891 1881 3960 ad
1937 3906 2234 3963 ventrem
2286 3916 2356 3963 se
2387 3893 2696 3964 contule-

166 3990 352 4049 runt:
405 3989 469 4047 et
510 3990 709 4048 conto
767 3978 1048 4066 quidem
1108 4000 1262 4048 eum
1315 3981 1781 4061 verberarunt,
1851 3981 2199 4053 fluxerunt
2244 3994 2473 4053 autem
2527 3983 2701 4052 inte-

164 4068 368 4138 stina.
404 4072 557 4157 Ipse
607 4089 759 4137 vero
797 4069 946 4159 jam
985 4067 1264 4155 quidem
1298 4068 1658 4140 deficiebat
1687 4083 1752 4140 et
1780 4070 2209 4142 imbecillum
2249 4072 2480 4143 adhuc
2537 4094 2700 4142 con-

165 4156 474 4227 servabat
506 4156 870 4247 spiritum:
909 4169 1045 4227 tam
1072 4179 1402 4248 generoso
1441 4172 1671 4230 autem
1710 4173 1854 4230 erat
1885 4174 1949 4231 et
1986 4161 2143 4232 forti
2176 4164 2431 4242 animo,
2485 4184 2694 4249 quam

165 4246 224 4316 si
275 4246 474 4316 modo
536 4246 869 4338 coepisset
932 4247 1299 4318 decertare.
1363 4253 1527 4317 Cum
1578 4271 1736 4320 eum
1795 4272 1956 4342 ergo
2018 4251 2245 4321 adhuc
2317 4252 2694 4343 spirantem

161 4336 586 4427 accepissent
644 4336 916 4417 milites,
976 4337 1154 4409 sicut
1191 4337 1372 4428 jussi
1425 4338 1715 4421 fuerant,
1780 4339 1850 4408 in
1907 4340 2113 4411 ssuvio
2185 4342 2681 4411 demerserunt.

159 4431 522 4512 Postquam
584 4439 813 4497 autem
863 4427 1273 4503 Maximinus
1312 4427 1395 4497 de
1452 4441 1747 4518 martyre
1774 4434 2197 4521 Hermogene
2257 4431 2362 4500 vix
2411 4430 2688 4501 tandem

162 4514 479 4605 deposuit
511 4515 1055 4600 solicitudinem,
1110 4516 1422 4607 protinus
1447 4517 1530 4589 de
1574 4520 1770 4591 beato
1795 4525 1988 4591 Mena
2039 4520 2261 4613 coepit
2284 4519 2684 4592 deliberare.
