3327 4999
182 272 295 339 EX
342 270 526 349 AUG.
584 269 669 334 46
993 288 1073 333 nr,
1118 288 1174 334 s.
1227 286 1537 333 metovm
1586 284 1887 334 EPISCOPO
2507 267 2641 332 613

184 375 400 439 Deum
454 367 677 437 solum
715 366 1188 459 suspenderet,
1240 388 1394 436 ecce
1446 366 1672 435 navim
1743 386 2023 434 vacuam
2077 364 2481 436 hominibus
2530 385 2729 456 prae-

186 470 294 529 sto
342 458 580 528 adesse
625 456 831 540 videt,
887 479 1097 543 quam
1148 455 1455 525 Christus
1502 457 1651 543 ipse
1702 454 1997 545 regebat:
2037 454 2140 522 vir
2169 466 2394 523 tamen
2447 466 2728 523 sanctus

187 568 486 649 puerum
524 568 681 616 eum
714 568 862 615 esse
908 544 1250 614 credebat.
1305 545 1433 627 Qui
1485 565 1654 634 puer
1683 566 1838 613 mox
1885 542 2081 612 illurn
2119 542 2199 611 ad
2258 542 2728 633 navigandum

188 636 519 716 invitavit,
589 648 653 705 et
698 657 1029 720 quorsum
1082 633 1207 703 iter
1253 633 1452 704 vellet
1497 632 1816 724 dirigere,
1866 654 2023 702 eum
2085 632 2551 723 interrogavit.
2606 637 2731 700 Re·

188 724 468 827 spondit
500 724 615 794 ille
646 745 782 810 quo
832 723 1146 793 voluntas
1182 722 1450 791 Domini
1496 722 1621 791 iter
1667 743 1872 791 suum
1926 720 2121 790 vellet
2169 720 2486 811 dirigere,
2534 742 2611 789 eo
2653 739 2726 788 se

190 813 483 883 libenter
530 813 725 899 sequi
775 812 983 881 velle.
1048 811 1304 901 Adjecit
1354 833 1547 901 puer:
1601 815 1678 880 In
1732 811 1892 879 sinu
1942 809 2151 898 hujus
2201 809 2326 879 sali
2375 821 2478 878 est
2522 829 2737 896 quae-⁴

188 903 348 972 dam
399 901 629 972 insula
676 923 882 988 quam
966 900 1227 970 habitat
1274 900 1376 968 vir
1424 900 1590 969 satis
1628 899 1967 990 probatus
2015 899 2083 967 in
2138 898 2517 971 monastica
2564 897 2724 965 vita.

185 992 317 1061 Hic
361 996 579 1060 Aaron
620 1003 935 1059 vocatur:
988 1012 1026 1058 a
1067 1012 1205 1077 quo
1234 990 1437 1058 etiarn
1494 989 1709 1067 locuS‚
1763 987 1995 1058 Insula
2047 989 2329 1056 Aaronis
2376 986 2734 1077 cognomi-

191 1094 419 1150 natur.
473 1080 567 1148 Ad
640 1079 827 1149 hunc
879 1091 937 1147 te
985 1078 1307 1169 dirigam,
1360 1091 1426 1146 et
1471 1091 1533 1146 te
1579 1077 1666 1146 ab
1705 1099 1784 1146 eo
1847 1075 2351 1146 officiosissime
2398 1075 2617 1165 excipi
2668 1085 2734 1144 et

193 1171 495 1239 humane
544 1167 817 1238 tractari
880 1167 1152 1237 faciam.
1207 1171 1346 1235 Hac
1396 1166 1539 1236 vice
1609 1186 2009 1236 sermonum
2074 1164 2405 1234 intellexit
2455 1164 2733 1234 tandem

190 1258 294 1327 vir
342 1258 480 1339 Dei,
538 1279 829 1348 puerum
879 1256 993 1326 cui
1020 1254 1558 1342 colloquebatur,
1615 1254 1809 1324 illum
1859 1275 2006 1323 esse
2031 1274 2236 1340 quem
2276 1255 2726 1329 invocaverat,

192 1352 432 1417 Deum.
480 1350 782 1434 Cumque
815 1345 1223 1415 acceleraret
1270 1344 1569 1435 provolvi
1620 1343 1961 1430 loquentis
2008 1342 2346 1433 genibuS,
2399 1342 2581 1412 dicto
2637 1340 2732 1410 ci-

194 1436 330 1506 tius
377 1436 655 1505 evanuit
700 1457 780 1504 ex
827 1434 1048 1504 oculis
1098 1434 1341 1525 ipsius,

278 1527 314 1613 ξ
361 1529 455 1594 9.
511 1525 728 1615 Igitur
767 1522 985 1593 felicis
1033 1521 1489 1613 navigationis
1524 1521 1701 1590 viam
1735 1542 2126 1610 aggressus,
2184 1518 2531 1619 prosperis
2573 1539 2729 1586 ven-

191 1613 302 1695 tis,
355 1626 420 1683 et
467 1627 647 1682 recto
697 1626 926 1682 tenore
993 1633 1242 1681 cursus
1310 1609 1392 1680 ad
1448 1610 1748 1679 insulam
1801 1610 2085 1678 Aaronis
2154 1621 2254 1678 est
2300 1608 2626 1688 directuS,
2660 1616 2728 1676 et

183 1703 379 1793 juxta
416 1702 830 1792 promissum
880 1700 1175 1783 Domini,
1228 1699 1529 1769 officiosa
1577 1698 2007 1768 humanitate
2054 1719 2094 1766 a
2142 1696 2401 1771 famulo
2463 1697 2578 1765 Dei
2625 1705 2728 1763 est

188 1803 533 1881 exceptus
581 1789 683 1859 Ibi
717 1812 874 1860 cum
925 1804 1159 1859 sancto
1193 1804 1426 1859 sancte
1476 1787 1738 1857 vivebat
1784 1800 1848 1856 ct
1901 1809 2062 1856 cum
2116 1784 2475 1861 innocente
2524 1784 2726 1853 inno-

90 1942 99 1949 .
191 1893 421 1949 center
468 1880 734 1970 agebat,
786 1893 850 1947 et
910 1877 1130 1948 factus
1178 1878 1347 1947 alter
1411 1877 1695 1947 alterius
1743 1875 2142 1966 speculum,
2197 1876 2255 1945 si
2303 1874 2470 1962 quid
2508 1872 2580 1941 in
2632 1895 2737 1944 se-

194 1968 510 2059 metipsis
557 1967 877 2036 videbant
922 1988 1071 2038 esse
1116 1965 1627 2057 corrigendum,
1682 1977 1802 2034 aut
1848 1963 2312 2054 adjiciendum
2344 2017 2365 2042 ,
2437 1961 2736 2033 charita-

195 2059 328 2127 tiva
378 2056 834 2127 aemulatione
885 2056 1285 2126 meliorabat
1342 2055 1512 2127 alter
1565 2077 1687 2146 per
1734 2053 2052 2122 alterum.
2106 2053 2210 2121 Ibi
2257 2074 2331 2121 er
2379 2074 2418 2120 o
2486 2049 2736 2120 mundi

194 2146 411 2231 hujus
462 2146 862 2236 peregrinus
910 2145 1287 2235 permansit
1333 2142 1846 2231 aliquantulum
1898 2142 2264 2231 temporis,
2366 2162 2536 2209 onec
2585 2139 2736 2230 pla-

195 2235 339 2304 cuit
386 2233 656 2303 divinae
703 2235 890 2304 omni
946 2234 1260 2314 olentiae,
1315 2234 1515 2302 etiam
1552 2233 1620 2301 in
1675 2232 1803 2300 hoc
1846 2229 2080 2300 seculo
2111 2230 2174 2299 ei
2224 2229 2507 2298 reddere
2555 2250 2738 2297 mer-

194 2324 429 2393 cedem
483 2322 759 2404 laboriS,
798 2324 864 2390 in
929 2336 1128 2391 uturo
1162 2344 1440 2393 servans
1486 2322 1547 2390 ei
1574 2319 2071 2412 plenitudinem
2125 2317 2728 2387 remunerationis

281 2416 317 2499 ἓ
366 2416 522 2483 lo.
575 2418 729 2480 Jam
778 2409 962 2480 fama
993 2434 1237 2481 nomen
1270 2411 1423 2498 ejus
1451 2410 1716 2479 celebre
1748 2408 1997 2478 fecerat
2027 2407 2307 2495 ubique,
2352 2407 2501 2497 jam
2542 2405 2737 2475 omni

192 2499 446 2592 populo
492 2513 636 2569 erat
684 2501 753 2568 in
823 2523 939 2569 ore
985 2499 1166 2587 quod
1234 2499 1639 2591 peregrinus
1690 2497 1804 2567 ille
1881 2496 2375 2567 miraculorum
2449 2494 2735 2586 polleret

188 2602 517 2680 potestate
561 2603 625 2659 et
657 2612 871 2680 supra
916 2589 1231 2660 homines
1278 2589 1628 2658 doctrinae
1661 2587 1970 2657 afflueret
2016 2586 2350 2655 ubertate.
2387 2589 2542 2654 Jam
2575 2606 2728 2654 om-

189 2679 300 2748 nis
351 2678 648 2770 populus
695 2679 765 2748 in
815 2679 965 2769 ejus
1011 2679 1471 2748 declinaverat
1502 2699 1831 2757 amorem,
1886 2697 1966 2745 eo
1994 2674 2176 2761 quod
2226 2674 2484 2743 videret
2530 2673 2600 2742 in
2653 2694 2734 2741 eo

189 2790 336 2837 esse
382 2783 448 2838 et
503 2767 598 2857 pii
648 2768 860 2858 patris
934 2768 1363 2837 affectionem
1412 2780 1477 2835 et
1529 2765 1807 2836 facundi
1859 2765 2156 2834 doctoris
2214 2762 2717 2833 auctoritatem.

189 2857 520 2938 Quocirca
559 2868 965 2946 cooperante
1010 2856 1142 2925 sibi
1191 2856 1426 2926 divina
1485 2855 1739 2946 gratia,
1815 2853 2123 2924 fecerunt
2167 2873 2325 2923 eum
2378 2849 2724 2920 inthroni-

189 2945 327 3013 zari
377 2945 447 3013 in
500 2945 885 3034 Episcopali
944 2944 1290 3024 cathedra,
1346 2945 1415 3014 in
1465 2945 1639 3015 urbe
1686 2966 1863 3031 quae
1925 2954 2207 3012 vocatur
2266 2939 2503 3009 Aletha
2559 2959 2738 3026 quae

190 3054 327 3102 non
369 3033 567 3121 longe
601 3034 832 3103 aberat
880 3032 966 3102 ab
996 3034 1278 3102 Aaronis
1327 3033 1556 3104 insula
1591 3032 1715 3120 (a).
1755 3038 1945 3101 Hanc
1993 3031 2237 3100 urbem
2287 3029 2565 3110 fluvius,
2606 3049 2694 3097 no
2758 3085 2763 3090 .

188 3120 377 3189 mine
428 3123 732 3200 Rinctus‚
785 3144 866 3190 ex
913 3144 1053 3190 uno
1118 3122 1364 3202 latere,
1418 3143 1498 3189 ex
1544 3121 1757 3191 altero
1824 3120 2126 3189 alluebat
2186 3140 2397 3188 mare.
2451 3117 2600 3187 Illis
2657 3115 2730 3185 in

189 3208 505 3298 partibus
551 3209 779 3279 adhuc
811 3209 1226 3279 daemonum
1266 3209 1534 3300 vigebat
1565 3209 1920 3300 spurcitia,
1947 3223 2012 3278 et
2039 3209 2190 3299 jam
2226 3207 2481 3297 passim
2516 3209 2736 3274 Evan-

188 3295 353 3387 gelii
402 3311 726 3386 regnante
773 3299 1027 3388 gratia,
1085 3298 1177 3370 ibi
1224 3299 1611 3368 restiterant
1659 3297 2088 3366 idololatriae
2135 3296 2441 3383 vestigia.
2494 3293 2740 3364 Accin-

186 3400 343 3456 ctus
389 3385 618 3472 itaque
658 3386 758 3454 vir
805 3386 919 3454 Dei
967 3387 1197 3476 gladio
1246 3387 1432 3457 verbi
1483 3385 1621 3467 Dei,
1660 3384 1957 3455 ostendit
2002 3406 2212 3471 quam
2282 3383 2506 3452 fidelis
2560 3393 2740 3452 esset

192 3496 321 3544 suo
367 3474 533 3563 regi,
569 3496 711 3631 (pro
748 3474 899 3563 ejus
946 3497 1178 3545 amore
1227 3498 1262 3544 a
1367 3496 1596 3546 ressus
1665 3472 2008 3543 debellare
2062 3494 2351 3562 regnum
2415 3471 2729 3539 diaboli:

192 3585 319 3634 nec
365 3576 523 3632 ante
618 3563 828 3633 estitit
872 3585 1079 3650 quam
1115 3498 1503 3633 inssdgtffium
1552 3562 1784 3642 corda,
1830 3563 2156 3630 virtutum
2208 3558 2646 3629 mirificentia
2671 3571 2739 3629 et

193 3651 542 3722 doctrinae
589 3651 937 3723 affluentia
984 3652 1065 3722 ad
1103 3651 1524 3723 credendum
1576 3651 1836 3720 inflexit
1882 3663 1946 3719 et
1993 3671 2034 3718 a
2067 3669 2277 3738 regno
2325 3647 2584 3719 diaboli
2618 3647 2739 3717 ab·

188 3754 398 3821 actoS,
451 3740 699 3812 Christi
736 3741 910 3831 jugo
955 3741 1271 3831 subjecit.
1323 3745 1402 3810 In
1453 3740 1582 3809 hac
1619 3738 1873 3808 vicinia
1920 3750 2202 3809 sanctus
2251 3741 2535 3806 Samson
2589 3758 2738 3805 ma-

186 3830 391 3899 nebat
435 3829 557 3917 qui
620 3830 796 3899 beati
864 3830 1172 3900 Maclovii
1244 3828 1808 3919 consanguineus
1854 3841 2019 3897 erat.
2083 3826 2209 3895 Hic
2257 3825 2326 3894 in
2386 3824 2728 3895 territorio

189 3918 406 4000 urbiS,
464 3919 534 3988 in
582 3940 720 4007 qua
791 3919 1274 4009 Episcopatum
1325 3917 1878 3998 administrabat;
1945 3936 2080 3984 non
2144 3913 2579 3986 mediocriter
2625 3914 2728 3983 la-

188 4005 421 4077 borem
472 4006 935 4098 impendebat,
989 4020 1065 4078 ut
1111 4007 1197 4077 de
1228 4030 1345 4165 reg

1353 4029 1437 4076 no
1485 4006 1755 4076 Domini
1804 4003 1915 4075 sui
1974 4004 2365 4074 exturbaret
2410 4003 2732 4094 paganis-

189 4116 381 4165 mum
430 4109 496 4166 et
541 4096 627 4166 ad
660 4096 939 4167 laudem
988 4096 1103 4167 Dei
1137 4119 1299 4188 amp
1332 4096 1500 4177 iaret
1546 4093 2176 4166 Christianismum.
2216 4093 2324 4164 Sic
2355 4092 2426 4162 in
2457 4091 2734 4183 regione

239 4293 301 4340 (a)
329 4292 561 4343 Scopulnu
576 4297 676 4345 jum
696 4295 894 4336 Ast-onis
910 4295 1069 4335 dictus
1086 4294 1169 4334 nbi
1186 4293 1365 4334 resedit
1381 4295 1549 4343 postes
1566 4294 1610 4335 Β.
1629 4292 1906 4338 Μωιονίὶιι,
1930 4291 2056 4341 apud
2077 4291 2244 4332 urbem
2265 4290 2403 4331 Aleth
2423 4291 2472 4331 tn
2487 4299 2570 4330 ora
2596 4289 2734 4329 mari·

183 4346 302 4386 tima
328 4346 599 4389 Britanniae
628 4349 840 4394 minoris.
867 4349 1098 4398 cujusque
1125 4348 1280 4397 Epioe.
1311 4348 1353 4386 ln
1382 4347 1472 4387 ruit
1501 4349 1566 4396 (at
1594 4346 1937 4397 Regionum),
1963 4355 2138 4386 nomen
2165 4345 2224 4386 ab
2254 4355 2310 4387 eo
2335 4344 2518 4394 occepit
2536 4344 2578 4383 S.
2601 4339 2738 4388 Male),

187 4408 313 4440 nunc
334 4400 597 4443 continenti
615 4403 789 4454 gallico
807 4412 894 4452 per
910 4402 1140 4443 isthmum
1160 4401 1458 4452 conjunctus.
