3327 4999
616 322 748 387 578
1214 337 1416 387 scano
1443 339 1543 386 -nx
1591 336 2103 387 nnsunasscrroux
2150 336 2381 385 nomm
2823 319 3086 388 MART.

527 419 667 489 duo
715 418 1009 489 habebat
1039 430 1433 509 praecepta:
1491 419 1681 498 Quod
1735 420 1860 488 tib-a·
1902 419 2058 509 fieri
2104 440 2233 486 non
2283 420 2408 500 viS,
2468 419 2716 489 aliine
2770 422 3015 509 feceris
3054 445 3081 489 :

528 520 594 579 et
639 508 824 596 quod
874 508 994 578 tibi
1048 507 1148 577 vis
1196 507 1367 589 fieri,
1420 506 1539 577 alii
1572 506 1807 577 facias:
1862 529 2036 593 quae
2086 518 2282 588 sunt,
2334 527 2471 575 non
2522 508 2761 577 obesse
2806 521 2873 579 et
2919 531 3090 600 pro-

528 597 748 668 desse.
802 602 880 665 Et
928 597 1055 665 hoc
1100 610 1440 682 quantum
1489 595 1573 665 ad
1625 596 1958 686 primum,
2013 595 2275 665 scilicet
2320 595 2786 667 immaculata.
2840 603 3090 681 Quan-

528 697 676 757 tum
728 685 814 755 ad
864 683 1278 766 secundum,
1329 696 1733 755 convertens
1779 685 2071 764 animaS,
2119 683 2192 752 in
2257 685 2482 775 primo
2542 706 2677 755 non
2730 686 3085 771 malefica,

524 775 601 846 in
649 774 956 851 secundo
1004 773 1347 843 benefica:
1403 773 1472 843 in
1512 773 1737 864 primo
1786 774 1935 844 sine
1971 772 2241 843 macula
2286 772 2611 853 malitiae,
2648 775 2720 843 in
2768 778 3093 847 secundo

525 874 928 934 convertens
974 862 1248 933 animas
1306 860 1392 931 ad
1443 861 2047 932 mansuetudinem
2099 861 2633 933 benevolentiae.
2687 869 2856 933 Nam
2905 887 3089 938 cum

525 963 661 1024 tres
711 951 1057 1021 naturales
1130 951 1468 1040 potentiae
1529 950 1747 1020 insint
1799 950 2096 1032 animae,
2152 949 2410 1021 scilicet
2458 952 2600 1031 ira,
2659 953 2855 1034 ratio,
2906 976 3092 1023 con-

524 1040 995 1132 cupiscentia:
1039 1040 1596 1130 concupiscentia
1629 1039 1788 1111 data
1834 1052 1958 1122 est,
1989 1051 2066 1109 ut
2096 1038 2441 1109 monearis
2488 1040 2573 1109 ad
2607 1042 3085 1131 appetendum

524 1151 702 1217 quae
751 1128 874 1199 tibi
924 1128 1111 1197 licita
1149 1141 1332 1198 sunt:
1385 1128 1488 1197 ira
1517 1127 1602 1198 ad
1646 1128 2157 1218 indignandum
2208 1140 2445 1197 contra
2483 1150 2560 1198 ea
2609 1152 2783 1217 quae
2832 1131 3084 1202 illicita

524 1231 721 1291 sunt:
774 1216 948 1287 ratio
993 1217 1152 1286 data
1197 1216 1411 1286 estin
1462 1217 1794 1298 medium,
1846 1218 2177 1287 cohibens
2207 1230 2274 1286 et
2311 1217 2621 1307 dirigens
2670 1233 3069 1307 utrumque,

524 1329 612 1377 ne
659 1306 763 1376 ira
808 1306 989 1376 ultra
1023 1306 1354 1377 terminos
1382 1306 1524 1374 irae
1573 1319 1947 1388 moveatur,
1987 1319 2052 1375 et
2090 1327 2175 1374 ne
2207 1307 2766 1396 concupiscentia
2797 1331 2887 1398 ap
2942 1322 3082 1380 etat.

521 1395 790 1465 illicita.
837 1401 1073 1481 Itaque
1119 1393 1226 1464 lex
1274 1393 1632 1474 naturaliS,
1667 1408 2005 1480 quantum
2056 1395 2127 1463 in
2163 1415 2237 1464 se
2282 1408 2405 1477 est,
2443 1409 2544 1465 est
2592 1396 2898 1467 immacu
2922 1412 3072 1469 fata.

524 1489 656 1554 Lex
702 1505 977 1571 quoque
1039 1483 1294 1574 scripta
1346 1483 1791 1553 immaculata
1836 1496 1961 1566 est,
2020 1496 2086 1554 et
2132 1496 2534 1554 convertens
2583 1486 2903 1556 animas.
2936 1493 3079 1557 Im-

521 1573 892 1654 maculata,
948 1572 1012 1640 id
1055 1583 1195 1653 est,
1251 1572 1402 1641 sine
1448 1571 1771 1642 sordibus
1836 1571 2286 1641 idololatriae:
2340 1585 2743 1644 convertens
2793 1577 3074 1647 animas
3116 1645 3122 1649 .

520 1661 605 1732 ad
657 1658 1093 1732 serviendum
1148 1666 1325 1730 Deo:
1377 1660 1566 1747 quod·
1611 1673 1877 1731 tantum
1929 1661 2055 1731 filii
2106 1660 2317 1730 Israel
2357 1660 2722 1733 faciebant.
2777 1669 2908 1734 Lex
2940 1688 3072 1736 au-

523 1764 658 1823 tem
706 1750 966 1841 gratiae
1026 1771 1257 1818 revera
1304 1760 1407 1819 est
1451 1748 1899 1819 immaculata
1954 1764 2019 1820 et
2066 1762 2470 1822 convertens
2541 1751 2837 1822 animas.
2894 1758 3061 1824 Nam

519 1851 585 1910 et
630 1838 932 1909 Ecclesia
978 1839 1107 1908 hac
1153 1838 1301 1928 lege
1354 1837 1678 1907 ducitur:
1731 1838 1987 1908 dicitur
2045 1840 2231 1908 enim
2280 1861 2429 1908 esse
2477 1839 2627 1909 sine
2677 1842 2954 1911 macula
3001 1855 3066 1913 et

518 1951 717 2020 ruga,
770 1928 921 1998 sine
970 1926 1241 1996 macula
1287 1926 1646 2008 criminis,
1716 1927 1864 1998 sine
1928 1949 2102 2018 ruga
2149 1928 2639 1998 simulationis.
2693 1930 2913 1999 Etiam
2963 1931 3067 2001 lex

520 2017 926 2107 Evangelica
978 2026 1080 2085 est
1140 2015 1290 2085 sine
1337 2037 1565 2085 errore
1611 2016 1962 2097 haeresiS,
2018 2031 2421 2087 convertens
2477 2018 2748 2087 animas
2799 2019 3069 2110 simpli-

519 2107 689 2176 citer
733 2118 799 2176 et
845 2106 1100 2175 directe
1148 2104 1298 2173 sine
1347 2104 1675 2195 figmento
1740 2104 2154 2195 hypocrisis.
2208 2105 2541 2175 Attendite
2588 2106 2851 2207 gradus
2901 2109 3075 2179 istos

518 2196 687 2283 quia
734 2195 952 2286 prima
1006 2194 1111 2262 lex
1163 2206 1287 2274 est,
1330 2192 1780 2263 immaculata
1823 2194 2130 2264 secunda
2167 2195 2413 2285 magia
2472 2206 2669 2265 tertia
2716 2197 3066 2268 maxime:

521 2284 623 2354 sic
671 2296 736 2354 et
782 2295 1186 2354 convertens
1232 2281 1526 2365 animas,

607 2375 643 2460 ἓ
710 2379 798 2445 ὅ.
852 2370 1343 2441 Testimonium
1395 2369 1668 2440 Domini
1713 2370 1878 2440 bina
1925 2370 2131 2441 habet
2198 2371 2602 2455 accidentia,
2665 2373 2928 2442 scilicet
2989 2376 3070 2464 fi-

519 2462 688 2543 dele,
737 2462 1142 2554 sapientiam
1185 2469 1540 2552 praestans
1563 2463 1898 2551 parvulis,
1944 2460 2438 2532 Testimonium
2473 2462 2743 2532 Domini
2775 2461 3059 2544 dicitur,

516 2572 996 2638 quaecumque
1027 2550 1099 2618 in
1150 2549 1425 2640 scriptis
1458 2550 1716 2619 sanctis
1766 2550 2170 2620 testificatur
2204 2551 2559 2630 Dominus,
2601 2565 2725 2621 aut
2772 2552 3065 2642 promit-

516 2651 690 2724 tens,
744 2650 865 2709 aut
914 2637 1366 2730 praecipiens.
1422 2638 1870 2708 Continentur
1916 2639 2145 2726 itaque
2210 2639 2596 2709 testimonia
2646 2641 2717 2709 in
2770 2642 3074 2730 promis-

516 2728 615 2800 sis
645 2739 712 2798 et
764 2726 1164 2818 praeceptis:
1215 2726 1379 2814 quia
1411 2748 1588 2811 quae
1620 2727 1975 2817 promittit,
2022 2727 2243 2810 solvit,
2295 2728 2433 2799 sive
2471 2729 2682 2816 justis
2721 2730 3058 2819 praemia,

514 2817 658 2888 sive
689 2817 968 2907 injustis
1015 2828 1374 2885 tormenta.
1411 2816 1826 2917 Sapientiam
1879 2829 2235 2907 praestans
2275 2817 2604 2907 parvulis,
2643 2818 3065 2904 inquantum

513 2919 617 2976 est
665 2906 1134 2996 praecipiens:
1185 2904 1349 2990 quia
1396 2924 1519 2989 qui
1593 2905 1861 2995 parvuli
1914 2918 2076 2975 sunt
2112 2906 2394 2975 scientia
2424 2962 2439 2988 ‚
2520 2928 2600 2976 ex
2678 2907 3066 2997 praeceptis

512 2995 787 3065 Domini
837 2994 1223 3064 redduntur
1258 3015 1332 3062 sa
1388 2992 1637 3062 ientes:
1692 3006 1768 3062 ut
1818 2995 1911 3063 ibi
1957 2994 2366 3076 ostenditur,
2424 2999 2473 3065 Α
2520 2996 2865 3066 mandatis
2913 2997 3057 3065 tuis

511 3082 839 3153 intellexi.
894 3088 1007 3153 Est
1053 3082 1283 3169 itaque
1381 3080 1531 3150 dele
1582 3082 2054 3153 testimonium
2104 3083 2399 3162 Domini,
2448 3084 2519 3153 in
2579 3084 3063 3174 explanatione

512 3186 1032 3264 praeceptorum
1082 3170 1259 3258 ejus.
1300 3176 1378 3240 In
1464 3171 1638 3241 rimo
1685 3171 1991 3272 intellige
2077 3173 2518 3243 romissiones
2565 3185 2630 3242 et
2676 3173 3060 3243 commina-

511 3262 773 3331 tiones:
827 3258 1247 3341 insecundo,
1293 3280 1416 3349 pro
1474 3249 1816 3331 ibitionds.
1871 3260 2029 3330 Fide
2060 3275 2249 3343 eest‚
2306 3262 2708 3352 promittens
2755 3275 2820 3331 et
2868 3284 3061 3331 com-

511 3351 817 3421 minans.
871 3348 1286 3440 Sapientiam
1326 3362 1681 3440 praestans
1714 3349 2041 3439 parvulis,
2086 3349 2456 3439 prohibens
2482 3362 2547 3420 ct
2596 3351 3056 3442 praecipiens.

599 3441 637 3526 ξ
685 3445 778 3510 6.
828 3437 1146 3508 Justitiae
1194 3439 1463 3507 Domini
1524 3438 1708 3508 binis
1763 3450 2258 3508 convertuntur
2329 3439 2804 3509 accidentibus
2875 3461 3056 3527 quae

511 3540 696 3610 sunt,
749 3540 994 3607 rectae,
1049 3526 1494 3597 laetificantes
1538 3526 1749 3597 corda
1782 3582 1797 3596 .
1849 3527 2168 3598 Justitiae
2214 3528 2524 3609 Domini,
2581 3551 2790 3620 opera
2826 3529 3059 3618 justo-

509 3638 719 3686 rum:
763 3616 948 3686 unde
994 3628 1058 3685 et
1106 3615 1240 3706 ipsi
1276 3616 1450 3706 justi
1498 3614 1961 3706 appellantur.
2017 3616 2146 3686 Sed
2195 3616 2525 3686 dicuntur
2580 3640 2729 3689 esse
2782 3617 3059 3686 Domini

508 3705 673 3794 quia
720 3727 925 3776 omne
971 3704 1206 3774 datum
1239 3705 1577 3794 optimum
1610 3717 1676 3774 et
1721 3727 1925 3774 omne
1962 3704 2222 3774 donum
2264 3706 2636 3796 perfectum
2680 3707 3053 3776 desursum

507 3805 662 3876 est,
738 3794 1164 3865 descendens
1210 3816 1250 3862 a
1300 3799 1491 3864 Patre
1539 3793 1912 3864 luminum.
1967 3793 2145 3876 Quid
2194 3794 2379 3863 enim
2430 3796 2680 3874 habes,
2725 3818 2765 3865 o
2815 3795 3048 3874 homo,

507 3883 691 3972 quod
743 3906 878 3952 non
929 3882 1519 3985 accepisti?1tem‚
1574 3884 1804 3953 Gratia
1855 3883 1969 3952 Dei
2017 3904 2173 3952 sum
2221 3883 2291 3952 in
2327 3884 2512 3971 quod
2560 3905 2742 3953 sum.
2798 3889 2887 3952 Ea
2916 3905 3049 3952 au·-

508 3986 643 4042 tem
693 3994 900 4064 opera
937 3971 1248 4063 justitiae
1286 3971 1618 4062 appellari
1673 3985 1959 4062 possunt
1996 3994 2172 4059 quae
2220 3971 2355 4042 fide
2406 3985 2786 4043 nascuntur
2830 3985 2896 4042 et
2941 3971 3053 4039 di-

507 4062 797 4132 lectione
825 4074 1424 4131 consummantur.
1469 4065 1634 4130 Nam
1671 4064 1847 4131 sicut
1877 4061 2026 4131 sine
2059 4060 2194 4130 fide
2225 4061 2651 4152 impossibile
2682 4071 2783 4131 est
2810 4082 3058 4149 quem-

506 4174 713 4239 quam
767 4149 1033 4240 placere
1082 4156 1237 4226 Deo,
1279 4149 1377 4218 ita
1413 4163 1478 4219 et
1524 4150 1698 4219 fides
1757 4149 1904 4221 sine
1961 4150 2289 4242 operibus
2339 4162 2604 4220 mortua
2658 4162 2781 4222 est.
2855 4149 3050 4220 Fides

507 4254 733 4310 autem
803 4261 980 4327 quae
1029 4261 1150 4329 per
1195 4238 1632 4308 dilectionem
1711 4250 2056 4328 operatur,
2109 4251 2175 4308 et
2210 4238 2478 4329 proficit
2541 4252 2607 4308 et
2652 4239 2909 4309 sufficit
2955 4236 3043 4306 ad

507 4329 824 4399 salutem.
880 4333 1058 4397 Haec
1124 4341 1286 4397 sunt
1348 4327 1659 4415 justitiae
1715 4328 1985 4398 Domini
2032 4340 2290 4410 rectae,
2345 4327 2791 4400 laetificantes
2837 4326 3048 4397 corda

506 4440 628 4508 per
674 4439 986 4488 serenam
1036 4416 1556 4488 conscientiam.

3188 3173 3219 3208 ‹-
