3327 4999
559 305 688 371 580
1252 318 1456 369 sunno
1501 320 1581 367 ΒΕ
1627 319 2137 370 nssunascrtomt
2174 320 2398 370 nomm
2841 302 3093 368 MART.

554 401 878 493 postulat,
932 400 996 470 id
1050 412 1150 470 est
1186 421 1407 490 genus
1438 400 1856 480 humanum,
1890 401 2076 488 quod
2122 401 2270 493 ipse
2305 401 2582 482 creavit,
2616 401 2819 491 cujus
2851 421 3099 470 verum

553 491 948 560 dominium
997 490 1316 559 habebat.
1379 489 1752 559 Ecclesiam
1807 490 1892 559 de
1941 490 2261 579 gentibus
2326 490 2638 559 converti
2695 488 3093 580 postulavit,

557 593 911 667 tamquam
959 579 1284 679 proprius
1313 577 1575 659 haeres,
1629 578 2072 650 haereditatis
2118 578 2516 670 petitionem
2552 600 2975 669 proponens,
3033 590 3106 649 et

556 669 631 739 in
681 687 1180 759 possessionem
1215 667 1299 736 de
1320 667 1481 757 jure
1529 667 1710 737 mitti
1746 667 2173 738 desiderans.
2226 669 2464 738 Petitio
2503 681 2735 737 autem
2782 666 3105 736 haeredi-

560 756 719 829 tatis
755 778 836 827 ex
866 756 1107 827 ordine
1143 767 1209 825 et
1238 756 1538 846 regulari
1565 757 1727 847 jure
1760 756 2167 847 proponitur
2197 757 2527 827 adversus
2562 778 2748 837 eum,
2783 756 2904 843 qui
2986 778 3106 825 os-

558 846 737 918 sidet
784 867 908 936 pro
943 844 1256 926 haerede,
1308 844 1411 913 vel
1463 866 1874 936 possessore.
1918 852 2058 916 Pro·
2093 846 2385 916 haerede
2419 845 2747 936 possidet,
2777 845 2900 932 qui
2981 845 3110 914 icit

559 957 632 1006 se
678 932 1040 1003 haeredem
1089 954 1239 1003 esse
1268 988 1284 1015 ‚
1335 954 1498 1004 cum
1549 955 1684 1005 non
1734 934 1871 1004 sit:
1938 956 2061 1025 pro
2122 956 2512 1025 possessore
2562 934 2863 1025 possidet
2909 933 3104 1020 quis,

558 1045 722 1094 cum
771 1022 964 1092 nullo
1013 1022 1209 1093 titulo
1349 1033 1476 1092 test
1524 1023 1700 1092 tueri
1747 1045 1945 1093 suam
1996 1023 2520 1114 possessionem,
2575 1022 2698 1109 qui
2760 1023 2816 1093 si
2867 1023 3110 1109 requi-

558 1123 752 1182 ratur
796 1132 1010 1198 quare
1050 1110 1233 1202 possi
1286 1124 1414 1191 eat,
1469 1110 1733 1182 nullam
1802 1112 2011 1182 aliam
2071 1134 2351 1182 causam
2403 1111 2694 1201 allegat,
2750 1110 2885 1180 nisi
2933 1111 3110 1198 quia
3160 1179 3178 1193 ,

561 1201 661 1272 sic
722 1199 1062 1290 possideo.
1133 1205 1335 1273 Recte
1395 1213 1624 1270 autem
1692 1202 2051 1291 proposuit
2098 1201 2430 1272 Dominus
2480 1214 2708 1270 noster
2764 1199 3108 1269 adversus

558 1287 941 1370 diabolum,
1001 1289 1166 1377 quia
1214 1289 1703 1360 haereditatem
1756 1290 2026 1358 Domini
2077 1312 2199 1380 pro
2248 1310 2641 1381 possessore
2704 1288 3109 1379 possidebat

559 1377 1216 1536 maliffigflgrffisswo:
1255 1378 1339 1449 de
1366 1400 1503 1466 quo
1536 1379 1895 1469 Propheta:
1936 1383 2067 1448 Vae
2103 1378 2224 1475 qui
2274 1377 2650 1470 praedariS‚
2688 1399 2922 1448 nonne
2952 1378 3109 1469 ipse

562 1488 726 1557 prae

645 1557 860 1642 §11
940 1560 1018 1624 In
1093 1554 1222 1625 hac
1282 1554 1727 1625 advocatione
1792 1554 1933 1625 sive
1998 1555 2458 1646 postulatione
2512 1554 2830 1625 Advocati
2882 1555 3125 1631 nostri.

558 1643 854 1713 maxime
900 1643 1152 1734 gaudet
1199 1644 1501 1713 Ecclesia
1545 1643 1656 1713 die
1704 1644 2248 1714 Resurrectionis
2280 1644 2699 1725 Dominicae,
2750 1644 2919 1729 quia
2970 1643 3104 1713 Ad-

558 1743 843 1802 vocatus
906 1732 1311 1822 postulavit,
1376 1732 1543 1819 quia
1601 1732 1947 1823 postulata
2005 1734 2440 1822 impetravit,
2504 1733 2669 1819 quia
2731 1732 3094 1832 impetrata

558 1820 856 1892 obtinuit
900 1833 966 1891 et
1013 1820 1338 1912 possedit.
1393 1821 1562 1890 Inde
1593 1834 1696 1890 est
1743 1821 1928 1907 quod
1979 1822 2064 1891 tri
2119 1822 2339 1892 liciter
2385 1822 2659 1890 laudem
2692 1821 3077 1911 subjungit,

558 1909 1014 1980 Introducens
1059 1911 1244 1980 enim
1296 1909 1539 1979 Filium
1581 1910 1975 1997 loquentem
2008 1934 2048 1980 a
2148 1916 2435 1991 Patrem,
2474 1924 2541 1980 et
2566 1909 2934 1979 dicentem:
2972 1915 3091 1977 Po-

557 1999 819 2069 stulavi
849 2000 1042 2068 Patri
1063 2022 1234 2070 meo:
1277 1998 1575 2068 Ecclesia
1610 2000 1995 2089 respondet:
2049 1998 2360 2089 Alleluja,
2414 1999 2483 2068 id
2532 2011 2634 2068 est
2682 2004 2814 2067 Deo
2855 1997 3100 2068 laudes

562 2087 728 2173 quia
777 2085 1159 2176 postulasti.
1213 2093 1407 2168 Item,
1459 2089 1653 2157 Dedit
1707 2087 1882 2157 milii
1926 2099 2181 2177 yentes:
2233 2103 2302 2157 et
2347 2087 2712 2178 respondet
2759 2085 3100 2156 Ecclesia:

560 2175 872 2265 Alleluja,
911 2174 1086 2245 idest
1133 2182 1264 2246 Deo
1312 2175 1577 2257 laudes,
1615 2177 1782 2264 quia
1831 2175 2234 2266 impetrasti.
2273 2182 2465 2247 Item:
2504 2182 2580 2245 In
2609 2176 3107 2246 haereditatem

557 2265 775 2333 milii:
838 2265 1244 2366 respondet:
1287 2264 1598 2355 Alleluja‚
1650 2266 1813 2352 quia
1863 2266 2222 2335 obtinuisti
2278 2278 2343 2334 et
2390 2264 2781 2356 possedisti.
2852 2269 3108 2336 Conso-

562 2352 830 2422 ciemur
878 2352 1091 2444 igitur
1135 2368 1200 2423 et
1238 2376 1363 2424 nos
1411 2354 1481 2422 in
1537 2354 1714 2423 hanc
1762 2351 2040 2423 laudem
2102 2353 2514 2424 universalis
2581 2352 2922 2423 Ecclesiae
2953 2409 2969 2435 ‚
3028 2365 3109 2423 ut

559 2463 721 2512 cum
771 2440 1006 2513 electis
1054 2442 1122 2512 in
1176 2443 1660 2514 haereditatem
1697 2442 1967 2514 Domini
2007 2443 2368 2524 intraturi,
2405 2443 2491 2514 ad
2528 2443 3108 2514 resurrectionem

558 2530 833 2601 Domini
889 2534 1239 2621 pervenire
1279 2533 1631 2602 valeamus
1681 2546 2009 2623 perpetuo
2057 2533 2387 2623 gavisuri.
2442 2533 2634 2616 Quod
2697 2533 2846 2622 ipse
2908 2554 3111 2622 prae-

557 2632 740 2778 {tare
778 2619 1126 2711 dignetur,
1172 2622 1294 2709 qui
1333 2622 1494 2691 vivit
1540 2634 1607 2692 et
1654 2634 1895 2713 regnat
1944 2643 2063 2711 per
2107 2621 2343 2691 omnia
2390 2620 2624 2692 secula
2670 2621 3103 2691 seculorum.

613 2730 796 2778 men.

1579 3438 2076 3521 MONITUM

642 3767 738 3832 Ne
791 3785 993 3852 aegre
1049 3763 1254 3850 seras,
1298 3765 1524 3829 Lector
1579 3760 1908 3840 benevole,
1962 3782 2252 3851 aequam
2309 3759 2513 3849 hujus
2561 3762 2673 3828 III
2729 3761 3102 3830 Voluminis

552 3874 937 3922 mensuram
986 3855 1158 3919 Viris
1205 3850 1526 3939 compleri
1572 3852 1968 3920 Sanctorum
2016 3860 2219 3917 caetra
2265 3849 2823 3939 Martyroloqium
2875 3872 2919 3918 a
2967 3854 3100 3918 Ju-

560 3942 650 4010 lio
679 3941 768 4011 ad
799 3940 1215 4009 Decembrem
1261 3961 1548 4008 mensem
1593 3940 1843 4007 incluse
1868 3942 2011 4006 Non
2056 3939 2291 4007 leviter
2336 3938 2662 4028 equidem,
2706 3938 2842 4018 sed,
2880 3940 3102 4007 omni-

555 4031 674 4100 bus
727 4030 1067 4120 perpensis
1097 4083 1111 4109 ‚
1156 4028 1454 4130 quadam
1501 4050 1592 4096 eac
1630 4028 2059 4106 necessitate,
2112 4036 2188 4094 ut
2240 4027 2417 4117 quod
2458 4028 2976 4117 proposuimus,
3033 4037 3099 4096 et

550 4141 666 4188 ma
684 4119 831 4187 'oris
867 4126 1179 4186 moment-z
1218 4120 1515 4207 profecto
1573 4127 1691 4195 est,
1749 4137 2277 4206 assequeremur,
2331 4115 2808 4207 Martyroloqii
2833 4116 3097 4184 scilicet

553 4141 854 4277 ordinem
907 4228 1211 4287 servare,
1263 4207 1648 4296 frequenter
1707 4227 1750 4274 a
1804 4205 2001 4276 Surio
2046 4205 2456 4294 neqlectum‚
2515 4206 2587 4272 in
2644 4202 2765 4271 hoc
2814 4204 3105 4273 adducti

551 4317 784 4366 sumus
826 4296 1201 4365 consilium.
1245 4295 1503 4384 Inspice
1546 4295 1867 4364 Monitum
1909 4293 2035 4363 hac
2064 4294 2152 4363 de
2178 4315 2250 4363 re
2279 4295 2664 4384 appositum
2704 4294 2776 4360 in
2817 4294 2955 4361 Vol.
2992 4296 3087 4375 ΙΙ,
