3327 4999
240 376 452 442 MART.
506 380 547 442 6
1132 399 1211 444 m:
1260 399 1316 445 s.
1371 398 1608 446 com-:TA
1654 398 1827 445 vine.
2599 384 2684 449 47

236 500 308 546 ne
346 478 439 548 vel
489 479 930 571 longitudine
977 480 1078 551 vel
1138 479 1504 553 latitudine
1558 504 1600 551 a
1666 491 2066 591 paupertate
2141 481 2636 574 discreparent.
2694 491 2773 555 Et

231 567 485 659 exiguas
523 569 735 638 etiam
788 569 1000 659 panni
1038 570 1417 659 particulas
1449 591 1626 659 quae
1658 581 2086 660 supererant,
2140 569 2511 662 diligenter
2566 573 2765 644 colli-

290 658 402 727 ,bat
427 670 491 726 et
521 659 611 727 ab
653 656 813 726 aliis
858 658 1092 749 colligi
1124 659 1389 729 volebat
1468 672 1547 729 ut
1593 658 1719 728 ubi
1759 659 2131 729 necessitas
2184 674 2515 750 posceret,
2572 663 2770 732 adhi-

226 678 350 815 ffiri
378 756 681 836 possent.
728 745 967 816 Videre
998 769 1163 818 sane
1204 713 1412 818 licui(
1431 748 1499 817 in
1552 748 1707 837 ejus
1738 747 2043 817 vestibus
2070 747 2421 818 interdum
2451 749 2551 819 vel
2605 774 2768 821 cen-

224 846 346 903 tum
375 834 720 924 ejusmodi
753 835 1129 926 particulas
1180 835 1472 906 insutas.
1512 836 1652 909 Etsi
1692 849 1921 906 autem
1983 836 2086 905 vel
2139 838 2438 907 maxime
2486 852 2770 930 cuperet

220 920 445 992 habere
475 923 718 1004 libros,
763 923 984 993 cultui
1016 923 1252 994 divino
1285 925 1735 1013 necessario&
1792 946 2047 1011 eosque
2092 925 2300 994 etiam
2351 947 2431 994 ex
2473 927 2765 997 diversis

216 1012 600 1100 regionibus
628 1012 1089 1099 conquireret,
1144 1023 1221 1082 ut
1253 1011 1293 1082 d
1305 1013 1488 1083 ivina
1517 1013 1747 1083 officia
1784 1011 2154 1104 perfectius
2185 1013 2760 1104 persolverentur:

215 1110 273 1168 at
303 1112 522 1169 tamen
572 1122 737 1169 cum
768 1099 833 1169 ei
862 1101 1102 1170 crebro
1150 1123 1191 1170 a
1238 1102 1635 1192 potentibus
1668 1114 1733 1171 et
1784 1101 2132 1192 opulentis
2171 1101 2580 1174 hominibus
2641 1128 2765 1197 pro

211 1187 413 1276 ipsius
443 1211 586 1259 usu
617 1187 754 1257 dati
789 1200 1038 1270 essent,
1097 1191 1416 1276 quamvis
1466 1190 1833 1262 necessarii
1884 1189 1947 1260 ei
2003 1201 2253 1271 essent,
2320 1190 2612 1262 libenter
2648 1216 2765 1264 eos

209 1286 264 1344 et
293 1275 666 1346 liberaliter
709 1277 868 1346 aliis
918 1278 1375 1368 impertiebat,
1435 1292 1640 1367 atque
1689 1279 1894 1348 etiam
1951 1277 2276 1359 donabat,
2344 1279 2438 1349 ita
2494 1295 2572 1350 ut
2611 1280 2766 1372 ipsa

210 1379 551 1454 cogeretur
599 1365 688 1435 ab
720 1365 878 1435 aliis
930 1366 1141 1437 libros
1189 1367 1709 1437 accommodato
1742 1368 2076 1458 accipere,
2119 1366 2308 1437 unde
2364 1390 2602 1458 preces
2635 1375 2759 1439 Ca-

214 1454 485 1525 nonicas
552 1454 991 1545 persolveret.
1073 1460 1512 1557 compertum
1589 1467 1693 1527 est
1740 1455 1806 1524 id
1873 1456 1942 1525 in
1991 1469 2293 1526 extremo
2358 1456 2536 1527 vitae
2611 1458 2763 1548 ejus

208 1552 516 1633 tempore.
574 1542 802 1634 Hujus
848 1544 1036 1613 enim
1088 1544 1628 1634 pretiosissimae
1677 1544 2121 1634 margaritae,
2179 1566 2426 1635 nempe
2475 1559 2757 1617 sanctae

206 1632 641 1721 paupertatis»,
698 1632 1046 1722 longeilla
1093 1631 1222 1702 fuit
1252 1633 1684 1789 appetentior
1707 1654 1915 1720 quam
1961 1633 2187 1719 quivis
2234 1655 2486 1706 avarus
2534 1657 2748 1724 opum

206 1730 668 1790 terrenarum:
713 1720 897 1806 quod
946 1721 1149 1790 etiam
1184 1721 1268 1790 de
1349 1721 1700 1791 eatissimo
1750 1722 2114 1791 Francisco
2162 1720 2439 1811 legitur.

283 1810 317 1894 ἓ
358 1815 510 1881 19.
568 1814 703 1878 Nec
739 1831 894 1877 vero
924 1831 1236 1896 unquam
1271 1809 1369 1878 vel
1401 1821 1701 1879 extrema
1734 1821 2135 1907 paupertate
2164 1831 2244 1878 eo
2321 1811 2495 1880 otuit
2529 1811 2741 1902 adigi,

206 1908 273 1963 ut
316 1897 410 1965 vel
463 1895 818 1966 tantillum
886 1897 1159 1966 divinae
1224 1897 1636 1987 benignitati
1687 1896 2051 1967 diffideret.
2107 1898 2259 1967 Nihi
2337 1898 2523 1969 enim
2592 1901 2753 1971 hae-

208 1982 437 2055 sitabat
482 1985 678 2055 illam
732 1985 1009 2054 abunde
1038 1999 1185 2055 tum
1237 1986 1371 2055 sibi
1405 1997 1550 2055 tum
1603 1985 1753 2054 suis
1803 2008 1909 2057 res
1959 1987 2384 2057 necessarias
2419 1989 2751 2079 suppedi-

210 2081 512 2155 taturam,
570 2072 631 2144 si
663 2072 959 2142 fideliter
1005 2086 1263 2144 starent
1312 2074 1677 2164 promissis
1730 2075 2156 2154 monasticis;
2195 2074 2265 2143 id
2312 2077 2496 2162 quod
2547 2078 2754 2146 etiam

210 2160 364 2230 mira
410 2185 523 2233 sae
576 2184 617 2230 e
661 2162 1083 2261 experientia
1117 2163 1480 2253 probatum
1516 2173 1639 2232 est.
1696 2162 1957 2231 Accidit
2003 2162 2447 2249 quandoque,
2502 2167 2752 2253 utqui-

208 2246 482 2320 busdam
559 2250 709 2321 ocis
758 2272 1002 2350 ingens
1041 2251 1406 2320 hominum
1456 2264 1884 2320 armatorum
1934 2251 2132 2342 copia
2182 2251 2280 2320 sic
2329 2252 2565 2321 omnia
2622 2266 2754 2323 ter-

208 2357 338 2407 rore
379 2338 781 2430 compleret,
836 2338 1251 2409 intolerabili
1304 2339 1491 2409 illata
1542 2340 1629 2420 vi,
1689 2353 1763 2409 ut
1813 2339 2052 2409 nullus
2086 2339 2187 2408 vel
2233 2360 2270 2407 e
2317 2341 2585 2421 castris,
2642 2342 2743 2411 vel

205 2444 272 2492 ex
324 2428 639 2510 urbibuS,
696 2427 799 2496 vel
847 2450 885 2497 e
932 2428 1130 2520 pagis
1190 2442 1311 2498 aut
1360 2439 1588 2520 posset
1651 2442 1771 2498 aut
1836 2428 2122 2498 auderet
2178 2428 2436 2516 egredi.
2511 2434 2749 2517 Itaque

205 2511 420 2586 fratres
448 2517 575 2605 qui
606 2538 849 2587 curam
899 2518 1228 2608 gerebant
1267 2539 1652 2618 pauperum
1706 2517 2187 2597 mai-issaram,
2242 2530 2319 2586 ut
2371 2532 2635 2599 vocant,
2677 2519 2747 2588 in

206 2599 279 2670 iis
320 2603 482 2675 locis
531 2605 961 2697 degentium,
1018 2616 1284 2675 tametsl
1317 2628 1589 2675 summe
1633 2605 2041 2696 indigebant
2071 2605 2278 2674 rebus
2309 2607 2742 2688 necessariiS,

204 2709 325 2762 non
368 2706 601 2765 tamen
650 2707 930 2785 propter
988 2694 1144 2764 illos
1192 2692 1445 2762 milites
1495 2695 1648 2763 ausi
1711 2706 1908 2763 erant
1971 2693 2207 2784 egredi
2255 2693 2341 2761 ad
2410 2695 2744 2784 petendas

202 2778 677 2873 eleemosynas.
731 2789 809 2853 At
855 2783 1073 2852 nihilo
1153 2782 1386 2851 minus
1443 2781 1885 2851 confidebant
1946 2794 2091 2851 tum
2145 2780 2387 2850 fratres
2438 2795 2584 2851 tum
2639 2806 2745 2853 so-

202 2887 388 2949 rores,
442 2871 1040 2960 quemadmodum
1092 2870 1315 2940 Coleta
1381 2869 1705 2954 docebat,
1761 2893 1898 2941 non
1965 2870 2289 2940 defutura
2352 2872 2744 2940 necessaria

200 2954 274 3026 iis
316 2961 430 3045 qui
484 2983 610 3051 pro
658 2960 925 3030 viribus
989 2957 1329 3028 solverent
1388 2970 1540 3027 vota
1589 2981 1738 3029 sua.
1794 2964 1870 3028 Et
1916 2981 2074 3029 ecce
2123 2958 2318 3027 adest
2380 2957 2742 3030 confestim

200 3044 289 3111 vir
328 3047 505 3118 albis
538 3048 849 3129 indutuS,
891 3048 1167 3138 ignotus
1198 3046 1547 3128 omnibuS,
1581 3049 1874 3117 afferens
1915 3068 2195 3117 saccum
2234 3047 2536 3137 panibus
2583 3070 2746 3116 can-

202 3131 569 3206 didissimis
614 3147 679 3205 et
725 3134 1260 3226 elegantissimis
1309 3135 1657 3215 refertum,
1712 3157 2008 3222 quorum
2059 3147 2205 3204 erat
2237 3157 2442 3224 sapor
2491 3136 2745 3225 gratis-

200 3220 423 3306 simus,
476 3225 740 3312 quique
786 3224 909 3294 toti
957 3224 1353 3296 sufficerent
1400 3224 1839 3304 monasterio,
1894 3223 2113 3293 donec
2163 3221 2362 3292 aliter
2403 3224 2737 3294 Dominus

202 3308 286 3377 eis
329 3313 649 3412 providit.
701 3313 818 3382 Vir
878 3324 1107 3383 autem
1169 3313 1292 3399 qui
1354 3334 1472 3384 eos
1542 3312 1808 3393 attulit,
1869 3334 2023 3381 mox
2082 3311 2170 3381 ab
2218 3333 2457 3381 eorum
2522 3312 2746 3381 oculis

204 3415 486 3471 evanuit.

275 3488 308 3572 ἓ
352 3494 524 3561 20.
581 3488 872 3580 Contigit
903 3489 1323 3577 quandoque
1370 3488 1942 3579 dispensatricem
1993 3488 2419 3569 monasterii,
2453 3489 2746 3588 quibus-

201 3569 337 3643 dam
388 3577 864 3668 indigentibus
913 3579 1147 3648 vinum
1209 3577 1512 3646 haurire.
1574 3578 1857 3647 Interim
1915 3587 2200 3645 vocatur
2249 3577 2448 3666 signo
2498 3578 2742 3647 tintin-

198 3663 417 3734 nabuli
468 3690 506 3735 a
556 3666 781 3735 Coleta
827 3679 1065 3736 matre.
1108 3667 1333 3735 Currit
1379 3665 1594 3755 igitur
1639 3665 1971 3744 celeriter,
2015 3685 2152 3733 non
2194 3665 2430 3736 clauso
2479 3666 2739 3756 episto-

205 3751 347 3821 mio.
406 3754 690 3825 Interim
746 3753 979 3824 vinum
1038 3776 1243 3824 omne
1300 3776 1336 3821 e
1413 3775 1573 3825 vase
1645 3753 1883 3823 effluit.
1940 3753 2068 3822 Illa
2116 3754 2420 3825 sentiens
2469 3776 2541 3824 se
2603 3776 2739 3824 non

198 3836 512 3912 clausisse
561 3865 637 3914 os
684 3842 1054 3933 epistomii,
1094 3857 1456 3933 postquam
1490 3843 1719 3913 locuta
1765 3853 1867 3911 est
1901 3841 2187 3923 Coletae,
2227 3842 2398 3911 redit
2454 3846 2742 3933 propere

200 3926 270 3995 ad
298 3929 584 4012 dolium,
641 3931 954 4019 illudque
1002 3931 1206 4022 plane
1253 3953 1551 4001 vacuum
1599 3931 1958 4021 comperit.
2015 3935 2259 4021 Magno
2307 3931 2524 4021 igitur
2553 3952 2741 4000 moe-

205 4033 333 4086 rore
375 4022 640 4102 affecta,
695 4042 857 4090 cum
892 4020 1066 4089 nihil
1107 4020 1257 4109 jam
1307 4031 1698 4111 superesset
1727 4019 1895 4101 vini,
1949 4018 2094 4088 adit
2134 4019 2454 4101 Coletam,
2500 4019 2740 4089 edicit-

204 4122 317 4198 que
359 4110 467 4179 cul
525 4133 636 4179 am
670 4130 895 4178 suam.
943 4109 1165 4178 Coleta
1214 4130 1504 4178 cernens
1545 4130 1698 4178 eam
1732 4130 2008 4178 summe
2056 4107 2404 4189 afflictam,
2460 4131 2494 4174 «
2524 4108 2731 4189 Vade,

206 4197 428 4278 lnquit,
470 4133 612 4267 iilia
647 4208 712 4266 et
746 4195 921 4266 nibil
981 4198 1330 4268 haesitans
1379 4198 1579 4267 hauri
1641 4196 1815 4265 mihi
1876 4197 2211 4265 vinum.»
2266 4196 2391 4266 Illa
2441 4197 2733 4277 dicente,

210 4279 354 4351 nihil
417 4285 733 4355 relictum
803 4284 944 4353 vini
992 4286 1062 4354 in
1122 4308 1322 4367 vase,
1396 4308 1640 4356 rursus
1688 4285 1824 4354 ait:
1880 4285 2066 4354 «Abi
2115 4286 2187 4354 in
2239 4286 2520 4354 nomine
2577 4291 2740 4355 Jesu

210 4366 448 4455 Christi,
508 4375 621 4445 abi
670 4372 986 4443 fidenter:
1025 4398 1060 4441 »
1123 4381 1316 4444 Paret
1364 4374 1484 4443 illa
1529 4387 1596 4444 et
1641 4395 1799 4443 ecce
1847 4397 1966 4445 vas
2017 4374 2268 4464 reperit
2316 4373 2475 4442 vino
2537 4395 2737 4463 prae-

209 4461 579 4533 stantissimi
612 4461 885 4553 saporis
935 4462 1353 4533 redundans.
1391 4465 1644 4534 Jubere
1694 4462 2069 4552 aliquando
2100 4462 2320 4532 Coleta
2361 4461 2571 4531 voluit
2613 4483 2740 4551 pro
