3327 4999
186 307 456 401 ,ΜΑΒΊἏ
513 306 554 373 3
944 325 1023 373 mi
1071 326 1129 375 s.
1182 326 1609 377 cucusenam
1656 324 1796 376 mr.
1849 328 2024 379 viiic.
2604 313 2691 379 27

205 404 338 474 nisi
389 415 513 473 aut
558 405 835 496 legeret,
890 418 1009 475 aut
1062 407 1329 494 aliquid
1377 420 1625 478 oraret.
1699 407 1920 478 Etiam
1968 428 2133 479 cum
2182 430 2564 500 parumper
2639 409 2781 481 cibi

202 506 505 584 caperet,
559 514 835 584 semper
880 493 1142 565 orabat.
1199 497 1525 566 sumebat
1587 496 1941 567 interdum
2005 497 2267 588 piscem
2318 496 2406 566 de
2451 498 2771 581 flumine,

204 603 363 651 raro
418 580 746 669 quidem:
800 582 919 653 sed
967 605 1130 653 cum
1193 584 1545 666 voluisset,
1599 584 1986 675 opitulante
2032 584 2361 667 Domino,
2413 585 2782 659 confestim

205 669 469 741 aderat.
525 669 770 740 Cibum
803 670 1004 762 panis
1053 693 1193 741 non
1242 672 1527 744 aliunde
1559 674 1901 755 sumebat,
1949 673 2083 742 nisi
2130 674 2253 761 qui
2301 674 2387 745 de
2435 687 2782 746 monaste-

201 758 306 829 rio
354 758 782 828 mittebatur.
840 760 911 828 si
956 760 1114 846 quis
1157 783 1315 831 vero
1369 761 1772 832 devotorum
1823 783 2039 852 panes
2069 761 2452 844 detulisset,
2505 775 2629 834 aut
2674 764 2781 834 vi-

202 867 403 927 num,
441 845 514 915 id
569 846 642 915 in
691 846 884 918 cibos
931 848 1396 939 deputabatur
1453 850 1850 941 egentium:
1908 850 2193 920 illorum
2245 862 2473 922 tamen
2519 853 2645 939 qui
2692 853 2782 923 ab

200 956 277 1004 eo
328 945 454 1004 aut
502 934 788 1005 sianum
835 934 1138 1007 salutare
1185 938 1660 1030 susciperent,
1718 951 1839 1009 aut
1887 938 2256 1009 refectione
2329 937 2544 1009 foveri
2593 940 2779 1012 soliti

196 1036 454 1101 essent,
511 988 690 1093 ill'ud
738 1025 1010 1094 Domini
1043 1026 1354 1096 recolens
1399 1026 1586 1114 quod
1636 1027 1708 1096 in
1760 1027 2129 1118 Evangelio
2176 1027 2262 1098 de
2312 1027 2558 1109 turbis,
2591 1050 2771 1116 quas

199 1133 239 1180 a
268 1111 711 1182 diversorum
760 1114 1165 1184 morborum
1215 1116 1533 1216 contagio
1581 1128 1967 1198 sanaverat,
2013 1114 2224 1185 dixit:
2275 1116 2625 1187 Dimittere
2649 1137 2768 1190 eos

191 1198 478 1289 jejunos
532 1199 711 1282 nole,
766 1222 853 1270 ne
900 1201 1227 1274 deficiant
1275 1203 1348 1272 in
1396 1227 1530 1273 via.

280 1290 317 1444 ἦ
368 1294 466 1361 6.
511 1287 640 1357 Sed
691 1310 815 1358 nec
864 1289 1039 1359 illud
1091 1291 1510 1363 beneficium
1559 1291 1789 1362 occuli
1834 1292 2083 1362 debere
2113 1291 2434 1373 arbitror,
2472 1293 2658 1380 quod
2712 1294 2776 1365 ei

192 1375 264 1444 in
323 1398 453 1446 oco
501 1375 623 1444 illo
653 1375 889 1447 divina
922 1378 1141 1468 pietas
1170 1391 1273 1451 est
1322 1380 1592 1471 largita.
1647 1386 1819 1451 Nam
1866 1402 2030 1450 cum
2079 1402 2118 1450 a
2168 1379 2514 1470 profundo
2568 1382 2776 1455 vallis

186 1462 409 1545 illius,
466 1465 674 1551 quasi
720 1465 943 1535 stadia
990 1466 1229 1538 decem
1276 1491 1460 1555 aqua
1506 1468 1910 1551 deferretur,
1967 1470 2186 1539 oravit
2239 1470 2642 1551 Dominum,
2696 1482 2774 1541 ut

188 1551 251 1621 ei
312 1552 385 1621 in
437 1553 594 1642 ipso
641 1553 931 1624 cellulae
979 1576 1145 1625 suae
1201 1556 1596 1627 habitaculo
1666 1557 1874 1628 fontis
1933 1578 2178 1626 venam
2225 1556 2640 1627 ostenderet.
2697 1563 2778 1629 Et

188 1661 328 1709 non
401 1640 626 1710 defuit
672 1641 889 1712 virtus
940 1642 1058 1713 illa
1122 1645 1478 1725 coelestis,
1548 1668 1730 1733 quae
1775 1644 2168 1733 quondam.
2205 1645 2603 1716 sitientibus
2651 1668 2777 1737 po-

191 1730 380 1819 pulis
429 1751 654 1816 aquas
699 1729 1026 1821 produxit
1070 1753 1109 1801 e
1158 1732 1374 1803 silice.
1430 1736 1671 1804 Statim
1721 1734 1936 1834 igitur
1983 1733 2069 1803 ad
2133 1733 2347 1891 huf'us
2388 1734 2772 1804 orationem

239 1828 386 1887 utta
436 1816 666 1887 laticis
714 1841 754 1888 a
801 1833 999 1889 caute
1049 1841 1536 1912 prorumpenS,
1592 1836 1819 1913 coepit
1868 1822 2097 1892 solum
2137 1824 2224 1893 sti
2260 1823 2344 1891 lis
2392 1820 2774 1909 frequenti-

189 1839 326 1976 {us
372 1906 694 1997 irrigare.
754 1911 832 1976 At
882 1906 996 1976 ille
1046 1929 1333 1978 munere
1381 1910 1658 1982 coelesti
1721 1910 2204 2001 congaudens,
2257 1932 2642 1981 concavum
2696 1912 2770 1980 in

191 1992 425 2084 lapide
475 1995 851 2085 parvulum
898 1996 971 2064 in
1022 1996 1310 2066 modum
1358 1998 1699 2068 cisternae
1727 1997 1989 2068 faciens
2021 1998 2207 2085 quod
2241 2001 2515 2069 tenebat
2563 1999 2772 2087 quasi.

190 2082 446 2152 condia
494 2081 657 2163 duc,
711 2083 1036 2174 lymphas
1080 2084 1415 2156 divinitus
1443 2086 1576 2156 sibi
1610 2086 1918 2155 indultas
1966 2086 2432 2178 suscipiebat:
2470 2086 2558 2157 de
2606 2087 2772 2188 qui-

191 2171 326 2241 bus
376 2182 650 2241 tantum
717 2171 780 2240 ei
830 2173 1358 2245 ministrabatur
1414 2196 1537 2275 per
1582 2174 1732 2243 dies
1789 2174 1895 2245 sin
1954 2173 2145 2255 ulos,
2208 2187 2551 2261 quantum
2627 2175 2773 2267 ipsi

192 2280 554 2349 pueroque
602 2258 948 2332 sufficeret
993 2262 1116 2347 qui
1162 2262 1222 2332 ei
1267 2263 1584 2333 minister
1630 2261 1853 2331 fuerat
1935 2274 2113 2330 atus.
2152 2263 2586 2333 Accessimus
2639 2285 2773 2335 au-

194 2359 329 2416 tem
360 2360 428 2417 et
463 2369 593 2416 nos
630 2348 719 2417 ad
784 2349 1015 2419 locum
1061 2372 1226 2420 cum
1266 2351 1461 2421 beato
1522 2349 1711 2421 Avito
1761 2350 2120 2440 Episcopo,
2160 2363 2227 2419 et
2271 2372 2354 2421 ex
2397 2351 2766 2434 omnibuS‚

190 2456 370 2523 quae
417 2436 859 2508 narravimus
904 2438 1249 2526 quaedam
1298 2439 1386 2511 ab
1433 2439 1586 2531 ipso
1635 2438 1850 2509 relata
1881 2437 2361 2529 cognovimus,
2414 2439 2761 2527 quaedam

190 2525 415 2595 oculis
464 2525 769 2615 propriis
828 2527 1286 2627 inspeximus.
1337 2533 1387 2598 Α
1437 2538 1815 2598 meinorato
1877 2540 2107 2598 autem
2156 2526 2485 2598 Pontifice
2532 2528 2768 2598 diaco-

190 2625 397 2683 natus
428 2636 512 2682 ac
562 2614 972 2704 presbyterii
1021 2617 1304 2688 sortitus
1347 2628 1450 2688 est
1479 2616 1776 2708 gradum
1826 2627 1893 2686 et
1935 2616 2152 2686 multa
2199 2615 2484 2706 populo,
2537 2616 2771 2686 diver-

191 2701 287 2770 sis
338 2714 580 2772 vexato
630 2704 912 2778 morbis,
967 2704 1273 2775 remedia
1302 2705 1618 2776 contulit.
1661 2704 1846 2775 Nulli
1896 2715 2126 2775 tamen
2159 2703 2487 2775 cellulam
2535 2725 2772 2796 egres·

189 2810 313 2859 sus
361 2812 435 2861 se
486 2790 805 2880 praebuit
833 2793 1474 2883 contemplandum,
1520 2793 1641 2865 sed
1692 2803 1961 2864 tantum
2008 2814 2132 2884 per
2176 2790 2606 2863 fenestellam
2656 2814 2772 2864 ex-

188 2877 487 2947 tendens
550 2900 860 2960 manum,
915 2880 1216 2951 salutare
1265 2880 1713 2973 signaculum
1776 2882 2201 2973 imponebat.
2268 2886 2347 2951 Et
2394 2880 2455 2951 si
2504 2903 2546 2952 a
2591 2902 2772 2968 quo-

185 2987 401 3053 quam
456 2966 773 3039 visitatus
830 2967 1113 3051 suisset,
1167 2970 1254 3039 ad
1304 2971 1486 3064 hanc
1547 2969 1886 3042 accedens
1945 2969 2328 3071 speculam,
2382 2970 2770 3040 orationem

187 3054 767 3142 colloquiumque
815 3057 1207 3158 praebebat.
1245 3059 1550 3146 Denique
1585 3058 1656 3127 in
1708 3057 1837 3128 hac
1873 3057 2210 3160 religione
2256 3079 2542 3128 cursum
2594 3057 2773 3128 vitae

188 3163 724 3300 (ἰῗὲιεᾳωῐῐιαηε,
777 3147 1383 3237 quinquagesimO,
1435 3158 1514 3218 ut
1560 3149 1833 3240 opln0r‚
1886 3167 2036 3217 aevi
2084 3167 2270 3216 anno
2313 3145 2633 3238 migravit
2679 3145 2770 3217 ad

303 3252 611 3300 minum.

404 3436 646 3538 vtTA
712 3439 795 3538 S.
841 3438 1603 3543 ‘CHUNEGUNDlS
1671 3440 2239 3543 IMPERATR.
2307 3438 2582 3541 VlRG.

874 3625 1183 3674 GRAVITER
1231 3628 1308 3675 ΕΤ
1353 3628 1686 3676 FIDEMTRR
1731 3625 2114 3677 CONSCRIPTA

743 3748 1009 3798 TAuETSI
1056 3749 1303 3798 AUCTOR
1368 3750 1587 3799 Noun
1635 3749 2014 3799 SUPPRBSSIT
2059 3748 2257 3810 SUUH,

521 3871 646 3919 Am·
692 3873 1030 3921 lvonussts
1077 3873 1510 3923 LtnnARtoiiUn
1558 3874 1824 3922 mentua
1870 3872 2057 3921 inum
2101 3870 2458 3922 mutamini·

811 3995 1000 4053 Obiit
1039 4010 1222 4054 anno
1270 4000 1468 4054 1040.
1509 4028 1590 4038 -
1628 3998 1740 4054 Ex
1779 3995 2165 4054 Germania.

277 4125 318 4213 ὅ
364 4129 450 4196 1.
503 4125 599 4194 Ex
653 4121 1098 4195 nobilissimo
1143 4136 1514 4215 parentum
1565 4128 2078 4215 Augustorum,
2134 4143 2550 4223 magnorum
2596 4143 2770 4210 quo-

291 4233 333 4281 e
379 4211 753 4302 sanguine,
828 4209 971 4282 duo
1042 4211 1648 4284 immarcescibilis
1693 4212 1954 4303 gloriae
2026 4211 2229 4282 flores
2285 4222 2763 4282 emicuerunt:

194 4231 571 4370 {genucius
618 4298 932 4370 videlicet
997 4301 1341 4372 Henricus
1383 4300 1420 4337 ⁴*
1466 4300 1761 4374 Romani
1840 4298 2125 4392 Imperii
2183 4298 2766 4392 gloriosissimum

246 4416 273 4441 ⁶
303 4418 376 4460 De
401 4417 497 4460 hoc
517 4416 1399 4470 Hemoossdetnsutttvokl.p.ss·
