3327 4999
230 311 333 380 EX
384 310 555 377 DEC.
612 313 694 376 10
1005 330 1085 377 ns
1130 332 1223 379 ss.
1279 331 1447 379 ΜΕΝΑ
1495 332 1570 379 ΕΤ
1617 328 1817 380 secus
1867 331 1977 379 uu.
2561 313 2688 380 743

228 412 385 484 aliis
429 413 630 484 malis
678 412 960 484 refertae
1011 427 1076 484 et
1124 414 1401 486 fabulis.
1466 420 1543 486 Et
1582 428 1657 485 ut
1705 416 1914 487 semel
1968 417 2221 498 dicam,
2291 416 2568 486 illarum
2618 415 2774 504 qui-

229 501 385 571 dem
462 502 623 572 finis
678 513 780 571 est
838 502 1064 583 saluS,
1121 525 1202 572 ex
1274 505 1413 573 veri
1485 504 1918 594 cognitione:
1988 506 2238 574 harum
2295 516 2524 574 autem
2574 527 2773 595 aper-

231 601 341 661 tus
402 591 740 672 interum,
818 603 883 659 et
946 591 1267 662 deductio
1320 591 1407 661 ad
1486 605 1719 682 turpes
1797 594 2302 682 probrosasque
2350 594 2765 675 affectioneS,

226 691 292 748 et
340 679 799 750 inventionem
848 681 1122 750 erroris.
1178 681 1505 763 Quamvis
1551 703 1711 749 vero
1772 681 1865 750 ita
1924 704 1995 752 se
2044 682 2341 751 habeant
2377 681 2772 772 scripturae

229 768 796 847 Christianorum,
855 789 987 836 non
1039 769 1367 838 continuo
1414 769 1682 838 decrevi
1717 791 1831 838 eas
1882 771 2112 857 sequi:
2168 770 2288 839 sed
2337 769 2542 839 etiam
2578 770 2772 840 Chri-

227 857 311 925 sti
347 858 616 927 virtutis
662 857 1075 943 quaerebam
1118 857 1653 948 experientiam„
1680 870 1757 927 ut
1816 857 1993 928 facto
2042 859 2322 929 docerer
2368 859 2762 928 veritatem:

226 958 290 1014 et
336 968 496 1015 cum
532 945 929 1014 incidissem
992 946 1057 1012 in
1109 946 1508 1033 quemdam,
1565 947 1679 1016 cui
1727 959 1923 1016 erant
1971 948 2215 1019 mutila
2269 947 2580 1017 membra
2619 970 2772 1017 eor-

227 1035 437 1124 poris,
476 1046 732 1103 etcum
769 1033 896 1102 hoc
947 1033 1272 1103 dixissem
1305 1056 1452 1104 esse
1501 1035 1721 1104 bonae
1753 1036 2086 1118 fortunae,
2128 1036 2359 1106 inveni
2409 1035 2635 1106 verbis
2662 1035 2771 1103 di-

226 1122 403 1192 vinis
442 1121 699 1192 sactum
747 1143 1019 1210 quoque
1068 1144 1215 1193 esse
1250 1145 1703 1210 consequens.
1736 1129 2102 1210 Postquam
2134 1147 2296 1216 ergo
2323 1125 2548 1195 solum
2584 1124 2773 1194 Chri-

227 1211 314 1282 sti
372 1231 620 1281 nomen
670 1208 996 1282 dixissem
1048 1233 1257 1301 super
1306 1212 1425 1281 illa
1484 1212 1795 1282 membra
1842 1213 2193 1294 mutilata,
2259 1213 2401 1295 illa,
2457 1214 2772 1304 protinus

226 1301 483 1370 amissa
531 1299 985 1380 mutilatione,
1043 1300 1325 1389 perinde
1355 1321 1435 1369 ae
1470 1322 1712 1370 rursus
1757 1301 2261 1382 transformata,
2295 1302 2379 1371 ad
2413 1324 2564 1371 eam
2593 1325 2770 1390 quae

225 1400 370 1457 erat
418 1389 485 1457 in
526 1389 889 1478 principio,
939 1388 1250 1458 traducta
1298 1401 1460 1459 sunt
1508 1390 1896 1459 sanitatem.
1962 1395 2128 1460 Cum
2179 1412 2340 1480 ergo
2389 1412 2462 1460 re
2510 1390 2660 1480 ipsa
2707 1402 2772 1461 et

226 1475 400 1547 sacto
448 1476 877 1566 agnovissem
930 1477 1283 1566 Opificem,
1318 1489 1384 1546 et
1437 1483 1849 1548 Graecorum
1901 1500 1980 1548 ac
2029 1478 2391 1570 gentilium
2454 1479 2770 1568 abjuras-

226 1587 368 1634 sem
419 1566 808 1644 vanitatem,
866 1566 1248 1655 baptizatus
1296 1587 1476 1644 sum,
1515 1579 1580 1635 et
1630 1589 1740 1635 me
1784 1566 1911 1636 soli
1965 1567 2228 1637 Christo
2284 1566 2618 1636 dedicavi.
2673 1569 2769 1637 Ab

225 1654 344 1723 illo
391 1667 618 1724 autem
669 1666 973 1743 tempore
1024 1655 1089 1722 in
1146 1653 1554 1723 hodiernum
1595 1677 1814 1741 usque
1854 1656 2062 1736 diem,
2102 1679 2141 1725 o
2175 1655 2537 1735 Praefecte,
2582 1678 2766 1726 mor-

225 1744 347 1813 bos
385 1742 725 1821 difficiles,
761 1754 825 1812 et
872 1743 1264 1812 affectiones
1297 1743 1742 1822 incurabiles,
1787 1757 1851 1812 et
1884 1766 2059 1831 quas
2107 1744 2299 1815 solus
2348 1756 2609 1835 poterat
2646 1767 2769 1814 eu-

223 1852 376 1900 rare
424 1836 621 1912 DeuS‚
676 1832 809 1902 cito
874 1844 937 1901 et
986 1831 1182 1901 facile
1248 1853 1457 1913 cure,
1522 1831 1750 1901 solum
1800 1832 2047 1902 Christi
2106 1854 2356 1902 nomen
2409 1833 2760 1905 invocans.

226 1925 472 1991 Eorum
526 1942 680 1991 vero
718 1942 894 2020 quae
926 1920 1105 2002 dice,
1165 1921 1350 1991 testis
1398 1932 1498 1992 est
1547 1921 1720 1989 mihi
1769 1921 2136 1992 universus
2163 1921 2489 2012 populus,
2527 1934 2590 1992 et
2640 1922 2768 1992 hoc

224 2009 405 2096 quod
442 2009 890 2080 circumsistit
932 2010 1314 2079 theatrum:
1356 2032 1480 2079 nee
1578 2020 1750 2079 otest
1796 2009 2023 2080 dicere
2071 2011 2238 2080 haec
2273 2033 2420 2082 esse
2468 2009 2665 2091 falsa,
2705 2024 2770 2081 et

228 2099 430 2168 verba
461 2098 716 2167 inania.
771 2103 939 2168 Nam
993 2120 1176 2167 nunc
1223 2119 1496 2185 quoque
1558 2099 2002 2185 iceteaquae
2026 2098 2378 2180 dicuntur,
2411 2098 2587 2169 sacto
2615 2099 2767 2190 ipso

225 2188 748 2277 comprobare.»

314 2283 352 2355 ξ
429 2279 586 2346 10.
651 2280 814 2344 Cum
869 2276 966 2344 sic
1033 2275 1379 2343 veritatem
1430 2285 1661 2365 aperte
1709 2274 2185 2364 explicavisset
2233 2286 2515 2364 martyr,
2585 2287 2765 2347 totus

226 2363 525 2452 populus
571 2374 636 2431 et
693 2362 1097 2433 universum
1150 2363 1490 2432 theatrum
1542 2362 1628 2430 ab
1687 2362 1856 2432 hora
1905 2363 2099 2433 tertia
2152 2385 2374 2450 usque
2421 2364 2508 2433 ad
2558 2386 2631 2433 se
2687 2365 2764 2433 ti-

224 2472 436 2531 mam,
491 2473 530 2520 a
579 2450 819 2540 lingua
886 2450 1208 2540 martyris
1279 2450 1793 2537 quodammodo
1869 2451 2392 2542 dependebant,
2446 2463 2509 2522 et
2572 2453 2618 2522 il
2657 2453 2764 2524 ius

226 2539 449 2628 magis
482 2560 870 2608 sermonem
920 2539 1426 2621 desiderabant,
1480 2561 1688 2627 quam
1725 2540 2239 2610 contumeliam.
2299 2544 2376 2609 Et
2423 2553 2765 2630 postremo

224 2650 385 2699 cum
439 2627 769 2697 vidissent
818 2628 1046 2717 ipsum
1100 2627 1307 2697 simul
1344 2640 1409 2699 et
1456 2628 1621 2699 deos
1671 2629 2112 2719 Imperatoris
2170 2629 2497 2699 refellisse
2545 2643 2609 2701 et
2656 2653 2765 2700 ar-

225 2716 458 2808 guisse
496 2728 560 2786 et
604 2738 843 2787 verum
896 2721 1110 2787 Deum
1187 2716 1719 2799 demonstrasse,
1782 2731 1846 2788 et
1905 2717 2111 2788 simul
2174 2718 2329 2787 illos
2389 2717 2766 2808 producere

227 2818 426 2877 testes
485 2827 771 2876 suorum
827 2805 1349 2887 miraculorum,
1406 2828 1544 2876 uno
1609 2829 1726 2876 ore
1774 2828 2039 2888 omneS,
2093 2812 2185 2877 Ne
2235 2807 2523 2887 labores,
2581 2808 2767 2876 dice-

224 2896 412 2974 bant,
469 2917 508 2963 o
557 2895 731 2964 bone
780 2894 1141 2964 Praefecte.
1197 2899 1366 2963 Nam
1408 2895 1694 2985 nosipsi
1737 2894 1998 2965 fuimus
2032 2906 2230 2965 testes
2261 2895 2758 2985 prodigiorum:

226 2984 244 3052 i
301 2984 359 3052 si
410 2983 709 3053 fructum
777 2984 1125 3053 sensimus
1173 2984 1324 3072 ejus
1401 2984 1925 3053 miraculorum.
1990 2983 2265 3053 Nullum
2318 3006 2428 3053 ser
2484 2986 2531 3052 it
2579 3006 2767 3052 men-

273 3071 527 3154 acium,
583 3093 804 3159 neque
852 3071 993 3142 ulla
1060 3072 1250 3141 fraus
1299 3071 1533 3143 subest
1580 3072 1650 3139 in
1705 3073 1789 3141 iis
1838 3093 2016 3158 quae
2064 3072 2150 3141 ab
2200 3073 2349 3162 ipso
2433 3084 2607 3151 runt:
2652 3096 2766 3143 co-

224 3162 578 3251 gnovisses
630 3161 775 3249 ipse
808 3182 1083 3247 quoque
1143 3160 1519 3239 veritatem,
1566 3161 1623 3229 si
1655 3160 1861 3229 simul
1916 3160 2257 3230 adfuisses
2303 3172 2367 3229 et
2413 3161 2597 3247 quod
2632 3182 2767 3230 non

223 3262 487 3339 oportet
556 3248 771 3318 alium
840 3249 1230 3319 existimare
1275 3262 1340 3318 et
1387 3248 1674 3318 adorare
1739 3254 1975 3328 Deum,
2050 3271 2260 3335 quam
2310 3250 2460 3339 eJus
2526 3254 2759 3318 Deum.

226 3339 580 3409 Reveritus
629 3348 856 3405 autem
909 3335 1296 3406 Praefectus
1343 3336 1637 3407 civitatis
1688 3336 2038 3406 fidentiam
2089 3350 2154 3407 et
2193 3336 2519 3424 loquendi
2568 3337 2769 3407 liber-

226 3438 456 3508 tatem,
511 3437 576 3495 et
622 3425 861 3493 videns
894 3446 1170 3493 omnem
1208 3423 1345 3492 sere
1395 3425 1730 3515 populum
1763 3425 1848 3493 ad
1901 3426 2245 3495 Christum
2287 3425 2670 3495 declinasse
2702 3438 2768 3495 et

225 3516 430 3585 ivisse
480 3515 550 3583 in
601 3514 893 3584 athletae
966 3514 1376 3585 sententiam
1427 3525 1492 3582 et
1556 3535 1827 3583 servare
1858 3567 1874 3593 ,
1927 3535 2012 3582 ne
2067 3513 2234 3600 quid
2285 3515 2438 3583 novi
2490 3514 2555 3582 in
2608 3535 2767 3584 eum

224 3604 586 3675 audeatur:
640 3615 705 3673 et
755 3602 1004 3691 partim
1054 3600 1336 3688 quidem
1389 3623 1522 3670 non
1555 3613 1795 3691 potens
1842 3601 2070 3671 dicere
2117 3613 2355 3672 contra
2389 3603 2761 3682 veritatem,

227 3693 480 3784 partim
534 3714 689 3761 vero
720 3691 926 3759 etiam
975 3690 1391 3760 erubescens
1437 3712 1598 3759 eum
1650 3690 1921 3779 punire,
1964 3690 2085 3775 qui
2134 3690 2436 3761 veritatis
2483 3691 2768 3759 verbum

226 3795 364 3851 tam
431 3792 610 3850 reete
662 3780 1015 3859 tractabat,
1071 3791 1146 3847 ut
1192 3799 1433 3849 omnes
1480 3779 1600 3867 qui
1663 3779 1993 3857 aderant,
2046 3778 2106 3846 ei
2157 3780 2475 3869 parerent
2519 3792 2585 3847 et
2627 3801 2771 3848 cre-

223 3871 484 3947 derent,
566 3867 1079 3956 perturbatione
1128 3866 1376 3956 plenus
1423 3879 1488 3935 et
1538 3867 1854 3947 tristitia,
1913 3866 2112 3955 jubet
2159 3879 2475 3936 sanctum
2529 3889 2772 3938 rursus

224 3956 513 4027 includi.
571 3955 875 4025 Surrexit
921 3977 1083 4046 ergo
1135 3954 1451 4044 protinus
1498 3978 1535 4023 a
1586 3955 1915 4025 tribunali
1965 3968 2028 4023 et
2076 3954 2339 4024 dimisit
2387 3956 2763 4025 theatrum:

226 4059 290 4117 et
338 4070 376 4114 a
437 4044 815 4114 certamine
862 4043 1072 4113 simul
1121 4043 1381 4112 effluxit
1442 4065 1527 4133 po
1580 4042 1743 4115 ulus
1789 4054 1854 4112 et
1900 4043 2302 4113 universum
2369 4043 2710 4113 theatrum
2749 4067 2762 4110 :

223 4148 288 4205 et
325 4156 562 4205 eorum
615 4132 929 4201 omnium
980 4131 1348 4201 emanabat
1379 4133 1500 4219 qui
1554 4154 1665 4201 am
1717 4153 2072 4213 susurruS,
2122 4142 2489 4221 martyrem
2543 4131 2768 4201 laudi-

224 4224 356 4293 bus
394 4221 981 4313 prosequentium.
1020 4223 1233 4307 Atque
1264 4234 1543 4291 sanetus
1574 4219 1859 4308 quidem
1889 4231 2035 4289 erat
2073 4220 2411 4291 inclusus:
2452 4220 2763 4321 linguam

227 4324 455 4381 autem
502 4333 584 4380 ne
614 4311 715 4380 sie
749 4308 1027 4397 quidem
1063 4308 1357 4378 habebat
1406 4321 1739 4378 tacentem
1774 4322 1840 4378 et
1876 4310 1964 4379 ab
1993 4308 2270 4399 hymnis
2318 4310 2388 4377 in
2420 4308 2765 4379 Christum

225 4399 705 4470 abstinentem:
752 4423 786 4465 «
825 4397 1154 4469 Liberasti
1180 4419 1331 4479 neS,
1390 4398 1693 4479 Domine,
1724 4398 1812 4469 ab
1859 4398 2323 4489 affligentibus
2358 4418 2505 4480 nos,
2536 4411 2602 4467 et
2647 4419 2761 4467 eos
