3327 4999
244 340 490 405 MART.
548 341 631 404 16
960 354 1038 403 ns
1088 357 1143 403 S.
1199 357 1550 405 arnimaro
1599 357 1822 406 coroa.
1879 356 2083 405 EPISC.
2599 339 2726 403 335

241 442 452 532 hujus
502 441 652 521 viri,
687 441 834 530 jam
884 462 1092 509 carne
1143 442 1433 517 solutus,
1473 442 1742 510 homini
1792 440 2042 510 viventi
2092 439 2455 509 visibiliter
2513 442 2808 530 appare-

237 543 367 609 ret,
424 550 951 614 sermonemque
998 529 1370 598 conferret:
1423 531 1633 617 cujus
1683 530 2000 599 videlicet
2047 528 2389 599 sermonis
2438 529 2813 599 subsecuta

234 618 490 687 veritas
538 629 847 697 testatur,
893 638 1030 685 non
1082 618 1623 707 phantasticum,
1678 618 1798 687 sed
1848 637 2086 686 verum
2136 629 2202 685 et
2235 616 2552 684 divinum
2592 615 2812 687 fuisse

233 706 424 793 quod
485 719 838 774 ostensum
904 716 1027 773 cst.

329 797 366 879 ἓ
413 798 567 865 81.
650 799 781 861 Res
827 792 1041 882 igitur
1088 794 1215 861 hoc
1265 794 1468 862 modo
1517 793 1813 863 traditur
1860 804 2085 884 gesta:
2141 793 2256 861 Vir
2303 791 2478 861 vitae
2538 813 2817 860 venera-

238 881 411 950 bilis
459 881 859 970 VolpertuS,
913 882 1248 963 coenobii,
1302 882 1486 968 quod
1548 883 1636 950 ab
1693 881 1931 951 eodem
1984 894 2221 949 sancto
2272 880 2595 970 pontifice
2643 902 2811 948 con-

238 981 586 1039 structum
639 967 881 1048 suerat,
939 982 1132 1059 pater
1171 970 1473 1069 primuS,
1523 969 1780 1039 recenti
1823 970 1987 1039 tanti
2026 969 2365 1069 praesulis
2413 969 2608 1037 obitu
2652 989 2808 1036 rna-

235 1059 352 1148 gis
401 1058 758 1136 excitatuS‚
803 1058 1226 1142 quotidiams
1258 1059 1691 1144 maximeque
1725 1071 2083 1127 nocturnis
2118 1057 2406 1147 pervigil
2441 1056 2806 1125 insistebat

236 1146 702 1216 orationibus,
759 1146 992 1214 Stabat
1039 1158 1267 1216 autem
1320 1146 1468 1236 ipse
1507 1166 1721 1236 prope
1769 1169 1840 1214 se
1899 1146 2171 1213 ulcrum
2217 1146 2393 1214 beati
2445 1143 2809 1224 Antistius,

231 1248 305 1304 et
353 1256 560 1321 quem
613 1233 950 1302 viventem
1000 1233 1350 1315 dilexerat,
1405 1234 1626 1302 eidem
1680 1256 1850 1324 sepu
1886 1247 1949 1304 to
1991 1246 2219 1302 mente
2267 1247 2330 1301 et
2379 1253 2664 1321 corpore
2695 1253 2810 1300 ar-

232 1324 484 1392 denter
529 1322 954 1391 inhaerebat.
996 1326 1163 1391 Cum
1217 1324 1237 1389 i
1290 1323 1427 1390 itur
1475 1322 1670 1392 locus
1720 1322 2192 1392 intremuisset
2241 1334 2380 1389 tam
2433 1320 2682 1401 valide,
2730 1331 2811 1388 ut

232 1423 381 1483 tota
443 1410 840 1479 monasterii
904 1408 1167 1479 fabrica
1264 1410 1549 1480 unditus
1613 1410 1808 1497 quati
1875 1410 2259 1489 videretur,
2327 1409 2674 1488 mortali5‚
2731 1417 2809 1475 ut

232 1510 387 1569 erat
434 1498 665 1578 hom0,
719 1498 1067 1567 inhorruit
1113 1499 1420 1585 quidem,
1478 1499 1595 1568 sed
1667 1521 1804 1569 non
1848 1498 2192 1567 modicam
2256 1497 2516 1565 habens
2567 1496 2802 1576 fidem,

238 1600 558 1676 coeptam
609 1586 1059 1656 continuabat
1092 1587 1496 1667 orationem,
1533 1609 1754 1657 cornu
1797 1586 2037 1655 altaris
2086 1585 2640 1675 apprehendens.
2681 1589 2811 1652 Ite-

239 1696 407 1745 rum
456 1698 495 1743 a
548 1687 739 1764 parte
784 1674 1102 1743 orientali
1153 1697 1398 1746 murus
1446 1676 1687 1765 templi
1752 1696 1912 1743 cum
1981 1696 2236 1764 magno
2295 1674 2528 1742 sonitu
2594 1672 2805 1740 intre-

238 1764 447 1841 muit,
501 1774 566 1830 et
613 1763 849 1831 omnia
896 1763 1421 1832 circumstantia
1471 1763 1726 1832 moveri
1793 1763 1937 1832 visa
1997 1776 2183 1832 sunt.
2241 1768 2409 1831 Ecce
2456 1775 2690 1830 autem
2738 1772 2806 1828 et

240 1850 649 1940 sepulcrum
701 1850 881 1920 beati
929 1850 1055 1918 viri
1109 1851 1519 1939 patefactum
1571 1866 1695 1931 est,
1733 1863 1799 1920 et
1847 1864 2129 1920 sanctus
2167 1852 2282 1918 Dei
2330 1849 2565 1939 egredi
2613 1848 2805 1916 visus

235 1951 368 2009 est.
414 1943 617 2024 Isque
666 1951 856 2009 stans
908 1960 1116 2027 prope
1168 1940 1389 2008 virum
1416 1939 1563 2028 jam
1606 1939 1897 2017 dictum,
1938 1939 2320 2024 leniterque
2381 1952 2671 2025 tangens
2719 1935 2807 2003 il-

244 2028 425 2106 lum,
479 2025 647 2112 quid
724 2038 1144 2116 operaretur,
1207 2027 1596 2097 sciscitatus
1644 2041 1769 2096 est.
1838 2026 1963 2096 Sed
2021 2040 2086 2096 et
2135 2026 2363 2095 Daniel
2419 2026 2488 2092 in
2543 2023 2808 2091 visione

240 2115 562 2204 angelica
608 2115 1082 2195 conturbatus,
1113 2115 1351 2183 eodem
1401 2116 1524 2202 qui
1570 2126 1987 2204 apparuerat
2036 2126 2408 2194 satan-ente,
2465 2110 2809 2180 conforta-

239 2218 361 2274 tus
422 2216 545 2272 est.
612 2209 779 2271 Cum
832 2203 1042 2292 igitur
1088 2216 1153 2271 et
1200 2203 1409 2272 istum
1460 2206 1704 2273 beatus
1753 2203 2052 2303 pontifex
2120 2168 2381 2288 alloqui
2442 2200 2800 2289 inciperet,

237 2304 364 2361 tan
418 2312 539 2361 ens
589 2293 783 2381 prius
825 2292 1036 2359 latera
1081 2292 1233 2379 ejus
1285 2292 1531 2361 baculo
1582 2292 1984 2381 pontificali,
2024 2313 2184 2359 cum
2235 2311 2372 2376 quo
2421 2288 2644 2356 fuerat
2695 2298 2802 2355 tu-

243 2401 373 2447 mu
405 2391 576 2458 atus,
617 2379 792 2449 vires
840 2379 958 2448 ille
1008 2380 1400 2469 resumpsit,
1437 2392 1503 2449 et
1549 2380 1634 2448 ad
1686 2380 2102 2466 interrogata
2158 2376 2570 2467 respondere
2605 2396 2804 2464 prae-

240 2466 483 2536 valuit.
520 2472 688 2538 Nam
742 2468 840 2537 sic
887 2490 968 2536 ex
1018 2468 1277 2538 visione
1324 2480 1388 2537 et
1434 2490 1515 2538 ex
1566 2469 1914 2558 praedicto
1964 2467 2233 2557 fragore
2284 2466 2503 2535 fuerat
2553 2477 2801 2534 treme-

235 2556 487 2634 factus,
527 2570 601 2625 ut
649 2579 786 2624 non
839 2568 1017 2626 stare
1058 2558 1497 2646 praevaleret,
1547 2558 1762 2625 immo
1793 2571 1858 2625 et
1887 2557 1992 2624 vix
2041 2556 2128 2624 ad
2165 2555 2547 2625 sedendum
2577 2553 2799 2622 virtus

237 2644 609 2715 sufficeret.
650 2649 816 2713 Cum
868 2667 1030 2734 ergo
1079 2646 1506 2735 percontanti
1553 2646 1721 2732 quid
1772 2657 2192 2734 operaretur,
2241 2644 2533 2712 breviter
2567 2660 2799 2738 prose

235 2733 732 2822 respondisset,
772 2732 1134 2803 confestim
1184 2734 1244 2802 is
1291 2735 1409 2819 qui
1459 2745 1899 2823 apparuerat,
1948 2733 2183 2801 intulit
2231 2732 2439 2800 haec:
2473 2752 2510 2796 «
2542 2733 2805 2798 Oratio-

237 2822 478 2901 nibuS,
531 2819 737 2889 frater
786 2821 923 2901 mi,
992 2821 1279 2890 sedulus
1327 2822 1692 2911 vigilanter
1741 2821 2021 2902 insiste,
2082 2835 2149 2889 et
2215 2821 2525 2889 vivorum
2594 2829 2804 2901 atque

240 2922 679 2979 mortuorum
729 2921 1091 2999 parentum
1144 2910 1245 2977 vel
1303 2910 1758 2979 familiarium
1798 2922 2076 2979 tuorum
2126 2908 2420 2978 salutem
2480 2907 2800 2984 exbranS,

236 2997 381 3066 mei
429 3019 704 3083 quoque
755 2997 1159 3066 memoriam
1201 2998 1674 3067 abundantius
1725 2999 1922 3070 habe.
1982 2997 2160 3066 Scito
2208 2997 2395 3064 enim
2446 3007 2511 3063 et
2558 2993 2809 3061 verita-

237 3097 377 3155 tem
433 3085 739 3171 loquenti
788 3086 958 3155 mihi
1011 3086 1262 3176 praebe
1311 3085 1560 3166 fidem,
1615 3087 1780 3173 quia
1829 3086 2056 3154 obitus
2106 3086 2242 3152 mei
2291 3084 2404 3152 die
2453 3081 2808 3153 tricesimo

230 3175 358 3261 qui
413 3196 597 3242 nunc
646 3175 986 3253 imminet,
1037 3196 1311 3243 mecum
1363 3196 1751 3264 pransurus
1799 3196 1943 3242 es.»
1989 3178 2127 3241 Hoc
2156 3173 2272 3241 ille
2320 3172 2580 3252 audito,
2631 3189 2808 3258 pene

229 3263 673 3332 exanimatus
706 3263 955 3333 resedit
1001 3262 1071 3330 in
1122 3263 1364 3330 eodem
1413 3263 1584 3331 loco.
1631 3263 1936 3330 Tandem
1989 3283 2145 3329 vero
2178 3261 2504 3349 spiritum
2557 3257 2802 3347 paula-

238 3350 365 3420 tim
418 3351 793 3431 attrahens,
843 3351 1226 3440 respiravit,
1270 3351 1655 3437 baculoque
1704 3350 1985 3418 innixus
2036 3350 2355 3428 surrexit,
2404 3361 2470 3416 et
2516 3365 2807 3434 corpore

236 3462 321 3508 ac
355 3451 584 3508 mente
618 3451 939 3518 tremam,
985 3439 1091 3508 vix
1138 3439 1224 3508 ad
1276 3438 1604 3507 lectulum
1662 3438 1990 3528 pervenit.
2034 3443 2230 3505 Mane
2278 3436 2453 3505 facto
2495 3434 2805 3502 seniores

240 3539 540 3608 tantum,
590 3539 655 3596 et
701 3527 823 3613 qui
882 3529 1105 3616 magis
1155 3525 1550 3617 spirituales
1604 3548 1753 3596 esse
1803 3526 2240 3606 videbantur,
2301 3522 2631 3593 secretius
2682 3519 2808 3588 ad-

228 3617 521 3695 vocavit,
574 3627 639 3684 et
684 3637 861 3702 quae
895 3617 1177 3694 viderat,
1233 3637 1546 3702 quaeque
1594 3615 1949 3694 audierat,
2008 3624 2259 3682 cuncta
2309 3634 2431 3702 per
2477 3610 2805 3679 ordinem

231 3704 493 3773 retulit.
558 3703 665 3771 llli
721 3725 866 3772 rem
917 3725 1051 3772 non
1103 3715 1179 3772 ut
1223 3716 1367 3771 erat
1414 3703 1866 3784 attendenteS‚
1929 3714 1995 3771 et
2042 3702 2246 3791 longe
2298 3701 2536 3770 minus
2585 3718 2806 3783 quam

227 3805 379 3861 erat
428 3792 893 3871 aestiinauteS,
948 3813 1075 3861 suo
1125 3813 1336 3860 sensu
1386 3791 1870 3878 loquebantur,
1924 3790 2231 3859 dicentes
2281 3789 2343 3856 ei
2397 3786 2571 3855 nihil
2608 3782 2807 3884 aliud

227 3881 449 3951 fuisse
487 3901 697 3967 quam
746 3879 930 3965 quod
979 3891 1080 3947 est
1127 3880 1476 3949 humanae
1523 3878 2096 3948 consuetudinis:
2151 3876 2417 3947 scilicet
2462 3896 2674 3962 quem
2707 3894 2808 3940 vi-

222 3981 501 4039 ventem
549 3967 899 4048 dilexerat,
953 3967 1276 4036 eumdem
1326 3979 1682 4036 mortuum
1751 3989 1914 4057 prae
1961 3965 2185 4035 oculis
2252 3964 2482 4033 cordis
2532 3962 2798 4052 cogita-

224 4059 414 4127 tione
463 4056 793 4125 continua
840 4056 1174 4136 versabat,
1213 4066 1277 4125 et
1324 4056 1772 4146 cogitationes
1826 4054 2174 4145 vigilantis
2207 4073 2596 4138 curamque
2636 4049 2807 4118 dile-

223 4144 503 4227 ctionis,
532 4164 743 4231 quam
770 4166 845 4213 er
892 4167 931 4212 a
963 4143 1166 4212 illum
1197 4143 1514 4226 habebat,
1555 4145 2027 4230 sequebantur
2055 4141 2474 4229 hujusmodi
2506 4137 2803 4209 somnia.

220 4240 301 4305 At
350 4235 466 4304 illc
515 4233 807 4301 audiens
904 4254 1045 4308 aec,
1104 4232 1561 4302 nihilominus
1611 4232 1904 4312 sciebat,
1970 4230 2138 4317 quid
2194 4229 2293 4300 vel
2345 4229 2654 4317 qualiter
2704 4225 2811 4323 vi-

220 4324 482 4394 disset:
538 4320 899 4409 magisque
946 4343 1113 4391 suae
1160 4321 1643 4403 conscientiae,
1688 4343 1903 4408 quam
1943 4319 2247 4390 aliorum
2286 4317 2620 4387 credebat
2659 4333 2811 4401 opl-

217 4412 416 4482 nanti
470 4409 924 4498 ignorantiae.
