3327 4999
166 245 422 310 MART.
477 246 560 311 ⁴9
917 264 996 310 na
1044 262 1135 310 ss.
1189 263 1553 315 LANnOAmo
1600 264 1678 310 m·
1723 261 2001 312 Amano
2491 244 2621 310 365

169 342 713 424 concitaverunt,
765 354 842 412 ut
889 344 998 413 sui
1043 344 1395 415 crederent
1438 366 1587 414 esse
1647 343 1980 434 periculi,
2056 342 2381 428 reliquias
2427 341 2551 413 diu
2598 364 2715 413 ne-

168 430 479 590 {lectas'
535 454 689 501 raro
736 431 963 502 adhuc
1031 433 1288 504 honore
1335 433 1666 503 venerari.
1721 436 1943 502 Acclto
1989 453 2150 522 ergo
2223 436 2530 501 Womaro
2577 434 2711 501 Ab·

226 532 377 595 ate.
450 520 616 607 quid
667 521 1013 612 agendum
1085 534 1318 612 putet,
1396 522 1762 592 unanimes
1808 534 2119 590 exorant:
2199 520 2567 611 ipsumque
2623 520 2710 590 ad

170 608 687 680 transferendas
734 610 1059 698 reliquias
1089 610 1287 681 facile
1331 623 1742 684 exorassent.
1796 610 1929 679 nisi
1969 608 2150 698 quod
2191 608 2527 695 quaedam
2576 608 2713 676 im-

169 697 575 800 pedimenta
621 720 787 768 sano
835 700 1105 791 negotio
1149 701 1576 771 obstiterunt.
1608 705 1776 770 Nam
1802 697 2084 786 quidam
2124 697 2416 767 clericus
2446 697 2708 767 Ottonis

156 787 470 879 junioris
518 787 635 875 qui
688 789 962 857 Francis
997 794 1371 889 Imperator
1415 788 1730 880 praefuit,
1787 788 2199 878 praedictam
2239 786 2458 856 sancti
2507 791 2713 856 Bavo·

170 877 294 946 nis
339 876 572 946 villam
609 899 734 946 suo
771 877 919 967 juri
965 877 1279 947 addlcere
1340 877 1824 968 praesumpsit,
1877 898 2166 964 eamque
2206 876 2549 945 dimittere
2599 896 2710 943 ro-

167 977 418 1057 gatuS,
474 988 669 1037 suam
734 988 882 1035 esse
956 966 1220 1035 maluit.
1300 967 1421 1036 Cui
1471 965 1845 1057 injustitiae
1919 971 2295 1057 Imperator
2367 964 2707 1034 contraire

165 1054 508 1135 monituS,
579 1054 759 1125 ultro
805 1055 1186 1135 consensit,
1252 1077 1330 1125 eo
1393 1055 1657 1125 scilicet
1727 1056 2028 1125 devotior
2073 1054 2257 1141 quod
2329 1054 2589 1123 noviter
2634 1054 2706 1121 in

164 1143 669 1213 fraternitatem
720 1143 1007 1213 fratrum
1056 1157 1456 1235 susceptus,
1508 1166 1744 1214 eorum
1794 1145 1996 1214 etiam
2048 1143 2474 1213 orationibus
2519 1154 2712 1210 'com—

158 1231 578 1306 municavit.
633 1237 730 1302 Ita
778 1232 1054 1301 exclusa
1102 1233 1331 1303 clerici
1382 1234 1962 1324 praesumptione,
2019 1237 2083 1301 S.
2137 1237 2311 1300 Bavo
2359 1253 2487 1300 sua
2528 1252 2713 1299 rece-

160 1321 299 1412 pit.
353 1327 561 1389 Tunc
591 1326 967 1411 Imperator
1011 1322 1097 1390 ad
1149 1321 1652 1392 transferendas
1692 1322 2018 1409 reliquias
2046 1342 2324 1410 operam
2364 1320 2526 1388 dare
2550 1340 2703 1389 exo—

168 1422 400 1491 ratUS,
498 1409 801 1499 rivilegio
849 1410 959 1479 sui
993 1410 1293 1481 nominis
1323 1410 1548 1481 locum
1581 1411 1774 1502 prius
1822 1409 1906 1479 ad
1958 1411 2284 1478 honorem
2326 1408 2546 1478 sancti
2592 1413 2715 1477 Ba—

166 1497 380 1568 vonis
466 1497 818 1578 eliberare,
867 1498 1026 1567 dein
1074 1500 1159 1567 ad
1207 1499 1600 1587 exequenda
1644 1499 1930 1578 fratrum
1996 1497 2329 1567 desideria
2386 1496 2534 1587 pari
2588 1497 2709 1569 de-

164 1587 451 1657 votione
520 1588 743 1678 coepit
808 1601 1138 1657 aestuare.
1206 1593 1306 1658 Ita
1370 1601 1646 1679 accepto
1713 1587 2021 1678 ejusdem
2100 1585 2480 1677 privilegio,
2555 1584 2715 1655 data

169 1676 470 1765 insuper
498 1698 537 1744 a
585 1681 769 1766 Papa
813 1681 1075 1745 Joanne
1123 1677 1543 1758 auctoritate,
1598 1699 1759 1768 pars
1798 1677 2083 1746 fratrum
2137 1697 2271 1744 non
2313 1674 2582 1744 modica
2627 1674 2715 1744 ad

168 1764 734 1834 wintershovum
783 1787 1003 1851 usque
1038 1765 1516 1855 proficiscitur,
1568 1779 1633 1836 et
1680 1765 1847 1854 quid
1879 1787 2057 1856 opus
2104 1764 2278 1834 facto
2326 1764 2436 1845 sit,
2479 1786 2558 1832 ex
2605 1785 2717 1832 ar-

168 1854 390 1923 bitrio
438 1853 960 1942 prudentiorum
1011 1866 1358 1943 pensatur.

264 1944 303 2030 §
364 1948 513 2014 12.
567 1948 724 2012 Erat
770 1944 839 2011 in
888 1942 1123 2011 eodem
1177 1942 1534 2033 procinctu
1600 1943 1954 2033 presbyter
1995 1941 2279 2029 quidam
2328 1963 2464 2028 quo
2512 1962 2714 2009 nemo

169 2031 649 2134 praesentium
700 2054 840 2101 rem
878 2031 1127 2101 melius
1174 2044 1471 2112 noverat,
1519 2033 1920 2101 Sarabertus
1969 2031 2271 2108 nomine,
2319 2042 2713 2099 sanctorum

168 2120 435 2190 ibidem
488 2121 824 2190 miracula
869 2142 948 2188 eo
995 2121 1217 2210 magis
1263 2134 1580 2210 expertus
1636 2143 1774 2208 quo
1838 2142 1952 2189 eos
1999 2120 2452 2188 venerabatur
2498 2130 2715 2187 atten—

168 2210 343 2279 tius.
397 2212 594 2277 Hunc
636 2210 844 2279 misso
895 2207 1113 2299 legato
1161 2221 1402 2300 rogant
1447 2209 1707 2278 adesse:
1762 2219 2030 2279 sanctos
2079 2208 2211 2277 sibi
2259 2207 2600 2277 insinuari
2648 2219 2714 2276 et

169 2318 357 2384 quae
406 2297 705 2386 plurima
753 2312 1051 2378 noverat,
1078 2320 1314 2367 eorum
1348 2298 1650 2388 insignia
1690 2297 2007 2366 revelare.
2047 2299 2449 2368 Sarabertus
2480 2319 2516 2366 e
2545 2317 2713 2366 con-

168 2399 323 2455 tra:
357 2386 625 2475 «Signa,
682 2386 927 2472 inquit,
982 2387 1094 2456 hic
1142 2386 1470 2458 divinitus
1516 2400 1689 2468 acta,
1743 2386 1912 2455 adeo
1964 2408 2212 2476 magna
2245 2397 2599 2476 putantur,
2636 2396 2713 2454 ut

169 2474 315 2544 fide
346 2475 671 2544 excedant
716 2476 1171 2558 audientium,
1225 2476 1359 2545 nisi
1405 2476 1587 2563 quod
1638 2498 1807 2547 sana
1854 2474 2025 2546 fides
2065 2474 2236 2544 nihil
2283 2474 2713 2565 impossibile

169 2562 392 2633 credit
434 2564 618 2654 apud
654 2569 892 2634 Deum.
935 2571 1099 2634 Nam
1134 2565 1217 2635 ad
1262 2565 1839 2635 corroborandam
1875 2566 2201 2633 virtutum
2251 2564 2493 2634 seriem
2528 2577 2712 2633 certa

169 2651 428 2721 adsunt
472 2653 956 2743 experimenta,
993 2653 1429 2723 infirmorum
1478 2654 1733 2735 baculi,
1782 2654 2170 2744 repentium
2219 2652 2539 2723 scabella.
2577 2652 2704 2721 Sed

162 2739 333 2828 quia
382 2741 791 2810 convenistis
837 2764 953 2812 eas
1011 2765 1187 2828 quae
1236 2742 1423 2832 apud
1473 2765 1596 2812 nos
1646 2755 1809 2813 sunt
1876 2742 2201 2830 reliquias
2266 2763 2702 2832 cognoscere,

160 2850 253 2899 en
299 2828 425 2898 tria
457 2830 528 2898 in
578 2830 854 2920 publico
904 2831 1157 2899 scrinia
1202 2845 1377 2918 quae
1410 2853 1450 2900 a
1480 2854 1588 2902 me
1635 2832 1877 2901 audire
1923 2831 2200 2922 cupiti5‚
2262 2830 2519 2920 vosipsi
2626 2853 2702 2900 o-

156 2918 304 2989 tius
354 2919 507 2988 visu
555 2931 719 2988 teste
777 2941 898 3008 per
948 2919 1198 2989 endite.
1254 2920 1321 2989 Si
1384 2933 1606 2990 tamen
1669 2943 1748 2991 ea
1794 2943 1970 3008 quae
2017 2920 2104 2990 ab
2161 2919 2571 2990 antecessori
2626 2943 2708 2990 us

161 3030 320 3078 com
379 3019 521 3077 erta
576 3008 814 3089 habac,
929 3007 1167 3077 electat
1215 3008 1284 3077 in
1348 3009 1651 3078 medium
1716 3010 2114 3100 producere,
2170 3008 2287 3078 illo
2335 3010 2405 3077 in
2458 3009 2713 3077 scrinio

158 3118 305 3185 quo
417 3097 622 3167 altius
670 3096 945 3178 eminet,
1030 3097 1207 3166 beati
1280 3097 1654 3166 Landoaldi
1732 3098 2308 3189 archipresbyteri
2358 3099 2710 3188 integrum

160 3207 422 3275 corpus
468 3208 628 3254 cum
697 3186 891 3254 beato
961 3186 1272 3255 Amantio
1317 3185 1605 3256 diacono
1656 3210 1818 3268 suc,
1864 3187 2096 3257 claudi
2162 3187 2420 3258 scitote.
2476 3193 2553 3257 In
2604 3209 2708 3256 se—

159 3274 397 3346 cundo
441 3274 799 3361 eidemque
838 3275 1161 3364 contiguo
1218 3276 1609 3345 continetur
1656 3298 1848 3347 soror
1909 3277 2082 3366 ejus,
2138 3277 2334 3346 beata
2382 3276 2713 3345 vinciana

163 3363 383 3452 virg0,
436 3364 522 3433 ab
581 3363 861 3434 ineunte
923 3386 1086 3433 aevo
1138 3364 1625 3453 integerrima,
1678 3387 1856 3452 quae
1918 3365 2391 3436 blandimenta
2459 3364 2706 3434 mundi

165 3474 545 3542 respuenS,
613 3455 825 3522 Roma
873 3454 1059 3522 hunc
1124 3475 1347 3539 usque
1422 3454 1651 3523 locum
1717 3454 1951 3524 dilecti
2019 3455 2246 3523 fratris
2312 3467 2545 3524 secuta
2609 3464 2711 3522 est

164 3541 477 3630 vestigia.
531 3541 710 3610 Illud
743 3554 970 3611 autem
1022 3542 1227 3632 paulo
1276 3543 1603 3613 remotius
1638 3542 1998 3625 scrinium,
2054 3555 2359 3612 sanctam
2409 3542 2712 3611 continet

160 3629 622 3701 Landradam:
679 3652 855 3716 quae
902 3630 1274 3700 immortali
1334 3653 1587 3722 sponso
1647 3633 1992 3722 copulata,
2045 3644 2275 3701 exacto
2321 3631 2497 3699 vitae
2538 3652 2706 3699 suae

159 3741 402 3796 cursu,
460 3719 867 3808 virginitatis
900 3742 1062 3790 suae
1096 3720 1351 3812 recepit
1393 3742 1792 3791 coronam.»
1826 3721 1954 3805 Qui
2005 3721 2124 3790 ubi
2159 3719 2380 3789 verbis
2409 3719 2567 3789 fecit
2627 3718 2710 3786 fi-

165 3830 354 3888 nem,
394 3806 633 3876 fratres
683 3808 922 3898 majori
952 3808 1652 3879 ardebantdesiderio
1680 3810 1766 3879 ad
1819 3810 2066 3881 scrinia
2119 3809 2461 3889 accedere,
2511 3818 2711 3877 caute

165 3897 457 3987 aperire.
510 3908 573 3966 et
610 3919 786 3983 quae
836 3909 1248 3981 narraverat,
1306 3899 1583 3989 proprio
1634 3899 1785 3968 visu
1834 3919 2265 3988 cognoscere.

258 3988 294 4072 ξ
340 3990 488 4056 13.
544 3990 633 4054 Et
667 3987 1100 4069 accedentes,
1155 3988 1564 4057 invenerunt
1615 3987 2046 4078 epitaphium
2106 3985 2500 4077 dignissimi
2550 4007 2716 4056 con-

164 4072 466 4154 fessoris,
521 4074 605 4143 ad
642 4087 851 4163 caput
897 4075 1119 4165 ipsius
1148 4077 1218 4144 in
1272 4076 1766 4167 pretiosissimo
1802 4097 2141 4145 marmore
2185 4076 2551 4166 diligenter
2594 4075 2711 4144 de—

167 4163 505 4254 scriptum
553 4164 738 4251 quod
790 4177 1011 4233 tamen
1076 4187 1194 4255 per
1246 4165 1479 4234 omnia
1528 4164 1873 4255 perlegere
1933 4166 2376 4251 nequiverant
2424 4175 2714 4254 propter

165 4252 568 4321 incendium
604 4275 1028 4343 paganorum
1081 4252 1243 4322 olim
1277 4254 1557 4335 factum,
1600 4254 1784 4340 quod
1817 4253 1967 4323 ideo
2003 4254 2359 4325 videbatur
2396 4276 2476 4322 ex
2517 4264 2710 4343 parte

166 4340 593 4410 confractum
668 4343 906 4412 fuisse.
984 4342 1205 4433 Igitur
1259 4343 1533 4412 beatum
1610 4342 2082 4415 Landoaldum
2150 4344 2495 4431 vitamque
2561 4340 2713 4429 ejus
