3327 4999
678 335 805 399 324
1196 308 1199 319 ’
1314 349 1392 395 na
1443 350 1498 395 s.
1554 344 1911 395 nanlnssnro
1960 346 2180 395 conon.
2226 345 2424 394 muse.
2762 330 3009 395 MART.
3065 326 3157 396 16

590 431 854 501 solebat
900 428 1224 500 accersiri
1279 439 1347 498 et
1391 428 1653 514 requiri
1717 426 1804 496 de
1879 426 2277 496 monasterii
2317 426 2464 514 jam
2529 425 2695 496 dicti
2744 428 3163 498 necessariis

576 521 827 589 rebus.
895 523 1202 603 Cumque
1249 517 1337 586 ad
1407 515 1822 586 celebranda
1896 515 2261 585 Missarum
2312 514 2651 585 solemnia
2717 516 3018 606 pontifex
3065 517 3159 585 de'

592 626 785 677 more
823 618 1206 696 pararetur,
1261 604 1597 675 accedens
1647 605 1956 694 propiu3‚
2012 616 2091 673 ut
2135 614 2280 672 erat
2326 601 2713 684 familiaris,
2770 605 2998 674 visum
3056 627 3164 675 re-

594 694 772 778 tulit,
826 716 1081 780 aquam
1121 693 1204 762 de
1241 693 1564 761 manibus
1603 691 1813 781 jussu
1845 691 2158 781 ejusdem
2207 691 2363 771 sibi,
2397 703 2475 761 ut
2522 705 3161 781 praemonstratum

593 782 839 861 fuerat,
879 781 1029 850 dari
1079 781 1411 872 poposcit.
1445 786 1524 850 At
1564 780 1682 849 ille
1729 780 1929 868 quasi
1970 780 2406 849 vehementer
2437 792 2824 851 commotus
2870 794 2937 850 et
2989 802 3168 867 quo-

596 869 970 940 dammodo
1002 891 1165 939 suae
1197 868 1756 939 mansuetudinis
1786 868 2067 949 oblitus,
2121 867 2377 958 repulit
2414 889 2454 935 a
2483 890 2557 936 se
2585 867 2938 937 hominem
2974 868 3167 939 velut

593 958 918 1027 delirium
968 969 1034 1028 et
1080 969 1420 1027 amentem
1458 957 1580 1043 qui
1630 958 1925 1027 nesciret
1977 967 2096 1025 aut
2144 978 2282 1025 non
2333 954 2615 1026 vidisset
2661 957 2980 1026 Rhenum
3089 978 3164 1025 ro

596 1047 864 1116 foribus
911 1047 1057 1115 suis
1108 1046 1730 1136 praeterfluentem,
1786 1045 1856 1114 in
1905 1067 2043 1131 quo
2092 1066 2226 1114 non
2276 1042 2497 1114 solum
2536 1045 2759 1133 capite
2797 1058 2861 1114 et
2907 1068 3038 1115 ocu
3076 1046 3158 1126 is,

595 1134 713 1205 sed
776 1147 841 1205 et
889 1146 1023 1203 toto
1076 1145 1300 1224 posset
1346 1155 1654 1223 corpore,
1712 1144 2054 1220 quantum
2103 1131 2342 1212 vellet,
2399 1133 2748 1202 mundari.
2806 1133 3158 1224 Repulsus

596 1222 735 1304 ille,
795 1222 1089 1313 perstitit
1138 1244 1275 1291 non
1325 1222 1730 1291 incredulus
1764 1221 2034 1301 visioni,
2071 1233 2136 1290 et
2184 1243 2224 1289 a
2258 1218 2597 1289 ministris
2634 1220 2944 1309 ejusdem
2983 1242 3165 1311 pon-

597 1311 801 1380 tificis
850 1311 1029 1379 clam
1082 1310 1215 1381 sibi
1263 1310 1447 1396 quod
1485 1311 1778 1400 petebat,
1833 1309 2166 1397 reservari
2199 1306 2520 1377 obtinuit:
2576 1330 2872 1396 moxque
2918 1323 2997 1379 ut
3046 1332 3164 1379 ca-

595 1411 722 1489 put
767 1413 832 1468 et
880 1399 1117 1468 oculos
1168 1420 1248 1468 ex
1296 1421 1477 1484 aqua
1525 1398 1647 1467 illa
1695 1397 2019 1488 perfudit,
2077 1397 2414 1487 integram
2459 1397 2822 1466 sanitatem
2870 1398 3154 1487 recepit.

596 1492 753 1556 Post
806 1486 997 1556 hunc
1045 1486 1385 1572 quaedam
1438 1486 1691 1556 mulier
1736 1508 1914 1573 quae
1981 1485 2199 1555 multo
2247 1496 2555 1585 tempore
2626 1507 2830 1555 caeca
2895 1486 3160 1564 fuerat,

595 1575 821 1643 visum
864 1596 1033 1663 pene
1071 1574 1369 1643 eundem
1409 1574 1598 1644 vidit.
1655 1574 1926 1643 Dictum
1962 1595 2262 1659 namque
2310 1571 2409 1641 illi
2463 1585 2564 1641 est
2592 1574 2841 1659 quodsi
2871 1595 2953 1642 ex
3002 1574 3166 1642 vino

596 1684 733 1750 quo
783 1662 965 1731 idem
1016 1674 1298 1733 sanctus
1350 1661 1464 1731 Dei
1514 1675 1667 1752 post
1716 1660 2054 1731 Dominici
2103 1660 2411 1749 corporis
2443 1673 2509 1729 et
2556 1661 2921 1752 sanguinis
2970 1683 3166 1731 com—

598 1750 1002 1819 munionem
1075 1750 1329 1840 digitos
1390 1750 1475 1819 de
1534 1772 1722 1819 more
1773 1749 2070 1829 lavisset,
2127 1749 2404 1818 sibimet
2450 1749 2689 1818 oculos
2738 1750 3160 1840 intingeret,

598 1838 936 1908 amissum
989 1841 1306 1928 protinus
1355 1837 1589 1907 lumen
1658 1838 2013 1928 reciperet.
2067 1836 2367 1908 Credidit
2423 1835 2583 1918 illa,
2636 1838 2950 1924 dansque
2997 1859 3167 1928 ope-

600 1948 775 2008 ram,
818 1937 898 1996 ut
936 1939 1290 1996 ostensum
1345 1938 1573 2016 posset
1618 1926 2002 1995 remedium
2037 1923 2392 2012 consequi,
2449 1925 2765 2015 protinus
2797 1938 2877 1996 ut
2920 1928 3166 1997 oculos

600 2014 760 2083 vino
810 2014 1108 2097 intinxit,
1164 2014 1399 2082 lumen
1450 2027 1761 2103 optatum
1806 2014 2090 2104 recepit.

688 2104 724 2187 ἓ
783 2108 927 2174 15.
983 2102 1126 2175 Alia
1160 2101 1411 2170 deinde
1459 2103 1734 2182 mulier,
1781 2103 1906 2171 diu
1956 2101 2355 2192 paralytica,
2399 2122 2522 2191 per
2568 2100 2794 2170 visum
2851 2124 3163 2171 commo-

600 2189 747 2258 nita
792 2201 916 2270 est,
973 2200 1320 2277 quatenus
1365 2190 1546 2259 beati
1592 2191 1722 2261 viri
1789 2190 2338 2260 benedictionem
2387 2199 2747 2279 expeteret,
2801 2190 3164 2261 confidens

600 2277 685 2345 de
733 2277 981 2351 virtute
1042 2278 1289 2347 Christi
1336 2278 1521 2366 quod
1572 2301 1696 2368 per
1743 2279 2067 2349 meritum
2115 2278 2295 2347 beati
2363 2277 2711 2366 pontificis
2760 2277 3162 2347 infirmitate

601 2365 957 2455 propulsa,
1012 2366 1373 2437 confestim
1425 2367 1686 2437 sanitas
1761 2366 2177 2436 succederet.
2234 2364 2360 2433 Illa
2410 2364 2583 2433 nihil
2633 2365 3007 2442 dubitans,
3067 2365 3165 2435 vi-

600 2475 841 2524 rorum
892 2454 1219 2524 manibus
1266 2476 1414 2525 sese
1475 2454 1726 2524 deferri
1775 2454 2146 2545 postulavit
2191 2466 2256 2525 et
2303 2475 2503 2523 secus
2551 2453 2730 2533 viam
2782 2454 3154 2535 collocari,

600 2564 737 2629 qua
774 2543 1196 2613 transiturus
1242 2556 1419 2613 esset
1466 2544 1570 2612 vir
1603 2544 1743 2612 Dei.
1808 2548 2045 2630 Itaque
2097 2542 2218 2612 illo
2264 2555 2737 2632 praetereunte
2784 2544 3156 2624 clamavit,

600 2631 1153 2700 benedictionem
1206 2643 1443 2721 petens
1493 2631 1562 2699 in
1617 2630 2242 2700 nomine'Domini.
2297 2634 2372 2698 At
2413 2630 2527 2699 ille
2578 2630 2944 2721 paululum
2993 2632 3167 2701 sub-

601 2719 874 2799 sistenS‚
928 2742 1089 2789 cum
1126 2740 1209 2788 ex
1242 2719 1725 2809 praesentibus
1773 2718 2203 2807 cognovisset
2249 2718 2432 2804 quod
2463 2717 2840 2807 paralytica
2870 2733 3053 2789 esset
3098 2732 3167 2789 et

600 2807 784 2894 quod
837 2807 1387 2877 benedictionem
1426 2806 1825 2896 postularet,
1890 2819 2081 2876 stans
2130 2806 2429 2886 eminus,
2482 2806 2740 2875 elevata
2801 2829 3018 2877 manu
3067 2807 3166 2876 si-

653 2917 823 2964 num
871 2896 1100 2965 crucis
1175 2895 1430 2963 edidit:
1498 2895 1867 2981 statimque
1918 2893 2186 2963 reddita
2234 2894 2496 2963 sanitas
2557 2893 2892 2965 dissoluta
2946 2916 3166 2964 mem-

603 2919 728 3053 {ra
778 2983 1120 3064 solidavit,
1173 2996 1240 3054 et
1284 3004 1462 3070 quae
1509 2982 1809 3052 aliorum
1872 2982 2201 3052 manibus
2248 2981 2523 3051 devecta
2573 2981 2815 3064 suerat,
2862 3005 3161 3074 surgens

602 3071 687 3140 ad
725 3073 1006 3162 propria
1053 3071 1379 3141 remeavit
1426 3070 1823 3140 incolumis,
1861 3074 1961 3139 Ita
2010 3071 2183 3140 miro
2220 3070 2423 3139 modo
2455 3071 2577 3157 qui
2613 3071 2800 3160 apud
2836 3093 2907 3143 se
2955 3072 3168 3142 latere

601 3158 891 3241 volebat,
945 3160 1169 3247 magis
1217 3182 1298 3229 ac
1347 3159 1572 3248 magis
1619 3181 1701 3228 ex
1749 3164 1880 3228 Deo
1925 3158 2346 3228 clarescebat
2390 3170 2456 3227 et
2502 3182 2628 3228 vox
2673 3159 2979 3229 veritatis
3029 3162 3167 3229 im-

601 3247 962 3338 plebatur,
1016 3247 1352 3317 dicentis:
1405 3251 1548 3316 Non
1600 3259 1820 3337 potest
1892 3247 2132 3317 civitas
2180 3246 2512 3316 abscondi
2575 3269 2788 3337 supra
2856 3262 3165 3319 montem

603 3336 860 3426 posita:
927 3347 992 3404 et
1040 3357 1241 3405 nemo
1300 3334 1615 3404 accendit
1665 3335 2021 3404 lucernam
2068 3347 2134 3406 et
2180 3335 2252 3402 in
2301 3335 2705 3405 abscondito
2759 3336 2972 3425 ponit,
3042 3337 3165 3406 sed

606 3446 689 3495 su
743 3445 817 3492 er
864 3422 1388 3504 candelabrum,
1445 3434 1522 3493 ut
1559 3423 1681 3510 qui
1713 3423 2226 3514 ingrediuntur,
2282 3423 2515 3491 lumen
2566 3423 2861 3494 videant.

690 3446 739 3596 ξ
795 3517 948 3584 16.
1002 3510 1384 3597 Aliquando
1432 3511 1719 3598 quidam
1768 3511 2134 3581 familiaris
2195 3510 2491 3580 clericus
2537 3523 2604 3580 et
2659 3512 2731 3580 in
2779 3512 3168 3582 ministerio

602 3598 1005 3685 quotidiano
1053 3599 1509 3680 necessariuS,
1564 3599 1793 3669 valida
1841 3599 2028 3669 febre
2075 3610 2455 3689 correptuS‚
2508 3600 2916 3690 gravissime
2963 3622 3172 3671 vexa·

601 3686 831 3766 batur,
885 3686 980 3756 ita
1028 3699 1105 3757 ut
1144 3709 1318 3777 pene
1365 3710 1405 3757 a
1453 3688 1724 3760 cunctis
1770 3688 1909 3757 vita
1954 3688 2108 3777 ejus
2169 3686 2672 3778 desperaretur.
2727 3693 2883 3757 Erat
2931 3701 3169 3759 autem

603 3786 770 3843 tunc
820 3786 1102 3845 sanctus
1151 3775 1452 3865 pontifex
1499 3798 1658 3846 cum
1698 3780 2117 3866 Imperatore
2147 3776 2218 3844 in
2271 3775 2709 3864 profectione,
2747 3789 2813 3846 et
2857 3774 2943 3845 de
2977 3782 3167 3846 Van-

604 3861 891 3952 gionum
940 3863 1211 3933 civitate
1258 3885 1418 3933 cum
1469 3864 1589 3933 illo
1629 3864 2052 3954 Moguntiam
2081 3862 2668 3953 proficiscebatur,
2724 3864 2991 3935 habens
3025 3866 3171 3936 cle-

606 3950 831 4019 ricum
869 3950 1020 4038 jam
1085 3951 1351 4022 dictum
1409 3974 1643 4021 secum
1698 3952 1769 4020 in
1820 3951 2102 4032 itinere,
2167 3963 2244 4023 ut
2303 3974 2576 4043 semper
2648 3952 2814 4022 soris
2860 3964 2927 4023 et
2976 3954 3175 4026 intus

606 4038 936 4125 obsequio
1006 4039 1316 4130 ejusdem
1383 4038 2045 4109 consuetudinaliter
2109 4040 2455 4110 utebatur.
2508 4045 2675 4110 Cum
2743 4062 2904 4132 ergo
2954 4041 3176 4113 febris

606 4126 808 4196 illum
856 4127 984 4197 iter
1030 4129 1297 4219 agendo
1345 4128 1794 4217 corripuisset
1857 4140 1922 4198 et
2047 4148 2174 4196 ene
2221 4150 2443 4214 usque
2501 4129 2587 4198 ad
2639 4142 2929 4199 mortem
3008 4131 3177 4201 fati-

604 4226 817 4305 garet,
866 4216 1063 4304 patri,
1117 4238 1390 4302 semper
1436 4217 1633 4306 pium
1689 4237 1902 4305 super
1947 4237 1986 4284 a
2065 4216 2235 4288 ictos
2267 4216 2551 4286 habenti
2598 4217 2947 4298 affectum,
3000 4241 3177 4289 cum

607 4303 847 4372 eodem
895 4304 1167 4395 pietatis
1200 4304 1446 4374 affectu
1496 4303 1861 4374 solicitudo
1908 4325 2185 4391 quoque
2244 4303 2610 4374 familiaris
2657 4306 2973 4392 obsequii
3024 4329 3174 4379 non

604 4414 815 4482 parva
881 4414 1004 4484 pro
1078 4404 1381 4484 tempore
1454 4403 1519 4461 et
1584 4413 1656 4461 re
1710 4393 1995 4463 suborta
2057 4403 2182 4464 est.
2254 4393 2552 4464 Accessit
2605 4394 2693 4464 ad
2756 4393 3105 4466 lectulum
3144 4452 3168 4479 ,
