3327 4999
229 327 496 396 MART&-
525 328 612 393 28
2555 331 2682 396 537

967 562 1103 640 DE
1160 561 1288 643 SS.
1335 562 2027 645 MARTYRIBUS

624 827 1008 948 PRISCO,
1083 830 1488 931 MALCHO
1560 829 1680 931 ET
1751 831 2372 934 ALEXANDRO

493 1114 584 1160 Ex
632 1112 927 1161 nlsron.
981 1113 1454 1161 Ecctssmsr.
1509 1114 1816 1160 nussam
1862 1115 2002 1160 mn.
2057 1097 2120 1172 7,
2174 1114 2331 1162 car.
2390 1098 2502 1174 li,

849 1215 1233 1263 inritamina
1271 1216 1512 1264 JOANNE
1549 1215 2145 1264 emusrornonsono

1309 1437 1500 1492 Circa
1542 1439 1696 1492 260.

314 1665 391 1730 In
442 1660 570 1729 hac
619 1659 1114 1750 persecutionis
1173 1659 1368 1730 clade
1418 1683 1628 1747 quam
1699 1671 2023 1749 regnante
2091 1658 2445 1729 Valeriano
2509 1659 2766 1750 passim

224 1771 544 1818 manasse
615 1771 826 1838 supra
897 1748 1440 1818 demonstratum
1510 1761 1657 1828 est,
1714 1762 1847 1819 tres
1914 1749 2042 1817 viri
2091 1750 2178 1819 ob
2236 1771 2461 1818 veram
2522 1748 2770 1818 Christi

223 1837 722 1908 consessionem
762 1838 1126 1926 insigniter
1176 1838 1587 1928 praedicati,
1643 1844 2004 1907 Caesareae
2052 1838 2471 1907 Palaestinae
2524 1836 2770 1907 bestia-

223 1949 381 1996 rum
433 1926 719 1996 rictibus
768 1926 948 1995 velut
1012 1927 1262 2017 praeda
1322 1926 1660 2015 objectati,
1718 1926 1951 1996 divino
1999 1940 2063 1996 et
2101 1926 2374 1995 coelesti
2440 1927 2769 2015 martyrio

223 2038 359 2085 non
399 2016 547 2086 sine
580 2015 876 2084 maxima
924 2016 1517 2087 commendatione
1547 2015 1847 2085 decorati
1895 2014 2196 2085 suerunt.
2237 2021 2540 2097 Quorum
2577 2036 2765 2086 unus

225 2104 503 2173 Priscus
551 2104 940 2184 vocabatur,
1006 2103 1177 2174 alter
1226 2104 1572 2173 Malchus:
1629 2104 1823 2174 tertio
1872 2126 2119 2174 nomen
2169 2117 2314 2173 erat
2367 2102 2760 2173 Alexander.

225 2197 464 2262 Fertur
496 2215 650 2261 vero
697 2193 863 2262 istos
911 2190 1056 2261 ruri
1090 2193 1434 2284 degenteS‚
1476 2193 1774 2283 primum
1828 2193 2090 2282 seipsos
2139 2204 2463 2279 tanquam
2514 2192 2767 2261 inertes

224 2294 290 2351 et
321 2281 593 2353 desides
643 2281 910 2370 probris
943 2282 1250 2351 affecisse
1278 2281 1461 2369 quod
1492 2304 1649 2351 cum
1701 2282 2025 2372 temporis
2059 2280 2535 2371 opportunitas
2572 2303 2768 2370 prae-

229 2370 448 2439 mium
496 2371 670 2439 vitae
733 2383 1045 2440 aeternae
1095 2371 1203 2440 his
1248 2371 1368 2457 qui
1417 2370 1691 2440 coelesti
1750 2371 1901 2461 ejus
1949 2370 2286 2440 desiderio
2334 2370 2754 2461 gliscebant,

225 2459 583 2549 dispertire
633 2459 1016 2541 videretur,
1072 2459 1203 2551 ipsi
1270 2480 1430 2551 prae
1479 2458 1894 2550 negligentia
1953 2460 2253 2547 quadam
2304 2473 2369 2530 ot
2417 2458 2706 2551 segnitie
2741 2514 2757 2540 ,

226 2550 535 2636 martyrii
593 2572 916 2619 coronam
966 2571 1102 2619 non
1170 2550 1731 2640 praeripuissent.
1788 2549 2041 2618 Deinde
2095 2572 2254 2619 cum
2319 2549 2495 2619 inter
2542 2570 2614 2617 se
2669 2549 2766 2618 ita

223 2637 735 2717 deliberassent,
773 2640 1034 2726 absque
1067 2661 1259 2708 mora
1306 2645 1700 2709 Caesaream
1754 2661 1987 2708 versus
2034 2639 2129 2706 ire
2168 2649 2482 2728 pergunt,
2510 2650 2763 2715 extem-

220 2726 336 2818 plo
372 2727 901 2818 proficiscuntur
947 2728 1032 2797 ad
1055 2728 1389 2816 judicem,
1427 2740 1492 2797 et
1522 2729 1673 2818 ejus
1721 2727 1895 2796 vitae
1927 2727 2186 2797 exitum
2234 2726 2355 2814 qui
2398 2748 2615 2818 *supra
2643 2725 2762 2794 de-

221 2830 642 2890 monstratus
673 2829 797 2898 est,
851 2831 1337 2905 assequuntur.

631 3158 757 3257 DE
823 3158 903 3257 S.
973 3157 1605 3260 GUNTRAMNO
1674 3159 2180 3261 FRANCOR.
2257 3160 2349 3260 R.

307 3448 399 3512 De
438 3448 863 3513 Guntramno
912 3456 1145 3514 sancto
1195 3465 1351 3533 rege
1398 3444 1768 3544 Gregorius
1816 3446 2232 3515 Turonensis
2287 3445 2406 3515 lib.
2468 3446 2553 3514 de
2603 3445 2761 3516 Glo-

219 3533 322 3603 ria
370 3538 742 3621 Martyrum
778 3588 793 3608 ,
845 3555 997 3621 cap.
1059 3538 1142 3602 76
1202 3533 1300 3604 sic
1363 3533 1632 3602 scribit:
1696 3556 1732 3599 α
1776 3538 1942 3603 Cum
1993 3547 2220 3604 autem
2284 3539 2761 3604 Guntramnus

217 3643 334 3691 rex
367 3621 460 3691 ita
505 3642 579 3690 se
627 3621 1105 3711 spiritualibus
1151 3621 1539 3691 actionibus
1589 3621 2072 3712 mancipasset,
2118 3635 2195 3692 ut
2242 3622 2497 3692 relictis
2545 3622 2761 3693 seculi

218 3711 517 3802 pompis,
575 3710 930 3782 thesauros
977 3732 1141 3782 suos
1186 3709 1494 3780 ecclesiis
1540 3722 1606 3779 et
1652 3710 2078 3801 pauperibus
2125 3725 2456 3802 erogaret,
2510 3712 2762 3781 accidit

214 3811 314 3881 ut,
371 3800 583 3870 misso
631 3798 1067 3889 presbytero,
1123 3821 1408 3869 munera
1469 3798 1795 3869 fratribus
1852 3801 1972 3886 qui
2021 3800 2287 3871 Sanctis
2333 3801 2762 3890 Agaunensi-

215 3888 412 3958 bus*
458 3888 875 3968 deserviunt,
927 3910 1006 3956 ex
1066 3902 1218 3958 voto
1266 3888 1785 3957 transmitteret:
1836 3888 2273 3988 praecipiens
2320 3889 2752 3980 presbytero,

216 3989 291 4047 ut
320 3977 406 4046 ad
440 3999 600 4048 eum
649 3976 945 4059 redienS,
982 3981 1386 4047 Sanctorum
1422 3976 1556 4046 sibi
1606 3976 1934 4063 reliquias
1979 3977 2326 4048 exhiberet
2368 3978 2494 4068 (a).
2532 4002 2568 4045 »

270 4137 297 4163 *
323 4136 614 4185 matyribus
631 4137 862 4178 Thebaeis
880 4136 928 4175 in
948 4146 1067 4187 pago
1089 4137 1132 4177 S.
1149 4137 1372 4176 Mam-itii.

269 4191 328 4237 (a)
359 4191 523 4231 Ortum
543 4192 743 4231 duxerat
762 4201 788 4229 e
809 4190 1046 4230 omotario
1065 4191 1086 4229 1
1106 4191 1394 4242 Francorum
1412 4190 1554 4240 nege,
1571 4199 1697 4229 anno
1717 4198 1868 4230 nxxv.
1885 4191 2085 4230 Parente
2103 4190 2325 4232 demncto
2340 4192 2658 4241 principatum
2670 4193 2760 4232 Au·

214 4244 530 4284 reliancmem
550 4244 756 4284 obtinuit
782 4255 891 4285 cum
921 4245 1219 4294 Burgundiu
1248 4254 1406 4293 regno.
1435 4244 1601 4284 sedem
1629 4244 1848 4284 Cabillona
1872 4242 2331 4295 (Chamimaum-Saone)
2358 4247 2621 4285 constituit.
2652 4247 2759 4285 Diu·

216 4297 385 4337 tux-nou
407 4307 458 4337 ιο
477 4307 595 4347 peno
615 4299 911 4337 continentes
933 4307 1102 4346 pascus
1121 4300 1194 4338 est
1211 4298 1338 4338 domi
1357 4297 1566 4346 forisque
1586 4298 1813 4337 adversos
1832 4305 1984 4342 cuns.
2001 4307 2122 4347 quon
2141 4298 2328 4348 egregia
2354 4299 2468 4339 tulit
2495 4298 2639 4339 animi
2667 4299 2757 4338 sor·

216 4351 443 4400 mnditia:
472 4352 815 4392 adolescentiae
835 4353 1063 4401 qnondam
1084 4351 1425 4400 excessusjugi
1443 4350 1739 4401 poenitenti&
1765 4352 1970 4398 deflevit,
1998 4354 2261 4401 satagitque
2288 4353 2489 4400 expiare.
2518 4349 2752 4394 Patientia

215 4402 497 4449 humilitate,
515 4406 753 4454 nequitate
773 4415 993 4453 magnus:
1022 4406 1250 4454 obsequio
1272 4415 1383 4456 erga
1401 4406 1661 4446 Ecclesiam
1682 4407 1731 4445 et
1748 4406 1897 4446 divini
1912 4405 2107 4446 honoris
2127 4407 2232 4446 zelo
2244 4405 2507 4456 'piissimum
2528 4407 2583 4446 sd
2602 4404 2756 4446 Domi·

213 4466 330 4498 mun
350 4458 621 4499 beatissime
640 4459 862 4509 migravit
879 4469 1001 4499 anno
1023 4467 1180 4499 nxciu.
