3327 4999
217 310 462 376 MART.
515 310 601 376 25
1018 332 1094 376 m:
1144 332 1198 377 5.
1255 331 1672 381 ΗΕΒΜΕιΑΝυο
1718 333 1962 380 ,tanam
2544 274 2672 381 4533

222 409 494 479 Dimitte
517 409 717 479 nobis
741 410 1145 480 Barabbam:
1173 411 1469 483 latrones
1493 412 2218 504 petieruntlatronem,
2249 413 2617 483 Dominum
2646 438 2765 483 au-

224 511 358 568 tem
409 498 924 569 crucifixerunt.
981 505 1122 570 Non
1179 501 1425 571 virtute
1466 525 1593 573 sua
1627 504 1999 582 vincenteS,
2046 501 2160 572 sed
2194 514 2272 570 ut
2308 502 2767 593 dispensatio-

223 588 334 657 nis
381 601 444 658 et
493 589 888 679 prophetiae
928 590 1303 680 impleatur
1359 592 1702 663 voluntas.
1746 592 1917 661 Dicit
1980 591 2120 661 illis
2168 590 2474 661 Pilatus:
2513 597 2766 684 Regem

225 691 524 748 vestrum
558 678 996 769 crucifigam?
1043 684 1118 749 At
1169 679 1269 749 illi
1322 680 1666 752 dicebant:
1724 686 1853 750 Nos
1911 703 2045 751 non
2097 680 2436 751 habemus
2486 686 2763 771 Regem,

229 768 364 837 nisi
414 772 789 838 Caesarem.
844 769 1362 859 Abnegaverunt
1411 772 1522 840 Dei
1575 792 1890 869 regnum,
1937 782 2002 840 et
2047 769 2276 839 traditi
2328 783 2491 840 sunt
2554 792 2766 862 regno

228 864 717 958 Romanorum:
761 857 927 945 quia
966 858 1146 945 quod
1191 860 1604 940 habuerunt,
1653 882 1787 929 non
1840 859 2357 930 intellexerunt:
2398 860 2550 930 ideo
2579 860 2762 947 quod

229 959 595 1038 petierunt,
649 960 1084 1040 acceperunt.

317 1046 354 1119 ἓ
404 1042 496 1108 6.
544 1043 1045 1107 coronaverunt
1085 1038 1488 1109 crucifixum
1540 1038 1784 1129 spinis,
1838 1038 2234 1109 obtulerunt
2273 1039 2332 1108 ei
2368 1038 2451 1108 sel
2503 1051 2567 1108 et
2606 1061 2758 1108 ace-

227 1140 397 1197 tum.
453 1131 529 1195 Et
577 1127 742 1197 haec
785 1128 932 1219 ipsa
981 1126 1211 1197 futura
1257 1128 1421 1197 olim
1473 1128 1900 1219 praedixerat
1948 1132 2183 1208 Moses,
2225 1126 2500 1197 dicens:
2541 1133 2759 1197 Gene-

234 1216 405 1286 ratio
456 1239 663 1307 prava
711 1229 775 1287 et
820 1239 1230 1307 exasperans
1279 1218 1444 1287 haec
1499 1219 1781 1287 Domino
1830 1217 2234 1286 retribuisti?
2283 1223 2358 1286 Et
2404 1217 2521 1304 qui
2560 1217 2766 1286 dede-

234 1317 339 1375 rat
379 1328 635 1375 manna
676 1306 742 1374 in
780 1307 1070 1386 desert0‚
1109 1307 1268 1376 huic
1321 1318 1394 1376 tu
1441 1306 1530 1376 fel
1576 1308 1809 1377 offers?
1841 1318 1905 1376 et
1950 1306 2069 1393 qui
2118 1306 2203 1376 de
2252 1318 2427 1376 terra
2476 1307 2600 1376 tibi
2648 1307 2768 1376 de-

235 1394 432 1464 licias
487 1395 842 1486 produxit,
902 1408 971 1465 tu
1019 1395 1122 1465 illi
1169 1396 1481 1487 spineam
1539 1395 1841 1487 imponis
1886 1398 2267 1466 coronam?
2315 1395 2473 1466 Ideo
2521 1395 2774 1469 clamat

237 1484 504 1567 IsaiaS‚
559 1485 845 1556 dicens:
901 1485 1206 1555 Sustinui
1281 1497 1357 1553 ut
1403 1485 1649 1555 faceret
1714 1507 1961 1567 uvam,
2014 1484 2170 1554 fecit
2230 1497 2455 1554 autem
2507 1485 2770 1576 spinas.

234 1575 483 1643 Dicunt
528 1574 797 1644 Judaei:
853 1575 1150 1665 Sanguis
1196 1575 1347 1663 ejus
1397 1596 1603 1665 super
1651 1596 1796 1655 nos,
1850 1586 1916 1644 et
1975 1596 2184 1664 super
2231 1572 2410 1643 lilios
2469 1585 2764 1644 nostros:

233 1663 375 1732 illis
426 1662 509 1732 ad
564 1664 1246 1743 condemnationem,
1305 1664 1502 1734 nobis
1550 1677 1774 1734 autem
1822 1663 1907 1733 ad
1957 1664 2544 1754 justificationem.
2603 1669 2773 1732 San-

235 1753 393 1843 guis
436 1754 679 1823 Christi
732 1752 870 1822 illis
916 1753 998 1822 ad
1054 1766 1366 1832 mortem,
1420 1753 1617 1823 nobis
1651 1775 1806 1823 vero
1846 1751 1932 1822 ad
1982 1753 2212 1823 vitam.
2266 1758 2408 1823 Non
2444 1765 2547 1823 est
2582 1752 2767 1822 enim

235 1843 528 1930 sanguis
574 1842 819 1912 Christi
869 1842 1161 1911 deterior
1208 1842 1575 1930 Babylonio
1622 1843 1803 1933 igne.
1882 1841 2002 1911 Ille
2065 1841 2193 1913 scit
2257 1855 2650 1912 sanctorum
2704 1842 2773 1910 in

234 1932 511 2000 camino
559 1932 892 2002 honorare
940 1954 1251 2022 corpora,
1305 1943 1369 2000 et
1417 1931 1789 2001 Chaldaeos
1825 1931 2255 2001 comburere:
2312 1943 2573 2018 quanto
2624 1954 2773 2000 ma-

237 2021 344 2109 gis
395 2021 679 2110 sanguis
710 2020 823 2090 ille
858 2021 1397 2111 pretiosissimus
1445 2022 1569 2091 scit
1606 2021 1901 2111 'perdere
1949 2019 2361 2100 incredu105‚
2410 2031 2476 2089 et
2507 2019 2774 2090 salvare

239 2108 509 2178 fideles?
557 2110 788 2179 Decuit
834 2111 1019 2180 enim
1069 2109 1504 2201 splendorem
1556 2110 1791 2180 Crucis
1829 2110 2197 2180 obcaecare
2244 2109 2558 2180 infideles
2592 2122 2657 2179 et
2689 2108 2773 2178 il-

238 2197 583 2267 luminare
645 2198 1043 2269 credentes:
1099 2200 1242 2269 sola
1295 2200 1478 2268 enim
1530 2200 1775 2270 Christi
1824 2222 1990 2269 crux
2036 2212 2137 2269 est
2171 2255 2186 2281 ,
2239 2221 2417 2287 quae
2463 2198 2777 2268 dissolvit

239 2290 577 2368 tenebraS,
622 2300 686 2356 et
720 2311 1010 2378 regnum
1050 2289 1463 2359 daemonum
1515 2289 1900 2379 dissipavit,
1938 2301 2004 2359 et
2031 2311 2271 2359 omnes
2304 2301 2593 2359 terrores
2634 2310 2777 2357 ma-

239 2376 655 2465 lignantium
724 2376 1053 2458 abstulit,
1108 2401 1276 2448 crux
1324 2380 1753 2448 sanctitatem
1807 2378 2152 2468 providit,
2205 2400 2371 2447 crux
2424 2378 2620 2447 nobis
2670 2378 2766 2448 sol

234 2464 542 2551 justitiae
592 2464 766 2538 facta
815 2479 947 2549 est,
1009 2481 1082 2538 ut
1130 2467 1502 2539 illuminati
1555 2467 2029 2539 misericordia
2074 2468 2245 2558 ejuS‚
2305 2466 2775 2559 glorificemus

238 2561 502 2713 Katrem
538 2611 556 2636 ,
612 2570 676 2626 et
725 2556 1012 2638 Filium,
1088 2571 1152 2629 et
1195 2563 1523 2652 §anctum
1578 2558 1905 2648 Spiritum
1959 2557 2029 2627 in
2077 2557 2305 2627 secula
2356 2556 2771 2640 seculorum,

292 2667 471 2714 men.

521 2912 605 3012 s,
673 2910 1350 3012 HERMEtANm
1421 2911 1991 3014 ANTassNsis
2059 2853 2494 3013 ABB'A'HS

381 3155 551 3201 VITA
602 3155 983 3203 GRAVITER
1031 3158 1118 3203 ET
1167 3157 1360 3204 BONA
1410 3157 1584 3204 FIDE
1630 3157 1718 3204 AB
1766 3157 2125 3206 ANONYMO
2182 3156 2648 3206 CONSCRIPTA

539 3263 896 3320 ALIQUANTO
946 3265 1237 3312 LATINIUS
1289 3262 1662 3321 PLERUHQUE
1710 3266 1900 3312 ETIAM
1950 3265 2496 3314 PARAPHRASTICOS

677 3367 752 3414 ET
785 3368 1079 3415 INTERDIU
1116 3367 1480 3416 ASTRICTIUS
1512 3368 1850 3416 EXPRESSIT
1889 3368 2076 3416 LAUR.
2118 3369 2345 3417 SURIUS

801 3536 997 3592 Anno
1037 3534 1352 3604 migravit
1390 3535 1516 3590 '720
1558 3564 1636 3576 -
1678 3536 1834 3592 Nat.
1881 3536 2211 3592 Francus.

324 3721 360 3805 ἓ
392 3724 468 3792 1.
514 3723 682 3788 Cum
706 3718 851 3809 jam
889 3730 1024 3789 toto
1049 3719 1210 3790 orbe
1240 3741 1429 3808 reges
1458 3718 1782 3809 permulti
1811 3719 2072 3790 Christo
2107 3739 2356 3788 nomen
2390 3716 2770 3800 dedissent,

233 3822 297 3877 et
345 3807 516 3879 fides
563 3807 898 3878 catholica
936 3821 1138 3894 atque
1189 3808 1485 3879 veritatis
1536 3808 1980 3896 Evangelicac
2016 3808 2151 3889 lux,
2196 3807 2419 3898 pulsis
2450 3828 2771 3877 errorum

152 3953 155 3957 i
240 3897 566 3979 tenebris,
619 3898 688 3965 in
740 3897 930 3966 omni
976 3898 1233 3967 ditione
1301 3897 1572 3966 Clotarii
1642 3898 1819 3986 regis
1878 3901 2291 3966 Francorum
2347 3896 2563 3966 multa
2614 3919 2785 3998 pace

233 3987 614 4067 frueretur,
670 3986 1170 4057 Hermelandus
1217 3988 1261 4024 *-
1310 3986 1498 4076 apud
1564 3986 2138 4076 Noviomagenscs
2183 3985 2252 4021 *¹*
2320 3985 2784 4057 nobiliss1mis

239 4076 646 4166 parentibus
688 4088 878 4146 ortus
926 4088 1067 4146 est:
1122 4074 1574 4163 nobiliterque
1620 4075 2001 4155 educatus,
2055 4096 2215 4144 cum
2310 4097 2647 4155 eneroso‚
2704 4086 2784 4145 ut

233 4166 505 4247 assolet,
559 4164 791 4234 animo
825 4176 1026 4252 atque
1061 4164 1335 4257 ingenio
1371 4164 1675 4257 polleret.
1718 4164 1933 4235 literis
1972 4164 2249 4234 imbuen
2303 4188 2410 4247 us,
2459 4188 2498 4233 a
2531 4185 2778 4256 paren-

235 4253 420 4324 tibus
492 4253 749 4325 scholis
819 4255 1173 4326 adhibitus
1239 4268 1362 4325 est.
1441 4254 1546 4325 Ibi
1613 4266 1757 4326 tum
1825 4254 1943 4323 ille
2013 4266 2313 4324 caeteros
2378 4267 2783 4326 coaetaneos

294 4417 317 4443 ’Υ
348 4418 391 4457 Β.
412 4417 604 4457 Abbatts
625 4428 794 4458 nomen
815 4419 944 4458 varie
964 4419 1180 4458 scribunt
1201 4419 1637 4469 pronunciantque:
1669 4419 1883 4472 Erblaud,
1900 4419 2088 4464 Erblmc,
2108 4419 2307 4462 Erblain.

297 4470 353 4498 *²⁸³
382 4472 438 4511 In
459 4472 700 4513 territorio
720 4473 861 4515 Urbis
884 4471 1098 4514 Novibmi
1118 4473 1241 4524 (gall.
1262 4474 1446 4523 Nonou).
