3327 4999
234 306 477 371 MART.
538 309 619 373 ’16
950 328 1027 373 ΒΕ
1077 330 1133 375 s.
1193 328 1543 375 namnsnro
1593 328 1817 375 COLON.
1872 328 2068 377 EPJSC.
2114 356 2122 363 -
2571 315 2687 378 331

232 421 590 498 peccatum
642 431 873 479 meum
925 433 1268 501 cognosco
1303 466 1317 491 ,
1372 432 1498 480 nec
1547 411 1854 501 amplius
1925 412 2180 482 addam
2229 413 2579 484 adversari
2634 428 2792 485 tuae

230 498 601 566 sanctitati.
642 522 677 564 »
728 499 850 566 His
898 499 1126 578 dictis,
1172 499 1385 569 semel
1436 510 1500 569 et
1552 500 1799 568 iterum
1850 523 1930 570 ac
1982 503 2176 570 tertio
2246 517 2558 572 sanctum
2615 525 2789 593 pon-

235 585 489 684 tificem
540 586 986 656 deosculatus
1033 599 1159 656 est.
1214 587 1518 657 Profecto
1559 591 2075 677 Imperatorem,
2130 591 2422 680 dignum
2459 603 2525 658 et
2569 591 2788 661 eccle·

231 674 591 744 siasticum
642 675 871 744 virum
899 731 914 755 ,
957 689 1037 744 ut
1082 688 1226 744 erat
1266 676 1605 756 eruditus,
1657 687 1723 744 et
1771 675 2131 746 literarum
2193 678 2482 747 scientia
2519 679 2606 747 ad
2656 701 2793 749 un-

230 784 440 851 guem
490 762 835 853 perfectus
866 818 881 843 ‚
935 764 1257 833 arbitrari
1316 764 1471 832 licet
1518 764 1859 855 evangelii
1907 787 2284 836 memorem
2333 766 2548 835 fuisse
2583 820 2599 847 ,
2664 768 2790 837 ubi

225 851 507 1007 primus
553 856 600 919 Α
655 850 1031 921 ostolorum
1081 858 1320 921 Petrus
1369 853 1590 921 trinae
1638 853 2026 943 negationis
2074 854 2351 945 culpam
2381 908 2400 934 ‚
2458 854 2640 923 trina
2688 856 2796 924 di-

254 939 550 1007 ectionis
644 939 844 1009 elevit
890 940 1344 1021 confessione,
1399 940 1596 1010 tertio
1631 942 2082 1031 respondens:
2148 950 2240 1012 Tu
2285 945 2436 1023 δαῖε,
2489 945 2788 1025 Domine,

224 1029 396 1118 quia
446 1051 597 1097 amo
647 1039 708 1097 te
763 1027 991 1116 (Jocm.
1047 1028 1205 1118 xx1).
1264 1027 1558 1098 Pulchre
1615 1030 1830 1117 igitur
1876 1042 1942 1099 et
2000 1030 2210 1120 digne
2267 1031 2530 1099 trinum
2599 1030 2791 1100 dedit

223 1116 552 1187 osculum
609 1116 999 1185 dilectionis
1046 1127 1110 1186 et
1174 1117 1366 1206 pacis
1396 1172 1412 1197 ‚
1467 1118 1598 1187 sub
1649 1117 2039 1187 testimonio
2089 1130 2365 1188 sanctae
2412 1119 2786 1189 Trinitatis:

222 1217 435 1289 atque
476 1205 604 1273 hac
653 1204 1022 1273 dulcedine
1083 1205 1344 1295 gratiae
1382 1215 1447 1275 et
1496 1205 1803 1287 lionoriS,
1859 1207 2261 1295 praeteritae
2330 1206 2793 1276 infestationis

223 1293 772 1362 amaritudinem
831 1294 1204 1382 superavit.
1258 1299 1390 1362 Nec
1440 1307 1774 1373 moratuS,
1843 1295 2065 1363 virum
2129 1295 2275 1375 Dei,
2320 1296 2466 1385 jam
2519 1295 2791 1366 amicus

222 1381 564 1462 amicum,
629 1403 842 1472 prope
890 1402 963 1449 se
1011 1382 1312 1450 residere
1374 1382 1554 1451 fecit.
1618 1388 1800 1451 Haec
1857 1383 2164 1453 videntes
2212 1383 2613 1462 adversarii,
2672 1383 2794 1470 qui

224 1470 434 1555 quasi
486 1483 759 1570 tempus
818 1481 1288 1558 opportunum
1349 1471 1555 1551 nacti,
1610 1471 1975 1540 adversum
2038 1470 2238 1539 illum
2301 1483 2787 1552 convenerant,

224 1580 534 1644 suasque
583 1559 704 1626 diu
757 1556 1034 1647 linguas
1081 1558 1163 1626 ad
1223 1558 1700 1628 accusandum
1753 1572 2104 1640 acuerant,
2141 1559 2438 1639 confusi,
2478 1560 2795 1648 protinus

226 1645 303 1713 in
353 1646 587 1735 fugam
640 1647 951 1716 conversi
989 1658 1173 1715 sunt.
1228 1650 1305 1714 At
1338 1669 1497 1716 vero
1539 1648 1787 1716 caeteri
1839 1648 2338 1716 benedicebant
2393 1648 2788 1728 Dominum,

223 1736 584 1803 veritatem
653 1735 1183 1825 magnificantes
1252 1736 1645 1825 Scripturae
1694 1736 2028 1805 dicentis:
2099 1739 2273 1819 Quia
2325 1760 2436 1805 cor
2486 1738 2665 1825 regis
2723 1738 2797 1804 in

228 1845 441 1891 manu
504 1826 626 1892 Dei
674 1834 767 1891 est
819 1824 1045 1912 (Pr-ov.
1103 1823 1261 1910 xxi).

326 1914 363 1998 ξ
414 1917 568 1983 25.
642 1917 771 1979 Nec
822 1923 1186 1981 contentus
1235 1911 1364 1979 bac
1415 1911 1874 1982 satisfactione
1925 1934 2039 1981 rex
2091 1912 2456 2002 religiosus
2489 1965 2504 1992 ,
2561 1911 2794 1980 adhuc

231 1999 321 2068 de
360 2000 629 2089 judicio
677 1999 912 2070 divino
959 2013 1104 2069 erat
1149 1998 1486 2068 solicitus,
1570 2001 1834 2069 Etenim
1886 2001 1978 2081 is,
2034 2000 2102 2068 in
2152 2023 2360 2086 quem
2428 2014 2790 2089 peccatum

228 2088 510 2173 aliquod
564 2087 1019 2158 commissum
1068 2100 1201 2166 est,
1261 2099 1709 2178 praeceptum
1757 2089 2038 2174 quidem
2094 2089 2191 2157 vel
2243 2088 2617 2157 consilium
2668 2088 2793 2155 ha—

229 2177 350 2246 het
402 2176 919 2265 evangelicum,
972 2188 1050 2246 ut
1108 2176 1418 2264 peccanti
1477 2178 1548 2245 in
1600 2198 1671 2247 se
1717 2198 1799 2245 ex
1845 2176 2051 2245 corde
2098 2199 2225 2245 suo
2273 2176 2608 2244 dimittat:
2665 2174 2785 2244 sed

227 2265 463 2333 adbuc
511 2264 860 2334 timendus
894 2277 994 2335 est
1041 2265 1180 2345 ille,
1226 2265 1349 2350 qui
1397 2264 1615 2355 legem
1670 2264 1882 2342 dedit,
1925 2264 2187 2350 quique
2209 2286 2342 2419 {er
2380 2264 2791 2353 prophetam

231 2352 446 2421 dixit:
489 2354 620 2432 Qui
662 2355 883 2444 lanqit
935 2376 1071 2432 vOS,
1127 2355 1348 2441 tanqz't
1386 2356 1735 2443 ¹pupillam
1769 2356 1955 2422 oculi
1999 2355 2137 2422 mei
2177 2353 2204 2441 (
2265 2353 2416 2422 ach.
2453 2367 2552 2433 ιι).
2607 2358 2790 2420 Bene

232 2463 400 2530 ergo
446 2441 779 2521 solicitus,
818 2454 885 2512 et
933 2441 1297 2532 praeterita
1345 2441 1905 2512 reconciliatione
1954 2462 2090 2511 non
2141 2452 2530 2520 contentus,
2588 2452 2788 2510 nocte

230 2531 571 2616 sequenti,
627 2530 843 2600 finitis
894 2532 1390 2601 matutinorum
1443 2531 1825 2611 solemniis,
1865 2542 2222 2619 assumpto
2271 2550 2413 2599 uno
2450 2551 2531 2597 ex
2581 2527 2786 2596 cleri·

228 2619 378 2698 cis.
435 2619 617 2687 idem
672 2624 1052 2708 Imperator
1096 2618 1504 2688 cubiculum
1557 2620 1781 2688 sancti
1832 2618 2181 2708 pontificis
2229 2618 2414 2686 adit:
2479 2615 2599 2686 sed
2651 2636 2791 2683 non

228 2707 331 2776 ibi
378 2709 871 2794 quiescentem,
927 2729 1166 2776 verum
1219 2707 1289 2775 in
1342 2706 1655 2794 proximo
1710 2713 1775 2776 S.
1811 2706 2102 2775 ,Ioannis
2149 2705 2446 2775 oratorio
2495 2702 2796 2793 vigilan-

230 2808 396 2875 tem,
453 2809 529 2865 ut
577 2796 862 2875 solebat,
917 2808 982 2864 et
1027 2795 1460 2864 orationibus
1527 2795 1963 2864 insistentem
2019 2795 2295 2894 reperit.
2351 2793 2675 2862 Protinus
2723 2813 2792 2860 a·

226 2884 454 2973 bjecta
500 2884 891 2973 chlamyde,
929 2883 1074 2953 solo
1123 2896 1380 2953 stratus
1418 2896 1575 2952 ante
1622 2883 1836 2982 pedes
1883 2883 2057 2972 ejus,
2095 2905 2169 2951 ιη
2220 2881 2472 2972 spiritu
2505 2879 2798 2949 humili-

228 2972 392 3042 tatis
438 2984 503 3041 et
550 2973 619 3040 in
671 2972 906 3041 animo
978 2973 1272 3041 contrito
1320 2993 1393 3040 se
1453 2971 1716 3061 suscipi
1836 2970 2136 3051 ostulat,
2191 2983 2256 3039 et
2301 2991 2384 3038 ea
2435 2980 2791 3058 potestate,

224 3082 439 3148 quam
477 3060 949 3130 sacerdotibus
999 3060 1145 3129 suis
1196 3060 1530 3128 Dominus
1576 3073 1787 3128 contu
1823 3059 1892 3139 it,
1932 3058 2200 3127 veniam
2254 3058 2388 3129 sibi
2434 3057 2586 3124 dari
2628 3077 2800 3123 cun-

228 3160 499 3217 ctorum
535 3204 549 3230 ,
602 3170 780 3235 quae
828 3148 898 3216 in
952 3148 1185 3237 ipsum
1234 3148 1699 3217 commiserat.
1755 3152 1885 3216 Nec
1939 3159 2246 3215 moratus
2293 3143 2794 3235 omnipotentis

232 3237 352 3304 Dei
400 3236 733 3317 sarnuluS,
787 3241 1281 3325 Imperatorem
1344 3247 1768 3323 prostratum
1799 3257 1840 3304 a
1879 3247 2056 3303 terra
2104 3233 2457 3312 sublevat,
2497 3247 2562 3302 et
2597 3233 2801 3300 abso-

232 3325 407 3394 lutio
454 3326 702 3414 culpae
750 3325 1134 3393 secundum
1186 3324 1398 3392 fidem
1449 3324 1630 3412 regis
1678 3323 1751 3390 in
1801 3323 1990 3392 coelo
2038 3335 2103 3391 et
2150 3322 2220 3390 in
2274 3333 2452 3390 terra
2514 3331 2795 3410 peracta

232 3426 360 3484 est.
415 3419 572 3483 Erat
618 3426 846 3482 autem
900 3413 1028 3482 hoc
1079 3433 1273 3482 servo
1323 3412 1599 3480 Domini
1648 3410 1928 3479 initium
1980 3409 2441 3499 sempiternae
2485 3407 2799 3479 consola·

235 3501 468 3582 tionis,
521 3502 781 3591 quippe
827 3501 950 3586 qui
999 3500 1086 3568 de
1135 3500 1263 3570 ista
1311 3499 1485 3567 valle
1519 3499 1984 3588 lacrymarum
2028 3498 2343 3587 protinus
2378 3516 2802 3568 ascensurus

234 3599 383 3659 erat
429 3590 513 3658 ad
567 3589 903 3681 gaudium
956 3588 1233 3657 divinae
1278 3587 1586 3657 visionis.
1625 3587 1892 3657 Etenim
1945 3587 2074 3655 hoc
2122 3585 2304 3654 idem
2342 3585 2444 3653 vir
2492 3583 2794 3662 Domini,

238 3678 581 3746 revelante
631 3677 762 3748 sibi
815 3677 1090 3766 spiritu,
1149 3697 1634 3765 praenoscenS,
1699 3675 1797 3743 ait
1846 3675 1914 3742 in
1965 3674 2085 3742 illo
2136 3684 2398 3743 secreto
2433 3673 2615 3741 inter
2643 3692 2800 3740 cae-

236 3780 384 3836 tera
432 3766 515 3835 ad
566 3765 887 3835 eumdem
941 3770 1481 3855 Imperatorem:
1535 3787 1570 3852 5<
1628 3762 1907 3832 Noveris
1953 3761 2379 3841 certissime,
2432 3762 2599 3847 quia
2649 3769 2804 3847 post

237 3855 625 3925 discessum
686 3864 1025 3930 nostrum,
1088 3874 1224 3938 quo
1276 3874 1465 3922 nunc
1513 3851 1883 3941 separandi
1950 3871 2244 3930 sumuS,
2301 3862 2570 3919 nostras
2619 3847 2802 3916 invi-

238 3965 391 4013 cem
457 3941 665 4011 facies
718 3942 867 4031 jam
918 3942 990 4010 in
1052 3942 1182 4010 hoc
1232 3941 1466 4010 seculo
1508 3960 1946 4026 nequaquam
1979 3937 2441 4007 videbimus»
2507 3943 2596 4005 Eo
2660 3957 2809 4004 ma—

239 4033 347 4123 gis
397 4036 779 4121 Imperator
825 4029 1030 4098 corde
1092 4040 1598 4120 compunctuS,
1656 4028 1904 4097 iterum
1967 4026 2039 4093 in
2087 4024 2450 4115 amplexus
2497 4037 2563 4094 et
2612 4024 2682 4093 in
2732 4044 2809 4092 o·

239 4119 437 4191 scula
485 4118 646 4198 ruit,
702 4119 875 4187 flens
911 4117 1163 4207 pariter
1193 4130 1257 4186 et
1288 4130 1538 4185 cuncta
1572 4136 1746 4205 pene
1783 4113 2118 4194 membra,
2160 4134 2411 4183 manus
2444 4124 2510 4183 et
2535 4112 2801 4191 oculOS,

237 4207 498 4277 collum
549 4228 825 4293 quoque
876 4206 1028 4277 lixis
1076 4205 1484 4274 demulcens
1531 4203 1813 4272 osculis.
1871 4207 2012 4270 Hoc
2060 4201 2262 4281 fact0,
2316 4202 2497 4270 clam
2548 4200 2635 4268 ad
2684 4221 2806 4297 cu3-

238 4296 554 4365 biculum
609 4295 847 4376 rediit,
904 4306 1237 4363 moestam
1293 4304 1657 4382 reportans
1708 4291 2117 4360 memoriam
2170 4289 2576 4379 prophetiae
2622 4287 2805 4355 beati

236 4385 393 4466 viri,
448 4405 659 4473 quam
710 4396 775 4452 et
824 4382 1293 4473 postmodum,
1342 4380 1637 4480 transitu
1675 4379 1990 4470 ejusdem
2041 4379 2532 4466 subsequente,
2568 4394 2803 4444 veram
