3327 4999
685 343 815 409 ⁴82
1447 425 1452 434 .
1496 359 1577 405 mi
1626 358 1684 407 s.
1737 358 2052 408 cusanam
2096 360 2263 407 mu
2770 340 3014 406 MART.
3068 340 3143 405 ⁴2

590 440 898 527 virisque
946 437 1403 509 morientibus
1451 438 1656 507 multi
1703 439 2122 509 conveniunt
2156 438 2279 526 qui
2323 459 2568 507 eorum
2617 438 2963 528 proximos
2993 458 3145 507 con·

592 528 957 599 solentur:
1008 526 1249 597 eadem
1302 525 1495 606 hora,
1551 527 1704 613 ejns
1734 528 1993 597 exitum
2047 527 2564 618 praestolantes,
2619 527 2866 596 viriae
2911 526 3146 595 foemi-

594 639 725 686 nae
775 615 1106 685 lectulum
1158 614 1787 695 circumsteterunt,
1842 616 2020 685 inter
2065 638 2241 702 quas
2281 628 2501 707 mater
2531 636 2805 702 quoque
2855 636 3003 682 mea
3038 613 3150 682 ad-

593 704 748 774 suit.
806 708 972 774 Cum
1009 702 1238 771 subito
1287 723 1570 773 sursum
1621 703 1741 773 illa
1789 705 2206 793 respiciens,
2263 708 2502 773 Jesum
2553 704 2937 772 venientem
2989 701 3153 772 vidit

596 805 662 862 et
709 814 869 861 cum
932 813 1039 859 ma
1099 812 1187 859 na
1234 789 1837 874 animadversione
1894 792 2118 882 coepit
2156 793 2772 862 circumstantibus
2827 790 3146 871 clamare,

599 881 864 950 dicens:
919 883 1053 949 Rec
1099 879 1259 958 dite,
1328 879 1666 961 recedite,
1719 887 1923 950 Jesus
1972 881 2179 949 venit.
2227 884 2536 967 Cumque
2582 880 2654 949 in
2705 901 2863 949 eum
2939 879 3153 948 inten-

595 969 786 1038 deret
832 989 1038 1055 quem
1081 967 1376 1048 videbat,
1416 979 1654 1038 sancta
1688 969 1807 1038 illa
1855 969 2090 1038 anima
2116 991 2322 1038 carne
2371 969 2597 1038 soluta
2643 980 2769 1037 est.
2809 970 3151 1054 Tantaque

594 1057 825 1128 subito
880 1056 1260 1146 fragrantia
1292 1056 1448 1123 miri
1483 1056 1717 1127 odoris
1756 1078 2037 1147 aspersa
2067 1068 2191 1136 est,
2239 1067 2318 1126 ut
2358 1057 2510 1147 ipsa
2540 1078 2818 1143 quoque
2852 1057 3149 1126 suavitas

594 1145 865 1215 cunctis
897 1144 1305 1225 ostenderet,
1361 1144 1502 1213 illic
1550 1156 1902 1215 auctorem
1938 1145 2297 1215 suavitatis
2327 1145 2619 1214 venisse.
2666 1149 2976 1230 Cumque
3005 1165 3147 1212 cor-

596 1254 731 1323 pus
777 1234 928 1322 ejus
958 1255 1037 1300 ex
1074 1255 1263 1302 more
1313 1245 1746 1303 mortuorum
1781 1233 1869 1302 ad
1923 1233 2297 1302 lavandum
2353 1244 2531 1303 esset
2581 1232 2953 1313 nudatum,
3009 1231 3151 1300 lon-

594 1343 722 1423 gae
769 1320 1100 1390 orationis
1147 1323 1326 1401 usu,
1379 1320 1450 1389 in
1519 1321 1776 1391 cubitis
1820 1322 1973 1410 ejus
2018 1333 2083 1390 et
2129 1321 2427 1412 genibus
2495 1320 2924 1390 camelorum
2977 1341 3153 1390 more

594 1423 873 1479 inventa
912 1422 1015 1478 est
1060 1409 1397 1479 obdurata
1443 1409 1624 1479 cutis
1670 1410 2089 1479 excrevisse:
2145 1423 2210 1479 et
2254 1409 2421 1496 quid
2477 1409 2708 1478 vivens
2754 1410 2910 1498 ejus
2957 1407 3151 1498 spiri-

595 1508 708 1568 tus
756 1518 1031 1587 semper
1076 1498 1313 1585 egerit,
1352 1510 1623 1566 mortua
1648 1520 1809 1568 caro
1844 1499 2242 1569 testabatur.
2299 1503 2477 1567 Haec
2512 1497 2738 1566 autem
2779 1509 2973 1597 gesta
3004 1505 3154 1568 sunt

593 1597 753 1655 ante
802 1585 1141 1654 Dominici
1189 1584 1445 1655 Natalis
1492 1585 1705 1654 diem.
1760 1592 1906 1668 Quo
1957 1599 2323 1666 transacto,
2383 1608 2539 1655 mox
2572 1584 2998 1655 Aemilianae
3054 1604 3151 1653 so-

595 1674 739 1743 rori
774 1695 940 1743 suae
989 1695 1112 1764 per
1165 1673 1500 1742 visionem
1563 1685 1941 1744 nocturnae
1998 1674 2408 1744 visitationis
2465 1674 2814 1764 apparuit,
2870 1673 3150 1742 dicens:

592 1763 783 1843 Veni,
819 1772 896 1832 ut
940 1761 1104 1848 quia
1137 1761 1441 1830 Natalem
1477 1762 1912 1831 Dominicum
1964 1764 2113 1832 sine
2162 1775 2224 1832 te
2262 1761 2413 1842 feci,
2451 1762 3157 1851 sanctamvl'beopha-

595 1851 785 1919 niam
825 1851 973 1941 jam
1026 1862 1252 1920 tecum
1303 1849 1576 1918 faciam.
1632 1851 1754 1920 Cui
1805 1851 1921 1919 illa
1959 1851 2299 1940 protinus,
2344 1851 2429 1919 de
2470 1850 2857 1920 Gordianae
2906 1849 3156 1920 sororis

594 1959 762 2007 suae
809 1938 1032 2007 salute
1080 1938 1369 2017 solicita,
1425 1939 1804 2027 respondit:
1843 1944 1920 2008 Et
1953 1941 2009 2008 si
2045 1939 2188 2009 sola
2240 1939 2460 2016 venio,
2501 1938 2917 2009 Gordianum
2976 1959 3157 2008 soro·

594 2048 739 2096 rem
793 2042 1100 2096 nostram
1150 2027 1266 2096 cui
1325 2026 1647 2096 dimitto?
1695 2027 1816 2096 Cui
1880 2026 2055 2097 tristi
2104 2028 2303 2097 vultu
2362 2028 2611 2096 iterum
2680 2027 2893 2097 dixit:
2974 2025 3150 2116 Veni.

596 2114 942 2185 Gordiana
989 2114 1242 2183 etenim
1296 2135 1488 2185 soror
1561 2127 1795 2184 nostra
1846 2115 2024 2183 inter
2097 2115 2309 2185 laicas
2367 2115 2694 2205 deputata
2758 2129 2885 2185 est.
2946 2120 3159 2197 Quam

592 2203 928 2274 visionem
981 2225 1139 2272 mox
1187 2202 1501 2272 molestia
1541 2204 1852 2293 corporis
1881 2215 1986 2273 est
2042 2216 2299 2285 secuta,
2353 2217 2560 2291 atque
2606 2204 2723 2283 ita,
2762 2215 2840 2271 ut
2897 2202 3156 2273 dictum

592 2289 838 2371 suerat,
894 2303 1051 2361 ante
1087 2291 1482 2360 Dominicae
1529 2291 1988 2382 apparitionis
2036 2291 2244 2373 diem,
2280 2292 2519 2361 eadem
2567 2291 2884 2362 molestia
2936 2293 3159 2392 ingra-

593 2390 930 2460 vescente,
984 2377 1308 2449 defuncta
1356 2390 1480 2449 est.
1515 2380 1857 2449 Gordiana
1905 2390 2135 2449 autem
2188 2401 2345 2450 mox
2378 2393 2454 2450 ut
2489 2379 2706 2450 solam
2744 2398 3157 2449 remansisse

598 2489 671 2539 se
720 2468 1008 2560 reperit,
1061 2468 1214 2569 ejus
1263 2467 1575 2557 pravitas·
1609 2467 1947 2539 excrevit:
2000 2480 2065 2538 et
2111 2468 2296 2556 quod
2350 2470 2545 2560 prius
2608 2469 2809 2539 latuit
2861 2470 2935 2538 in
2990 2468 3156 2541 desi·

599 2557 790 2627 derio
839 2556 1298 2648 cogitationiS,
1353 2556 1482 2626 hoc
1512 2569 1663 2646 post
1710 2558 1957 2628 effectu
2005 2580 2255 2648 pravae
2288 2558 2579 2628 actionis
2625 2558 2939 2628 exercuit
2999 2564 3155 2627 Nam

592 2646 808 2716 oblita
858 2646 1196 2715 Dominici
1250 2645 1538 2726 timoriS,
1591 2645 1805 2715 oblita
1847 2645 2130 2735 pudoris
2178 2658 2243 2715 et
2270 2645 2727 2716 'reverentiae
2761 2646 2985 2716 oblita
3011 2667 3158 2716 con-

595 2734 1025 2813 secrationis,
1077 2732 1572 2803 conductorem
1625 2734 2066 2823 postmodum
2118 2757 2152 2804 a
2213 2757 2447 2804 rorum
2487 2755 2774 2806 suorum
2827 2736 3155 2804 maritum

593 2822 813 2892 duxit.
889 2827 1060 2890 Ecce
1107 2841 1349 2890 omnes
1421 2834 1556 2891 tres
1602 2844 1745 2891 uno
1819 2822 2011 2911 prius
2059 2845 2097 2893 a
2188 2845 2304 2892 ore
2364 2845 2733 2894 conversae
2782 2836 2994 2903 sunt,
3051 2819 3155 2892 sed

592 2930 730 2978 non
779 2930 1020 2979 omnes
1055 2909 1125 2977 in
1168 2931 1307 2977 uno
1362 2908 1742 2998 eodemque
1793 2911 2023 2982 studio
2075 2926 2652 3013 permanserunt:
2707 2911 2897 2997 quia,
2964 2911 3153 3001 juxta

592 2996 1021 3067 Dominicam
1076 3018 1351 3066 vocem:
1405 3000 1608 3067 Multi
1647 3010 1803 3068 sunt
1867 3010 2111 3080 vocati,
2167 3002 2383 3090 pauci
2425 3023 2580 3069 vero
2630 3001 2898 3069 electi.»
2940 3004 3151 3085 (Hom.

592 3095 680 3157 38
725 3088 794 3154 in
832 3084 1150 3175 Evany.)

680 3176 717 3259 ξ
771 3174 925 3246 ’δ-Ε.
969 3172 1355 3243 Notandum
1409 3195 1575 3244 sane
1621 3174 1787 3261 quia
1827 3175 2006 3245 sicut
2055 3174 2418 3245 manifesta
2465 3174 2763 3244 crimina
2811 3175 3154 3245 discretis-

592 3261 816 3332 simus
851 3263 1125 3351 praesul
1162 3263 1530 3353 Gregorius
1565 3274 1684 3333 aut
1728 3264 1856 3343 vix,
1913 3277 2035 3335 aut
2084 3285 2468 3350 numquam
2520 3265 2670 3333 sine
2721 3264 3034 3334 vindicta
3066 3264 3156 3332 la-

591 3351 819 3420 xabat:
875 3350 969 3419 ita
1020 3349 1353 3419 nimirum
1389 3351 1458 3418 in
1511 3351 1718 3420 rebus
1767 3350 2002 3423 dubiis
2037 3373 2423 3438 numquam
2476 3351 2856 3439 aliquando
2905 3366 3156 3422 certam

591 3439 1003 3508 sententiam
1068 3437 1475 3529 proferebat.
1543 3444 1978 3531 Quapropter
2038 3439 2345 3509 Andreae
2404 3440 2772 3510 Tarentino
2841 3441 3159 3539 episcopo

592 3526 856 3606 scribit,
912 3528 1188 3597 dicens:
1230 3549 1266 3593 «
1300 3527 1631 3596 Tribunal
1667 3527 1931 3613 [udicis
1970 3528 2229 3598 aeterni
2279 3549 2568 3597 securus
2609 3528 2922 3619 aspiciet,
2975 3548 3158 3614 quis·

593 3615 754 3701 quis
793 3627 1026 3686 reatus
1075 3614 1181 3686 sui
1223 3616 1589 3696 consciuS,
1694 3616 1714 3682 i
1772 3620 1858 3685 na
1904 3637 2066 3686 eum
2129 3616 2334 3685 modo
2403 3616 2676 3706 placare
2744 3613 3159 3706 poenitentia

592 3703 970 3774 contendit.
1024 3704 1367 3775 Habuisse
1402 3717 1462 3774 te
1515 3702 1699 3791 siqui
1751 3725 1861 3774 em
1913 3704 2405 3784 concubinam,
2469 3704 2836 3774 manifesta
2884 3704 3160 3774 veritate

591 3793 1088 3882 comperimus.
1145 3797 1234 3861 De
1266 3813 1407 3879 qua
1453 3791 1656 3861 etiam
1709 3792 2053 3862 contraria
2084 3805 2186 3863 est
2230 3791 2652 3880 quibusdam
2720 3803 2882 3862 nata
2930 3789 3159 3881 suspi-

592 3879 724 3950 cio.
780 3880 906 3949 Sed
956 3879 1123 3967 quia
1164 3880 1235 3948 in
1271 3879 1478 3950 rebus
1527 3880 1880 3972 ambiguis
1928 3880 2325 3951 absolutum
2373 3900 2510 3949 non
2562 3879 2765 3950 debet
2792 3901 2948 3951 esse
2986 3876 3163 3949 'udi-

592 3967 809 4049 cium,
859 3968 989 4038 hoc
1038 3980 1194 4038 tuae
1231 3968 1694 4039 conscientiae
1740 3968 2070 4060 eligimus
2107 3967 2710 4040 committendum.
2764 3974 2914 4051 Qua
3011 3990 3050 4036 e
3095 3984 3161 4035 re

593 4056 655 4126 si
700 4056 770 4125 in
806 4077 1001 4127 sacro
1030 4056 1274 4126 ordine
1303 4057 1722 4127 constitutus
1770 4057 1924 4147 ejus
1956 4070 2021 4127 te
2060 4057 2513 4148 permixtione
2541 4079 2692 4129 esse
2726 4057 2978 4128 recolis
3017 4075 3158 4124 ma·

592 4143 931 4225 sulatum,
988 4146 1349 4216 sacerdotii
1381 4146 1640 4217 honore
1671 4145 2007 4236 deposit0‚
2039 4146 2123 4215 ad
2158 4144 2700 4216 ministrandum
2737 4146 2933 4216 nullo
2965 4142 3160 4242 mod-0

594 4235 1005 4324 praesumas
1053 4233 1418 4316 accedere,
1467 4235 1773 4304 sciturus
1820 4234 1890 4303 in
1945 4235 2224 4303 animae
2290 4246 2447 4304 tuae
2518 4232 2907 4324 periculum
2962 4233 3162 4301 mini·

594 4333 814 4393 strare
859 4334 926 4392 et
984 4327 1115 4392 Deo
1174 4334 1408 4393 nostro
1459 4333 1520 4392 te
1571 4323 1720 4392 sine
1788 4322 2008 4393 dubio
2071 4321 2362 4393 reddere
2420 4323 2786 4404 rationem,
2840 4322 2901 4391 si
2949 4321 3160 4410 hujus

593 4410 872 4483 sceleris
904 4409 1252 4494 consciuS,
1290 4410 1364 4481 in
1395 4432 1476 4481 eo
1505 4432 1643 4498 quo
1668 4433 1743 4481 es
1771 4409 2039 4493 ordine,
2075 4409 2310 4481 celans
2339 4410 2719 4494 veritatem,
2754 4427 3153 4503 permanere
