<?xml version="1.0" encoding="UTF-8"?>
<!DOCTYPE html PUBLIC "-//W3C//DTD XHTML 1.0 Transitional//EN"
    "http://www.w3.org/TR/xhtml1/DTD/xhtml1-transitional.dtd">
<html xmlns="http://www.w3.org/1999/xhtml" xml:lang="en" lang="en">
 <head>
  <title>
</title>
<meta http-equiv="Content-Type" content="text/html;charset=utf-8" />
  <meta name='ocr-system' content='tesseract 3.04.00' />
  <meta name='ocr-capabilities' content='ocr_page ocr_carea ocr_par ocr_line ocrx_word'/>
</head>
<body>
  <div class='ocr_page' id='page_1' title='image "./historiaeseuvit04lippgoog_0136.png"; bbox 0 0 3327 4999; ppageno 0'>
   <div class='ocr_carea' id='block_1_1' title="bbox 599 327 3089 399">
    <p class='ocr_par' dir='ltr' id='par_1_1' title="bbox 599 327 3089 399">
     <span class='ocr_line' id='line_1_1' title="bbox 599 327 3089 399; baseline -0.001 -2"><span class='ocrx_word' id='word_1_1' title='bbox 599 333 728 399; x_wconf 70' lang='lat'>⁴26</span> <span class='ocrx_word' id='word_1_2' title='bbox 1410 347 1490 396; x_wconf 80' lang='lat' dir='ltr'>m:</span> <span class='ocrx_word' id='word_1_3' title='bbox 1538 348 1595 396; x_wconf 89' lang='lat' dir='ltr'>s.</span> <span class='ocrx_word' id='word_1_4' title='bbox 1648 345 1965 396; x_wconf 77' lang='lat' dir='ltr'>enneomo</span> <span class='ocrx_word' id='word_1_5' title='bbox 2011 346 2175 395; x_wconf 64' lang='lat' dir='ltr'>rara</span> <span class='ocrx_word' id='word_1_6' title='bbox 2684 327 2933 394; x_wconf 81' lang='lat' dir='ltr'>MART.</span> <span class='ocrx_word' id='word_1_7' title='bbox 2999 329 3089 394; x_wconf 67' lang='lat'>⁴3</span> 
     </span>
    </p>
   </div>
   <div class='ocr_carea' id='block_1_2' title="bbox 481 424 3091 4486">
    <p class='ocr_par' dir='ltr' id='par_1_2' title="bbox 481 424 3091 1400">
     <span class='ocr_line' id='line_1_2' title="bbox 495 424 3081 520; baseline -0.002 -22"><span class='ocrx_word' id='word_1_8' title='bbox 495 429 647 520; x_wconf 92' lang='lat' dir='ltr'>ipse</span> <span class='ocrx_word' id='word_1_9' title='bbox 683 428 808 517; x_wconf 90' lang='lat' dir='ltr'>qui</span> <span class='ocrx_word' id='word_1_10' title='bbox 852 438 1087 500; x_wconf 87' lang='lat' dir='ltr'>custos</span> <span class='ocrx_word' id='word_1_11' title='bbox 1129 426 1436 518; x_wconf 87' lang='lat' dir='ltr'>junioris</span> <span class='ocrx_word' id='word_1_12' title='bbox 1485 428 1745 497; x_wconf 90' lang='lat' dir='ltr'>missus</span> <span class='ocrx_word' id='word_1_13' title='bbox 1791 427 2038 508; x_wconf 86' lang='lat' dir='ltr'>fuerat,</span> <span class='ocrx_word' id='word_1_14' title='bbox 2092 424 2442 496; x_wconf 72' lang='lat' dir='ltr'>nesciente</span> <span class='ocrx_word' id='word_1_15' title='bbox 2493 425 2747 508; x_wconf 87' lang='lat' dir='ltr'>altero,</span> <span class='ocrx_word' id='word_1_16' title='bbox 2800 424 3081 496; x_wconf 82' lang='lat' dir='ltr'>furtum</span> 
     </span>
     <span class='ocr_line' id='line_1_3' title="bbox 494 514 3087 600; baseline -0 -14"><span class='ocrx_word' id='word_1_17' title='bbox 494 517 677 588; x_wconf 88' lang='lat' dir='ltr'>fecit.</span> <span class='ocrx_word' id='word_1_18' title='bbox 740 516 874 599; x_wconf 87' lang='lat' dir='ltr'>Qui</span> <span class='ocrx_word' id='word_1_19' title='bbox 943 536 1101 586; x_wconf 81' lang='lat' dir='ltr'>mox</span> <span class='ocrx_word' id='word_1_20' title='bbox 1164 528 1244 586; x_wconf 90' lang='lat' dir='ltr'>ut</span> <span class='ocrx_word' id='word_1_21' title='bbox 1307 516 1379 584; x_wconf 89' lang='lat' dir='ltr'>in</span> <span class='ocrx_word' id='word_1_22' title='bbox 1452 516 1952 586; x_wconf 85' lang='lat' dir='ltr'>monasterium</span> <span class='ocrx_word' id='word_1_23' title='bbox 2013 526 2179 586; x_wconf 89' lang='lat' dir='ltr'>sunt</span> <span class='ocrx_word' id='word_1_24' title='bbox 2246 514 2544 594; x_wconf 85' lang='lat' dir='ltr'>reversi,</span> <span class='ocrx_word' id='word_1_25' title='bbox 2621 526 2830 600; x_wconf 90' lang='lat' dir='ltr'>atque</span> <span class='ocrx_word' id='word_1_26' title='bbox 2912 527 3087 585; x_wconf 85' lang='lat' dir='ltr'>ante</span> 
     </span>
     <span class='ocr_line' id='line_1_4' title="bbox 494 601 3085 694; baseline -0.001 -19"><span class='ocrx_word' id='word_1_27' title='bbox 494 604 775 676; x_wconf 88' lang='lat' dir='ltr'>oratorii</span> <span class='ocrx_word' id='word_1_28' title='bbox 831 604 1044 674; x_wconf 88' lang='lat' dir='ltr'>limen</span> <span class='ocrx_word' id='word_1_29' title='bbox 1107 614 1491 684; x_wconf 87' lang='lat' dir='ltr'>venerunt,</span> <span class='ocrx_word' id='word_1_30' title='bbox 1557 615 1876 694; x_wconf 89' lang='lat' dir='ltr'>arreptus</span> <span class='ocrx_word' id='word_1_31' title='bbox 1942 625 1982 671; x_wconf 92' lang='lat' dir='ltr'>a</span> <span class='ocrx_word' id='word_1_32' title='bbox 2047 602 2413 672; x_wconf 89' lang='lat' dir='ltr'>daemonio</span> <span class='ocrx_word' id='word_1_33' title='bbox 2476 602 2537 671; x_wconf 90' lang='lat' dir='ltr'>is</span> <span class='ocrx_word' id='word_1_34' title='bbox 2602 603 2725 689; x_wconf 92' lang='lat' dir='ltr'>qui</span> <span class='ocrx_word' id='word_1_35' title='bbox 2800 601 3085 672; x_wconf 85' lang='lat' dir='ltr'>furtum</span> 
     </span>
     <span class='ocr_line' id='line_1_5' title="bbox 495 690 3091 775; baseline -0 -13"><span class='ocrx_word' id='word_1_36' title='bbox 495 693 771 775; x_wconf 78' lang='lat' dir='ltr'><strong>fecerat,</strong></span> <span class='ocrx_word' id='word_1_37' title='bbox 823 690 1095 762; x_wconf 85' lang='lat' dir='ltr'>cecidit.</span> <span class='ocrx_word' id='word_1_38' title='bbox 1133 691 1474 761; x_wconf 88' lang='lat' dir='ltr'>Dimissus</span> <span class='ocrx_word' id='word_1_39' title='bbox 1506 704 1738 761; x_wconf 90' lang='lat' dir='ltr'>autem</span> <span class='ocrx_word' id='word_1_40' title='bbox 1789 714 1830 761; x_wconf 88' lang='lat' dir='ltr'>a</span> <span class='ocrx_word' id='word_1_41' title='bbox 1859 691 2249 770; x_wconf 90' lang='lat' dir='ltr'>daemonio,</span> <span class='ocrx_word' id='word_1_42' title='bbox 2289 690 2868 760; x_wconf 82' lang='lat' dir='ltr'>concurrentibus</span> <span class='ocrx_word' id='word_1_43' title='bbox 2920 713 3091 761; x_wconf 88' lang='lat' dir='ltr'>mo-</span> 
     </span>
     <span class='ocr_line' id='line_1_6' title="bbox 481 778 3087 935; baseline -0.001 -85"><span class='ocrx_word' id='word_1_44' title='bbox 481 781 766 861; x_wconf 48' lang='lat' dir='ltr'>nachi&amp;</span> <span class='ocrx_word' id='word_1_45' title='bbox 819 779 1099 850; x_wconf 85' lang='lat' dir='ltr'>Abbatis</span> <span class='ocrx_word' id='word_1_46' title='bbox 1115 778 1326 869; x_wconf 88' lang='lat' dir='ltr'>jussu</span> <span class='ocrx_word' id='word_1_47' title='bbox 1359 780 1741 867; x_wconf 87' lang='lat' dir='ltr'>requisitus</span> <span class='ocrx_word' id='word_1_48' title='bbox 1785 790 1910 861; x_wconf 89' lang='lat' dir='ltr'>est,</span> <span class='ocrx_word' id='word_1_49' title='bbox 1964 801 2052 849; x_wconf 89' lang='lat' dir='ltr'>an</span> <span class='ocrx_word' id='word_1_50' title='bbox 2102 778 2276 849; x_wconf 74' lang='lat' dir='ltr'>forte</span> <span class='ocrx_word' id='word_1_51' title='bbox 2303 778 2390 849; x_wconf 93' lang='lat' dir='ltr'>de</span> <span class='ocrx_word' id='word_1_52' title='bbox 2435 800 2514 847; x_wconf 93' lang='lat' dir='ltr'>eo</span> <span class='ocrx_word' id='word_1_53' title='bbox 2562 778 2748 935; x_wconf 56' lang='lat' dir='ltr'>guod</span> <span class='ocrx_word' id='word_1_54' title='bbox 2784 800 3087 871; x_wconf 82' lang='lat' dir='ltr'>accepe-</span> 
     </span>
     <span class='ocr_line' id='line_1_7' title="bbox 494 867 3083 958; baseline -0.001 -19"><span class='ocrx_word' id='word_1_55' title='bbox 494 880 623 951; x_wconf 89' lang='lat' dir='ltr'>rat,</span> <span class='ocrx_word' id='word_1_56' title='bbox 676 867 941 938; x_wconf 81' lang='lat' dir='ltr'>furtum</span> <span class='ocrx_word' id='word_1_57' title='bbox 988 867 1280 937; x_wconf 82' lang='lat' dir='ltr'>fecisset.</span> <span class='ocrx_word' id='word_1_58' title='bbox 1335 869 1636 958; x_wconf 80' lang='lat' dir='ltr'>Negavit,</span> <span class='ocrx_word' id='word_1_59' title='bbox 1679 880 1746 937; x_wconf 88' lang='lat' dir='ltr'>et</span> <span class='ocrx_word' id='word_1_60' title='bbox 1790 868 2042 937; x_wconf 89' lang='lat' dir='ltr'>iterum</span> <span class='ocrx_word' id='word_1_61' title='bbox 2091 878 2375 936; x_wconf 88' lang='lat' dir='ltr'>vexatus</span> <span class='ocrx_word' id='word_1_62' title='bbox 2394 877 2521 936; x_wconf 90' lang='lat' dir='ltr'>est:</span> <span class='ocrx_word' id='word_1_63' title='bbox 2616 867 2930 949; x_wconf 77' lang='lat' dir='ltr'>imissuS,</span> <span class='ocrx_word' id='word_1_64' title='bbox 2970 877 3083 938; x_wconf 87' lang='lat' dir='ltr'>at-</span> 
     </span>
     <span class='ocr_line' id='line_1_8' title="bbox 492 955 3080 1046; baseline 0 -20"><span class='ocrx_word' id='word_1_65' title='bbox 492 978 630 1043; x_wconf 91' lang='lat' dir='ltr'>que</span> <span class='ocrx_word' id='word_1_66' title='bbox 671 956 928 1026; x_wconf 87' lang='lat' dir='ltr'>iterum</span> <span class='ocrx_word' id='word_1_67' title='bbox 977 955 1354 1043; x_wconf 90' lang='lat' dir='ltr'>requisitus</span> <span class='ocrx_word' id='word_1_68' title='bbox 1418 955 1718 1046; x_wconf 88' lang='lat' dir='ltr'>negavit,</span> <span class='ocrx_word' id='word_1_69' title='bbox 1779 968 1986 1043; x_wconf 90' lang='lat' dir='ltr'>atque</span> <span class='ocrx_word' id='word_1_70' title='bbox 2042 955 2297 1025; x_wconf 87' lang='lat' dir='ltr'>iterum</span> <span class='ocrx_word' id='word_1_71' title='bbox 2354 965 2639 1025; x_wconf 81' lang='lat' dir='ltr'>vexatus</span> <span class='ocrx_word' id='word_1_72' title='bbox 2698 967 2823 1026; x_wconf 82' lang='lat' dir='ltr'>est.</span> <span class='ocrx_word' id='word_1_73' title='bbox 2902 959 3080 1027; x_wconf 86' lang='lat' dir='ltr'>Octo</span> 
     </span>
     <span class='ocr_line' id='line_1_9' title="bbox 492 1043 3073 1134; baseline -0 -20"><span class='ocrx_word' id='word_1_74' title='bbox 492 1044 727 1132; x_wconf 89' lang='lat' dir='ltr'>itaque</span> <span class='ocrx_word' id='word_1_75' title='bbox 757 1044 1026 1115; x_wconf 90' lang='lat' dir='ltr'>vicibus</span> <span class='ocrx_word' id='word_1_76' title='bbox 1056 1044 1349 1134; x_wconf 89' lang='lat' dir='ltr'>negavit,</span> <span class='ocrx_word' id='word_1_77' title='bbox 1387 1057 1540 1114; x_wconf 92' lang='lat' dir='ltr'>octo</span> <span class='ocrx_word' id='word_1_78' title='bbox 1586 1043 1859 1115; x_wconf 84' lang='lat' dir='ltr'>vicibus</span> <span class='ocrx_word' id='word_1_79' title='bbox 1891 1055 2171 1113; x_wconf 87' lang='lat' dir='ltr'>vexatus</span> <span class='ocrx_word' id='word_1_80' title='bbox 2200 1055 2324 1113; x_wconf 89' lang='lat' dir='ltr'>est.</span> <span class='ocrx_word' id='word_1_81' title='bbox 2370 1048 2528 1112; x_wconf 86' lang='lat' dir='ltr'>Post</span> <span class='ocrx_word' id='word_1_82' title='bbox 2551 1055 2867 1112; x_wconf 84' lang='lat' dir='ltr'>octavam</span> <span class='ocrx_word' id='word_1_83' title='bbox 2900 1065 3073 1113; x_wconf 85' lang='lat' dir='ltr'>vero</span> 
     </span>
     <span class='ocr_line' id='line_1_10' title="bbox 491 1130 3076 1222; baseline 0.001 -21"><span class='ocrx_word' id='word_1_84' title='bbox 491 1132 955 1222; x_wconf 85' lang='lat' dir='ltr'>negationem,</span> <span class='ocrx_word' id='word_1_85' title='bbox 1003 1131 1327 1221; x_wconf 83' lang='lat' dir='ltr'>Gregorio</span> <span class='ocrx_word' id='word_1_86' title='bbox 1358 1132 1862 1222; x_wconf 83' lang='lat' dir='ltr'>interrogante,</span> <span class='ocrx_word' id='word_1_87' title='bbox 1916 1131 2276 1202; x_wconf 86' lang='lat' dir='ltr'>confessus</span> <span class='ocrx_word' id='word_1_88' title='bbox 2336 1142 2440 1202; x_wconf 89' lang='lat' dir='ltr'>est</span> <span class='ocrx_word' id='word_1_89' title='bbox 2487 1130 2673 1217; x_wconf 88' lang='lat' dir='ltr'>quod</span> <span class='ocrx_word' id='word_1_90' title='bbox 2733 1152 3076 1203; x_wconf 81' lang='lat' dir='ltr'>nummos</span> 
     </span>
     <span class='ocr_line' id='line_1_11' title="bbox 490 1219 3076 1311; baseline 0 -22"><span class='ocrx_word' id='word_1_91' title='bbox 490 1220 676 1292; x_wconf 92' lang='lat' dir='ltr'>furto</span> <span class='ocrx_word' id='word_1_92' title='bbox 721 1219 1143 1290; x_wconf 80' lang='lat' dir='ltr'>abstulerat:</span> <span class='ocrx_word' id='word_1_93' title='bbox 1193 1219 1394 1307; x_wconf 90' lang='lat' dir='ltr'>eique</span> <span class='ocrx_word' id='word_1_94' title='bbox 1438 1230 1847 1311; x_wconf 88' lang='lat' dir='ltr'>prostratus,</span> <span class='ocrx_word' id='word_1_95' title='bbox 1902 1241 1975 1291; x_wconf 93' lang='lat' dir='ltr'>se</span> <span class='ocrx_word' id='word_1_96' title='bbox 2021 1240 2343 1310; x_wconf 86' lang='lat' dir='ltr'>peccasse</span> <span class='ocrx_word' id='word_1_97' title='bbox 2385 1230 2675 1289; x_wconf 89' lang='lat' dir='ltr'>testatus</span> <span class='ocrx_word' id='word_1_98' title='bbox 2711 1230 2857 1289; x_wconf 83' lang='lat' dir='ltr'>est:</span> <span class='ocrx_word' id='word_1_99' title='bbox 2903 1241 3076 1310; x_wconf 90' lang='lat' dir='ltr'>per-</span> 
     </span>
     <span class='ocr_line' id='line_1_12' title="bbox 493 1306 3036 1400; baseline -0.001 -21"><span class='ocrx_word' id='word_1_100' title='bbox 493 1311 831 1400; x_wconf 76' lang='lat' dir='ltr'>ceptaque</span> <span class='ocrx_word' id='word_1_101' title='bbox 916 1306 1311 1388; x_wconf 76' lang='lat' dir='ltr'>oenitentia‚</span> <span class='ocrx_word' id='word_1_102' title='bbox 1348 1307 1644 1378; x_wconf 88' lang='lat' dir='ltr'>ulterius</span> <span class='ocrx_word' id='word_1_103' title='bbox 1690 1307 1777 1377; x_wconf 91' lang='lat' dir='ltr'>ad</span> <span class='ocrx_word' id='word_1_104' title='bbox 1825 1328 1989 1377; x_wconf 91' lang='lat' dir='ltr'>eum</span> <span class='ocrx_word' id='word_1_105' title='bbox 2036 1306 2485 1377; x_wconf 90' lang='lat' dir='ltr'>daemonium</span> <span class='ocrx_word' id='word_1_106' title='bbox 2534 1328 2675 1376; x_wconf 87' lang='lat' dir='ltr'>non</span> <span class='ocrx_word' id='word_1_107' title='bbox 2714 1309 3036 1379; x_wconf 86' lang='lat' dir='ltr'>accessit.</span> 
     </span>
    </p>

    <p class='ocr_par' dir='ltr' id='par_1_3' title="bbox 490 1395 3085 2903">
     <span class='ocr_line' id='line_1_13' title="bbox 665 1395 3083 1486; baseline -0.002 -16"><span class='ocrx_word' id='word_1_108' title='bbox 665 1402 754 1470; x_wconf 68' lang='grc' dir='ltr'>ὅ.</span> <span class='ocrx_word' id='word_1_109' title='bbox 806 1396 953 1466; x_wconf 85' lang='lat' dir='ltr'>Aio</span> <span class='ocrx_word' id='word_1_110' title='bbox 996 1416 1274 1483; x_wconf 90' lang='lat' dir='ltr'>quoque</span> <span class='ocrx_word' id='word_1_111' title='bbox 1322 1406 1651 1486; x_wconf 87' lang='lat' dir='ltr'>tempore,</span> <span class='ocrx_word' id='word_1_112' title='bbox 1707 1395 1879 1466; x_wconf 92' lang='lat' dir='ltr'>dum</span> <span class='ocrx_word' id='word_1_113' title='bbox 1927 1396 1999 1464; x_wconf 90' lang='lat' dir='ltr'>in</span> <span class='ocrx_word' id='word_1_114' title='bbox 2036 1395 2149 1464; x_wconf 91' lang='lat' dir='ltr'>die</span> <span class='ocrx_word' id='word_1_115' title='bbox 2188 1395 2498 1465; x_wconf 89' lang='lat' dir='ltr'>natalitio</span> <span class='ocrx_word' id='word_1_116' title='bbox 2529 1395 2850 1481; x_wconf 84' lang='lat' dir='ltr'>ejusdem</span> <span class='ocrx_word' id='word_1_117' title='bbox 2886 1402 3083 1485; x_wconf 88' lang='lat' dir='ltr'>Apo-</span> 
     </span>
     <span class='ocr_line' id='line_1_14' title="bbox 492 1483 3072 1574; baseline -0 -18"><span class='ocrx_word' id='word_1_118' title='bbox 492 1484 675 1563; x_wconf 89' lang='lat' dir='ltr'>stoi,</span> <span class='ocrx_word' id='word_1_119' title='bbox 717 1486 868 1574; x_wconf 88' lang='lat' dir='ltr'>jam</span> <span class='ocrx_word' id='word_1_120' title='bbox 912 1483 1315 1554; x_wconf 85' lang='lat' dir='ltr'>meridianis</span> <span class='ocrx_word' id='word_1_121' title='bbox 1363 1484 1553 1555; x_wconf 86' lang='lat' dir='ltr'>horis</span> <span class='ocrx_word' id='word_1_122' title='bbox 1600 1483 1846 1554; x_wconf 86' lang='lat' dir='ltr'>fratres</span> <span class='ocrx_word' id='word_1_123' title='bbox 1895 1484 2428 1571; x_wconf 88' lang='lat' dir='ltr'>requiescerent,</span> <span class='ocrx_word' id='word_1_124' title='bbox 2486 1484 2718 1554; x_wconf 91' lang='lat' dir='ltr'>subito</span> <span class='ocrx_word' id='word_1_125' title='bbox 2768 1485 3072 1571; x_wconf 86' lang='lat' dir='ltr'>quidam</span> 
     </span>
     <span class='ocr_line' id='line_1_15' title="bbox 490 1571 3078 1663; baseline 0 -21"><span class='ocrx_word' id='word_1_126' title='bbox 490 1572 704 1643; x_wconf 89' lang='lat' dir='ltr'>frater</span> <span class='ocrx_word' id='word_1_127' title='bbox 747 1571 1006 1663; x_wconf 86' lang='lat' dir='ltr'>apertis</span> <span class='ocrx_word' id='word_1_128' title='bbox 1049 1572 1275 1642; x_wconf 83' lang='lat' dir='ltr'>oculis</span> <span class='ocrx_word' id='word_1_129' title='bbox 1301 1584 1624 1642; x_wconf 86' lang='lat' dir='ltr'>caecatus</span> <span class='ocrx_word' id='word_1_130' title='bbox 1653 1572 1880 1662; x_wconf 84' lang='lat' dir='ltr'>coepit</span> <span class='ocrx_word' id='word_1_131' title='bbox 1910 1583 2225 1652; x_wconf 89' lang='lat' dir='ltr'>tremere,</span> <span class='ocrx_word' id='word_1_132' title='bbox 2270 1592 2469 1641; x_wconf 86' lang='lat' dir='ltr'>voces</span> <span class='ocrx_word' id='word_1_133' title='bbox 2507 1571 2826 1661; x_wconf 85' lang='lat' dir='ltr'>ingentes</span> <span class='ocrx_word' id='word_1_134' title='bbox 2860 1574 3078 1642; x_wconf 87' lang='lat' dir='ltr'>emit-</span> 
     </span>
     <span class='ocr_line' id='line_1_16' title="bbox 493 1660 3074 1750; baseline 0 -20"><span class='ocrx_word' id='word_1_135' title='bbox 493 1672 675 1731; x_wconf 88' lang='lat' dir='ltr'>tere:</span> <span class='ocrx_word' id='word_1_136' title='bbox 727 1660 988 1747; x_wconf 90' lang='lat' dir='ltr'>quibus</span> <span class='ocrx_word' id='word_1_137' title='bbox 1033 1660 1322 1730; x_wconf 88' lang='lat' dir='ltr'>vocibus</span> <span class='ocrx_word' id='word_1_138' title='bbox 1370 1660 1749 1731; x_wconf 85' lang='lat' dir='ltr'>testabatur</span> <span class='ocrx_word' id='word_1_139' title='bbox 1794 1660 1972 1729; x_wconf 87' lang='lat' dir='ltr'>ferre</span> <span class='ocrx_word' id='word_1_140' title='bbox 2018 1681 2091 1729; x_wconf 90' lang='lat' dir='ltr'>se</span> <span class='ocrx_word' id='word_1_141' title='bbox 2138 1681 2277 1728; x_wconf 89' lang='lat' dir='ltr'>non</span> <span class='ocrx_word' id='word_1_142' title='bbox 2330 1681 2551 1749; x_wconf 87' lang='lat' dir='ltr'>posse,</span> <span class='ocrx_word' id='word_1_143' title='bbox 2608 1661 2794 1747; x_wconf 91' lang='lat' dir='ltr'>quod</span> <span class='ocrx_word' id='word_1_144' title='bbox 2846 1662 3074 1750; x_wconf 86' lang='lat' dir='ltr'>patie-</span> 
     </span>
     <span class='ocr_line' id='line_1_17' title="bbox 490 1747 3079 1903; baseline 0 -85"><span class='ocrx_word' id='word_1_145' title='bbox 490 1748 721 1818; x_wconf 88' lang='lat' dir='ltr'>batur.</span> <span class='ocrx_word' id='word_1_146' title='bbox 774 1753 1245 1818; x_wconf 87' lang='lat' dir='ltr'>Cucurrerunt</span> <span class='ocrx_word' id='word_1_147' title='bbox 1289 1747 1557 1829; x_wconf 87' lang='lat' dir='ltr'>fratres,</span> <span class='ocrx_word' id='word_1_148' title='bbox 1609 1748 1935 1818; x_wconf 89' lang='lat' dir='ltr'>viderunt</span> <span class='ocrx_word' id='word_1_149' title='bbox 1980 1769 2269 1817; x_wconf 89' lang='lat' dir='ltr'>caecum</span> <span class='ocrx_word' id='word_1_150' title='bbox 2317 1747 2539 1818; x_wconf 90' lang='lat' dir='ltr'>oculis</span> <span class='ocrx_word' id='word_1_151' title='bbox 2586 1748 2872 1903; x_wconf 60' lang='lat' dir='ltr'>apertiS,</span> <span class='ocrx_word' id='word_1_152' title='bbox 2930 1762 3079 1819; x_wconf 86' lang='lat' dir='ltr'>tre-</span> 
     </span>
     <span class='ocr_line' id='line_1_18' title="bbox 492 1835 3079 1926; baseline 0 -19"><span class='ocrx_word' id='word_1_153' title='bbox 492 1846 794 1907; x_wconf 87' lang='lat' dir='ltr'>mentem</span> <span class='ocrx_word' id='word_1_154' title='bbox 844 1847 910 1906; x_wconf 88' lang='lat' dir='ltr'>et</span> <span class='ocrx_word' id='word_1_155' title='bbox 946 1835 1389 1916; x_wconf 89' lang='lat' dir='ltr'>clamantem,</span> <span class='ocrx_word' id='word_1_156' title='bbox 1424 1847 1490 1906; x_wconf 91' lang='lat' dir='ltr'>et</span> <span class='ocrx_word' id='word_1_157' title='bbox 1521 1857 1562 1905; x_wconf 92' lang='lat' dir='ltr'>a</span> <span class='ocrx_word' id='word_1_158' title='bbox 1593 1835 2076 1926; x_wconf 89' lang='lat' dir='ltr'>praesentibus</span> <span class='ocrx_word' id='word_1_159' title='bbox 2110 1836 2447 1916; x_wconf 88' lang='lat' dir='ltr'>alienum,</span> <span class='ocrx_word' id='word_1_160' title='bbox 2489 1835 2637 1903; x_wconf 91' lang='lat' dir='ltr'>nihi</span> <span class='ocrx_word' id='word_1_161' title='bbox 2668 1858 2828 1922; x_wconf 90' lang='lat' dir='ltr'>que,</span> <span class='ocrx_word' id='word_1_162' title='bbox 2874 1839 3079 1924; x_wconf 88' lang='lat' dir='ltr'>quod</span> 
     </span>
     <span class='ocr_line' id='line_1_19' title="bbox 491 1923 3080 2014; baseline 0.001 -20"><span class='ocrx_word' id='word_1_163' title='bbox 491 1924 663 1994; x_wconf 89' lang='lat' dir='ltr'>foris</span> <span class='ocrx_word' id='word_1_164' title='bbox 708 1924 823 2014; x_wconf 88' lang='lat' dir='ltr'>agi</span> <span class='ocrx_word' id='word_1_165' title='bbox 870 1935 1157 2013; x_wconf 88' lang='lat' dir='ltr'>poterat,</span> <span class='ocrx_word' id='word_1_166' title='bbox 1212 1924 1643 1994; x_wconf 86' lang='lat' dir='ltr'>sentientem.</span> <span class='ocrx_word' id='word_1_167' title='bbox 1699 1929 1901 1993; x_wconf 89' lang='lat' dir='ltr'>Hunc</span> <span class='ocrx_word' id='word_1_168' title='bbox 1947 1924 2019 1992; x_wconf 88' lang='lat' dir='ltr'>in</span> <span class='ocrx_word' id='word_1_169' title='bbox 2071 1924 2400 1994; x_wconf 90' lang='lat' dir='ltr'>manibus</span> <span class='ocrx_word' id='word_1_170' title='bbox 2441 1923 2865 2005; x_wconf 85' lang='lat' dir='ltr'>levaverunt,</span> <span class='ocrx_word' id='word_1_171' title='bbox 2903 1939 3080 1996; x_wconf 85' lang='lat' dir='ltr'>ante</span> 
     </span>
     <span class='ocr_line' id='line_1_20' title="bbox 493 2011 3084 2111; baseline 0.001 -29"><span class='ocrx_word' id='word_1_172' title='bbox 493 2013 710 2083; x_wconf 91' lang='lat' dir='ltr'>altare</span> <span class='ocrx_word' id='word_1_173' title='bbox 757 2011 978 2083; x_wconf 91' lang='lat' dir='ltr'>sancti</span> <span class='ocrx_word' id='word_1_174' title='bbox 1025 2011 1333 2081; x_wconf 83' lang='lat' dir='ltr'>Andreae</span> <span class='ocrx_word' id='word_1_175' title='bbox 1376 2011 1671 2102; x_wconf 90' lang='lat' dir='ltr'>apostoli</span> <span class='ocrx_word' id='word_1_176' title='bbox 1695 2012 1906 2102; x_wconf 85' lang='lat' dir='ltr'>jussu</span> <span class='ocrx_word' id='word_1_177' title='bbox 1940 2012 2248 2111; x_wconf 83' lang='lat' dir='ltr'>Gregorii</span> <span class='ocrx_word' id='word_1_178' title='bbox 2285 2012 2747 2102; x_wconf 84' lang='lat' dir='ltr'>projecerunt,</span> <span class='ocrx_word' id='word_1_179' title='bbox 2787 2013 3084 2103; x_wconf 84' lang='lat' dir='ltr'>ipsique</span> 
     </span>
     <span class='ocr_line' id='line_1_21' title="bbox 495 2099 3075 2192; baseline 0.001 -22"><span class='ocrx_word' id='word_1_180' title='bbox 495 2121 622 2192; x_wconf 89' lang='lat' dir='ltr'>pro</span> <span class='ocrx_word' id='word_1_181' title='bbox 668 2122 749 2170; x_wconf 92' lang='lat' dir='ltr'>eo</span> <span class='ocrx_word' id='word_1_182' title='bbox 795 2101 866 2169; x_wconf 90' lang='lat' dir='ltr'>in</span> <span class='ocrx_word' id='word_1_183' title='bbox 914 2099 1297 2170; x_wconf 87' lang='lat' dir='ltr'>orationem</span> <span class='ocrx_word' id='word_1_184' title='bbox 1344 2099 1669 2191; x_wconf 85' lang='lat' dir='ltr'>prostrati</span> <span class='ocrx_word' id='word_1_185' title='bbox 1717 2112 1905 2170; x_wconf 88' lang='lat' dir='ltr'>sunt.</span> <span class='ocrx_word' id='word_1_186' title='bbox 1979 2104 2110 2182; x_wconf 77' lang='lat' dir='ltr'>Qui</span> <span class='ocrx_word' id='word_1_187' title='bbox 2159 2100 2393 2169; x_wconf 88' lang='lat' dir='ltr'>statim</span> <span class='ocrx_word' id='word_1_188' title='bbox 2443 2099 2530 2169; x_wconf 92' lang='lat' dir='ltr'>ad</span> <span class='ocrx_word' id='word_1_189' title='bbox 2580 2121 2655 2169; x_wconf 94' lang='lat' dir='ltr'>se</span> <span class='ocrx_word' id='word_1_190' title='bbox 2701 2122 3075 2182; x_wconf 86' lang='lat' dir='ltr'>reversus,</span> 
     </span>
     <span class='ocr_line' id='line_1_22' title="bbox 495 2187 3085 2277; baseline 0 -18"><span class='ocrx_word' id='word_1_191' title='bbox 495 2188 857 2260; x_wconf 87' lang='lat' dir='ltr'>confessus</span> <span class='ocrx_word' id='word_1_192' title='bbox 904 2200 1029 2269; x_wconf 89' lang='lat' dir='ltr'>est,</span> <span class='ocrx_word' id='word_1_193' title='bbox 1083 2188 1249 2276; x_wconf 91' lang='lat' dir='ltr'>quia</span> <span class='ocrx_word' id='word_1_194' title='bbox 1296 2210 1504 2258; x_wconf 77' lang='lat' dir='ltr'>senex</span> <span class='ocrx_word' id='word_1_195' title='bbox 1534 2187 1824 2275; x_wconf 89' lang='lat' dir='ltr'>quidam</span> <span class='ocrx_word' id='word_1_196' title='bbox 1865 2187 1927 2257; x_wconf 93' lang='lat' dir='ltr'>ei</span> <span class='ocrx_word' id='word_1_197' title='bbox 1963 2188 2350 2277; x_wconf 87' lang='lat' dir='ltr'>apparruit,</span> <span class='ocrx_word' id='word_1_198' title='bbox 2396 2200 2463 2257; x_wconf 88' lang='lat' dir='ltr'>et</span> <span class='ocrx_word' id='word_1_199' title='bbox 2494 2209 2738 2256; x_wconf 87' lang='lat' dir='ltr'>canem</span> <span class='ocrx_word' id='word_1_200' title='bbox 2780 2189 2854 2257; x_wconf 86' lang='lat' dir='ltr'>ni</span> <span class='ocrx_word' id='word_1_201' title='bbox 2908 2211 3085 2259; x_wconf 86' lang='lat' dir='ltr'>rum</span> 
     </span>
     <span class='ocr_line' id='line_1_23' title="bbox 495 2275 3083 2366; baseline 0.001 -21"><span class='ocrx_word' id='word_1_202' title='bbox 495 2277 585 2345; x_wconf 91' lang='lat' dir='ltr'>ad</span> <span class='ocrx_word' id='word_1_203' title='bbox 631 2299 789 2346; x_wconf 90' lang='lat' dir='ltr'>eum</span> <span class='ocrx_word' id='word_1_204' title='bbox 839 2276 1366 2346; x_wconf 89' lang='lat' dir='ltr'>dilacerandum</span> <span class='ocrx_word' id='word_1_205' title='bbox 1414 2276 1729 2356; x_wconf 90' lang='lat' dir='ltr'>dimisit,</span> <span class='ocrx_word' id='word_1_206' title='bbox 1797 2275 2082 2345; x_wconf 91' lang='lat' dir='ltr'>dicens:</span> <span class='ocrx_word' id='word_1_207' title='bbox 2137 2297 2175 2341; x_wconf 89' lang='lat'>«</span> <span class='ocrx_word' id='word_1_208' title='bbox 2227 2280 2451 2358; x_wconf 86' lang='lat' dir='ltr'>Quare</span> <span class='ocrx_word' id='word_1_209' title='bbox 2498 2275 2737 2366; x_wconf 86' lang='lat' dir='ltr'>fugere</span> <span class='ocrx_word' id='word_1_210' title='bbox 2782 2298 2866 2345; x_wconf 88' lang='lat' dir='ltr'>vo</span> <span class='ocrx_word' id='word_1_211' title='bbox 2896 2279 3083 2348; x_wconf 85' lang='lat' dir='ltr'>uisti</span> 
     </span>
     <span class='ocr_line' id='line_1_24' title="bbox 494 2363 3079 2450; baseline 0.001 -17"><span class='ocrx_word' id='word_1_212' title='bbox 494 2364 582 2434; x_wconf 93' lang='lat' dir='ltr'>de</span> <span class='ocrx_word' id='word_1_213' title='bbox 643 2364 1307 2434; x_wconf 52' lang='lat' dir='ltr'>monasteri02islo?</span> <span class='ocrx_word' id='word_1_214' title='bbox 1368 2369 1679 2450; x_wconf 87' lang='lat' dir='ltr'>Cumque</span> <span class='ocrx_word' id='word_1_215' title='bbox 1742 2363 2031 2433; x_wconf 89' lang='lat' dir='ltr'>evadere</span> <span class='ocrx_word' id='word_1_216' title='bbox 2081 2363 2167 2432; x_wconf 89' lang='lat' dir='ltr'>de</span> <span class='ocrx_word' id='word_1_217' title='bbox 2214 2364 2411 2433; x_wconf 87' lang='lat' dir='ltr'>canis</span> <span class='ocrx_word' id='word_1_218' title='bbox 2463 2364 2815 2434; x_wconf 89' lang='lat' dir='ltr'>morsibus</span> <span class='ocrx_word' id='word_1_219' title='bbox 2864 2366 3079 2435; x_wconf 91' lang='lat' dir='ltr'>nullo</span> 
     </span>
     <span class='ocr_line' id='line_1_25' title="bbox 494 2450 3081 2543; baseline 0.002 -21"><span class='ocrx_word' id='word_1_220' title='bbox 494 2452 703 2524; x_wconf 90' lang='lat' dir='ltr'>modo</span> <span class='ocrx_word' id='word_1_221' title='bbox 750 2452 1157 2543; x_wconf 79' lang='lat' dir='ltr'>potuissem,</span> <span class='ocrx_word' id='word_1_222' title='bbox 1212 2462 1547 2522; x_wconf 87' lang='lat' dir='ltr'>venerunt</span> <span class='ocrx_word' id='word_1_223' title='bbox 1593 2450 1881 2538; x_wconf 91' lang='lat' dir='ltr'>quidam</span> <span class='ocrx_word' id='word_1_224' title='bbox 1932 2452 2280 2533; x_wconf 87' lang='lat' dir='ltr'>monachi,</span> <span class='ocrx_word' id='word_1_225' title='bbox 2334 2462 2399 2522; x_wconf 92' lang='lat' dir='ltr'>et</span> <span class='ocrx_word' id='word_1_226' title='bbox 2446 2451 2770 2522; x_wconf 88' lang='lat' dir='ltr'>eumdem</span> <span class='ocrx_word' id='word_1_227' title='bbox 2823 2474 3081 2526; x_wconf 86' lang='lat' dir='ltr'>senem</span> 
     </span>
     <span class='ocr_line' id='line_1_26' title="bbox 494 2540 3082 2633; baseline 0.001 -23"><span class='ocrx_word' id='word_1_228' title='bbox 494 2564 621 2633; x_wconf 90' lang='lat' dir='ltr'>pro</span> <span class='ocrx_word' id='word_1_229' title='bbox 670 2563 780 2611; x_wconf 89' lang='lat' dir='ltr'>me</span> <span class='ocrx_word' id='word_1_230' title='bbox 827 2552 1264 2632; x_wconf 86' lang='lat' dir='ltr'>rogaverunt.</span> <span class='ocrx_word' id='word_1_231' title='bbox 1332 2540 1461 2622; x_wconf 89' lang='lat' dir='ltr'>Qui</span> <span class='ocrx_word' id='word_1_232' title='bbox 1509 2540 1741 2609; x_wconf 89' lang='lat' dir='ltr'>statim</span> <span class='ocrx_word' id='word_1_233' title='bbox 1780 2540 1996 2630; x_wconf 85' lang='lat' dir='ltr'>jussit</span> <span class='ocrx_word' id='word_1_234' title='bbox 2042 2562 2284 2610; x_wconf 88' lang='lat' dir='ltr'>canem</span> <span class='ocrx_word' id='word_1_235' title='bbox 2336 2540 2744 2622; x_wconf 90' lang='lat' dir='ltr'>abscedere,</span> <span class='ocrx_word' id='word_1_236' title='bbox 2801 2553 2867 2611; x_wconf 84' lang='lat' dir='ltr'>et</span> <span class='ocrx_word' id='word_1_237' title='bbox 2916 2542 3082 2633; x_wconf 87' lang='lat' dir='ltr'>ipse</span> 
     </span>
     <span class='ocr_line' id='line_1_27' title="bbox 493 2628 3078 2720; baseline 0.001 -21"><span class='ocrx_word' id='word_1_238' title='bbox 493 2629 584 2699; x_wconf 92' lang='lat' dir='ltr'>ad</span> <span class='ocrx_word' id='word_1_239' title='bbox 633 2651 743 2699; x_wconf 90' lang='lat' dir='ltr'>me</span> <span class='ocrx_word' id='word_1_240' title='bbox 789 2650 1108 2699; x_wconf 84' lang='lat' dir='ltr'>reversus</span> <span class='ocrx_word' id='word_1_241' title='bbox 1158 2649 1338 2699; x_wconf 90' lang='lat' dir='ltr'>sum.</span> <span class='ocrx_word' id='word_1_242' title='bbox 1395 2650 1432 2694; x_wconf 87' lang='lat'>»</span> <span class='ocrx_word' id='word_1_243' title='bbox 1481 2628 1607 2697; x_wconf 91' lang='lat' dir='ltr'>Hic</span> <span class='ocrx_word' id='word_1_244' title='bbox 1653 2629 1860 2698; x_wconf 90' lang='lat' dir='ltr'>etiam</span> <span class='ocrx_word' id='word_1_245' title='bbox 1893 2649 2098 2718; x_wconf 86' lang='lat' dir='ltr'>saepe</span> <span class='ocrx_word' id='word_1_246' title='bbox 2131 2628 2492 2700; x_wconf 82' lang='lat' dir='ltr'>confessus</span> <span class='ocrx_word' id='word_1_247' title='bbox 2524 2641 2628 2698; x_wconf 92' lang='lat' dir='ltr'>est</span> <span class='ocrx_word' id='word_1_248' title='bbox 2656 2641 2918 2720; x_wconf 87' lang='lat' dir='ltr'>postea,</span> <span class='ocrx_word' id='word_1_249' title='bbox 2961 2631 3078 2701; x_wconf 89' lang='lat' dir='ltr'>di-</span> 
     </span>
     <span class='ocr_line' id='line_1_28' title="bbox 491 2714 3077 2806; baseline 0.001 -19"><span class='ocrx_word' id='word_1_250' title='bbox 491 2738 681 2799; x_wconf 78' lang='lat' dir='ltr'>cenS,</span> <span class='ocrx_word' id='word_1_251' title='bbox 732 2717 918 2804; x_wconf 90' lang='lat' dir='ltr'>quod</span> <span class='ocrx_word' id='word_1_252' title='bbox 958 2737 1039 2785; x_wconf 89' lang='lat' dir='ltr'>co</span> <span class='ocrx_word' id='word_1_253' title='bbox 1071 2714 1206 2796; x_wconf 90' lang='lat' dir='ltr'>die,</span> <span class='ocrx_word' id='word_1_254' title='bbox 1246 2736 1388 2803; x_wconf 91' lang='lat' dir='ltr'>quo</span> <span class='ocrx_word' id='word_1_255' title='bbox 1420 2715 1551 2785; x_wconf 87' lang='lat' dir='ltr'>ista</span> <span class='ocrx_word' id='word_1_256' title='bbox 1581 2717 1980 2806; x_wconf 86' lang='lat' dir='ltr'>pertulerat,</span> <span class='ocrx_word' id='word_1_257' title='bbox 2018 2716 2388 2786; x_wconf 91' lang='lat' dir='ltr'>consilium</span> <span class='ocrx_word' id='word_1_258' title='bbox 2423 2717 2747 2788; x_wconf 88' lang='lat' dir='ltr'>habuerit</span> <span class='ocrx_word' id='word_1_259' title='bbox 2780 2718 2866 2787; x_wconf 91' lang='lat' dir='ltr'>de</span> <span class='ocrx_word' id='word_1_260' title='bbox 2906 2741 3077 2789; x_wconf 89' lang='lat' dir='ltr'>mo-</span> 
     </span>
     <span class='ocr_line' id='line_1_29' title="bbox 493 2802 1183 2903; baseline -0.004 -28"><span class='ocrx_word' id='word_1_261' title='bbox 493 2805 796 2875; x_wconf 89' lang='lat' dir='ltr'>nasterio</span> <span class='ocrx_word' id='word_1_262' title='bbox 843 2802 1183 2903; x_wconf 86' lang='lat' dir='ltr'>fugiendi.</span> 
     </span>
    </p>

    <p class='ocr_par' dir='ltr' id='par_1_4' title="bbox 488 2891 3081 4486">
     <span class='ocr_line' id='line_1_30' title="bbox 580 2891 3072 2980; baseline 0 -16"><span class='ocrx_word' id='word_1_263' title='bbox 580 2894 618 2980; x_wconf 79' lang='lat'>§</span> <span class='ocrx_word' id='word_1_264' title='bbox 665 2898 759 2964; x_wconf 69' lang='grc' dir='ltr'>θ.</span> <span class='ocrx_word' id='word_1_265' title='bbox 814 2891 944 2961; x_wconf 88' lang='lat' dir='ltr'>Ali1</span> <span class='ocrx_word' id='word_1_266' title='bbox 989 2912 1265 2978; x_wconf 90' lang='lat' dir='ltr'>quoque</span> <span class='ocrx_word' id='word_1_267' title='bbox 1310 2892 1451 2961; x_wconf 92' lang='lat' dir='ltr'>duo</span> <span class='ocrx_word' id='word_1_268' title='bbox 1497 2891 1742 2963; x_wconf 86' lang='lat' dir='ltr'>fratres</span> <span class='ocrx_word' id='word_1_269' title='bbox 1779 2892 1865 2962; x_wconf 91' lang='lat' dir='ltr'>de</span> <span class='ocrx_word' id='word_1_270' title='bbox 1896 2891 2208 2962; x_wconf 90' lang='lat' dir='ltr'>e&#39;usdem</span> <span class='ocrx_word' id='word_1_271' title='bbox 2249 2892 2465 2980; x_wconf 90' lang='lat' dir='ltr'>patris</span> <span class='ocrx_word' id='word_1_272' title='bbox 2498 2895 2916 2964; x_wconf 80' lang='lat' dir='ltr'>monasterio</span> <span class='ocrx_word' id='word_1_273' title='bbox 2951 2895 3072 2965; x_wconf 85' lang='lat' dir='ltr'>fu-</span> 
     </span>
     <span class='ocr_line' id='line_1_31' title="bbox 491 2978 3055 3079; baseline 0.002 -30"><span class='ocrx_word' id='word_1_274' title='bbox 491 2990 783 3072; x_wconf 86' lang='lat' dir='ltr'>gerunt:</span> <span class='ocrx_word' id='word_1_275' title='bbox 836 2978 962 3067; x_wconf 89' lang='lat' dir='ltr'>qui</span> <span class='ocrx_word' id='word_1_276' title='bbox 999 2978 1236 3066; x_wconf 89' lang='lat' dir='ltr'>aliqua</span> <span class='ocrx_word' id='word_1_277' title='bbox 1282 2980 1482 3079; x_wconf 89' lang='lat' dir='ltr'>prius</span> <span class='ocrx_word' id='word_1_278' title='bbox 1528 2980 1706 3051; x_wconf 84' lang='lat' dir='ltr'>collo</span> <span class='ocrx_word' id='word_1_279' title='bbox 1756 3001 1889 3049; x_wconf 90' lang='lat' dir='ltr'>uen</span> <span class='ocrx_word' id='word_1_280' title='bbox 1944 3002 1985 3049; x_wconf 92' lang='lat' dir='ltr'>o</span> <span class='ocrx_word' id='word_1_281' title='bbox 2032 2980 2365 3051; x_wconf 82' lang='lat' dir='ltr'>fratribus</span> <span class='ocrx_word' id='word_1_282' title='bbox 2413 2981 2616 3072; x_wconf 89' lang='lat' dir='ltr'>signa</span> <span class='ocrx_word' id='word_1_283' title='bbox 2684 2982 3055 3066; x_wconf 83' lang='lat' dir='ltr'>dederant,</span> 
     </span>
     <span class='ocr_line' id='line_1_32' title="bbox 491 3067 3074 3168; baseline 0.002 -32"><span class='ocrx_word' id='word_1_284' title='bbox 491 3067 676 3156; x_wconf 89' lang='lat' dir='ltr'>quod</span> <span class='ocrx_word' id='word_1_285' title='bbox 726 3089 851 3158; x_wconf 89' lang='lat' dir='ltr'>per</span> <span class='ocrx_word' id='word_1_286' title='bbox 895 3067 1183 3168; x_wconf 83' lang='lat' dir='ltr'>Appiam</span> <span class='ocrx_word' id='word_1_287' title='bbox 1233 3089 1417 3137; x_wconf 82' lang='lat' dir='ltr'>viam</span> <span class='ocrx_word' id='word_1_288' title='bbox 1450 3068 1699 3140; x_wconf 89' lang='lat' dir='ltr'>descen</span> <span class='ocrx_word' id='word_1_289' title='bbox 1756 3080 1970 3151; x_wconf 77' lang='lat' dir='ltr'>enteS,</span> <span class='ocrx_word' id='word_1_290' title='bbox 2013 3069 2519 3158; x_wconf 84' lang='lat' dir='ltr'>Jerosolymam</span> <span class='ocrx_word' id='word_1_291' title='bbox 2552 3070 2934 3140; x_wconf 89' lang='lat' dir='ltr'>tenderent.</span> <span class='ocrx_word' id='word_1_292' title='bbox 2977 3074 3074 3142; x_wconf 85' lang='lat' dir='ltr'>Hi</span> 
     </span>
     <span class='ocr_line' id='line_1_33' title="bbox 491 3154 3077 3245; baseline 0.001 -19"><span class='ocrx_word' id='word_1_293' title='bbox 491 3168 842 3237; x_wconf 82' lang='lat' dir='ltr'>exeuntes,</span> <span class='ocrx_word' id='word_1_294' title='bbox 896 3154 1321 3225; x_wconf 84' lang='lat' dir='ltr'>diverterunt</span> <span class='ocrx_word' id='word_1_295' title='bbox 1367 3156 1454 3225; x_wconf 89' lang='lat' dir='ltr'>de</span> <span class='ocrx_word' id='word_1_296' title='bbox 1502 3157 1770 3237; x_wconf 90' lang='lat' dir='ltr'>itinere,</span> <span class='ocrx_word' id='word_1_297' title='bbox 1822 3168 1889 3226; x_wconf 92' lang='lat' dir='ltr'>et</span> <span class='ocrx_word' id='word_1_298' title='bbox 1932 3168 2012 3227; x_wconf 88' lang='lat' dir='ltr'>ut</span> <span class='ocrx_word' id='word_1_299' title='bbox 2040 3179 2080 3227; x_wconf 92' lang='lat' dir='ltr'>a</span> <span class='ocrx_word' id='word_1_300' title='bbox 2112 3158 2564 3245; x_wconf 88' lang='lat' dir='ltr'>sequentihus</span> <span class='ocrx_word' id='word_1_301' title='bbox 2598 3158 2893 3228; x_wconf 85' lang='lat' dir='ltr'>inveniri</span> <span class='ocrx_word' id='word_1_302' title='bbox 2929 3161 3077 3229; x_wconf 84' lang='lat' dir='ltr'>mi·</span> 
     </span>
     <span class='ocr_line' id='line_1_34' title="bbox 493 3245 3079 3337; baseline 0.002 -23"><span class='ocrx_word' id='word_1_303' title='bbox 493 3245 685 3314; x_wconf 90' lang='lat' dir='ltr'>nime</span> <span class='ocrx_word' id='word_1_304' title='bbox 733 3254 1035 3334; x_wconf 88' lang='lat' dir='ltr'>possent,</span> <span class='ocrx_word' id='word_1_305' title='bbox 1091 3255 1394 3315; x_wconf 88' lang='lat' dir='ltr'>retrusas</span> <span class='ocrx_word' id='word_1_306' title='bbox 1432 3257 1713 3337; x_wconf 87' lang='lat' dir='ltr'>cryptas</span> <span class='ocrx_word' id='word_1_307' title='bbox 1735 3246 1936 3335; x_wconf 82' lang='lat' dir='ltr'>juxta</span> <span class='ocrx_word' id='word_1_308' title='bbox 1965 3245 2363 3316; x_wconf 88' lang='lat' dir='ltr'>flamineam</span> <span class='ocrx_word' id='word_1_309' title='bbox 2399 3257 2668 3336; x_wconf 87' lang='lat' dir='ltr'>portam</span> <span class='ocrx_word' id='word_1_310' title='bbox 2698 3246 3079 3318; x_wconf 74' lang='lat' dir='ltr'>invenien-</span> 
     </span>
     <span class='ocr_line' id='line_1_35' title="bbox 495 3332 3080 3425; baseline 0.002 -23"><span class='ocrx_word' id='word_1_311' title='bbox 495 3344 617 3413; x_wconf 81' lang='lat' dir='ltr'>teS,</span> <span class='ocrx_word' id='word_1_312' title='bbox 671 3332 744 3401; x_wconf 91' lang='lat' dir='ltr'>in</span> <span class='ocrx_word' id='word_1_313' title='bbox 784 3333 885 3402; x_wconf 90' lang='lat' dir='ltr'>eis</span> <span class='ocrx_word' id='word_1_314' title='bbox 920 3353 992 3402; x_wconf 92' lang='lat' dir='ltr'>se</span> <span class='ocrx_word' id='word_1_315' title='bbox 1028 3332 1572 3404; x_wconf 88' lang='lat' dir='ltr'>occultaverunt.</span> <span class='ocrx_word' id='word_1_316' title='bbox 1612 3338 1780 3404; x_wconf 90' lang='lat' dir='ltr'>Cum</span> <span class='ocrx_word' id='word_1_317' title='bbox 1814 3355 1972 3403; x_wconf 86' lang='lat' dir='ltr'>vero</span> <span class='ocrx_word' id='word_1_318' title='bbox 2004 3334 2414 3425; x_wconf 84' lang='lat' dir='ltr'>vespertinis</span> <span class='ocrx_word' id='word_1_319' title='bbox 2445 3334 2635 3403; x_wconf 91' lang='lat' dir='ltr'>horis</span> <span class='ocrx_word' id='word_1_320' title='bbox 2655 3334 2869 3425; x_wconf 88' lang='lat' dir='ltr'>jussu</span> <span class='ocrx_word' id='word_1_321' title='bbox 2902 3341 3080 3407; x_wconf 83' lang='lat' dir='ltr'>Gre—</span> 
     </span>
     <span class='ocr_line' id='line_1_36' title="bbox 492 3420 3079 3513; baseline 0.002 -23"><span class='ocrx_word' id='word_1_322' title='bbox 492 3421 670 3512; x_wconf 88' lang='lat' dir='ltr'>gorii</span> <span class='ocrx_word' id='word_1_323' title='bbox 699 3420 1037 3508; x_wconf 89' lang='lat' dir='ltr'>requisiti,</span> <span class='ocrx_word' id='word_1_324' title='bbox 1081 3421 1373 3491; x_wconf 89' lang='lat' dir='ltr'>minime</span> <span class='ocrx_word' id='word_1_325' title='bbox 1419 3422 1492 3491; x_wconf 91' lang='lat' dir='ltr'>in</span> <span class='ocrx_word' id='word_1_326' title='bbox 1542 3421 2073 3513; x_wconf 82' lang='lat' dir='ltr'>congregatione</span> <span class='ocrx_word' id='word_1_327' title='bbox 2103 3422 2364 3491; x_wconf 91' lang='lat' dir='ltr'>inventi</span> <span class='ocrx_word' id='word_1_328' title='bbox 2397 3421 2714 3503; x_wconf 83' lang='lat' dir='ltr'>fuissent,</span> <span class='ocrx_word' id='word_1_329' title='bbox 2751 3426 3079 3496; x_wconf 88' lang='lat' dir='ltr'>ascensis</span> 
     </span>
     <span class='ocr_line' id='line_1_37' title="bbox 492 3509 3077 3600; baseline 0.002 -21"><span class='ocrx_word' id='word_1_330' title='bbox 492 3509 784 3580; x_wconf 87' lang='lat' dir='ltr'>caballis</span> <span class='ocrx_word' id='word_1_331' title='bbox 816 3530 932 3581; x_wconf 91' lang='lat' dir='ltr'>eos</span> <span class='ocrx_word' id='word_1_332' title='bbox 961 3509 1249 3596; x_wconf 91' lang='lat' dir='ltr'>quidam</span> <span class='ocrx_word' id='word_1_333' title='bbox 1281 3509 1525 3581; x_wconf 82' lang='lat' dir='ltr'>fratres</span> <span class='ocrx_word' id='word_1_334' title='bbox 1552 3511 1771 3580; x_wconf 92' lang='lat' dir='ltr'>secuti</span> <span class='ocrx_word' id='word_1_335' title='bbox 1801 3523 1986 3581; x_wconf 91' lang='lat' dir='ltr'>sunt.</span> <span class='ocrx_word' id='word_1_336' title='bbox 2023 3516 2149 3580; x_wconf 90' lang='lat' dir='ltr'>Per</span> <span class='ocrx_word' id='word_1_337' title='bbox 2177 3509 2483 3580; x_wconf 85' lang='lat' dir='ltr'>Metrovii</span> <span class='ocrx_word' id='word_1_338' title='bbox 2509 3522 2778 3600; x_wconf 89' lang='lat' dir='ltr'>portam</span> <span class='ocrx_word' id='word_1_339' title='bbox 2807 3534 3077 3583; x_wconf 85' lang='lat' dir='ltr'>exeun-</span> 
     </span>
     <span class='ocr_line' id='line_1_38' title="bbox 493 3597 3077 3689; baseline 0.003 -21"><span class='ocrx_word' id='word_1_340' title='bbox 493 3610 616 3680; x_wconf 81' lang='lat' dir='ltr'>teS,</span> <span class='ocrx_word' id='word_1_341' title='bbox 669 3609 750 3668; x_wconf 94' lang='lat' dir='ltr'>ut</span> <span class='ocrx_word' id='word_1_342' title='bbox 793 3620 911 3670; x_wconf 89' lang='lat' dir='ltr'>eos</span> <span class='ocrx_word' id='word_1_343' title='bbox 956 3598 1031 3667; x_wconf 92' lang='lat' dir='ltr'>in</span> <span class='ocrx_word' id='word_1_344' title='bbox 1079 3598 1392 3668; x_wconf 87' lang='lat' dir='ltr'>Latinam</span> <span class='ocrx_word' id='word_1_345' title='bbox 1441 3597 1545 3667; x_wconf 86' lang='lat' dir='ltr'>vel</span> <span class='ocrx_word' id='word_1_346' title='bbox 1594 3599 1885 3689; x_wconf 83' lang='lat' dir='ltr'>Appiam</span> <span class='ocrx_word' id='word_1_347' title='bbox 1933 3598 2113 3668; x_wconf 90' lang='lat' dir='ltr'>viam</span> <span class='ocrx_word' id='word_1_348' title='bbox 2157 3610 2652 3685; x_wconf 89' lang='lat' dir='ltr'>sequerentur:</span> <span class='ocrx_word' id='word_1_349' title='bbox 2692 3600 2935 3672; x_wconf 91' lang='lat' dir='ltr'>subito</span> <span class='ocrx_word' id='word_1_350' title='bbox 2963 3604 3077 3676; x_wconf 87' lang='lat' dir='ltr'>eis</span> 
     </span>
     <span class='ocr_line' id='line_1_39' title="bbox 490 3686 3075 3778; baseline 0.001 -21"><span class='ocrx_word' id='word_1_351' title='bbox 490 3686 865 3757; x_wconf 90' lang='lat' dir='ltr'>consilium</span> <span class='ocrx_word' id='word_1_352' title='bbox 912 3699 1143 3756; x_wconf 89' lang='lat' dir='ltr'>ortum</span> <span class='ocrx_word' id='word_1_353' title='bbox 1191 3698 1316 3769; x_wconf 89' lang='lat' dir='ltr'>est,</span> <span class='ocrx_word' id='word_1_354' title='bbox 1370 3698 1449 3758; x_wconf 91' lang='lat' dir='ltr'>ut</span> <span class='ocrx_word' id='word_1_355' title='bbox 1493 3708 1611 3756; x_wconf 90' lang='lat' dir='ltr'>eos</span> <span class='ocrx_word' id='word_1_356' title='bbox 1654 3686 1730 3755; x_wconf 90' lang='lat' dir='ltr'>in</span> <span class='ocrx_word' id='word_1_357' title='bbox 1781 3686 2045 3756; x_wconf 90' lang='lat' dir='ltr'>Salaria</span> <span class='ocrx_word' id='word_1_358' title='bbox 2077 3686 2185 3755; x_wconf 88' lang='lat' dir='ltr'>via</span> <span class='ocrx_word' id='word_1_359' title='bbox 2217 3697 2409 3756; x_wconf 82' lang='lat' dir='ltr'>extra</span> <span class='ocrx_word' id='word_1_360' title='bbox 2437 3687 2786 3757; x_wconf 86' lang='lat' dir='ltr'>civitatem</span> <span class='ocrx_word' id='word_1_361' title='bbox 2827 3692 3075 3778; x_wconf 89' lang='lat' dir='ltr'>requi-</span> 
     </span>
     <span class='ocr_line' id='line_1_40' title="bbox 489 3774 3075 3866; baseline 0.002 -22"><span class='ocrx_word' id='word_1_362' title='bbox 489 3797 640 3845; x_wconf 90' lang='lat' dir='ltr'>rere</span> <span class='ocrx_word' id='word_1_363' title='bbox 688 3774 1114 3846; x_wconf 90' lang='lat' dir='ltr'>debuissent.</span> <span class='ocrx_word' id='word_1_364' title='bbox 1180 3775 1404 3865; x_wconf 89' lang='lat' dir='ltr'>Igitur</span> <span class='ocrx_word' id='word_1_365' title='bbox 1452 3787 1815 3866; x_wconf 86' lang='lat' dir='ltr'>pergentes</span> <span class='ocrx_word' id='word_1_366' title='bbox 1861 3774 2286 3844; x_wconf 82' lang='lat' dir='ltr'>deflexerunt</span> <span class='ocrx_word' id='word_1_367' title='bbox 2332 3775 2503 3858; x_wconf 89' lang='lat' dir='ltr'>iter,</span> <span class='ocrx_word' id='word_1_368' title='bbox 2555 3787 2622 3845; x_wconf 91' lang='lat' dir='ltr'>et</span> <span class='ocrx_word' id='word_1_369' title='bbox 2668 3775 2741 3844; x_wconf 91' lang='lat' dir='ltr'>in</span> <span class='ocrx_word' id='word_1_370' title='bbox 2795 3778 3075 3851; x_wconf 81' lang='lat' dir='ltr'>Salaria</span> 
     </span>
     <span class='ocr_line' id='line_1_41' title="bbox 490 3862 3071 3954; baseline 0.002 -21"><span class='ocrx_word' id='word_1_371' title='bbox 490 3885 608 3933; x_wconf 89' lang='lat' dir='ltr'>ees</span> <span class='ocrx_word' id='word_1_372' title='bbox 656 3866 878 3933; x_wconf 77' lang='lat' dir='ltr'>vetere</span> <span class='ocrx_word' id='word_1_373' title='bbox 925 3885 1064 3933; x_wconf 90' lang='lat' dir='ltr'>non</span> <span class='ocrx_word' id='word_1_374' title='bbox 1117 3862 1581 3944; x_wconf 85' lang='lat' dir='ltr'>invenientes,</span> <span class='ocrx_word' id='word_1_375' title='bbox 1635 3885 1760 3954; x_wconf 90' lang='lat' dir='ltr'>per</span> <span class='ocrx_word' id='word_1_376' title='bbox 1805 3873 2074 3952; x_wconf 87' lang='lat' dir='ltr'>portam</span> <span class='ocrx_word' id='word_1_377' title='bbox 2124 3862 2552 3933; x_wconf 86' lang='lat' dir='ltr'>Flamineam</span> <span class='ocrx_word' id='word_1_378' title='bbox 2600 3863 3071 3939; x_wconf 85' lang='lat' dir='ltr'>decreverunt</span> 
     </span>
     <span class='ocr_line' id='line_1_42' title="bbox 491 3951 3077 4042; baseline 0.002 -22"><span class='ocrx_word' id='word_1_379' title='bbox 491 3951 742 4021; x_wconf 90' lang='lat' dir='ltr'>redire.</span> <span class='ocrx_word' id='word_1_380' title='bbox 798 3956 1107 4039; x_wconf 88' lang='lat' dir='ltr'>Cumque</span> <span class='ocrx_word' id='word_1_381' title='bbox 1155 3962 1680 4032; x_wconf 89' lang='lat' dir='ltr'>reverterentur,</span> <span class='ocrx_word' id='word_1_382' title='bbox 1733 3972 1891 4020; x_wconf 86' lang='lat' dir='ltr'>mox</span> <span class='ocrx_word' id='word_1_383' title='bbox 1937 3962 2015 4020; x_wconf 91' lang='lat' dir='ltr'>ut</span> <span class='ocrx_word' id='word_1_384' title='bbox 2061 3951 2222 4038; x_wconf 90' lang='lat' dir='ltr'>equi</span> <span class='ocrx_word' id='word_1_385' title='bbox 2254 3964 2412 4021; x_wconf 89' lang='lat' dir='ltr'>ante</span> <span class='ocrx_word' id='word_1_386' title='bbox 2443 3963 2725 4042; x_wconf 79' lang='lat' dir='ltr'>cryptas</span> <span class='ocrx_word' id='word_1_387' title='bbox 2756 3953 2918 4026; x_wconf 92' lang='lat' dir='ltr'>illas</span> <span class='ocrx_word' id='word_1_388' title='bbox 2948 3978 3077 4026; x_wconf 84' lang='lat' dir='ltr'>ve·-</span> 
     </span>
     <span class='ocr_line' id='line_1_43' title="bbox 491 4038 3068 4131; baseline 0.002 -22"><span class='ocrx_word' id='word_1_389' title='bbox 491 4054 789 4122; x_wconf 88' lang='lat' dir='ltr'>nerunt‚</span> <span class='ocrx_word' id='word_1_390' title='bbox 844 4041 915 4109; x_wconf 89' lang='lat' dir='ltr'>in</span> <span class='ocrx_word' id='word_1_391' title='bbox 966 4039 1224 4128; x_wconf 89' lang='lat' dir='ltr'>quibus</span> <span class='ocrx_word' id='word_1_392' title='bbox 1273 4062 1348 4111; x_wconf 90' lang='lat' dir='ltr'>se</span> <span class='ocrx_word' id='word_1_393' title='bbox 1394 4039 1722 4110; x_wconf 87' lang='lat' dir='ltr'>monachi</span> <span class='ocrx_word' id='word_1_394' title='bbox 1769 4038 2314 4120; x_wconf 88' lang='lat' dir='ltr'>absconderant,</span> <span class='ocrx_word' id='word_1_395' title='bbox 2370 4039 2673 4109; x_wconf 86' lang='lat' dir='ltr'>fixerunt</span> <span class='ocrx_word' id='word_1_396' title='bbox 2703 4043 3068 4131; x_wconf 70' lang='lat' dir='ltr'>gradum.</span> 
     </span>
     <span class='ocr_line' id='line_1_44' title="bbox 491 4126 3081 4219; baseline 0.003 -21"><span class='ocrx_word' id='word_1_397' title='bbox 491 4128 755 4199; x_wconf 91' lang='lat' dir='ltr'>Pulsati</span> <span class='ocrx_word' id='word_1_398' title='bbox 803 4140 869 4199; x_wconf 91' lang='lat' dir='ltr'>et</span> <span class='ocrx_word' id='word_1_399' title='bbox 916 4150 1066 4199; x_wconf 90' lang='lat' dir='ltr'>com</span> <span class='ocrx_word' id='word_1_400' title='bbox 1124 4127 1288 4210; x_wconf 89' lang='lat' dir='ltr'>ulsi,</span> <span class='ocrx_word' id='word_1_401' title='bbox 1342 4150 1629 4219; x_wconf 91' lang='lat' dir='ltr'>passum</span> <span class='ocrx_word' id='word_1_402' title='bbox 1681 4149 1954 4197; x_wconf 86' lang='lat' dir='ltr'>movere</span> <span class='ocrx_word' id='word_1_403' title='bbox 1985 4126 2383 4198; x_wconf 88' lang='lat' dir='ltr'>noluerunt.</span> <span class='ocrx_word' id='word_1_404' title='bbox 2439 4128 3081 4206; x_wconf 75' lang='lat' dir='ltr'>consideraverunt</span> 
     </span>
     <span class='ocr_line' id='line_1_45' title="bbox 488 4216 3072 4309; baseline 0.002 -22"><span class='ocrx_word' id='word_1_405' title='bbox 488 4218 754 4305; x_wconf 90' lang='lat' dir='ltr'>equites</span> <span class='ocrx_word' id='word_1_406' title='bbox 800 4239 945 4287; x_wconf 88' lang='lat' dir='ltr'>rem</span> <span class='ocrx_word' id='word_1_407' title='bbox 999 4229 1063 4288; x_wconf 91' lang='lat' dir='ltr'>ta</span> <span class='ocrx_word' id='word_1_408' title='bbox 1094 4238 1204 4286; x_wconf 90' lang='lat' dir='ltr'>em</span> <span class='ocrx_word' id='word_1_409' title='bbox 1240 4216 1389 4288; x_wconf 88' lang='lat' dir='ltr'>sine</span> <span class='ocrx_word' id='word_1_410' title='bbox 1421 4216 1750 4307; x_wconf 84' lang='lat' dir='ltr'>mysterio</span> <span class='ocrx_word' id='word_1_411' title='bbox 1779 4238 1931 4287; x_wconf 91' lang='lat' dir='ltr'>esse</span> <span class='ocrx_word' id='word_1_412' title='bbox 1962 4236 2101 4284; x_wconf 88' lang='lat' dir='ltr'>non</span> <span class='ocrx_word' id='word_1_413' title='bbox 2137 4237 2361 4307; x_wconf 90' lang='lat' dir='ltr'>posse.</span> <span class='ocrx_word' id='word_1_414' title='bbox 2416 4216 2860 4290; x_wconf 86' lang='lat' dir='ltr'>Attendentes</span> <span class='ocrx_word' id='word_1_415' title='bbox 2888 4241 3072 4309; x_wconf 82' lang='lat' dir='ltr'>ergo</span> 
     </span>
     <span class='ocr_line' id='line_1_46' title="bbox 493 4303 3073 4398; baseline 0.002 -23"><span class='ocrx_word' id='word_1_416' title='bbox 493 4306 579 4376; x_wconf 91' lang='lat' dir='ltr'>ad</span> <span class='ocrx_word' id='word_1_417' title='bbox 630 4319 931 4398; x_wconf 76' lang='lat' dir='ltr'>cryptas,</span> <span class='ocrx_word' id='word_1_418' title='bbox 985 4305 1311 4375; x_wconf 86' lang='lat' dir='ltr'>viderunt</span> <span class='ocrx_word' id='word_1_419' title='bbox 1356 4308 1597 4375; x_wconf 81' lang='lat' dir='ltr'>earum</span> <span class='ocrx_word' id='word_1_420' title='bbox 1646 4305 1880 4376; x_wconf 89' lang='lat' dir='ltr'>aditus</span> <span class='ocrx_word' id='word_1_421' title='bbox 1911 4305 2127 4376; x_wconf 88' lang='lat' dir='ltr'>missa</span> <span class='ocrx_word' id='word_1_422' title='bbox 2156 4304 2458 4374; x_wconf 70' lang='lat' dir='ltr'>maceria</span> <span class='ocrx_word' id='word_1_423' title='bbox 2492 4303 3073 4396; x_wconf 87' lang='lat' dir='ltr'>praedamnatos:</span> 
     </span>
     <span class='ocr_line' id='line_1_47' title="bbox 494 4392 3073 4486; baseline 0.001 -21"><span class='ocrx_word' id='word_1_424' title='bbox 494 4396 614 4465; x_wconf 92' lang='lat' dir='ltr'>sed</span> <span class='ocrx_word' id='word_1_425' title='bbox 649 4395 941 4466; x_wconf 90' lang='lat' dir='ltr'>caballis</span> <span class='ocrx_word' id='word_1_426' title='bbox 981 4394 1129 4464; x_wconf 91' lang='lat' dir='ltr'>suis</span> <span class='ocrx_word' id='word_1_427' title='bbox 1160 4415 1508 4481; x_wconf 91' lang='lat' dir='ltr'>nusquam</span> <span class='ocrx_word' id='word_1_428' title='bbox 1540 4393 1640 4463; x_wconf 90' lang='lat' dir='ltr'>ire</span> <span class='ocrx_word' id='word_1_429' title='bbox 1673 4392 2062 4463; x_wconf 89' lang='lat' dir='ltr'>volentibus</span> <span class='ocrx_word' id='word_1_430' title='bbox 2094 4393 2624 4475; x_wconf 87' lang='lat' dir='ltr'>descenderunt,</span> <span class='ocrx_word' id='word_1_431' title='bbox 2662 4407 2728 4463; x_wconf 87' lang='lat' dir='ltr'>et</span> <span class='ocrx_word' id='word_1_432' title='bbox 2758 4394 3073 4486; x_wconf 78' lang='lat' dir='ltr'>lapideS,</span> 
     </span>
    </p>
   </div>
   <div class='ocr_carea' id='block_1_3' title="bbox 3192 0 3300 4966">
    <p class='ocr_par' dir='ltr' id='par_1_5' title="bbox 3192 0 3300 4966">
     <span class='ocr_line' id='line_1_48' title="bbox 3192 0 3300 4966; baseline 0 0"><span class='ocrx_word' id='word_1_433' title='bbox 3192 0 3300 4966; x_wconf 95' lang='lat' dir='ltr'> </span> 
     </span>
    </p>
   </div>
  </div>
 </body>
</html>
