3327 4999
643 361 745 426 20·
1425 379 1505 425 m:
1553 379 1609 426 s.
1663 378 1910 427 esaum
1956 378 2257 429 nmscoro
2778 361 3024 428 MART.
3070 362 3112 426 2

554 456 1055 528 monasterium
1113 455 1185 524 in
1243 455 1393 526 loco
1439 458 1562 544 qui
1609 456 1867 529 dicitur
1914 460 2288 540 Etbearut,
2349 458 2418 528 id
2475 471 2601 538 est,
2661 458 2748 528 ad
2812 481 3059 530 nemus
3092 515 3107 544 ,

551 546 624 615 in
672 545 1026 636 provincia
1075 542 1406 613 Lindissi:
1462 546 1532 613 in
1575 568 1715 633 quo
1762 569 1986 635 usque
2047 547 2255 617 hodie
2312 547 2629 617 instituta
2673 546 2761 616 ab
2810 547 2961 637 ipso
3011 570 3114 617 re-

606 634 817 703 ularis
866 633 1044 701 vitae
1088 632 1377 721 vestigia
1425 646 1853 723 permanent.
1899 635 2158 705 Habuit
2188 645 2420 705 autem
2470 634 2702 707 sedem
2761 637 3115 727 episcopa—

577 743 686 792 em
722 722 793 791 in
829 722 976 791 loco
1025 721 1149 808 qui
1180 734 1462 790 vocatur
1492 722 1893 794 Liecidfelth
1939 724 1997 805 ⁴²,
2050 722 2123 792 in
2159 745 2296 810 quo
2346 735 2414 793 et
2459 722 2831 795 defunctus
2878 746 2957 795 ac
3005 747 3115 794 se-

552 811 792 901 pultus
839 821 976 879 est:
1033 810 1156 879 ubi
1202 831 1423 896 usque
1470 810 1677 879 hodie
1725 812 2166 900 sequentium
2198 833 2474 898 quoque
2500 812 2893 902 provinciae
2924 812 3116 884 illius

551 899 1032 991 episcoporum
1087 897 1284 968 sedes
1331 912 1455 969 est.
1490 904 1765 969 Fecerat
1795 922 1953 971 vero
1982 900 2118 970 sibi
2147 898 2578 970 mansionem
2609 922 2749 969 non
2797 900 3000 990 longe
3027 902 3113 971 ab

551 987 841 1058 ecclesia
873 985 1333 1068 remotiorem,
1386 987 1457 1056 in
1509 1009 1649 1074 qua
1697 988 2028 1058 secretius
2066 1010 2228 1058 cum
2263 987 2531 1078 pauciS,
2570 986 2642 1057 id
2690 999 2815 1070 est,
2852 1000 3112 1078 septem

551 1077 692 1146 sive
739 1086 888 1145 octo
944 1073 1301 1156 fratribus,
1341 1076 1612 1161 quoties
1668 1098 1704 1145 a
1769 1077 2004 1148 labore
2045 1089 2113 1145 et
2158 1074 2544 1146 ministerio
2578 1076 2767 1146 verbi
2802 1077 3108 1158 vacabat,

550 1186 770 1245 orare,
809 1186 887 1233 ac
918 1163 1145 1264 legere
1193 1162 1476 1232 solebat.

639 1256 676 1340 ξ
734 1257 822 1324 5.
876 1255 1007 1334 Qui
1054 1274 1215 1321 cum
1275 1252 1346 1320 in
1396 1251 1515 1321 illa
1566 1254 1923 1342 provincia
1968 1251 2245 1325 duobus
2301 1252 2506 1323 annis
2554 1275 2633 1322 ac
2681 1252 2973 1322 dimidio
3008 1275 3117 1322 ec-

550 1339 831 1410 clesiam
875 1338 1370 1430 gloriosissime
1418 1340 1726 1421 rexisset,
1767 1342 1965 1411 affuit
2010 1365 2094 1412 su
2145 1361 2312 1410 erno
2360 1340 2805 1431 dispensante
2858 1340 3116 1411 'udicio

549 1441 849 1519 tempuS,
886 1429 972 1496 de
1010 1449 1148 1514 quo
1197 1426 1505 1514 loquitur
1552 1429 2020 1510 EcclesiasteS,
2079 1363 2258 1509 Saia
2288 1440 2547 1521 tempus
2575 1431 2811 1500 mitten
2864 1433 2891 1498 ι’
2936 1434 3011 1500 la
3059 1432 3117 1499 i-

551 1519 686 1597 deS,
741 1527 804 1585 et
845 1526 1103 1606 tempus
1152 1519 1520 1606 colliqendi
1559 1518 1840 1607 (EccleS.
1905 1518 2032 1607 111).
2079 1518 2487 1607 Supervenit
2533 1539 2832 1604 namque
2880 1518 2991 1588 cla
3047 1541 3118 1589 es

550 1605 884 1675 divinitus
934 1604 1168 1684 missa,
1221 1626 1399 1691 quae
1449 1627 1570 1692 per
1601 1618 1889 1675 mortem
1940 1604 2171 1675 carnis
2203 1607 2392 1675 vivos
2439 1605 2780 1676 Ecclesiae
2847 1606 3120 1697 lapides

549 1693 636 1763 de
687 1691 975 1762 terrenis
1025 1690 1307 1761 sedibus
1373 1693 1459 1762 ad
1532 1692 1932 1762 aedificium
1990 1692 2280 1763 coeleste
2326 1693 2748 1764 transferret.
2805 1698 3121 1783 Cumque

550 1780 875 1872 plurimis
931 1779 1016 1848 de
1062 1779 1354 1850 ecclesia
1398 1781 1709 1867 ejusdem
1767 1780 2328 1851 reverendissimi
2387 1781 2722 1852 Antistitis
2769 1782 2857 1852 de
2904 1805 3119 1852 carne

550 1868 945 1948 subtractiS,
986 1867 1245 1937 veniret
1291 1868 1461 1938 hora
1506 1869 1757 1960 ipsius,
1809 1882 1888 1939 ut
1918 1869 2239 1939 transiret
2284 1869 2371 1939 de
2403 1871 2533 1939 hoc
2583 1869 2846 1940 mundo
2872 1871 2958 1939 ad
2999 1878 3120 1942 Do-

550 1958 850 2035 minum,
905 1956 1193 2045 contigit
1240 1956 1350 2026 die
1397 1956 1726 2044 quadam,
1780 1971 1858 2027 ut
1889 1958 1959 2027 in
2010 1957 2315 2048 praefata
2348 1956 2712 2028 mansione
2760 1958 2928 2028 forte
2962 1959 3119 2049 ipse

548 2066 711 2114 cum
759 2065 902 2113 uno
950 2055 1218 2113 tantum
1267 2045 1497 2126 fratre,
1537 2045 1653 2114 cui
1700 2045 2118 2117 vocabulum
2163 2058 2308 2116 erat
2365 2046 2665 2126 Owinus.
2723 2068 3116 2117 commora-

549 2144 759 2214 retur,
813 2131 1100 2201 caeteris
1146 2133 1298 2223 ejus
1347 2134 1552 2204 sociis
1587 2156 1712 2224 pro
1757 2157 1973 2204 causa
2016 2146 2403 2224 opportuna
2457 2134 2542 2203 ad
2587 2134 2952 2204 ecclesiam
3004 2158 3116 2206 re-

548 2222 785 2292 versis.
841 2225 999 2290 Erat
1045 2232 1273 2290 autem
1325 2222 1507 2292 idem
1557 2221 1835 2293 Owinus
1865 2222 2098 2313 magni
2133 2222 2359 2291 meriti
2391 2223 2797 2302 monachus,
2834 2235 2900 2292 et
2931 2245 3116 2313 pura

546 2310 926 2380 intentione
974 2331 1315 2399 supernae
1365 2310 1838 2380 retributionis
1886 2309 2231 2379 mundum
2264 2310 2777 2396 derelinquens,
2815 2310 3116 2401 dignus·

596 2421 682 2468 ue
732 2420 851 2489 per
910 2398 1170 2477 omnia,
1235 2398 1350 2468 cui
1415 2398 1749 2468 Dominus
1798 2398 2188 2484 specialiter
2245 2421 2372 2469 sua
2434 2399 2764 2468 revelaret
2817 2421 3104 2481 arcana,

596 2486 825 2589 ignuS,
899 2485 1016 2556 cui
1076 2485 1284 2555 fidem
1346 2486 1656 2556 narranti
1705 2486 2065 2558 audientes
2132 2487 2762 2557 accommodarent.
2817 2492 3117 2561 Venerat

543 2598 727 2645 emm
780 2596 943 2645 cum
994 2574 1254 2665 Regina
1303 2574 1656 2644 Edildride
1690 2574 1776 2644 de
1825 2574 2177 2666 provincia
2227 2575 2681 2645 Orientalium
2731 2576 3118 2666 Anglorum

542 2677 823 2751 eratque
874 2663 1143 2753 primus
1193 2663 1698 2744 ministrorum,
1752 2673 1817 2733 et
1869 2663 2191 2754 princeps
2238 2662 2489 2734 domus
2536 2664 2710 2752 ejus.
2766 2665 2899 2746 Qui
2947 2689 3119 2737 cum

541 2762 888 2822 crescente
936 2749 1099 2818 fidei
1145 2748 1428 2831 fervore,
1483 2751 1716 2822 seculo
1778 2752 2283 2822 abrenunciare
2331 2751 2749 2842 disponeret,
2793 2774 2930 2821 non
2982 2756 3119 2825 hoc

540 2840 842 2928 segniter
888 2836 1079 2905 fecit:
1118 2837 1236 2906 sed
1270 2839 1439 2907 adeo
1490 2862 1561 2910 se
1593 2839 1839 2909 mundi
1890 2840 2099 2910 rebus
2137 2840 2347 2919 exuit,
2384 2854 2462 2909 ut
2490 2839 2748 2910 relictis
2777 2843 3117 2914 omnibus

539 2948 717 3014 quae
779 2925 1096 3006 babebat,
1151 2926 1455 3016 simplici
1506 2939 1772 2996 tantum
1838 2928 2084 2997 habitu
2150 2928 2488 3007 indutuS,
2553 2940 2619 2996 et
2686 2930 2994 3000 securim
3054 2945 3123 3003 et

539 3014 801 3085 asciam
852 3013 921 3081 in
981 3035 1196 3083 manu
1250 3013 1498 3096 ferenS,
1553 3017 1815 3085 veniret
1861 3014 1948 3085 ad
2003 3016 2501 3085 monasterium
2551 3016 2868 3104 ejusdem
2921 3040 3120 3089 reve-

545 3100 942 3172 rendissimi
983 3102 1221 3191 patriS‚
1278 3103 1462 3189 quod
1512 3116 1798 3174 vocatur
1857 3104 2245 3195 Lestingen.
2286 3109 2431 3174 Non
2482 3105 2671 3173 enim
2721 3106 2806 3174 ad
2856 3107 3114 3190 otium,

540 3201 619 3260 ut
651 3188 960 3277 quidam,
1001 3189 1120 3258 sed
1170 3190 1255 3258 ad
1290 3191 1594 3261 laborem
1623 3213 1697 3261 se
1731 3192 2225 3262 monasterium
2259 3192 2516 3262 intrare
2543 3193 2599 3263 si
2655 3196 2884 3274 nabat,
2922 3197 3121 3282 quod

539 3280 773 3370 ipsum
823 3277 1029 3347 etiam
1081 3276 1256 3348 facto
1307 3279 1734 3349 monstravit.
1771 3286 1941 3350 Nam
1988 3303 2128 3367 quo
2178 3280 2416 3352 minus
2463 3279 2584 3349 suf
2606 3281 2854 3352 iciebat
2889 3286 3120 3354 medi-

542 3366 784 3438 tationi
837 3365 1377 3456 Scripturarum,
1434 3389 1513 3437 eo
1579 3367 1886 3458 amplius
1948 3369 2141 3459 operi
2211 3390 2553 3438 manuum
2613 3370 2926 3439 studium
2977 3372 3122 3442 im-

542 3454 907 3546 pendebat.
943 3454 1245 3540 Denique
1283 3476 1446 3524 cum
1494 3456 1821 3547 episcopo
1871 3456 1941 3524 in
2004 3455 2313 3546 praefata
2360 3456 2720 3527 mansione
2771 3481 2894 3549 pro
2944 3481 3122 3531 suae

542 3542 923 3614 reverentia
953 3541 1334 3613 devotionis
1383 3544 1563 3614 inter
1601 3543 1845 3613 fratres
1878 3545 2182 3624 habituS,
2236 3567 2401 3614 cum
2452 3544 2553 3612 illi
2588 3544 2778 3616 intus
2833 3546 3123 3619 lectioni

545 3632 903 3712 vacabant,
958 3630 1107 3732 ipse
1155 3631 1319 3702 foris
1366 3654 1544 3718 quae
1586 3654 1770 3725 opus
1796 3653 1947 3701 esse
1987 3633 2283 3712 videbat,
2339 3633 2781 3722 operabatur.

630 3723 667 3807 ξ
727 3726 821 3791 θ.
876 3724 1007 3801 Qui
1039 3741 1202 3790 cum
1251 3720 1363 3789 die
1400 3720 1703 3807 quadam
1739 3721 1873 3790 tale
1931 3720 2197 3809 aliquid
2254 3720 2422 3791 foris
2470 3733 2722 3812 ageret,
2776 3722 3125 3823 digressis

542 3808 630 3878 ad
678 3807 1038 3878 ecclesiam
1076 3808 1305 3890 sociis,
1342 3821 1419 3878 ut
1443 3808 1672 3878 dicere
1703 3830 2090 3900 coeperam,
2125 3822 2192 3880 et
2222 3809 2595 3899 episcopus
2635 3810 2826 3880 solus
2856 3833 2927 3878 in
2955 3834 3122 3884 ora-

540 3897 715 3967 torio
763 3895 896 3965 loci
945 3895 1225 3966 lectioni
1260 3896 1359 3966 vel
1410 3896 1704 3966 orationi
1754 3919 2035 3987 operam
2094 3896 2310 3978 daret,
2364 3897 2630 3968 audivit
2679 3912 2981 3988 repente,
3039 3914 3125 3973 ut

542 3996 777 4077 postea
798 3983 1154 4064 referebat,
1193 4006 1426 4055 vocem
1458 3985 1949 4055 suavissimam
1980 3987 2413 4056 cantantium
2438 3998 2643 4073 atque
2676 3986 3115 4070 laetantium,

539 4073 626 4143 de
674 4073 863 4143 coelo
911 4073 997 4142 ad
1051 4084 1264 4143 terras
1324 4094 1545 4160 usque
1593 4072 2030 4142 descendere.
2101 4079 2324 4156 Quam
2375 4074 2691 4144 videlicet
2738 4097 2973 4144 vocem
3025 4078 3121 4148 ab

540 4167 984 4242 Euroaustro,
1032 4161 1102 4229 id
1151 4173 1274 4242 est,
1330 4160 1417 4230 ab
1482 4161 1619 4230 alto
1687 4162 2031 4232 brumalis
2077 4175 2356 4233 exortus
2428 4163 2654 4252 primo
2707 4183 2779 4233 sc
2828 4163 3121 4235 audisse

542 4250 834 4331 dicebat,
888 4272 966 4319 ac
1015 4248 1264 4318 deinde
1315 4248 1647 4340 paulatim
1697 4270 1849 4319 eam
1913 4250 2049 4320 sibi
2110 4251 2695 4342 appropinquare,
2749 4251 2969 4322 donec
3020 4255 3113 4324 ad

597 4410 622 4437 Φ
651 4411 706 4449 In
727 4409 963 4448 comitatu
988 4406 1335 4448 stasmi-dienen
1366 4407 1606 4452 Lichfetdia
1629 4407 1789 4448 autem
1824 4409 1896 4447 est
1924 4407 2062 4457 quasi
2094 4410 2364 4449 cadat-erum
2401 4419 2594 4459 campus,
2621 4409 2747 4457 quod
2779 4409 2973 4459 plurimi
3011 4411 3122 4454 illio

548 4463 822 4509 Christiani.
845 4462 933 4501 sub
957 4461 1248 4501 Diocletiano
1266 4459 1458 4500 mactati
1481 4463 1606 4499 sunt.
