3327 4999
204 353 392 419 MART.
443 355 519 419 42
1018 375 1097 421 m:
1144 375 1200 421 s.
1254 321 1563 422 eaaoomo
1611 374 1773 421 rara
2452 361 2578 426 1145

204 473 296 519 seu
324 451 470 521 Galli
515 451 794 534 discere,
820 454 1195 541 crebroque
1228 454 1563 524 rediscere
1594 453 1959 545 insigniter
1996 467 2401 547 potuerunt:
2438 458 2664 530 incor—

208 553 415 629 ruptam
448 564 596 611 vero
647 555 778 611 tam
831 542 1096 612 levitate
1143 543 1383 624 animi,
1436 544 1599 630 quia
1658 543 1999 613 nonnulla
2046 545 2129 613 de
2175 545 2450 636 proprio
2511 551 2668 616 Gre-

202 629 436 717 gorianis
480 631 796 700 cantibus
859 632 1330 714 miscuerunt,
1375 654 1588 719 quam
1653 631 1914 702 feritate
1974 656 2249 721 quoque
2310 634 2655 717 naturali,

202 738 407 787 servare
453 719 731 788 minime
774 730 1159 809 potuerunt.
1202 720 1445 809 Alpina
1477 720 1817 807 siquidem
1867 744 2177 814 corpora,
2218 744 2459 791 vocum
2511 745 2667 793 sua-

199 826 312 874 rum
345 808 647 877 tonitruis
693 807 978 879 altisone
1026 810 1541 899 perstrepentia,
1580 831 1780 879 susce
1834 821 1939 880 tae
1984 810 2474 880 modulationis
2508 811 2668 881 dul-

198 894 438 964 cedinem
485 897 754 998 proprie
801 920 934 966 non
989 897 1361 969 resultant:
1405 899 1569 985 quia
1614 899 1840 969 bibui
1888 900 2187 990 gutturis
2218 900 2512 970 barbara
2573 899 2668 970 fe-

192 983 333 1062 ritas,
379 985 537 1055 dum
599 986 1080 1056 inflexionibus
1113 1000 1176 1055 et
1216 986 1853 1077 repercussionibus
1906 988 2139 1058 mitem
2182 989 2423 1058 nititur
2467 989 2669 1059 edere

187 1072 568 1156 cantilenam,
621 1075 918 1145 naturali
1013 1076 1263 1144 uodam
1305 1075 1574 1167 fragore
1628 1077 1827 1164 quasi
1871 1076 2180 1167 plaustra
2238 1099 2359 1167 per
2405 1078 2664 1168 gradus

183 1160 413 1230 confuse
457 1164 794 1244 sonantia,
835 1097 1095 1255 rigidas
1123 1187 1316 1235 voces
1353 1165 1589 1254 jactat,
1646 1166 1881 1266 sicque
1916 1166 2345 1235 audientium
2396 1167 2666 1236 animos

182 1269 315 1332 quos
357 1252 647 1321 mulcere
694 1253 1042 1334 debuerat,
1095 1255 1561 1344 exasperando
1611 1277 1832 1345 magis
1880 1276 1960 1323 ac
1992 1254 2448 1346 obstrependo
2496 1279 2663 1325 con-

183 1340 381 1408 turbat.
433 1340 608 1410 Hinc
653 1354 755 1411 est
799 1341 982 1429 quod
1046 1342 1257 1432 hujus
1313 1347 1439 1411 Gre
1490 1343 1618 1412 orii
1671 1355 1971 1433 tempore
2030 1366 2189 1412 cum
2241 1344 2659 1434 Augustino,

178 1436 307 1495 tunc
347 1429 726 1498 Britannias
756 1431 1072 1510 adeunte,
1119 1453 1238 1521 per
1283 1366 1705 1501 occidentem
1755 1453 2029 1519 quoque
2078 1438 2423 1502 Romanae
2471 1432 2661 1502 iusti·

175 1515 414 1586 tutionis
459 1532 772 1587 cantores
806 1519 1121 1610 dispersi,
1163 1520 1493 1591 Barbaros
1540 1520 1904 1611 insigniter
1944 1520 2346 1590 docuerunt.
2402 1521 2664 1603 Quibus

170 1602 489 1684 defunctis,
532 1607 990 1678 occidentales
1047 1608 1374 1678 ecclesiae
1421 1609 1514 1679 ita
1563 1620 1956 1699 susceptum
2012 1609 2501 1680 modulationis
2550 1633 2655 1679 or-

168 1713 386 1846 {anum
435 1696 785 1776 vitiarunt,
817 1711 894 1766 ut
937 1703 1237 1767 Joannes
1261 1698 1544 1783 quidam
1588 1703 1941 1768 Romanus
1982 1709 2219 1768 cantor
2252 1720 2409 1767 cum
2448 1698 2659 1768 Theo-

177 1802 323 1877 ·oro,
371 1807 583 1872 aeque
632 1785 777 1854 cive
826 1791 1152 1865 Romano,
1199 1787 1316 1855 sed
1352 1787 1637 1856 Eboraci
1669 1786 2193 1877 Archiepiscopo
2242 1809 2361 1877 per
2410 1786 2663 1859 Gallias

175 1889 227 1936 1n
263 1873 634 1942 Britannias
681 1897 719 1942 a
769 1874 1099 1944 Vitaliano
1141 1875 1225 1944 sit
1267 1874 1580 1961 praesule
1621 1874 2027 1944 destinatus,
2064 1875 2193 1957 Qui
2223 1875 2661 1962 circumqua-

172 1979 275 2043 que
313 1964 686 2050 positarum
736 1963 1180 2033 ecclesiarum
1233 1963 1408 2032 filios
1457 1964 1542 2032 ad
1580 1965 1939 2053 pristinam
1995 1964 2375 2033 cantilenae
2423 1963 2660 2033 dulce-

173 2044 357 2117 dinem
394 2073 744 2132 revocans,
800 2065 936 2120 tam
989 2074 1111 2152 per
1157 2074 1251 2132 sc,
1306 2074 1511 2139 quam
1565 2073 1685 2142 per
1741 2074 1903 2122 suos
1949 2051 2368 2142 discipulos,
2425 2052 2664 2122 multis

176 2137 338 2206 annis
376 2145 722 2209 Romanae
791 2140 1140 2210 doctrinae
1187 2141 1497 2229 regulam
1568 2141 2014 2209 conservavit.
2097 2140 2220 2211 Sed
2272 2153 2336 2209 et
2384 2141 2665 2210 Carolus

182 2236 361 2293 noster
399 2228 720 2318 patritius
766 2234 901 2297 Rex
958 2242 1185 2298 autem
1247 2234 1705 2309 Francorum,
1771 2229 2197 2299 dissonantia
2246 2230 2538 2299 Romani
2598 2241 2664 2299 et

179 2311 451 2386 Gallicani
498 2327 754 2387 cantus
789 2323 1040 2386 Romae
1087 2317 1411 2396 offensus,
1455 2339 1618 2386 cum
1669 2316 2017 2386 Gallorum
2067 2318 2447 2408 procacitas
2497 2341 2663 2389 can-

177 2409 284 2469 tum
323 2427 357 2472 a
401 2406 827 2475 nostratibus
873 2406 1289 2493 quibusdam
1343 2405 1610 2475 naeniis
1672 2418 2270 2497 argumentaretur
2316 2428 2465 2475 esse
2511 2430 2659 2477 cor-

173 2506 424 2579 ruptum,
483 2494 841 2583 nostrique
888 2518 923 2562 e
971 2495 1238 2565 diverso
1285 2493 1760 2565 authenticum
1795 2494 2357 2587 antiphonarium
2410 2495 2658 2585 proba-

170 2575 350 2650 biliter
393 2595 853 2655 ostentarent:
920 2585 1374 2675 interrogasse
1435 2585 1650 2654 fertur
1694 2585 1852 2671 quis
1910 2585 2087 2652 inter
2133 2583 2356 2653 rivum
2407 2597 2471 2652 et
2517 2583 2664 2652 fon-

172 2675 267 2737 tem
332 2671 798 2764 limpidiorem
873 2695 1123 2760 aquam
1185 2695 1584 2743 conservare
1659 2674 1952 2742 soleret?
2013 2671 2657 2763 RespondentibuS,

164 2752 394 2841 fontem,
458 2761 843 2852 prudenter
888 2762 1171 2851 adJecit:
1226 2767 1399 2863 Ergo
1464 2774 1529 2830 et
1577 2783 1701 2832 nos
1766 2762 1885 2848 qui
1935 2761 2019 2829 de
2069 2762 2210 2830 rivo
2265 2774 2661 2851 corruptam

159 2840 474 2937 lympham
526 2872 752 2938 usque
799 2851 1132 2920 hactenus
1189 2851 1534 2931 bibimus,
1598 2850 1683 2918 ad
1736 2851 2057 2950 perennis
2128 2849 2336 2919 sontis
2385 2871 2663 2920 necesse

156 2946 235 3001 est
273 2939 523 3009 fluenta
576 2938 987 3030 principalia
1022 2961 1481 3009 recurramus.
1537 2944 1684 3007 Mox
1733 2952 1962 3025 ltaque
1994 2938 2169 3009 duos
2220 2959 2503 3009 suorum
2554 2938 2664 3007 in-

154 3020 415 3096 dustrios
463 3028 758 3098 clericos
794 3028 1089 3097 Adriano
1159 3041 1320 3097 tunc
1366 3028 1688 3118 episcopo
1749 3027 2135 3114 dereliquit.
2200 3026 2465 3109 Quibus
2516 3040 2664 3096 tan-

153 3108 279 3184 dem
322 3116 489 3186 satis
538 3115 889 3206 eleganter
944 3116 1334 3195 instructis,
1391 3122 1750 3185 Metensem
1814 3115 2246 3205 metropolim
2295 3115 2379 3183 ad
2432 3116 2663 3184 suavi-

154 3211 322 3271 tatem
373 3205 871 3275 modulationis
932 3205 1259 3295 pristinae
1307 3204 1679 3286 revocavit,
1749 3227 1867 3295 per
1924 3226 2131 3292 quam
2213 3203 2399 3272 illam
2456 3217 2661 3273 totam

152 3290 406 3362 Galliam
475 3316 678 3363 suam
729 3294 1040 3364 correxit.
1096 3293 1221 3363 Sed
1272 3315 1432 3363 cum
1484 3293 1702 3362 multa
1754 3304 1900 3449 post
1955 3306 2260 3383 tempora
2318 3291 2662 3361 defunctis

155 3375 236 3449 his
256 3382 371 3467 qui
407 3388 669 3451 Romae
696 3381 967 3452 fuerant
999 3382 1289 3452 educati.
1344 3394 1623 3451 cantum
1659 3386 1752 3451 Ga
1785 3382 2167 3451 licanarum
2212 3379 2660 3451 ecclesiarum

148 3486 180 3534 a
215 3471 485 3541 Metensi
535 3471 931 3562 discrepare
984 3470 1571 3562 prudentissimus
1621 3491 1863 3561 regum
1907 3470 2214 3549 vidisset,
2274 3491 2355 3538 ac
2401 3490 2661 3538 unum-

148 3574 461 3646 quemque
491 3562 585 3630 ab
631 3560 960 3630 alterutro
1009 3560 1316 3629 vitiatum
1354 3573 1632 3628 cantum
1673 3558 2047 3648 jactantem
2075 3557 2473 3627 adverteret:
2530 3562 2679 3654 Ite--

145 3662 297 3728 rum,
352 3648 606 3736 inquit,
684 3649 1044 3719 redeamus
1092 3648 1176 3717 ad
1227 3647 1505 3717 fontem.
1560 3653 1748 3719 Tunc
1799 3648 1999 3738 Regis
2059 3646 2413 3737 precibus,
2484 3645 2662 3716 sicut

146 3730 319 3805 hodie
364 3737 656 3825 quidam
721 3737 1038 3811 veridice,
1074 3736 1541 3827 astipulantur
1572 3791 1586 3818 ,
1640 3736 1980 3805 Adrianus
2035 3740 2216 3823 Papa
2266 3748 2654 3834 permotus,

145 3818 292 3892 duos
328 3826 398 3893 in
451 3825 749 3896 Galliam
800 3837 1111 3897 cantores
1140 3825 1399 3895 emisit:
1443 3847 1736 3912 quorum
1760 3824 2026 3914 judicio
2059 3828 2196 3893 Rex
2239 3844 2477 3893 omnes
2506 3845 2663 3910 qui-

149 3905 274 3980 dem
318 3914 718 4003 corrupisse
766 3915 1204 3985 dulcedinem
1253 3914 1543 3983 Romani
1590 3924 1836 3983 cantus
1887 3914 2151 3983 levitate
2199 3911 2502 3999 quadam
2550 3935 2664 3982 co-

155 4002 380 4081 gnovit:
437 4008 772 4073 Metenses
806 4026 959 4073 vero
1008 4003 1152 4073 sola
1201 4002 1498 4072 naturali
1545 4001 1830 4081 feritate,
1884 4000 2247 4093 paululum
2297 4000 2463 4088 quid
2521 4000 2663 4072 dis-

157 4103 359 4161 sonare
404 4091 727 4182 pervidit.
786 4093 1084 4179 Denique
1141 4114 1360 4179 usque
1408 4091 1611 4160 bodie
1675 4103 2013 4177 quantum
2073 4095 2382 4159 Romano
2427 4090 2662 4189 cantui

163 4172 433 4250 Hetensis
483 4180 689 4261 cedit,
727 4192 987 4250 tantum
1042 4181 1317 4252 Metensi
1367 4180 1604 4250 cedere
1654 4178 2163 4249 Gallicanarum
2213 4178 2662 4248 ecclesmrum

167 4258 784 4355 Germaniarumque
831 4280 1098 4349 cantuS,
1155 4269 1241 4339 ab
1280 4269 1387 4341 his
1432 4268 1555 4357 qui
1592 4290 1849 4337 meram
1896 4268 2246 4337 veritatem
2307 4266 2656 4358 diligunt,

167 4358 634 4443 comprobatur.
690 4362 867 4428 Haec
899 4379 1060 4459 ergo
1110 4380 1230 4448 per
1276 4356 1835 4449 anticipationem
1897 4356 2281 4438 retulerim,
2332 4377 2420 4424 nc
2479 4354 2663 4424 indi-

167 4452 432 4513 scussam
482 4446 835 4517 Gallorum
871 4446 1208 4516 levitatem
1241 4446 1474 4517 videar
1520 4446 1949 4537 praeterisse.

290 4569 524 4628 surius
569 4599 594 4614 -
634 4569 794 4629 Vitae
831 4569 940 4632 SS.
995 4602 1017 4615 ·
1059 4567 1185 4630 Vol.
1226 4569 1331 4631 111.
2076 4584 2083 4593 ·
2356 4563 2432 4626 10
