3327 4999
245 386 484 451 MART.
539 386 622 449 ‘25
1049 404 1124 450 niz
1173 403 1228 450 s.
1284 404 1699 452 neutrumne
1749 405 1985 452 Anam:
2558 393 2685 457 485

243 509 501 560 crucem
545 507 779 564 suam,
840 495 901 552 ct
956 487 1135 553 venit
1177 496 1321 573 post
1362 509 1488 565 me,
1551 509 1681 555 non
1728 497 1943 576 potest
1988 510 2173 557 meus
2220 510 2355 557 esse
2408 491 2777 580 discipulus

239 581 484 669 (Lucae
515 573 672 663 x1v),
727 572 843 641 scd
894 572 1082 643 fideli
1132 574 1297 643 haec
1338 576 1571 644 animo
1619 575 2103 666 complectens,
2156 578 2226 646 in
2276 598 2420 646 rem
2464 578 2772 649 conferre

243 665 456 738 voluit
495 662 790 732 eximius
839 663 1229 753 praeclarae
1279 663 1733 733 institutionis
1780 678 2120 736 executor.

332 758 367 842 ξ
413 759 503 825 3.
587 757 822 839 Itaque
872 753 1156 821 Domino
1208 752 1394 825 illius
1443 753 1578 843 piis
1650 755 2014 825 conatibus
2077 755 2466 846 aspirante,
2530 769 2777 828 cuncta

243 843 489 916 mundi
535 842 747 930 hujus
795 841 1291 911 oblectamenta
1356 842 1632 933 rejicere
1663 898 1679 924 ,
1743 843 1963 933 ipsam
2014 867 2288 933 quoque
2336 867 2659 935 sponsam
2710 858 2776 915 et

246 933 522 1025 nuptias
551 932 800 1001 missas
833 930 1075 1012 facere,
1117 943 1417 1001 terrenas
1465 955 1504 1000 a
1553 955 1624 1000 se
1673 933 1974 1004 actiones
2021 956 2261 1004 omnes
2309 934 2627 1024 abjicere,
2674 948 2773 1006 at-

238 1048 372 1113 quc
422 1023 514 1091 ita
565 1020 797 1090 nudus
844 1033 908 1089 et
955 1022 1041 1089 ab
1090 1022 1414 1091 omnibus
1469 1021 1848 1110 expeditus,
1890 1023 2149 1093 nudam
2202 1024 2566 1094 Salvatoris
2615 1047 2774 1095 cru—

244 1137 419 1191 cem,
455 1123 694 1179 contra
742 1110 1084 1200 spiritales
1135 1110 1474 1197 nequitias
1520 1111 2002 1193 dimicaturuS,
2054 1113 2371 1204 egregius
2412 1114 2659 1182 Christi
2706 1137 2778 1183 a·

243 1203 450 1274 thleta
498 1199 844 1288 amplecti,
885 1200 1289 1287 regiumque
1341 1212 1566 1269 tenere
1614 1200 1762 1282 iter,
1818 1200 2148 1273 doctrinis
2200 1202 2511 1271 munitus
2560 1225 2771 1272 evan-

240 1290 520 1384 gelicis,
581 1289 782 1379 plane
848 1288 1267 1357 deliberavit.
1339 1289 1601 1358 Veritus
1651 1301 1925 1370 autem,
1986 1313 2069 1360 ne
2129 1292 2278 1381 ejus
2339 1292 2771 1381 propositum

245 1380 757 1451 mundanorum
811 1378 1134 1469 strepitus
1183 1377 1609 1467 negotiorum
1660 1379 2163 1461 interturbaret,
2203 1381 2259 1449 si
2298 1380 2367 1449 in
2401 1380 2768 1451 hominum

241 1468 624 1557 frequentia
671 1467 933 1536 (liutius
984 1479 1385 1549 moraretur,
1413 1489 1659 1558 ⁴regem
1713 1469 1901 1545 adiit,
1937 1481 2001 1537 et
2030 1469 2225 1539 valde
2274 1469 2648 1538 summisse
2678 1493 2757 1538 ac

239 1561 473 1629 devote
521 1557 607 1625 ab
673 1556 789 1624 illo
841 1557 1053 1646 petiit,
1100 1568 1173 1624 ut
1218 1579 1378 1625 cum
1429 1558 1802 1647 majestatis
1862 1558 2010 1647 ejus
2052 1560 2231 1628 bona
2282 1558 2474 1627 venia
2528 1558 2764 1628 liceret

243 1650 399 1739 ipsi,
454 1645 845 1737 posthabita
895 1645 1136 1714 militia
1187 1646 1512 1736 palatina,
1567 1646 1650 1715 ad
1690 1648 2179 1717 monasterium
2220 1670 2291 1717 se
2324 1647 2654 1716 conferre.
2693 1648 2765 1717 ld

241 1751 316 1808 ut
366 1760 481 1806 rex
528 1735 840 1816 audivit,
908 1758 1032 1826 pro
1083 1758 1356 1803 summa
1416 1757 1576 1825 erga
1634 1736 1833 1805 illum
1882 1736 2349 1806 benevolentia
2397 1748 2461 1806 et
2508 1759 2767 1816 amore,

245 1828 393 1919 ejus
427 1847 660 1916 preces
692 1824 893 1914 plane
938 1824 1186 1914 rejecit.
1225 1846 1348 1894 nec
1380 1823 1581 1893 illum
1621 1848 1660 1892 a
1700 1847 1769 1893 se
1806 1847 2048 1914 passus
2090 1838 2191 1895 est
2224 1825 2550 1916 separari,
2595 1826 2775 1895 mul-

245 1932 529 2001 tumque
578 1914 980 1983 hortabatur
1013 1970 1027 1993 ,
1084 1935 1167 1981 ne
1218 1913 1284 1981 in
1351 1913 1469 1982 illo
1517 1913 1755 1983 aetatis
1804 1915 1969 1982 flore
2027 1916 2113 1983 ab
2163 1916 2309 2004 ipso
2358 1914 2763 1984 discederet.

244 2011 321 2074 Et
390 2004 457 2073 id
522 2025 742 2094 genus
809 2002 1376 2092 persuasionibus
1425 2003 1548 2071 diu
1594 2003 1871 2089 quidem
1922 2004 2072 2091 ejus
2118 2004 2432 2072 animum
2484 2004 2765 2083 vexavit,

245 2108 312 2162 at
342 2106 565 2161 tamen
601 2104 917 2161 sanctum
957 2093 1105 2176 ejus
1139 2092 1564 2182 propositum
1601 2091 1791 2161 nulla
1870 2092 2039 2162 otuit
2083 2093 2339 2163 ratione
2373 2093 2761 2163 immutare.

245 2189 551 2268 Cumque
623 2179 690 2247 in
749 2181 1080 2271 'precibus
1132 2193 1635 2271 perseveraret,
1687 2195 1793 2251 tan
1851 2204 1957 2250 em
2018 2180 2249 2251 divino
2298 2182 2540 2252 timore
2583 2183 2774 2272 pium

247 2270 587 2363 principis
635 2269 944 2337 animum
998 2269 1439 2359 impellente,
1500 2270 1566 2339 id
1618 2270 1797 2356 quod
1851 2270 1974 2340 diu
2025 2283 2532 2363 pernegaverat,
2588 2272 2779 2342 beni-

245 2384 378 2452 gne
437 2359 537 2428 illi
603 2358 935 2448 permisit.
1018 2364 1252 2446 Itaque
1319 2359 1420 2427 vir
1496 2359 1738 2429 beatus
1806 2382 1963 2429 cum
2018 2361 2199 2452 regis
2258 2373 2407 2430 eto
2466 2361 2775 2431 timatum

243 2452 393 2542 ejus
428 2448 651 2519 favore
698 2469 733 2516 e
797 2447 1044 2538 palatio
1096 2449 1438 2531 recedenS,
1494 2449 1578 2518 ad
1632 2449 2146 2521 Fontanellense
2193 2472 2403 2521 coeno
2457 2450 2624 2531 ium,
2662 2450 2775 2520 cui

243 2554 389 2611 tum
439 2536 872 2607 venerandus
920 2538 1033 2606 ille
1084 2539 1483 2608 Lambertus
1534 2539 1914 2630 praefectus
1973 2553 2160 2623 erat,
2214 2540 2520 2611 celeriter
2565 2540 2775 2610 advo-

245 2631 428 2708 lavit,
487 2628 555 2696 in
623 2627 896 2696 illorum
949 2628 1234 2696 fratrum
1289 2629 1713 2699 sodalitatem
1765 2652 1835 2698 se
1883 2629 2152 2699 admitti
2204 2631 2415 2721 petiit,
2471 2651 2595 2698 nec
2645 2629 2774 2697 dif-

241 2719 535 2798 ficulter,
590 2717 842 2787 Abbate
892 2729 956 2785 et
1011 2715 1336 2786 fratribus
1383 2719 1536 2806 ejus
1603 2740 1837 2809 preces
1886 2719 2176 2790 libenter
2222 2719 2766 2798 admittentibuS,

244 2807 657 2896 impetravit.

330 2901 365 2983 ξ
413 2901 498 2967 cl.
555 2896 682 2966 Ubi
730 2918 810 2965 ex
851 2917 1037 2966 more
1087 2896 1378 2965 instituti
1429 2898 1787 2967 monastici
1838 2898 1907 2965 in
1959 2897 2158 2978 Cella,
2214 2910 2289 2967 ut
2336 2911 2602 2978 vocant,
2653 2920 2776 2968 no-

242 2988 564 3056 vitiorum
616 2985 965 3076 probatus,
1021 2985 1112 3054 ita
1147 2985 1485 3075 perfectus
1525 2987 1842 3056 inventus
1879 2998 2001 3067 est,
2055 2999 2130 3056 ut
2163 2988 2335 3057 vitae
2386 2987 2774 3078 integritate

250 3099 380 3145 non
436 3074 638 3144 modo
690 3075 1095 3144 recentiores
1142 3087 1207 3143 et
1247 3075 1584 3163 ‚iuniores
1641 3075 1754 3144 sed
1810 3075 1963 3144 illos
2010 3077 2238 3152 etiam,
2291 3078 2407 3164 qui
2460 3077 2542 3146 ad
2598 3076 2779 3145 mul-

242 3180 378 3235 tam
434 3166 582 3254 jam
633 3163 946 3254 perducti
993 3175 1277 3232 aetatem
1311 3220 1325 3245 ‚
1394 3163 1596 3255 longa
1645 3165 1820 3233 vitae
1868 3165 2087 3254 spatia
2135 3167 2267 3235 sub
2342 3166 2777 3255 perfectionis

245 3254 488 3323 habitu
540 3253 1099 3331 transmiserant,
1153 3265 1216 3321 et
1264 3253 1334 3322 in
1405 3254 1575 3323 vitae
1623 3254 2189 3345 contemplativae
2239 3256 2488 3325 studiis
2536 3277 2777 3325 omnes

241 3342 548 3431 corporis
599 3342 772 3411 vires
825 3364 992 3428 pene
1039 3341 1501 3423 detriverant,
1561 3365 1695 3411 non
1755 3342 1979 3412 solum
2035 3345 2339 3430 assequi,
2399 3344 2516 3415 sed
2565 3344 2773 3414 etiam

241 3430 645 3501 certissimis
691 3431 971 3500 indiciis
1017 3431 1342 3500 excellere
1394 3432 1754 3501 videretur.
1801 3431 2074 3523 Expleto
2135 3433 2295 3502 inde
2348 3432 2773 3524 probationis

243 3535 546 3611 tempore
581 3576 598 3600 ,
651 3532 727 3589 ut
776 3521 976 3590 habet
1025 3520 1324 3611 Regulae
1386 3543 1508 3592 seu
1556 3522 1848 3590 Canonis
1898 3522 2252 3591 monastici
2313 3522 2765 3600 consuetudo,

243 3611 660 3680 monachum
711 3609 1011 3681 adhibita
1056 3632 1250 3678 sacra
1283 3611 1740 3700 promissione
1776 3609 2120 3700 professus
2159 3624 2280 3680 est:
2317 3625 2521 3698 atque
2551 3610 2778 3678 omni-

243 3701 377 3769 hus
426 3698 667 3767 mundi
723 3700 991 3788 pompis
1053 3699 1254 3790 plane
1314 3700 1752 3790 proculcatis,
1807 3711 1901 3768 tot
1946 3699 2490 3769 commilitonum
2561 3699 2781 3769 fultus

248 3789 634 3878 praesidiO,
686 3786 976 3871 bellator
1033 3800 1353 3858 strenuus
1402 3793 1538 3857 tam
1589 3801 1691 3858 est
1740 3788 2021 3857 viriliter
2072 3789 2397 3858 virtutum
2458 3789 2770 3857 omnium

244 3888 672 3947 consectatus
723 3878 869 3959 iter,
922 3889 999 3945 ut
1049 3899 1180 3946 non
1232 3877 1453 3945 solum
1510 3876 1722 3948 nullis
1778 3876 2117 3946 malorum
2152 3878 2566 3948 daemonum
2622 3900 2778 3969 pra-

245 3968 349 4034 vis
397 3965 957 4057 suggestionibus
1005 3966 1283 4036 cesserit
1329 3988 1662 4052 unquam,
1720 3966 1834 4036 sed
1889 3989 2042 4037 niox
2090 3990 2129 4035 a
2180 3967 2402 4067 primo
2432 3967 2630 4035 initio
2666 3989 2782 4056 pe-

247 4055 558 4125 stiferum
607 4056 868 4141 antiqui
926 4055 1261 4146 serpentis
1307 4055 1699 4126 contriverit
1745 4069 1974 4157 caput.
2028 4056 2453 4126 Adhibebant
2497 4055 2597 4124 illi
2661 4078 2779 4124 ne-

246 4167 451 4230 quam
506 4143 790 4234 spiritus
839 4167 962 4214 sua
1016 4156 1452 4226 tentamenta,
1499 4145 1616 4214 sed
1669 4167 1898 4214 omnia
1959 4145 2103 4214 viro
2153 4157 2387 4216 sancto
2427 4145 2782 4216 verteban-

249 4247 359 4302 tur
400 4234 466 4302 in
522 4235 878 4302 materiam
924 4234 1283 4323 triumphi.
1323 4240 1476 4303 Erat
1526 4234 1638 4303 ille
1690 4234 2020 4304 nimirum
2070 4235 2399 4304 charitate
2446 4234 2775 4310 fervidus,

248 4322 380 4391 fide
427 4322 753 4403 devotus,
805 4324 1190 4393 obedientia
1245 4324 1699 4482 praecipuuS,
1772 4324 1839 4392 in
1904 4325 2207 4394 oratione
2256 4324 2606 4404 assiduus,
2664 4345 2784 4423 spe

251 4413 515 4491 firmus,
560 4413 976 4500 tranquillus
1028 4413 1375 4504 patientia,
1429 4437 1466 4482 a
1520 4413 1843 4483 stinentia
1896 4414 2308 4493 moderatus,
2353 4427 2675 4482 strenuus
2708 4434 2773 4479 in

250 4501 528 4590 vigiliis,
568 4502 863 4590 denique
900 4503 989 4572 ita
1023 4502 1292 4574 cunctis
1339 4503 1709 4574 virtutibus
1740 4502 2141 4584 instructuS‚
2173 4516 2250 4572 ut
2287 4503 2464 4571 inter
2489 4514 2788 4571 caeteros
