3327 4999
208 338 318 409 Ex
359 338 532 407 JUL.
582 340 625 406 4
1032 357 1115 405 nx
1158 357 1216 405 S.
1269 355 1579 405 ommno
1624 354 1925 405 nmscoro
2534 341 2664 408 587

214 439 683 521 cernentibus,
708 437 984 507 dextera
1011 438 1280 507 Domini
1310 437 1538 507 denuo
1565 438 1911 528 apparuit,
1949 458 2126 523 quae
2158 459 2318 507 cum
2340 451 2578 509 sancto
2598 440 2759 530 Epi-

210 551 420 619 scopo
458 528 658 619 signo
685 527 919 596 Crucis
947 526 1365 616 imponendo
1403 526 1640 596 eadem
1679 526 2126 595 consecravit.
2166 526 2380 595 Iidem
2425 528 2561 617 ipsi
2590 550 2755 597 cum

211 618 299 687 ad
353 616 862 707 percipiendam
916 636 1180 686 sacram
1224 616 1784 685 communionem
1833 615 1919 684 ad
1971 636 2244 684 sacrum
2301 615 2515 685 altare
2560 639 2756 685 acce-

211 707 473 786 derent,
508 716 574 774 et
620 716 902 775 sanctus
953 704 1068 773 Dei
1117 703 1273 773 illos
1321 703 1535 793 hujus
1573 704 1815 773 secreti
1845 704 2160 773 conscios
2190 725 2340 773 esse
2375 726 2496 793 per
2542 706 2752 795 spiri-

214 808 361 866 tum
399 815 533 863 non
594 793 963 883 ignoraret,
1002 792 1282 880 quando
1332 815 1579 883 panem
1638 792 1740 864 eis
1787 792 2220 861 Dominicum
2273 794 2593 882 porrexit,
2650 794 2756 864 ori

213 884 652 973 singulorum
700 882 770 950 di
826 882 997 950 itum
1048 878 1521 971 superposuit:
1554 893 1630 951 ut
1687 903 1807 971 per
1853 882 1983 951 hoc
2030 879 2513 971 intelligerent,
2570 883 2757 969 quod

213 974 359 1041 visa
410 971 697 1040 minime
813 969 1117 1069 ivulgare
1162 969 1527 1040 deberent:
1595 972 1767 1057 quin
1823 971 2028 1039 etiarn
2090 968 2354 1059 expleto
2404 992 2761 1041 sacrorum

211 1060 464 1141 officio,
518 1059 603 1129 ad
656 1081 727 1130 se
775 1072 1029 1128 vocatis
1084 1058 1356 1128 revelati
1419 1059 1553 1129 sibi
1619 1059 1691 1127 in
1755 1072 1950 1129 nocte
2013 1060 2377 1149 praeterita
2441 1060 2751 1149 mysterii

214 1149 528 1218 ordinem
578 1148 916 1238 exposuit,
967 1159 1034 1215 et
1084 1159 1217 1216 tam
1269 1147 1419 1228 hoc,
1472 1170 1681 1235 quam
1730 1148 1914 1235 quod
1968 1147 2101 1237 ipsi
2156 1147 2488 1229 viderant,
2543 1148 2757 1219 alicui

215 1238 468 1319 dicere,
504 1237 721 1306 donec
756 1236 869 1305 ille
919 1249 1222 1305 maneret
1268 1236 1338 1304 in
1389 1258 1618 1319 carne,
1650 1236 2002 1307 interdixit
2032 1235 2162 1307 sub
2196 1237 2757 1308 interminatione

213 1326 600 1419 praesentis
648 1326 844 1395 vitae.

303 1417 340 1503 ἓ
406 1419 500 1485 9.
554 1414 697 1483 Alio
746 1435 902 1483 vero
935 1426 1256 1504 tempore,
1298 1413 1464 1483 dum
1499 1412 1745 1483 iterum
1783 1415 1915 1484 sub
1962 1412 2329 1502 cujusdam
2387 1413 2609 1483 noctis
2658 1414 2751 1485 si-

213 1504 425 1574 lentio
462 1504 772 1573 membra
819 1502 1031 1588 quieti
1079 1502 1615 1583 commendaret,
1669 1515 1904 1572 sancta
1953 1501 2108 1571 Afra
2157 1515 2415 1589 martyr
2452 1502 2748 1593 pulchra

213 1592 410 1673 facie,
449 1606 627 1662 veste
677 1592 946 1669 decora,
987 1593 1220 1661 tunica
1252 1592 1602 1661 succincta
1631 1591 1977 1682 apparuit,
2009 1591 2205 1677 eique
2231 1591 2424 1660 dixit:
2462 1596 2745 1682 «Surge,

215 1694 283 1751 et
329 1703 614 1768 sequere
666 1703 794 1750 me.
825 1703 860 1746 »
911 1685 987 1749 Et
1033 1680 1262 1750 statim
1314 1680 1548 1749 eduxit
1597 1680 1790 1749 illum
1843 1681 1910 1748 in
1961 1702 2288 1769 campum
2336 1680 2454 1767 qui
2504 1702 2585 1750 ex
2631 1703 2753 1749 no-

215 1770 402 1840 mine
447 1769 704 1841 ibidem
743 1768 1170 1838 decurrentis
1222 1770 1437 1849 fluvii,
1494 1768 1737 1838 Lecfelt
1768 1769 2042 1848 dicitur,
2098 1768 2218 1837 ubi
2267 1783 2581 1839 sanctum
2631 1775 2751 1838 Pe-

218 1873 397 1929 trum
450 1857 921 1949 Apostolorum
971 1858 1351 1948 principem
1400 1857 1584 1926 velut
1632 1858 1699 1925 in
1751 1857 2068 1947 synodali
2115 1856 2456 1944 colloquio
2506 1857 2752 1928 seden-

215 1959 350 2016 tem
421 1947 682 2016 invenit
747 1969 906 2016 curn
978 1968 1228 2036 magna
1299 1946 1792 2036 Episcoporum
1854 1946 2287 2032 aliorumque
2347 1959 2743 2015 sanctorum

217 2035 685 2113 multitudine,
724 2033 824 2103 vel
875 2056 1049 2121 quos
1096 2034 1259 2103 olim
1303 2036 1373 2104 in
1409 2056 1613 2104 carne
1650 2034 1838 2114 vidit,
1875 2035 1973 2103 vel
2006 2049 2170 2104 tunc
2204 2034 2533 2124 primum,
2566 2057 2753 2104 reve-

216 2124 400 2192 lante
447 2124 576 2193 sibi
626 2123 848 2213 gratia
894 2122 1151 2204 divina,
1205 2144 1613 2213 cognoscere
1661 2124 1905 2213 coepit.
1961 2124 2062 2193 Ibi
2114 2124 2290 2192 inter
2350 2122 2509 2203 alia,
2578 2146 2753 2208 quae

215 2212 712 2292 tractabantur,
759 2212 937 2280 sicut
984 2211 1150 2281 olim
1199 2212 1267 2280 in
1321 2211 1610 2299 Apocaly
1667 2212 1724 2281 si
1773 2212 1989 2281 sancti
2037 2212 2350 2293 sommis,
2382 2212 2619 2281 audita
2652 2223 2755 2281 est

215 2324 343 2369 vox
399 2301 828 2381 animarum,
880 2299 964 2368 de
1014 2300 1160 2369 suis
1208 2299 1621 2370 interfectori
1680 2323 1758 2369 us
1808 2301 2178 2369 vindictam
2241 2302 2747 2390 expetentium:

214 2389 314 2458 ita
364 2402 525 2458 tunc
574 2388 833 2459 clamor
879 2402 1070 2459 ortus
1117 2400 1218 2458 est
1264 2402 1658 2458 sanctorum
1728 2389 1813 2456 de
1850 2388 2203 2478 Arnulpho
2256 2394 2435 2459 Duce
2481 2389 2755 2459 Norico-

214 2501 373 2548 rum
423 2477 654 2547 adhuc
700 2477 986 2560 vivente,
1039 2478 1126 2548 ob
1173 2477 1702 2548 destructionem
1754 2477 2201 2548 ecclesiarum
2253 2490 2458 2564 atque
2509 2499 2750 2547 mona-

210 2568 618 2647 steriorum,
691 2588 987 2652 quorum
1051 2589 1158 2638 res
1222 2566 1576 2636 distribuit
1641 2568 1710 2635 in
1763 2567 2096 2636 beneficia
2145 2565 2509 2636 laicorum.
2564 2573 2747 2649 Qua-

210 2670 492 2815 propter
536 2655 835 2726 dictante
882 2656 1191 2726 omnium
1253 2656 1611 2736 sententia,
1682 2655 2053 2725 damnatus
2113 2668 2219 2724 est
2285 2660 2529 2745 poena,
2587 2661 2751 2724 Pro-

239 2748 610 2816 erebantur
672 2746 744 2814 in
818 2745 1124 2816 medium
1194 2745 1398 2814 etiam
1466 2745 1605 2813 duo
1665 2766 1910 2813 enses:
1990 2765 2177 2813 unus
2237 2744 2520 2830 quidem
2582 2766 2745 2813 cum

211 2835 501 2925 capulo,
568 2834 739 2904 alter
796 2856 952 2903 vero
1011 2835 1270 2920 absque
1334 2833 1606 2924 capulo,
1665 2839 1751 2902 De
1798 2833 2054 2920 quibus
2108 2832 2426 2922 princeps
2473 2837 2751 2922 Aposto-

214 2923 437 2992 lorum
489 2923 584 2992 ait
638 2922 723 2992 ad
794 2925 1066 2992 beatum
1137 2924 1393 2992 virum:
1472 2950 1495 2984 α
1564 2922 1680 2991 Dic
1742 2923 1880 3012 regi
1943 2924 2271 2991 Henrico:
2339 2922 2536 2991 Ensis
2593 2920 2754 2990 abs-

211 3033 345 3098 que
412 3011 705 3102 capulo,
775 3011 1120 3102 significat
1188 3011 1384 3080 illum
1451 3011 1572 3098 qui
1641 3012 1790 3080 sine
1849 3011 2172 3080 unctione
2223 3023 2461 3100 regnat
2509 3011 2580 3079 in
2632 3031 2754 3099 po-

213 3122 309 3190 pu
339 3122 402 3168 o.
441 3122 477 3166 »
537 3106 613 3168 At
661 3099 831 3167 alter
882 3099 1269 3188 capulatuS,
1334 3098 1558 3179 illum,
1617 3100 1736 3187 qui
1804 3121 1921 3188 per
1967 3122 2203 3171 sacrae
2251 3098 2752 3169 benedictionis

209 3189 524 3257 ordinem
585 3187 918 3256 divinitus
979 3187 1183 3256 fuerit
1245 3203 1634 3257 coronatus.
1699 3189 1919 3257 Finito
1981 3201 2374 3260 sanctorum
2425 3188 2747 3268 concili0‚

211 3276 563 3365 praedicta
613 3277 727 3344 Dei
779 3288 1040 3364 martyr
1086 3276 1523 3346 sanctissima
1573 3277 1975 3347 monstravit
2023 3276 2123 3346 illi
2171 3276 2400 3345 adhuc
2450 3276 2621 3359 loca,
2678 3276 2750 3344 in

211 3363 471 3451 quibus
518 3367 667 3433 Otto
716 3386 830 3434 rex
881 3377 1112 3455 postea
1149 3379 1372 3434 castra
1407 3365 1654 3464 posuit,
1693 3378 1757 3433 et
1786 3365 2101 3455 generale
2131 3365 2554 3452 colloquium
2588 3386 2752 3437 cum

210 3452 359 3523 suis
409 3452 693 3534 habens,
749 3453 1235 3544 Berengarium
1274 3453 1509 3522 Italiae
1559 3475 1813 3543 regem.
1867 3476 2025 3521 cum
2064 3454 2303 3522 multis
2350 3453 2508 3522 aliis
2607 3475 2758 3522 rae-

218 3552 528 3620 sentata,
601 3542 670 3609 in
735 3564 943 3612 suum
1011 3542 1314 3631 suscepit
1370 3542 1783 3611 dominium.
1851 3542 2188 3610 Praedixit
2241 3542 2447 3610 etiam
2509 3563 2546 3608 e
2599 3563 2759 3611 erae

258 3631 435 3699 entis
495 3634 982 3720 Hungarorum
1034 3631 1513 3720 irruptionem,
1579 3629 2170 3716 durissimamque
2215 3651 2377 3699 curn
2429 3630 2754 3700 nostrati-

208 3653 344 3789 ξας
401 3720 985 3809 congressionem,
1042 3741 1308 3788 necnon
1355 3731 1421 3787 et
1468 3717 1618 3788 loca
1663 3719 2163 3788 certaminum:
2233 3730 2299 3787 et
2365 3717 2522 3787 licet
2589 3740 2754 3788 cum

209 3829 463 3899 magno
510 3829 799 3877 suorum
846 3807 1276 3887 detrimentO,
1332 3820 1556 3876 tamen
1612 3807 1932 3876 victoriae
1967 3806 2401 3895 triumphum
2433 3807 2753 3896 promisit

210 3897 469 3998 populo
516 3897 924 3967 Christiano.
962 3900 1011 3966 Ο
1046 3896 1324 3965 beatum
1372 3895 1620 3975 virum,
1675 3895 1946 3965 coelesti
1997 3895 2260 3965 visione
2307 3895 2378 3963 di
2434 3918 2626 3976 num,
2680 3896 2754 3964 in

211 3986 469 4055 talibus
514 3987 721 4056 etiam
771 3984 1047 4056 'sanctis
1093 3983 1455 4075 Apostolis,
1508 3990 1700 4052 Petro
1749 3983 2060 4053 videlicet
2105 4006 2185 4053 ac
2237 3989 2376 4053 Pau
2407 4005 2468 4066 ο,
2522 3983 2755 4054 confe-

208 4074 540 4143 rendum:
593 4096 891 4161 quorum
927 4073 1099 4143 alter
1131 4075 1202 4142 in
1230 4073 1442 4142 linteo
1467 4072 1756 4143 coelitus
1787 4071 2112 4152 demiss0,
2150 4071 2550 4142 electionem
2580 4095 2753 4163 gen-

212 4161 385 4232 tium
438 4186 561 4254 per
608 4163 938 4233 visionem
988 4162 1262 4232 didicit:
1316 4161 1488 4232 alter
1521 4184 1702 4243 vero,
1755 4161 1898 4230 sive
1944 4161 2013 4230 in
2049 4182 2356 4253 corpore,
2395 4161 2538 4233 sive
2569 4172 2753 4230 extra

210 4273 489 4341 corpuS‚
541 4274 763 4341 usque
801 4252 889 4321 ad
939 4252 1212 4322 tertium
1263 4251 1532 4322 coelum
1584 4261 1855 4341 raptum
1908 4272 1980 4319 se
2026 4272 2177 4320 esse
2222 4251 2487 4329 asserit,
2520 4250 2642 4319 ubi
2690 4261 2758 4319 et

212 4361 468 4410 arcana
528 4342 641 4411 Dei
700 4341 965 4412 audivit
1018 4353 1083 4411 et
1151 4340 1342 4411 vidit.
1396 4346 1529 4411 Iste
1595 4362 1753 4409 vero
1801 4352 2082 4409 sanctus
2129 4351 2193 4408 et
2239 4339 2309 4408 in
2360 4338 2755 4408 ostensione

210 4428 486 4500 dextrae
531 4452 768 4503 sacrae
814 4429 1023 4523 super
1054 4429 1293 4512 altare,
1345 4441 1412 4500 et
1451 4429 1522 4499 in
1571 4428 1702 4500 hac
1749 4428 2033 4512 visione,
2068 4439 2135 4499 et
2180 4426 2624 4520 postmodum
2672 4426 2749 4496 in
