<?xml version="1.0" encoding="UTF-8"?>
<!DOCTYPE html PUBLIC "-//W3C//DTD XHTML 1.0 Transitional//EN"
    "http://www.w3.org/TR/xhtml1/DTD/xhtml1-transitional.dtd">
<html xmlns="http://www.w3.org/1999/xhtml" xml:lang="en" lang="en">
 <head>
  <title>
</title>
<meta http-equiv="Content-Type" content="text/html;charset=utf-8" />
  <meta name='ocr-system' content='tesseract 3.04.00' />
  <meta name='ocr-capabilities' content='ocr_page ocr_carea ocr_par ocr_line ocrx_word'/>
</head>
<body>
  <div class='ocr_page' id='page_1' title='image "./historiaeseuvit04lippgoog_0276.png"; bbox 0 0 3327 4999; ppageno 0'>
   <div class='ocr_carea' id='block_1_1' title="bbox 621 301 3077 370">
    <p class='ocr_par' dir='ltr' id='par_1_1' title="bbox 621 301 3077 370">
     <span class='ocr_line' id='line_1_1' title="bbox 621 301 3077 370; baseline 0.002 -5"><span class='ocrx_word' id='word_1_1' title='bbox 621 301 749 365; x_wconf 73' lang='lat'>262</span> <span class='ocrx_word' id='word_1_2' title='bbox 1502 322 1579 368; x_wconf 69' lang='lat' dir='ltr'>nn</span> <span class='ocrx_word' id='word_1_3' title='bbox 1627 322 1686 369; x_wconf 71' lang='lat' dir='ltr'>s.</span> <span class='ocrx_word' id='word_1_4' title='bbox 1737 321 2111 370; x_wconf 68' lang='lat' dir='ltr'>runorflmn</span> <span class='ocrx_word' id='word_1_5' title='bbox 2689 302 2935 369; x_wconf 83' lang='lat' dir='ltr'><strong>MART.</strong></span> <span class='ocrx_word' id='word_1_6' title='bbox 2991 304 3077 369; x_wconf 70' lang='lat'>42</span> 
     </span>
    </p>
   </div>
   <div class='ocr_carea' id='block_1_2' title="bbox 532 397 3137 4306">
    <p class='ocr_par' dir='ltr' id='par_1_2' title="bbox 532 397 3137 3340">
     <span class='ocr_line' id='line_1_2' title="bbox 532 397 3081 493; baseline 0.002 -26"><span class='ocrx_word' id='word_1_7' title='bbox 532 420 641 467; x_wconf 92' lang='lat' dir='ltr'>am</span> <span class='ocrx_word' id='word_1_8' title='bbox 699 397 1017 480; x_wconf 79' lang='lat' dir='ltr'>titudine,</span> <span class='ocrx_word' id='word_1_9' title='bbox 1056 397 1553 487; x_wconf 82' lang='lat' dir='ltr'>gloriabantur.</span> <span class='ocrx_word' id='word_1_10' title='bbox 1590 406 1796 471; x_wconf 89' lang='lat' dir='ltr'>Porro</span> <span class='ocrx_word' id='word_1_11' title='bbox 1832 424 2130 493; x_wconf 87' lang='lat' dir='ltr'>magnus</span> <span class='ocrx_word' id='word_1_12' title='bbox 2160 399 2463 471; x_wconf 78' lang='lat' dir='ltr'><strong>Pontifex</strong></span> <span class='ocrx_word' id='word_1_13' title='bbox 2492 400 2930 470; x_wconf 64' lang='lat' dir='ltr'>*sublimem</span> <span class='ocrx_word' id='word_1_14' title='bbox 2961 424 3081 472; x_wconf 88' lang='lat' dir='ltr'>ca-</span> 
     </span>
     <span class='ocr_line' id='line_1_3' title="bbox 535 486 3073 581; baseline 0.003 -25"><span class='ocrx_word' id='word_1_15' title='bbox 535 487 648 556; x_wconf 90' lang='lat' dir='ltr'>the</span> <span class='ocrx_word' id='word_1_16' title='bbox 702 509 845 557; x_wconf 88' lang='lat' dir='ltr'>ram</span> <span class='ocrx_word' id='word_1_17' title='bbox 897 486 1199 568; x_wconf 76' lang='lat' dir='ltr'>sortituS,</span> <span class='ocrx_word' id='word_1_18' title='bbox 1239 488 1510 559; x_wconf 87' lang='lat' dir='ltr'>virtutis</span> <span class='ocrx_word' id='word_1_19' title='bbox 1559 489 1827 560; x_wconf 90' lang='lat' dir='ltr'>lumina</span> <span class='ocrx_word' id='word_1_20' title='bbox 1863 512 1987 581; x_wconf 89' lang='lat' dir='ltr'>per</span> <span class='ocrx_word' id='word_1_21' title='bbox 2021 490 2422 560; x_wconf 88' lang='lat' dir='ltr'>universum</span> <span class='ocrx_word' id='word_1_22' title='bbox 2455 490 2689 561; x_wconf 91' lang='lat' dir='ltr'>orbem</span> <span class='ocrx_word' id='word_1_23' title='bbox 2730 501 3073 563; x_wconf 89' lang='lat' dir='ltr'>terrarum</span> 
     </span>
     <span class='ocr_line' id='line_1_4' title="bbox 533 575 3078 669; baseline 0.002 -24"><span class='ocrx_word' id='word_1_24' title='bbox 533 575 968 646; x_wconf 86' lang='lat' dir='ltr'>accendebat.</span> <span class='ocrx_word' id='word_1_25' title='bbox 1011 580 1089 645; x_wconf 90' lang='lat' dir='ltr'>Et</span> <span class='ocrx_word' id='word_1_26' title='bbox 1132 576 1252 663; x_wconf 88' lang='lat' dir='ltr'>qui</span> <span class='ocrx_word' id='word_1_27' title='bbox 1293 578 1423 647; x_wconf 92' lang='lat' dir='ltr'>sub</span> <span class='ocrx_word' id='word_1_28' title='bbox 1473 577 1624 668; x_wconf 91' lang='lat' dir='ltr'>ipso</span> <span class='ocrx_word' id='word_1_29' title='bbox 1671 592 1866 650; x_wconf 87' lang='lat' dir='ltr'>erant</span> <span class='ocrx_word' id='word_1_30' title='bbox 1912 579 2319 658; x_wconf 74' lang='lat' dir='ltr'>sacerdoteS,</span> <span class='ocrx_word' id='word_1_31' title='bbox 2362 579 2510 649; x_wconf 89' lang='lat' dir='ltr'>sine</span> <span class='ocrx_word' id='word_1_32' title='bbox 2543 578 3078 669; x_wconf 81' lang='lat' dir='ltr'>reprehensione</span> 
     </span>
     <span class='ocr_line' id='line_1_5' title="bbox 534 664 3077 758; baseline 0.001 -24"><span class='ocrx_word' id='word_1_33' title='bbox 534 686 697 734; x_wconf 89' lang='lat' dir='ltr'>suos</span> <span class='ocrx_word' id='word_1_34' title='bbox 748 664 1010 756; x_wconf 81' lang='lat' dir='ltr'><strong>singuli</strong></span> <span class='ocrx_word' id='word_1_35' title='bbox 1056 686 1298 756; x_wconf 79' lang='lat' dir='ltr'>greges</span> <span class='ocrx_word' id='word_1_36' title='bbox 1336 678 1516 736; x_wconf 88' lang='lat' dir='ltr'>tutos</span> <span class='ocrx_word' id='word_1_37' title='bbox 1558 667 1630 736; x_wconf 94' lang='lat' dir='ltr'>in</span> <span class='ocrx_word' id='word_1_38' title='bbox 1686 681 1924 758; x_wconf 90' lang='lat' dir='ltr'>portus</span> <span class='ocrx_word' id='word_1_39' title='bbox 1963 668 2450 758; x_wconf 80' lang='lat' dir='ltr'>perducebant.</span> <span class='ocrx_word' id='word_1_40' title='bbox 2505 668 3077 737; x_wconf 87' lang='lat' dir='ltr'>Monasteriorum</span> 
     </span>
     <span class='ocr_line' id='line_1_6' title="bbox 537 755 3079 844; baseline 0.002 -22"><span class='ocrx_word' id='word_1_41' title='bbox 537 764 769 822; x_wconf 88' lang='lat' dir='ltr'>autem</span> <span class='ocrx_word' id='word_1_42' title='bbox 801 765 1118 835; x_wconf 80' lang='lat' dir='ltr'>rectoreS,</span> <span class='ocrx_word' id='word_1_43' title='bbox 1157 755 1437 840; x_wconf 90' lang='lat' dir='ltr'>quibus,</span> <span class='ocrx_word' id='word_1_44' title='bbox 1477 767 1827 844; x_wconf 79' lang='lat' dir='ltr'>tamquam</span> <span class='ocrx_word' id='word_1_45' title='bbox 1862 756 1987 838; x_wconf 90' lang='lat' dir='ltr'>sol,</span> <span class='ocrx_word' id='word_1_46' title='bbox 2027 755 2481 827; x_wconf 90' lang='lat' dir='ltr'>admirandus</span> <span class='ocrx_word' id='word_1_47' title='bbox 2516 756 2625 826; x_wconf 90' lang='lat' dir='ltr'>hic</span> <span class='ocrx_word' id='word_1_48' title='bbox 2658 756 2763 824; x_wconf 91' lang='lat' dir='ltr'>vir</span> <span class='ocrx_word' id='word_1_49' title='bbox 2849 756 3079 826; x_wconf 88' lang='lat' dir='ltr'>raelu-</span> 
     </span>
     <span class='ocr_line' id='line_1_7' title="bbox 536 841 3082 936; baseline 0.001 -26"><span class='ocrx_word' id='word_1_50' title='bbox 536 841 756 921; x_wconf 87' lang='lat' dir='ltr'>cebat,</span> <span class='ocrx_word' id='word_1_51' title='bbox 799 842 980 911; x_wconf 89' lang='lat' dir='ltr'>viam</span> <span class='ocrx_word' id='word_1_52' title='bbox 1011 842 1082 911; x_wconf 91' lang='lat' dir='ltr'>in</span> <span class='ocrx_word' id='word_1_53' title='bbox 1114 843 1383 913; x_wconf 89' lang='lat' dir='ltr'>coelum</span> <span class='ocrx_word' id='word_1_54' title='bbox 1418 845 1809 927; x_wconf 89' lang='lat' dir='ltr'>ducentem,</span> <span class='ocrx_word' id='word_1_55' title='bbox 1846 858 2043 916; x_wconf 89' lang='lat' dir='ltr'>antea</span> <span class='ocrx_word' id='word_1_56' title='bbox 2075 844 2502 936; x_wconf 82' lang='lat' dir='ltr'>impeditam,</span> <span class='ocrx_word' id='word_1_57' title='bbox 2535 844 2710 915; x_wconf 87' lang='lat' dir='ltr'>disci</span> <span class='ocrx_word' id='word_1_58' title='bbox 2762 866 2808 913; x_wconf 91' lang='lat' dir='ltr'>u</span> <span class='ocrx_word' id='word_1_59' title='bbox 2842 845 2901 915; x_wconf 91' lang='lat' dir='ltr'>is</span> <span class='ocrx_word' id='word_1_60' title='bbox 2931 845 3082 914; x_wconf 90' lang='lat' dir='ltr'>suis</span> 
     </span>
     <span class='ocr_line' id='line_1_8' title="bbox 538 929 3077 1026; baseline 0.002 -27"><span class='ocrx_word' id='word_1_61' title='bbox 538 929 1126 1000; x_wconf 77' lang='lat' dir='ltr'>demonstrabant.</span> <span class='ocrx_word' id='word_1_62' title='bbox 1179 932 1306 1001; x_wconf 91' lang='lat' dir='ltr'>Sed</span> <span class='ocrx_word' id='word_1_63' title='bbox 1340 932 1618 1003; x_wconf 90' lang='lat' dir='ltr'>invidus</span> <span class='ocrx_word' id='word_1_64' title='bbox 1667 955 1950 1026; x_wconf 90' lang='lat' dir='ltr'>serpens</span> <span class='ocrx_word' id='word_1_65' title='bbox 1995 933 2367 1004; x_wconf 81' lang='lat' dir='ltr'>Ecclesiam</span> <span class='ocrx_word' id='word_1_66' title='bbox 2419 945 2556 1002; x_wconf 88' lang='lat' dir='ltr'>tam</span> <span class='ocrx_word' id='word_1_67' title='bbox 2603 955 2721 1002; x_wconf 90' lang='lat' dir='ltr'>mu</span> <span class='ocrx_word' id='word_1_68' title='bbox 2758 933 2841 1004; x_wconf 89' lang='lat' dir='ltr'>tis</span> <span class='ocrx_word' id='word_1_69' title='bbox 2874 932 3077 1005; x_wconf 92' lang='lat' dir='ltr'>bonis</span> 
     </span>
     <span class='ocr_line' id='line_1_9' title="bbox 535 1018 3078 1113; baseline 0.002 -26"><span class='ocrx_word' id='word_1_70' title='bbox 535 1018 891 1088; x_wconf 87' lang='lat' dir='ltr'>florentem</span> <span class='ocrx_word' id='word_1_71' title='bbox 940 1019 1170 1089; x_wconf 89' lang='lat' dir='ltr'>videre</span> <span class='ocrx_word' id='word_1_72' title='bbox 1217 1043 1352 1092; x_wconf 93' lang='lat' dir='ltr'>non</span> <span class='ocrx_word' id='word_1_73' title='bbox 1404 1033 1690 1113; x_wconf 88' lang='lat' dir='ltr'>poterat,</span> <span class='ocrx_word' id='word_1_74' title='bbox 1728 1035 1795 1093; x_wconf 88' lang='lat' dir='ltr'>et</span> <span class='ocrx_word' id='word_1_75' title='bbox 1839 1046 1920 1094; x_wconf 85' lang='lat' dir='ltr'>ex</span> <span class='ocrx_word' id='word_1_76' title='bbox 1960 1021 2428 1094; x_wconf 84' lang='lat' dir='ltr'>multitudinis</span> <span class='ocrx_word' id='word_1_77' title='bbox 2467 1034 2742 1113; x_wconf 90' lang='lat' dir='ltr'>peccato</span> <span class='ocrx_word' id='word_1_78' title='bbox 2774 1022 3078 1093; x_wconf 87' lang='lat' dir='ltr'>occasio-</span> 
     </span>
     <span class='ocr_line' id='line_1_10' title="bbox 535 1107 3076 1202; baseline 0.002 -26"><span class='ocrx_word' id='word_1_79' title='bbox 535 1128 694 1177; x_wconf 88' lang='lat' dir='ltr'>nem</span> <span class='ocrx_word' id='word_1_80' title='bbox 743 1107 1085 1199; x_wconf 80' lang='lat' dir='ltr'>arripiens</span> <span class='ocrx_word' id='word_1_81' title='bbox 1115 1164 1131 1190; x_wconf 94' lang='lat'>,</span> <span class='ocrx_word' id='word_1_82' title='bbox 1185 1109 1271 1179; x_wconf 90' lang='lat' dir='ltr'>ita</span> <span class='ocrx_word' id='word_1_83' title='bbox 1346 1111 1778 1201; x_wconf 81' lang='lat' dir='ltr'>permittente</span> <span class='ocrx_word' id='word_1_84' title='bbox 1844 1117 1976 1183; x_wconf 90' lang='lat' dir='ltr'>Deo</span> <span class='ocrx_word' id='word_1_85' title='bbox 2009 1166 2025 1194; x_wconf 97' lang='lat'>,</span> <span class='ocrx_word' id='word_1_86' title='bbox 2076 1111 2414 1181; x_wconf 80' lang='lat' dir='ltr'>Ecclesiae</span> <span class='ocrx_word' id='word_1_87' title='bbox 2483 1109 3076 1202; x_wconf 87' lang='lat' dir='ltr'>pulchritudinem</span> 
     </span>
     <span class='ocr_line' id='line_1_11' title="bbox 534 1199 3074 1291; baseline 0.002 -27"><span class='ocrx_word' id='word_1_88' title='bbox 534 1208 917 1287; x_wconf 86' lang='lat' dir='ltr'>pervertere</span> <span class='ocrx_word' id='word_1_89' title='bbox 963 1220 1334 1289; x_wconf 82' lang='lat' dir='ltr'>aggressus</span> <span class='ocrx_word' id='word_1_90' title='bbox 1380 1212 1503 1270; x_wconf 89' lang='lat' dir='ltr'>est.</span> <span class='ocrx_word' id='word_1_91' title='bbox 1558 1205 1805 1270; x_wconf 87' lang='lat' dir='ltr'>Verum</span> <span class='ocrx_word' id='word_1_92' title='bbox 1866 1223 2027 1271; x_wconf 91' lang='lat' dir='ltr'>cum</span> <span class='ocrx_word' id='word_1_93' title='bbox 2076 1201 2393 1291; x_wconf 88' lang='lat' dir='ltr'>propriae</span> <span class='ocrx_word' id='word_1_94' title='bbox 2440 1199 2899 1289; x_wconf 84' lang='lat' dir='ltr'>perversitatis</span> <span class='ocrx_word' id='word_1_95' title='bbox 2949 1200 3074 1269; x_wconf 92' lang='lat' dir='ltr'>mi-</span> 
     </span>
     <span class='ocr_line' id='line_1_12' title="bbox 538 1284 3072 1380; baseline 0.001 -27"><span class='ocrx_word' id='word_1_96' title='bbox 538 1284 837 1355; x_wconf 90' lang='lat' dir='ltr'>nistrum</span> <span class='ocrx_word' id='word_1_97' title='bbox 889 1286 1217 1357; x_wconf 89' lang='lat' dir='ltr'>idoneum</span> <span class='ocrx_word' id='word_1_98' title='bbox 1323 1300 1674 1371; x_wconf 84' lang='lat' dir='ltr'>uaereret,</span> <span class='ocrx_word' id='word_1_99' title='bbox 1730 1289 2062 1380; x_wconf 86' lang='lat' dir='ltr'>aptiorem</span> <span class='ocrx_word' id='word_1_100' title='bbox 2111 1288 2421 1370; x_wconf 89' lang='lat' dir='ltr'>invenit,</span> <span class='ocrx_word' id='word_1_101' title='bbox 2473 1310 2686 1375; x_wconf 91' lang='lat' dir='ltr'>quam</span> <span class='ocrx_word' id='word_1_102' title='bbox 2753 1287 3072 1379; x_wconf 88' lang='lat' dir='ltr'>optabat:</span> 
     </span>
     <span class='ocr_line' id='line_1_13' title="bbox 535 1374 3072 1468; baseline 0.001 -25"><span class='ocrx_word' id='word_1_103' title='bbox 535 1378 853 1454; x_wconf 89' lang='lat' dir='ltr'>Leonem,</span> <span class='ocrx_word' id='word_1_104' title='bbox 919 1374 1231 1463; x_wconf 87' lang='lat' dir='ltr'>inquam,</span> <span class='ocrx_word' id='word_1_105' title='bbox 1349 1378 1648 1447; x_wconf 89' lang='lat' dir='ltr'>ominem</span> <span class='ocrx_word' id='word_1_106' title='bbox 1704 1377 2394 1468; x_wconf 87' lang='lat' dir='ltr'>perniciosissimum,</span> <span class='ocrx_word' id='word_1_107' title='bbox 2446 1377 2568 1464; x_wconf 87' lang='lat' dir='ltr'>qui</span> <span class='ocrx_word' id='word_1_108' title='bbox 2604 1376 2691 1446; x_wconf 92' lang='lat' dir='ltr'>ab</span> <span class='ocrx_word' id='word_1_109' title='bbox 2738 1376 3072 1446; x_wconf 79' lang='lat' dir='ltr'>Armeniis</span> 
     </span>
     <span class='ocr_line' id='line_1_14' title="bbox 532 1464 3074 1559; baseline 0 -26"><span class='ocrx_word' id='word_1_110' title='bbox 532 1474 599 1533; x_wconf 87' lang='lat' dir='ltr'>et</span> <span class='ocrx_word' id='word_1_111' title='bbox 626 1464 921 1553; x_wconf 81' lang='lat' dir='ltr'>Assyriis</span> <span class='ocrx_word' id='word_1_112' title='bbox 950 1485 1172 1555; x_wconf 90' lang='lat' dir='ltr'>genus</span> <span class='ocrx_word' id='word_1_113' title='bbox 1200 1465 1485 1547; x_wconf 81' lang='lat' dir='ltr'>ducenS,</span> <span class='ocrx_word' id='word_1_114' title='bbox 1521 1465 1886 1555; x_wconf 89' lang='lat' dir='ltr'>utriusque</span> <span class='ocrx_word' id='word_1_115' title='bbox 1933 1467 2155 1559; x_wconf 89' lang='lat' dir='ltr'>gentis</span> <span class='ocrx_word' id='word_1_116' title='bbox 2203 1466 2398 1536; x_wconf 92' lang='lat' dir='ltr'>dolos</span> <span class='ocrx_word' id='word_1_117' title='bbox 2441 1479 2506 1535; x_wconf 92' lang='lat' dir='ltr'>et</span> <span class='ocrx_word' id='word_1_118' title='bbox 2554 1465 2884 1535; x_wconf 84' lang='lat' dir='ltr'>feritatem</span> <span class='ocrx_word' id='word_1_119' title='bbox 2914 1465 3074 1533; x_wconf 87' lang='lat' dir='ltr'>imi-</span> 
     </span>
     <span class='ocr_line' id='line_1_15' title="bbox 535 1552 3137 1645; baseline 0.001 -25"><span class='ocrx_word' id='word_1_120' title='bbox 535 1562 744 1633; x_wconf 91' lang='lat' dir='ltr'>tatus,</span> <span class='ocrx_word' id='word_1_121' title='bbox 798 1552 1013 1623; x_wconf 91' lang='lat' dir='ltr'>immo</span> <span class='ocrx_word' id='word_1_122' title='bbox 1058 1574 1217 1622; x_wconf 85' lang='lat' dir='ltr'>vero</span> <span class='ocrx_word' id='word_1_123' title='bbox 1264 1575 1602 1645; x_wconf 88' lang='lat' dir='ltr'>superans</span> <span class='ocrx_word' id='word_1_124' title='bbox 1635 1610 1651 1637; x_wconf 92' lang='lat'>,</span> <span class='ocrx_word' id='word_1_125' title='bbox 1714 1568 1779 1625; x_wconf 92' lang='lat' dir='ltr'>et</span> <span class='ocrx_word' id='word_1_126' title='bbox 1826 1561 1911 1624; x_wconf 91' lang='lat' dir='ltr'>ad</span> <span class='ocrx_word' id='word_1_127' title='bbox 1962 1554 2435 1625; x_wconf 90' lang='lat' dir='ltr'>mentiendum</span> <span class='ocrx_word' id='word_1_128' title='bbox 2486 1565 2848 1645; x_wconf 90' lang='lat' dir='ltr'>promptus</span> <span class='ocrx_word' id='word_1_129' title='bbox 2891 1566 3064 1633; x_wconf 90' lang='lat' dir='ltr'>erat,</span> <span class='ocrx_word' id='word_1_130' title='bbox 3133 1619 3137 1623; x_wconf 84' lang='lat'>.</span> 
     </span>
     <span class='ocr_line' id='line_1_16' title="bbox 534 1640 3068 1742; baseline 0.001 -33"><span class='ocrx_word' id='word_1_131' title='bbox 534 1651 599 1709; x_wconf 90' lang='lat' dir='ltr'>et</span> <span class='ocrx_word' id='word_1_132' title='bbox 635 1640 721 1709; x_wconf 90' lang='lat' dir='ltr'>ad</span> <span class='ocrx_word' id='word_1_133' title='bbox 771 1641 1330 1742; x_wconf 87' lang='lat' dir='ltr'>persuadendum</span> <span class='ocrx_word' id='word_1_134' title='bbox 1377 1665 1480 1726; x_wconf 87' lang='lat' dir='ltr'>ea,</span> <span class='ocrx_word' id='word_1_135' title='bbox 1532 1665 1710 1730; x_wconf 88' lang='lat' dir='ltr'>quae</span> <span class='ocrx_word' id='word_1_136' title='bbox 1758 1644 2239 1724; x_wconf 87' lang='lat' dir='ltr'>mentiebatur,</span> <span class='ocrx_word' id='word_1_137' title='bbox 2293 1643 2723 1733; x_wconf 89' lang='lat' dir='ltr'>aptissimus.</span> <span class='ocrx_word' id='word_1_138' title='bbox 2781 1641 3068 1722; x_wconf 89' lang='lat' dir='ltr'>Fraude,</span> 
     </span>
     <span class='ocr_line' id='line_1_17' title="bbox 535 1728 3075 1818; baseline 0.002 -21"><span class='ocrx_word' id='word_1_139' title='bbox 535 1728 687 1798; x_wconf 92' lang='lat' dir='ltr'>loco</span> <span class='ocrx_word' id='word_1_140' title='bbox 734 1729 1007 1801; x_wconf 77' lang='lat' dir='ltr'>virtutis</span> <span class='ocrx_word' id='word_1_141' title='bbox 1054 1731 1397 1813; x_wconf 89' lang='lat' dir='ltr'>utebatur,</span> <span class='ocrx_word' id='word_1_142' title='bbox 1450 1753 1744 1818; x_wconf 88' lang='lat' dir='ltr'>eamque</span> <span class='ocrx_word' id='word_1_143' title='bbox 1791 1732 2121 1803; x_wconf 87' lang='lat' dir='ltr'>adversus</span> <span class='ocrx_word' id='word_1_144' title='bbox 2166 1731 2770 1818; x_wconf 84' lang='lat' dir='ltr'>conjunctissimos</span> <span class='ocrx_word' id='word_1_145' title='bbox 2801 1752 3075 1801; x_wconf 85' lang='lat' dir='ltr'>exerce·-</span> 
     </span>
     <span class='ocr_line' id='line_1_18' title="bbox 534 1817 3081 1911; baseline 0.001 -25"><span class='ocrx_word' id='word_1_146' title='bbox 534 1817 672 1886; x_wconf 86' lang='lat' dir='ltr'>bat.</span> <span class='ocrx_word' id='word_1_147' title='bbox 750 1817 874 1888; x_wconf 88' lang='lat' dir='ltr'>Hie</span> <span class='ocrx_word' id='word_1_148' title='bbox 921 1818 993 1887; x_wconf 89' lang='lat' dir='ltr'>in</span> <span class='ocrx_word' id='word_1_149' title='bbox 1044 1818 1381 1889; x_wconf 90' lang='lat' dir='ltr'>blandum</span> <span class='ocrx_word' id='word_1_150' title='bbox 1430 1832 1496 1890; x_wconf 92' lang='lat' dir='ltr'>et</span> <span class='ocrx_word' id='word_1_151' title='bbox 1543 1820 1972 1910; x_wconf 87' lang='lat' dir='ltr'>praeclarum</span> <span class='ocrx_word' id='word_1_152' title='bbox 2025 1821 2393 1911; x_wconf 88' lang='lat' dir='ltr'>imperium</span> <span class='ocrx_word' id='word_1_153' title='bbox 2457 1842 2908 1911; x_wconf 84' lang='lat' dir='ltr'>consurgens,</span> <span class='ocrx_word' id='word_1_154' title='bbox 2963 1841 3081 1888; x_wconf 87' lang='lat' dir='ltr'>or-</span> 
     </span>
     <span class='ocr_line' id='line_1_19' title="bbox 535 1906 3075 1998; baseline 0.001 -25"><span class='ocrx_word' id='word_1_155' title='bbox 535 1906 977 1977; x_wconf 88' lang='lat' dir='ltr'>natissimum</span> <span class='ocrx_word' id='word_1_156' title='bbox 1024 1919 1090 1977; x_wconf 90' lang='lat' dir='ltr'>et</span> <span class='ocrx_word' id='word_1_157' title='bbox 1136 1907 1563 1979; x_wconf 88' lang='lat' dir='ltr'>inaccessum</span> <span class='ocrx_word' id='word_1_158' title='bbox 1601 1909 1943 1980; x_wconf 85' lang='lat' dir='ltr'>Ecclesiae</span> <span class='ocrx_word' id='word_1_159' title='bbox 1972 1909 2182 1982; x_wconf 91' lang='lat' dir='ltr'>solem</span> <span class='ocrx_word' id='word_1_160' title='bbox 2234 1908 2481 1998; x_wconf 84' lang='lat' dir='ltr'>dejecit</span> <span class='ocrx_word' id='word_1_161' title='bbox 2507 1909 2609 1976; x_wconf 73' lang='lat'>**:</span> <span class='ocrx_word' id='word_1_162' title='bbox 2647 1922 2712 1978; x_wconf 91' lang='lat' dir='ltr'>et</span> <span class='ocrx_word' id='word_1_163' title='bbox 2745 1930 2905 1978; x_wconf 92' lang='lat' dir='ltr'>cum</span> <span class='ocrx_word' id='word_1_164' title='bbox 2953 1907 3075 1976; x_wconf 89' lang='lat' dir='ltr'>illo</span> 
     </span>
     <span class='ocr_line' id='line_1_20' title="bbox 534 1994 3074 2088; baseline 0.001 -25"><span class='ocrx_word' id='word_1_165' title='bbox 534 2016 776 2065; x_wconf 91' lang='lat' dir='ltr'>omnes</span> <span class='ocrx_word' id='word_1_166' title='bbox 817 1994 955 2065; x_wconf 89' lang='lat' dir='ltr'>sere</span> <span class='ocrx_word' id='word_1_167' title='bbox 988 1997 1419 2067; x_wconf 88' lang='lat' dir='ltr'>sacerdotum</span> <span class='ocrx_word' id='word_1_168' title='bbox 1463 1997 1810 2088; x_wconf 89' lang='lat' dir='ltr'>principes</span> <span class='ocrx_word' id='word_1_169' title='bbox 1848 1998 2255 2069; x_wconf 84' lang='lat' dir='ltr'>exturbavit.</span> <span class='ocrx_word' id='word_1_170' title='bbox 2292 2004 2369 2067; x_wconf 85' lang='lat' dir='ltr'>Et</span> <span class='ocrx_word' id='word_1_171' title='bbox 2400 1997 2577 2068; x_wconf 87' lang='lat' dir='ltr'>hanc</span> <span class='ocrx_word' id='word_1_172' title='bbox 2616 1996 2703 2066; x_wconf 90' lang='lat' dir='ltr'>ab</span> <span class='ocrx_word' id='word_1_173' title='bbox 2737 1996 3074 2087; x_wconf 78' lang='lat' dir='ltr'>Apostolis</span> 
     </span>
     <span class='ocr_line' id='line_1_21' title="bbox 532 2085 3068 2177; baseline 0.001 -24"><span class='ocrx_word' id='word_1_174' title='bbox 532 2105 658 2175; x_wconf 88' lang='lat' dir='ltr'>per</span> <span class='ocrx_word' id='word_1_175' title='bbox 704 2106 955 2155; x_wconf 91' lang='lat' dir='ltr'>manus</span> <span class='ocrx_word' id='word_1_176' title='bbox 1005 2085 1325 2155; x_wconf 74' lang='lat' dir='ltr'>traditam</span> <span class='ocrx_word' id='word_1_177' title='bbox 1387 2086 1888 2159; x_wconf 83' lang='lat' dir='ltr'>institutionem</span> <span class='ocrx_word' id='word_1_178' title='bbox 1940 2109 2024 2156; x_wconf 91' lang='lat' dir='ltr'>ne</span> <span class='ocrx_word' id='word_1_179' title='bbox 2074 2088 2296 2177; x_wconf 90' lang='lat' dir='ltr'>ligens</span> <span class='ocrx_word' id='word_1_180' title='bbox 2343 2097 2549 2174; x_wconf 87' lang='lat' dir='ltr'>atque</span> <span class='ocrx_word' id='word_1_181' title='bbox 2594 2098 3068 2169; x_wconf 85' lang='lat' dir='ltr'>contemnens,</span> 
     </span>
     <span class='ocr_line' id='line_1_22' title="bbox 535 2110 3069 2266; baseline 0.001 -27"><span class='ocrx_word' id='word_1_182' title='bbox 535 2171 809 2242; x_wconf 90' lang='lat' dir='ltr'>divinae</span> <span class='ocrx_word' id='word_1_183' title='bbox 858 2173 1105 2245; x_wconf 89' lang='lat' dir='ltr'>Christi</span> <span class='ocrx_word' id='word_1_184' title='bbox 1152 2174 1404 2253; x_wconf 63' lang='lat' dir='ltr'>carnis¹</span> <span class='ocrx_word' id='word_1_185' title='bbox 1431 2176 1807 2266; x_wconf 89' lang='lat' dir='ltr'>imaginem</span> <span class='ocrx_word' id='word_1_186' title='bbox 1855 2110 2139 2246; x_wconf 51' lang='lat' dir='ltr'>desoffit:</span> <span class='ocrx_word' id='word_1_187' title='bbox 2179 2175 2499 2261; x_wconf 90' lang='lat' dir='ltr'>idemque</span> <span class='ocrx_word' id='word_1_188' title='bbox 2530 2175 2614 2245; x_wconf 89' lang='lat' dir='ltr'>de</span> <span class='ocrx_word' id='word_1_189' title='bbox 2655 2174 2887 2245; x_wconf 87' lang='lat' dir='ltr'>Matris</span> <span class='ocrx_word' id='word_1_190' title='bbox 2919 2174 3069 2263; x_wconf 86' lang='lat' dir='ltr'>ejus</span> 
     </span>
     <span class='ocr_line' id='line_1_23' title="bbox 533 2263 3074 2355; baseline 0.001 -25"><span class='ocrx_word' id='word_1_191' title='bbox 533 2272 600 2330; x_wconf 89' lang='lat' dir='ltr'>et</span> <span class='ocrx_word' id='word_1_192' title='bbox 647 2273 1042 2332; x_wconf 87' lang='lat' dir='ltr'>sanctorum</span> <span class='ocrx_word' id='word_1_193' title='bbox 1093 2264 1408 2334; x_wconf 91' lang='lat' dir='ltr'>omnium</span> <span class='ocrx_word' id='word_1_194' title='bbox 1457 2265 1883 2355; x_wconf 89' lang='lat' dir='ltr'>imaginibus</span> <span class='ocrx_word' id='word_1_195' title='bbox 1916 2264 2095 2346; x_wconf 86' lang='lat' dir='ltr'>fecit,</span> <span class='ocrx_word' id='word_1_196' title='bbox 2131 2278 2196 2334; x_wconf 91' lang='lat' dir='ltr'>et</span> <span class='ocrx_word' id='word_1_197' title='bbox 2228 2264 2599 2335; x_wconf 90' lang='lat' dir='ltr'>Ecclesiam</span> <span class='ocrx_word' id='word_1_198' title='bbox 2640 2263 3074 2353; x_wconf 89' lang='lat' dir='ltr'>gravioribus</span> 
     </span>
     <span class='ocr_line' id='line_1_24' title="bbox 534 2350 3074 2445; baseline 0 -28"><span class='ocrx_word' id='word_1_199' title='bbox 534 2371 747 2436; x_wconf 89' lang='lat' dir='ltr'>quam</span> <span class='ocrx_word' id='word_1_200' title='bbox 799 2350 1053 2421; x_wconf 88' lang='lat' dir='ltr'>fuerint</span> <span class='ocrx_word' id='word_1_201' title='bbox 1116 2356 1295 2443; x_wconf 83' lang='lat' dir='ltr'>Aegy</span> <span class='ocrx_word' id='word_1_202' title='bbox 1351 2352 1504 2433; x_wconf 87' lang='lat' dir='ltr'>tiae,</span> <span class='ocrx_word' id='word_1_203' title='bbox 1559 2354 1859 2423; x_wconf 89' lang='lat' dir='ltr'>tenebris</span> <span class='ocrx_word' id='word_1_204' title='bbox 1909 2353 2236 2445; x_wconf 88' lang='lat' dir='ltr'>implevit.</span> <span class='ocrx_word' id='word_1_205' title='bbox 2292 2352 2624 2422; x_wconf 88' lang='lat' dir='ltr'>Barbarae</span> <span class='ocrx_word' id='word_1_206' title='bbox 2691 2351 2878 2421; x_wconf 90' lang='lat' dir='ltr'>enim</span> <span class='ocrx_word' id='word_1_207' title='bbox 2927 2350 3074 2419; x_wconf 91' lang='lat' dir='ltr'>vio-</span> 
     </span>
     <span class='ocr_line' id='line_1_25' title="bbox 534 2437 3074 2532; baseline 0.001 -25"><span class='ocrx_word' id='word_1_208' title='bbox 534 2437 783 2510; x_wconf 89' lang='lat' dir='ltr'>lentiae</span> <span class='ocrx_word' id='word_1_209' title='bbox 832 2441 1125 2531; x_wconf 83' lang='lat' dir='ltr'>patriam</span> <span class='ocrx_word' id='word_1_210' title='bbox 1176 2453 1285 2513; x_wconf 88' lang='lat' dir='ltr'>stu</span> <span class='ocrx_word' id='word_1_211' title='bbox 1320 2440 1538 2512; x_wconf 88' lang='lat' dir='ltr'>titiam</span> <span class='ocrx_word' id='word_1_212' title='bbox 1587 2441 2002 2524; x_wconf 80' lang='lat' dir='ltr'>admiscenS,</span> <span class='ocrx_word' id='word_1_213' title='bbox 2038 2456 2104 2512; x_wconf 89' lang='lat' dir='ltr'>et</span> <span class='ocrx_word' id='word_1_214' title='bbox 2138 2454 2426 2512; x_wconf 88' lang='lat' dir='ltr'>veterem</span> <span class='ocrx_word' id='word_1_215' title='bbox 2458 2440 2657 2511; x_wconf 88' lang='lat' dir='ltr'>illum</span> <span class='ocrx_word' id='word_1_216' title='bbox 2692 2445 3074 2532; x_wconf 87' lang='lat' dir='ltr'>Rapsacem</span> 
     </span>
     <span class='ocr_line' id='line_1_26' title="bbox 534 2529 3069 2619; baseline 0 -22"><span class='ocrx_word' id='word_1_217' title='bbox 534 2549 914 2619; x_wconf 89' lang='lat' dir='ltr'>superans,</span> <span class='ocrx_word' id='word_1_218' title='bbox 967 2530 1400 2617; x_wconf 84' lang='lat' dir='ltr'>iniquitatem</span> <span class='ocrx_word' id='word_1_219' title='bbox 1460 2530 1528 2599; x_wconf 90' lang='lat' dir='ltr'>in</span> <span class='ocrx_word' id='word_1_220' title='bbox 1580 2530 1882 2601; x_wconf 88' lang='lat' dir='ltr'>sublime</span> <span class='ocrx_word' id='word_1_221' title='bbox 1930 2532 2358 2618; x_wconf 87' lang='lat' dir='ltr'>loquebatur,</span> <span class='ocrx_word' id='word_1_222' title='bbox 2410 2541 2476 2600; x_wconf 86' lang='lat' dir='ltr'>et</span> <span class='ocrx_word' id='word_1_223' title='bbox 2522 2530 2858 2600; x_wconf 86' lang='lat' dir='ltr'>civitatem</span> <span class='ocrx_word' id='word_1_224' title='bbox 2927 2529 3069 2611; x_wconf 88' lang='lat' dir='ltr'>Dei,</span> 
     </span>
     <span class='ocr_line' id='line_1_27' title="bbox 532 2617 3074 2708; baseline -0 -21"><span class='ocrx_word' id='word_1_225' title='bbox 532 2638 710 2702; x_wconf 87' lang='lat' dir='ltr'>quae</span> <span class='ocrx_word' id='word_1_226' title='bbox 756 2628 858 2687; x_wconf 84' lang='lat' dir='ltr'>est</span> <span class='ocrx_word' id='word_1_227' title='bbox 905 2618 1229 2699; x_wconf 90' lang='lat' dir='ltr'>Ecclesia,</span> <span class='ocrx_word' id='word_1_228' title='bbox 1283 2618 1520 2688; x_wconf 86' lang='lat' dir='ltr'>multis</span> <span class='ocrx_word' id='word_1_229' title='bbox 1567 2619 1747 2690; x_wconf 90' lang='lat' dir='ltr'>dolis</span> <span class='ocrx_word' id='word_1_230' title='bbox 1794 2620 2194 2708; x_wconf 89' lang='lat' dir='ltr'>perturbare</span> <span class='ocrx_word' id='word_1_231' title='bbox 2240 2619 2576 2690; x_wconf 88' lang='lat' dir='ltr'>studebat.</span> <span class='ocrx_word' id='word_1_232' title='bbox 2612 2622 2758 2701; x_wconf 86' lang='lat' dir='ltr'>Qua</span> <span class='ocrx_word' id='word_1_233' title='bbox 2789 2617 3074 2704; x_wconf 87' lang='lat' dir='ltr'>quidem</span> 
     </span>
     <span class='ocr_line' id='line_1_28' title="bbox 534 2705 3073 2798; baseline 0 -23"><span class='ocrx_word' id='word_1_234' title='bbox 534 2705 874 2776; x_wconf 89' lang='lat' dir='ltr'>fluctuum</span> <span class='ocrx_word' id='word_1_235' title='bbox 928 2718 1327 2797; x_wconf 84' lang='lat' dir='ltr'>tempestate</span> <span class='ocrx_word' id='word_1_236' title='bbox 1371 2708 1598 2777; x_wconf 89' lang='lat' dir='ltr'>omnis</span> <span class='ocrx_word' id='word_1_237' title='bbox 1647 2718 1829 2777; x_wconf 90' lang='lat' dir='ltr'>recta</span> <span class='ocrx_word' id='word_1_238' title='bbox 1859 2708 2197 2779; x_wconf 88' lang='lat' dir='ltr'>institutio</span> <span class='ocrx_word' id='word_1_239' title='bbox 2232 2707 2601 2798; x_wconf 87' lang='lat' dir='ltr'>periclitari</span> <span class='ocrx_word' id='word_1_240' title='bbox 2630 2708 2876 2797; x_wconf 90' lang='lat' dir='ltr'>coepit,</span> <span class='ocrx_word' id='word_1_241' title='bbox 2909 2727 3073 2776; x_wconf 89' lang='lat' dir='ltr'>cum</span> 
     </span>
     <span class='ocr_line' id='line_1_29' title="bbox 534 2793 3073 2885; baseline 0 -22"><span class='ocrx_word' id='word_1_242' title='bbox 534 2793 639 2863; x_wconf 90' lang='lat' dir='ltr'>illi</span> <span class='ocrx_word' id='word_1_243' title='bbox 688 2818 774 2865; x_wconf 91' lang='lat' dir='ltr'>ne</span> <span class='ocrx_word' id='word_1_244' title='bbox 820 2809 1324 2885; x_wconf 87' lang='lat' dir='ltr'>repugnaretur</span> <span class='ocrx_word' id='word_1_245' title='bbox 1366 2794 1677 2883; x_wconf 90' lang='lat' dir='ltr'>quidem.</span> <span class='ocrx_word' id='word_1_246' title='bbox 1732 2802 1897 2865; x_wconf 89' lang='lat' dir='ltr'>Nam</span> <span class='ocrx_word' id='word_1_247' title='bbox 1947 2797 2069 2884; x_wconf 90' lang='lat' dir='ltr'>qui</span> <span class='ocrx_word' id='word_1_248' title='bbox 2114 2798 2443 2866; x_wconf 88' lang='lat' dir='ltr'>virtutum</span> <span class='ocrx_word' id='word_1_249' title='bbox 2496 2796 2914 2885; x_wconf 76' lang='lat' dir='ltr'>praestantia</span> <span class='ocrx_word' id='word_1_250' title='bbox 2964 2816 3073 2865; x_wconf 89' lang='lat' dir='ltr'>re-</span> 
     </span>
     <span class='ocr_line' id='line_1_30' title="bbox 533 2882 3074 2976; baseline 0 -25"><span class='ocrx_word' id='word_1_251' title='bbox 533 2882 761 2969; x_wconf 91' lang='lat' dir='ltr'>liquos</span> <span class='ocrx_word' id='word_1_252' title='bbox 808 2884 896 2952; x_wconf 90' lang='lat' dir='ltr'>ad</span> <span class='ocrx_word' id='word_1_253' title='bbox 946 2883 1264 2955; x_wconf 88' lang='lat' dir='ltr'>coelestia</span> <span class='ocrx_word' id='word_1_254' title='bbox 1310 2883 1561 2954; x_wconf 90' lang='lat' dir='ltr'>ducere</span> <span class='ocrx_word' id='word_1_255' title='bbox 1607 2885 1971 2968; x_wconf 89' lang='lat' dir='ltr'>debebant,</span> <span class='ocrx_word' id='word_1_256' title='bbox 2010 2885 2200 2955; x_wconf 89' lang='lat' dir='ltr'>illius</span> <span class='ocrx_word' id='word_1_257' title='bbox 2247 2884 2707 2976; x_wconf 88' lang='lat' dir='ltr'>improbitatis</span> <span class='ocrx_word' id='word_1_258' title='bbox 2746 2883 3074 2955; x_wconf 88' lang='lat' dir='ltr'>fluctibus</span> 
     </span>
     <span class='ocr_line' id='line_1_31' title="bbox 533 2970 3074 3063; baseline 0 -23"><span class='ocrx_word' id='word_1_259' title='bbox 533 2970 1028 3052; x_wconf 86' lang='lat' dir='ltr'>obruebantur,</span> <span class='ocrx_word' id='word_1_260' title='bbox 1067 2985 1133 3042; x_wconf 89' lang='lat' dir='ltr'>et</span> <span class='ocrx_word' id='word_1_261' title='bbox 1171 2973 1485 3043; x_wconf 71' lang='lat' dir='ltr'>socordia</span> <span class='ocrx_word' id='word_1_262' title='bbox 1532 2973 1717 3044; x_wconf 89' lang='lat' dir='ltr'>vinci</span> <span class='ocrx_word' id='word_1_263' title='bbox 1763 2996 1837 3044; x_wconf 88' lang='lat' dir='ltr'>se</span> <span class='ocrx_word' id='word_1_264' title='bbox 1881 2973 2386 3063; x_wconf 90' lang='lat' dir='ltr'>permittebant.</span> <span class='ocrx_word' id='word_1_265' title='bbox 2426 2973 2556 3056; x_wconf 87' lang='lat' dir='ltr'>Qui</span> <span class='ocrx_word' id='word_1_266' title='bbox 2590 2995 2744 3042; x_wconf 91' lang='lat' dir='ltr'>vero</span> <span class='ocrx_word' id='word_1_267' title='bbox 2770 2985 2835 3042; x_wconf 87' lang='lat' dir='ltr'>et</span> <span class='ocrx_word' id='word_1_268' title='bbox 2866 2973 3074 3041; x_wconf 89' lang='lat' dir='ltr'>rebus</span> 
     </span>
     <span class='ocr_line' id='line_1_32' title="bbox 535 3060 3073 3151; baseline 0 -22"><span class='ocrx_word' id='word_1_269' title='bbox 535 3060 826 3129; x_wconf 84' lang='lat' dir='ltr'>terrenis</span> <span class='ocrx_word' id='word_1_270' title='bbox 873 3061 1226 3151; x_wconf 84' lang='lat' dir='ltr'>neglectis,</span> <span class='ocrx_word' id='word_1_271' title='bbox 1279 3074 1343 3131; x_wconf 90' lang='lat' dir='ltr'>et</span> <span class='ocrx_word' id='word_1_272' title='bbox 1392 3062 1528 3132; x_wconf 76' lang='lat' dir='ltr'>vita</span> <span class='ocrx_word' id='word_1_273' title='bbox 1572 3075 1840 3132; x_wconf 88' lang='lat' dir='ltr'>contem</span> <span class='ocrx_word' id='word_1_274' title='bbox 1899 3065 1989 3142; x_wconf 77' lang='lat' dir='ltr'>ta,</span> <span class='ocrx_word' id='word_1_275' title='bbox 2027 3063 2253 3133; x_wconf 87' lang='lat' dir='ltr'>scelus</span> <span class='ocrx_word' id='word_1_276' title='bbox 2300 3062 2645 3131; x_wconf 72' lang='lat' dir='ltr'>industria</span> <span class='ocrx_word' id='word_1_277' title='bbox 2691 3084 2821 3131; x_wconf 88' lang='lat' dir='ltr'>sua</span> <span class='ocrx_word' id='word_1_278' title='bbox 2865 3081 3073 3150; x_wconf 87' lang='lat' dir='ltr'>supe-</span> 
     </span>
     <span class='ocr_line' id='line_1_33' title="bbox 533 3147 3074 3241; baseline -0 -23"><span class='ocrx_word' id='word_1_279' title='bbox 533 3149 803 3229; x_wconf 86' lang='lat' dir='ltr'>rabant,</span> <span class='ocrx_word' id='word_1_280' title='bbox 863 3150 1115 3240; x_wconf 89' lang='lat' dir='ltr'>partim</span> <span class='ocrx_word' id='word_1_281' title='bbox 1164 3149 1366 3231; x_wconf 88' lang='lat' dir='ltr'>fame,</span> <span class='ocrx_word' id='word_1_282' title='bbox 1424 3151 1675 3241; x_wconf 89' lang='lat' dir='ltr'>partim</span> <span class='ocrx_word' id='word_1_283' title='bbox 1723 3172 1840 3220; x_wconf 92' lang='lat' dir='ltr'>ver</span> <span class='ocrx_word' id='word_1_284' title='bbox 1888 3151 2125 3221; x_wconf 90' lang='lat' dir='ltr'>eribus</span> <span class='ocrx_word' id='word_1_285' title='bbox 2170 3150 2698 3221; x_wconf 88' lang='lat' dir='ltr'>cruciabantur:</span> <span class='ocrx_word' id='word_1_286' title='bbox 2751 3147 3074 3220; x_wconf 89' lang='lat' dir='ltr'>nonnulli</span> 
     </span>
     <span class='ocr_line' id='line_1_34' title="bbox 535 3236 1976 3340; baseline 0.001 -33"><span class='ocrx_word' id='word_1_287' title='bbox 535 3236 742 3307; x_wconf 89' lang='lat' dir='ltr'>etiam</span> <span class='ocrx_word' id='word_1_288' title='bbox 794 3250 1004 3308; x_wconf 86' lang='lat' dir='ltr'>noctu</span> <span class='ocrx_word' id='word_1_289' title='bbox 1050 3238 1596 3340; x_wconf 80' lang='lat' dir='ltr'>conjiciebantur</span> <span class='ocrx_word' id='word_1_290' title='bbox 1640 3240 1714 3309; x_wconf 89' lang='lat' dir='ltr'>in</span> <span class='ocrx_word' id='word_1_291' title='bbox 1764 3262 1976 3310; x_wconf 90' lang='lat' dir='ltr'>mare.</span> 
     </span>
    </p>

    <p class='ocr_par' dir='ltr' id='par_1_3' title="bbox 532 3326 3081 4306">
     <span class='ocr_line' id='line_1_35' title="bbox 622 3326 3077 3417; baseline -0.001 -19"><span class='ocrx_word' id='word_1_292' title='bbox 622 3329 660 3414; x_wconf 69' lang='grc' dir='ltr'>ξ</span> <span class='ocrx_word' id='word_1_293' title='bbox 689 3332 843 3398; x_wconf 75' lang='grc'>16.</span> <span class='ocrx_word' id='word_1_294' title='bbox 881 3333 1071 3397; x_wconf 86' lang='lat' dir='ltr'>Tunc</span> <span class='ocrx_word' id='word_1_295' title='bbox 1103 3327 1336 3417; x_wconf 79' lang='lat' dir='ltr'>igitur.</span> <span class='ocrx_word' id='word_1_296' title='bbox 1376 3340 1542 3398; x_wconf 91' lang='lat' dir='ltr'>tunc</span> <span class='ocrx_word' id='word_1_297' title='bbox 1574 3328 1661 3398; x_wconf 92' lang='lat' dir='ltr'>ad</span> <span class='ocrx_word' id='word_1_298' title='bbox 1695 3331 2038 3399; x_wconf 76' lang='lat' dir='ltr'>certamen</span> <span class='ocrx_word' id='word_1_299' title='bbox 2073 3340 2353 3398; x_wconf 88' lang='lat' dir='ltr'>vocatur</span> <span class='ocrx_word' id='word_1_300' title='bbox 2390 3327 2595 3397; x_wconf 90' lang='lat' dir='ltr'>etiam</span> <span class='ocrx_word' id='word_1_301' title='bbox 2630 3327 2808 3397; x_wconf 80' lang='lat' dir='ltr'>Theo</span> <span class='ocrx_word' id='word_1_302' title='bbox 2861 3326 3077 3396; x_wconf 88' lang='lat' dir='ltr'>hanes</span> 
     </span>
     <span class='ocr_line' id='line_1_36' title="bbox 536 3414 3079 3508; baseline 0 -25"><span class='ocrx_word' id='word_1_303' title='bbox 536 3414 1016 3496; x_wconf 89' lang='lat' dir='ltr'>admirandus,</span> <span class='ocrx_word' id='word_1_304' title='bbox 1071 3438 1206 3486; x_wconf 89' lang='lat' dir='ltr'>non</span> <span class='ocrx_word' id='word_1_305' title='bbox 1259 3431 1485 3486; x_wconf 88' lang='lat' dir='ltr'>tamen</span> <span class='ocrx_word' id='word_1_306' title='bbox 1537 3439 1753 3487; x_wconf 86' lang='lat' dir='ltr'>manu</span> <span class='ocrx_word' id='word_1_307' title='bbox 1802 3417 2159 3508; x_wconf 76' lang='lat' dir='ltr'>tyrannica</span> <span class='ocrx_word' id='word_1_308' title='bbox 2206 3430 2325 3487; x_wconf 89' lang='lat' dir='ltr'>aut</span> <span class='ocrx_word' id='word_1_309' title='bbox 2369 3416 2687 3499; x_wconf 90' lang='lat' dir='ltr'>violenta,</span> <span class='ocrx_word' id='word_1_310' title='bbox 2727 3438 2798 3488; x_wconf 89' lang='lat' dir='ltr'>se</span> <span class='ocrx_word' id='word_1_311' title='bbox 2880 3415 3079 3485; x_wconf 90' lang='lat' dir='ltr'>blan-</span> 
     </span>
     <span class='ocr_line' id='line_1_37' title="bbox 534 3504 3080 3595; baseline 0 -23"><span class='ocrx_word' id='word_1_312' title='bbox 534 3504 725 3574; x_wconf 89' lang='lat' dir='ltr'>ditiis</span> <span class='ocrx_word' id='word_1_313' title='bbox 773 3525 854 3573; x_wconf 88' lang='lat' dir='ltr'>ac</span> <span class='ocrx_word' id='word_1_314' title='bbox 901 3504 1104 3575; x_wconf 80' lang='lat' dir='ltr'>dolis,</span> <span class='ocrx_word' id='word_1_315' title='bbox 1156 3505 1496 3576; x_wconf 83' lang='lat' dir='ltr'>Adversus</span> <span class='ocrx_word' id='word_1_316' title='bbox 1542 3506 1795 3588; x_wconf 80' lang='lat' dir='ltr'>hosteS,</span> <span class='ocrx_word' id='word_1_317' title='bbox 1847 3505 2117 3576; x_wconf 87' lang='lat' dir='ltr'>dicebat</span> <span class='ocrx_word' id='word_1_318' title='bbox 2164 3506 2497 3595; x_wconf 91' lang='lat' dir='ltr'>impostor</span> <span class='ocrx_word' id='word_1_319' title='bbox 2541 3505 2678 3586; x_wconf 89' lang='lat' dir='ltr'>ille,</span> <span class='ocrx_word' id='word_1_320' title='bbox 2733 3504 2907 3575; x_wconf 90' lang='lat' dir='ltr'>mihi</span> <span class='ocrx_word' id='word_1_321' title='bbox 2994 3527 3080 3573; x_wconf 91' lang='lat' dir='ltr'>u-</span> 
     </span>
     <span class='ocr_line' id='line_1_38' title="bbox 539 3526 3079 3694; baseline 0 -33"><span class='ocrx_word' id='word_1_322' title='bbox 539 3593 900 3683; x_wconf 89' lang='lat' dir='ltr'>gnandum</span> <span class='ocrx_word' id='word_1_323' title='bbox 948 3605 1085 3664; x_wconf 88' lang='lat' dir='ltr'>est:</span> <span class='ocrx_word' id='word_1_324' title='bbox 1124 3593 1242 3663; x_wconf 90' lang='lat' dir='ltr'>sed</span> <span class='ocrx_word' id='word_1_325' title='bbox 1276 3606 1640 3681; x_wconf 88' lang='lat' dir='ltr'>antequam</span> <span class='ocrx_word' id='word_1_326' title='bbox 1679 3616 1931 3664; x_wconf 90' lang='lat' dir='ltr'>manus</span> <span class='ocrx_word' id='word_1_327' title='bbox 1968 3616 2128 3664; x_wconf 90' lang='lat' dir='ltr'>cum</span> <span class='ocrx_word' id='word_1_328' title='bbox 2159 3593 2302 3663; x_wconf 90' lang='lat' dir='ltr'>illis</span> <span class='ocrx_word' id='word_1_329' title='bbox 2331 3615 2712 3674; x_wconf 89' lang='lat' dir='ltr'>conseram,</span> <span class='ocrx_word' id='word_1_330' title='bbox 2756 3526 3079 3694; x_wconf 64' lang='lat' dir='ltr'>precibus</span> 
     </span>
     <span class='ocr_line' id='line_1_39' title="bbox 539 3681 3080 3774; baseline 0 -24"><span class='ocrx_word' id='word_1_331' title='bbox 539 3681 678 3750; x_wconf 90' lang='lat' dir='ltr'>tuis</span> <span class='ocrx_word' id='word_1_332' title='bbox 725 3682 984 3752; x_wconf 88' lang='lat' dir='ltr'>armari</span> <span class='ocrx_word' id='word_1_333' title='bbox 1032 3703 1141 3751; x_wconf 90' lang='lat' dir='ltr'>me</span> <span class='ocrx_word' id='word_1_334' title='bbox 1181 3694 1462 3774; x_wconf 89' lang='lat' dir='ltr'>oportet.</span> <span class='ocrx_word' id='word_1_335' title='bbox 1505 3683 1951 3773; x_wconf 79' lang='lat' dir='ltr'>Thebphanes</span> <span class='ocrx_word' id='word_1_336' title='bbox 1989 3695 2243 3764; x_wconf 91' lang='lat' dir='ltr'>autem,</span> <span class='ocrx_word' id='word_1_337' title='bbox 2282 3683 2554 3774; x_wconf 80' lang='lat' dir='ltr'>cognita</span> <span class='ocrx_word' id='word_1_338' title='bbox 2593 3681 2894 3752; x_wconf 81' lang='lat' dir='ltr'>homlnis</span> <span class='ocrx_word' id='word_1_339' title='bbox 2929 3702 3080 3750; x_wconf 89' lang='lat' dir='ltr'>ma-</span> 
     </span>
     <span class='ocr_line' id='line_1_40' title="bbox 537 3769 3081 3861; baseline -0.001 -22"><span class='ocrx_word' id='word_1_340' title='bbox 537 3769 707 3850; x_wconf 79' lang='lat' dir='ltr'>litia,</span> <span class='ocrx_word' id='word_1_341' title='bbox 760 3772 1078 3857; x_wconf 88' lang='lat' dir='ltr'>quamvis</span> <span class='ocrx_word' id='word_1_342' title='bbox 1127 3793 1372 3841; x_wconf 89' lang='lat' dir='ltr'>renum</span> <span class='ocrx_word' id='word_1_343' title='bbox 1419 3784 1487 3841; x_wconf 90' lang='lat' dir='ltr'>et</span> <span class='ocrx_word' id='word_1_344' title='bbox 1531 3771 1778 3841; x_wconf 89' lang='lat' dir='ltr'>urinae</span> <span class='ocrx_word' id='word_1_345' title='bbox 1825 3771 2227 3841; x_wconf 86' lang='lat' dir='ltr'>difficultate</span> <span class='ocrx_word' id='word_1_346' title='bbox 2256 3770 2597 3841; x_wconf 86' lang='lat' dir='ltr'>laboraret</span> <span class='ocrx_word' id='word_1_347' title='bbox 2625 3771 3081 3861; x_wconf 89' lang='lat' dir='ltr'>(instrumen-</span> 
     </span>
     <span class='ocr_line' id='line_1_41' title="bbox 534 3859 3080 3950; baseline -0.001 -21"><span class='ocrx_word' id='word_1_348' title='bbox 534 3859 624 3929; x_wconf 89' lang='lat' dir='ltr'>tis</span> <span class='ocrx_word' id='word_1_349' title='bbox 670 3860 853 3929; x_wconf 90' lang='lat' dir='ltr'>enim</span> <span class='ocrx_word' id='word_1_350' title='bbox 907 3881 1029 3950; x_wconf 88' lang='lat' dir='ltr'>per</span> <span class='ocrx_word' id='word_1_351' title='bbox 1074 3881 1116 3928; x_wconf 90' lang='lat' dir='ltr'>n</span> <span class='ocrx_word' id='word_1_352' title='bbox 1169 3860 1459 3930; x_wconf 89' lang='lat' dir='ltr'>turalem</span> <span class='ocrx_word' id='word_1_353' title='bbox 1509 3860 1952 3931; x_wconf 90' lang='lat' dir='ltr'>cunisculum</span> <span class='ocrx_word' id='word_1_354' title='bbox 2000 3861 2072 3930; x_wconf 93' lang='lat' dir='ltr'>in</span> <span class='ocrx_word' id='word_1_355' title='bbox 2121 3859 2460 3929; x_wconf 89' lang='lat' dir='ltr'>vescicam</span> <span class='ocrx_word' id='word_1_356' title='bbox 2509 3859 2857 3940; x_wconf 81' lang='lat' dir='ltr'>admissiS,</span> <span class='ocrx_word' id='word_1_357' title='bbox 2900 3879 3080 3946; x_wconf 88' lang='lat' dir='ltr'>quae</span> 
     </span>
     <span class='ocr_line' id='line_1_42' title="bbox 535 3947 3080 4040; baseline -0.001 -23"><span class='ocrx_word' id='word_1_358' title='bbox 535 3948 803 4037; x_wconf 84' lang='lat' dir='ltr'>lapides</span> <span class='ocrx_word' id='word_1_359' title='bbox 850 3948 1094 4019; x_wconf 88' lang='lat' dir='ltr'>insitos</span> <span class='ocrx_word' id='word_1_360' title='bbox 1181 3948 1711 4040; x_wconf 85' lang='lat' dir='ltr'>onstringerent,</span> <span class='ocrx_word' id='word_1_361' title='bbox 1765 3949 2077 4020; x_wconf 90' lang='lat' dir='ltr'>humidis</span> <span class='ocrx_word' id='word_1_362' title='bbox 2107 3949 2559 4019; x_wconf 82' lang='lat' dir='ltr'>excrementis</span> <span class='ocrx_word' id='word_1_363' title='bbox 2590 3947 2848 4018; x_wconf 86' lang='lat' dir='ltr'>exitum</span> <span class='ocrx_word' id='word_1_364' title='bbox 2886 3969 3080 4037; x_wconf 90' lang='lat' dir='ltr'>prae-</span> 
     </span>
     <span class='ocr_line' id='line_1_43' title="bbox 532 4036 3080 4128; baseline 0 -22"><span class='ocrx_word' id='word_1_365' title='bbox 532 4036 767 4126; x_wconf 89' lang='lat' dir='ltr'>bebat)</span> <span class='ocrx_word' id='word_1_366' title='bbox 815 4038 1271 4126; x_wconf 86' lang='lat' dir='ltr'>maximisque</span> <span class='ocrx_word' id='word_1_367' title='bbox 1318 4038 1650 4110; x_wconf 89' lang='lat' dir='ltr'>molestiis</span> <span class='ocrx_word' id='word_1_368' title='bbox 1698 4051 2076 4119; x_wconf 85' lang='lat' dir='ltr'>vexaretur,</span> <span class='ocrx_word' id='word_1_369' title='bbox 2120 4038 2285 4107; x_wconf 86' lang='lat' dir='ltr'>etin</span> <span class='ocrx_word' id='word_1_370' title='bbox 2327 4036 2579 4108; x_wconf 88' lang='lat' dir='ltr'>lectulo</span> <span class='ocrx_word' id='word_1_371' title='bbox 2608 4047 2928 4128; x_wconf 88' lang='lat' dir='ltr'>aegrotus</span> <span class='ocrx_word' id='word_1_372' title='bbox 2967 4058 3080 4106; x_wconf 88' lang='lat' dir='ltr'>as·-</span> 
     </span>
     <span class='ocr_line' id='line_1_44' title="bbox 535 4121 3079 4218; baseline -0.001 -23"><span class='ocrx_word' id='word_1_373' title='bbox 535 4124 734 4195; x_wconf 90' lang='lat' dir='ltr'>sidue</span> <span class='ocrx_word' id='word_1_374' title='bbox 782 4125 1244 4209; x_wconf 87' lang='lat' dir='ltr'>decumberet,</span> <span class='ocrx_word' id='word_1_375' title='bbox 1281 4126 1439 4196; x_wconf 89' lang='lat' dir='ltr'>navi</span> <span class='ocrx_word' id='word_1_376' title='bbox 1472 4138 1698 4197; x_wconf 86' lang='lat' dir='ltr'>tamen</span> <span class='ocrx_word' id='word_1_377' title='bbox 1732 4126 1818 4207; x_wconf 83' lang='lat' dir='ltr'>ad</span> <span class='ocrx_word' id='word_1_378' title='bbox 1849 4128 2094 4197; x_wconf 86' lang='lat' dir='ltr'>urbem</span> <span class='ocrx_word' id='word_1_379' title='bbox 2130 4148 2202 4197; x_wconf 90' lang='lat' dir='ltr'>se</span> <span class='ocrx_word' id='word_1_380' title='bbox 2235 4125 2494 4218; x_wconf 82' lang='lat' dir='ltr'>regiam</span> <span class='ocrx_word' id='word_1_381' title='bbox 2528 4125 2843 4196; x_wconf 86' lang='lat' dir='ltr'>contulit.</span> <span class='ocrx_word' id='word_1_382' title='bbox 2882 4121 3079 4206; x_wconf 87' lang='lat' dir='ltr'>Quod</span> 
     </span>
     <span class='ocr_line' id='line_1_45' title="bbox 535 4211 3079 4306; baseline -0.002 -22"><span class='ocrx_word' id='word_1_383' title='bbox 535 4236 695 4284; x_wconf 90' lang='lat' dir='ltr'>cum</span> <span class='ocrx_word' id='word_1_384' title='bbox 745 4215 1273 4287; x_wconf 86' lang='lat' dir='ltr'>scelestissimus</span> <span class='ocrx_word' id='word_1_385' title='bbox 1319 4215 1438 4285; x_wconf 89' lang='lat' dir='ltr'>ille</span> <span class='ocrx_word' id='word_1_386' title='bbox 1483 4215 1972 4297; x_wconf 86' lang='lat' dir='ltr'>intellexisset,</span> <span class='ocrx_word' id='word_1_387' title='bbox 2029 4215 2251 4286; x_wconf 90' lang='lat' dir='ltr'>sancti</span> <span class='ocrx_word' id='word_1_388' title='bbox 2297 4216 2427 4283; x_wconf 92' lang='lat' dir='ltr'>viri</span> <span class='ocrx_word' id='word_1_389' title='bbox 2474 4226 2924 4306; x_wconf 89' lang='lat' dir='ltr'>conspectum</span> <span class='ocrx_word' id='word_1_390' title='bbox 2967 4211 3079 4302; x_wconf 89' lang='lat' dir='ltr'>(ut</span> 
     </span>
    </p>
   </div>
   <div class='ocr_carea' id='block_1_3' title="bbox 586 4371 2856 4469">
    <p class='ocr_par' dir='ltr' id='par_1_4' title="bbox 586 4371 2856 4469">
     <span class='ocr_line' id='line_1_46' title="bbox 587 4371 2856 4422; baseline 0 -10"><span class='ocrx_word' id='word_1_391' title='bbox 587 4371 613 4398; x_wconf 83' lang='lat'>¹⁸¹</span> <span class='ocrx_word' id='word_1_392' title='bbox 643 4371 687 4412; x_wconf 77' lang='grc'>8.</span> <span class='ocrx_word' id='word_1_393' title='bbox 716 4373 1007 4421; x_wconf 62' lang='lat' dir='ltr'>nicephorus</span> <span class='ocrx_word' id='word_1_394' title='bbox 1030 4373 1474 4422; x_wconf 71' lang='lat' dir='ltr'>constantinopolit.</span> <span class='ocrx_word' id='word_1_395' title='bbox 1497 4374 1770 4414; x_wconf 67' lang='lat' dir='ltr'>Patriarcha</span> <span class='ocrx_word' id='word_1_396' title='bbox 1790 4373 1971 4422; x_wconf 66' lang='lat' dir='ltr'>Mai-tyr</span> <span class='ocrx_word' id='word_1_397' title='bbox 1988 4372 2079 4414; x_wconf 83' lang='lat' dir='ltr'>sub</span> <span class='ocrx_word' id='word_1_398' title='bbox 2096 4374 2253 4415; x_wconf 79' lang='lat' dir='ltr'>Leone</span> <span class='ocrx_word' id='word_1_399' title='bbox 2272 4374 2487 4414; x_wconf 78' lang='lat' dir='ltr'>Armeno.</span> <span class='ocrx_word' id='word_1_400' title='bbox 2506 4371 2621 4413; x_wconf 74' lang='lat' dir='ltr'>Vide</span> <span class='ocrx_word' id='word_1_401' title='bbox 2646 4382 2732 4413; x_wconf 87' lang='lat' dir='ltr'>xtu</span> <span class='ocrx_word' id='word_1_402' title='bbox 2755 4371 2856 4421; x_wconf 71' lang='lat' dir='ltr'>huj.</span> 
     </span>
     <span class='ocr_line' id='line_1_47' title="bbox 586 4425 1665 4469; baseline 0.003 -3"><span class='ocrx_word' id='word_1_403' title='bbox 586 4425 643 4455; x_wconf 53' lang='grc' dir='ltr'><strong>ῃ</strong></span> <span class='ocrx_word' id='word_1_404' title='bbox 670 4426 945 4468; x_wconf 75' lang='lat' dir='ltr'>Persecutto</span> <span class='ocrx_word' id='word_1_405' title='bbox 963 4427 1305 4468; x_wconf 68' lang='lat' dir='ltr'>Iconoclaatict</span> <span class='ocrx_word' id='word_1_406' title='bbox 1324 4427 1436 4467; x_wconf 67' lang='lat' dir='ltr'>anni</span> <span class='ocrx_word' id='word_1_407' title='bbox 1455 4435 1665 4469; x_wconf 78' lang='lat' dir='ltr'>nccextv.</span> 
     </span>
    </p>
   </div>
  </div>
 </body>
</html>
