3327 4999
673 357 802 421 260
1560 374 1637 419 na
1687 371 1742 419 s.
1795 369 2168 419 ranornamz
2737 357 2984 423 MART.
3040 358 3123 423 112

584 458 887 550 adjutrix
932 458 1262 529 omnibus
1310 458 1378 527 in
1427 456 1629 527 bonis
1675 456 1780 527 illi
1826 469 1970 527 erat
2017 456 2237 549 gratia
2289 458 2425 540 Dei,
2469 458 2749 546 quaein
2805 459 2953 550 ipso
3002 460 3126 529 ad-

586 548 726 618 huc
774 570 987 639 puero
1033 548 1129 617 ita
1175 546 1681 634 conquieverat,
1719 560 1798 616 ut
1841 568 2003 616 eum
2044 568 2427 634 numquam
2480 547 2854 635 reliquerit.

672 640 708 724 ξ
755 644 889 710 11.
943 636 1110 719 Quis
1155 636 1304 722 ejus
1354 636 1423 705 in
1472 635 1901 705 orationibus
1949 634 2482 705 familiaritatem
2534 658 2695 706 cum
2747 642 2878 706 Deo
2910 693 2925 718 ,
2987 659 3127 725 qua

585 726 684 796 sic
722 749 765 795 a
812 725 1017 795 rebus
1058 726 1348 795 terrenis
1379 747 1599 815 purus
1645 724 1996 803 evadebat,
2049 735 2125 793 ut
2172 724 2565 794 divinarum
2617 726 2965 796 actionum
3018 729 3125 795 in—

585 827 1046 885 strumentum
1081 814 1294 894 fieret,
1338 836 1462 915 pro
1508 812 1844 904 dignitate
1878 822 2087 901 queat
2130 813 2505 903 explicare?
2534 815 2702 897 Quis
2730 828 3121 906 temperan-

587 905 718 974 tiae
766 903 977 975 decus
1024 903 1254 974 cordis
1299 924 1334 971 e
1366 926 1450 974 us
1496 923 1819 972 enarrare
1872 901 2111 993 possit,
2174 923 2353 989 quae
2412 903 2514 973 sic
2560 924 2721 973 eum
2769 904 2976 974 rebus
3023 905 3129 974 in-

584 992 933 1083 corporeis
979 993 1323 1083 conjunge
1374 1004 1465 1072 at,
1520 1002 1599 1060 ut
1646 991 1762 1060 Dei
1795 991 2252 1081 purissimum
2301 1003 2481 1062 esset
2526 992 3127 1075 habitaculum,·et

583 1086 798 1152 Deum
833 1081 1435 1172 contemplaretur,
1470 1092 1534 1149 et
1580 1101 1758 1167 quae
1806 1080 2036 1148 futura
2080 1092 2297 1160 erant,
2338 1093 2690 1168 tamquam
2743 1083 3126 1172 praesentia

583 1173 921 1240 cerneret?
946 1175 1131 1252 Quae
1170 1191 1331 1239 nam
1379 1170 1597 1239 oratio
1644 1169 1918 1256 assequi
1965 1168 2183 1238 valeat
2228 1169 2706 1240 incredibilem
2750 1171 2937 1241 illius
2966 1194 3126 1262 erga

586 1266 800 1329 Deum
840 1271 906 1328 et
952 1260 1340 1359 proximum
1393 1258 1822 1336 charitatem,
1877 1257 2035 1327 licet
2080 1258 2146 1325 vi
2194 1279 2321 1327 sua
2366 1259 2632 1328 coelum
2682 1261 3125 1331 conscendat?

586 1353 772 1431 Quae
820 1348 979 1416 sidet
1029 1348 1448 1429 firmitatem,
1501 1347 1588 1417 ab
1634 1347 1826 1416 omni
1873 1345 2275 1437 duplicitate
2323 1345 2681 1417 alienam?
2730 1353 2914 1432 Quae
2972 1351 3120 1440 spei

584 1436 1068 1517 constantiam,
1118 1457 1255 1523 qua
1305 1436 1418 1505 ille
1455 1435 1601 1527 jam
1653 1434 1815 1504 inde
1863 1436 1949 1505 ab
2002 1435 2149 1525 ipsa
2247 1434 2492 1506 neritia
2541 1436 2916 1509 instructus
2963 1437 3123 1508 fuit?

587 1526 819 1595 Rebus
876 1523 1146 1606 futuris,
1202 1537 1555 1612 tamquam
1605 1524 2130 1615 praesentibuS,
2212 1524 2559 1594 ruebatur.
2613 1526 2841 1598 Virtus
2895 1539 3123 1596 autem
3171 1525 3188 1540 ’

587 1615 739 1704 ejus
787 1613 1189 1683 ardentibus
1229 1615 1604 1704 gratiarum
1646 1612 1901 1702 jaculis
1946 1612 2204 1681 multos
2249 1613 2335 1682 ad
2388 1614 2799 1684 imitandum
2853 1615 3154 1684 inflam-‘

588 1702 846 1772 mabat:
899 1702 1017 1788 qui
1067 1724 1274 1771 suave
1320 1702 1567 1770 Christi
1599 1702 1849 1791 jugum
1901 1703 2299 1771 subeuntes.
2354 1702 2541 1771 hunc
2587 1703 2723 1773 sibi
2779 1704 2862 1772 ad
2908 1705 3120 1774 virtu-

588 1805 721 1860 tem
773 1790 1270 1878 assequendam
1322 1791 1570 1860 ducem
1622 1791 2118 1880 proponebant.
2165 1794 2451 1861 Summa
2478 1793 2661 1861 enim
2710 1792 2931 1882 ipsius
2960 1815 3122 1884 erga

586 1879 979 1970 proximum
1022 1879 1344 1960 charitas,
1378 1879 1477 1951 sic
1517 1879 1854 1948 humilem
1902 1878 2053 1968 ejus
2082 1879 2167 1947 de
2200 1878 2425 1969 seipso
2459 1902 2739 1951 sensum
2783 1881 3116 1965 vincebat,

583 1981 662 2038 ut
707 1990 945 2038 eorum
997 1968 1379 2059 praefectus
1426 1968 1793 2038 videretur.
1840 1969 2164 2050 Quamvis
2194 1968 2380 2037 enim
2429 1969 2618 2039 illius
2666 1970 2882 2039 animi
2934 1992 3125 2040 sum—

582 2057 824 2127 missio
871 2070 1343 2148 contemptum
1382 2056 1569 2148 apud
1617 2078 1757 2138 eos,
1795 2057 1916 2144 qui
1963 2068 2157 2125 erant
2205 2057 2548 2139 initiandi,
2604 2061 2893 2149 pareret:
2930 2072 3117 2129 tanta

585 2158 813 2216 tamen
862 2160 1006 2215 erat
1051 2168 1211 2217 curn
1263 2146 1733 2216 benevolentia
1778 2161 1844 2215 et
1888 2145 2216 2215 charitate
2262 2147 2652 2237 conjuncta,
2695 2160 2771 2217 ut
2799 2148 2951 2238 ejus
2979 2148 3117 2217 vir-

585 2247 799 2305 tutem
851 2248 1279 2316 veneranteS,
1333 2236 1395 2304 ei
1443 2256 1591 2306 sese
1639 2234 2141 2314 submitterent.

671 2326 706 2411 ξ
754 2328 903 2395 1².
958 2329 1023 2393 Is
1070 2324 1303 2392 divina
1352 2346 1517 2394 sane
1563 2324 1784 2413 gratia
1814 2323 1912 2392 sic
1951 2323 2448 2405 illustrabatur,
2487 2337 2563 2393 ut
2600 2323 2927 2394 facillime
2962 2346 3119 2416 pos-

587 2424 718 2493 set,
771 2434 948 2499 quae
995 2426 1174 2482 recta
1223 2423 1288 2481 et
1333 2425 1789 2481 consentanea
1836 2424 2083 2492 essent,
2143 2412 2420 2482 intueri.
2456 2418 2641 2495 Quae
2672 2413 2741 2480 in
2797 2413 3110 2502 Bithynia

583 2513 785 2590 atque
830 2502 998 2571 alibi
1046 2514 1210 2572 sunt
1256 2503 1670 2570 monasteria
1718 2501 2044 2581 invisenS‚
2082 2515 2147 2570 et
2194 2502 2263 2570 in
2314 2503 2435 2581 eiS,
2476 2515 2822 2589 tamquam
2875 2503 2943 2570 in
2996 2504 3117 2573 sso-

582 2591 753 2660 ridis
813 2592 1064 2681 pratiS,
1124 2613 1437 2669 versans,
1495 2590 1963 2677 virtutumque
2010 2590 2343 2681 exempla,
2396 2592 2597 2678 quasi
2644 2613 2834 2662 rosas
2883 2592 3118 2661 decer·

582 2702 780 2836 pens,
819 2679 1103 2748 domum
1139 2678 1225 2747 ad
1260 2701 1425 2749 suos
1456 2679 1866 2768 reportabat,
1906 2679 2242 2769 perfectae
2288 2680 2641 2750 charitatis
2688 2693 2752 2749 et
2800 2680 3123 2751 sublimis

631 2767 994 2837 umilitatis
1043 2789 1274 2836 secum
1319 2767 1813 2836 circumferens
1851 2767 2286 2838 documenta.
2334 2771 2663 2858 Perpetua
2713 2790 2868 2838 vero
2905 2769 3121 2839 absti-

584 2856 818 2926 nentia
878 2856 977 2925 sic
1042 2869 1188 2924 erat
1248 2855 1749 2936 confirmatuS,
1812 2870 1889 2924 ut
1933 2878 2094 2926 cum
2155 2857 2538 2927 amicorum
2592 2858 2975 2947 praesentia
3037 2858 3124 2927 ad

582 2944 1144 3014 communionem
1196 2957 1574 3026 vocaretur,
1625 2946 1776 3034 ejus
1824 2944 2327 3035 pulchritudini
2390 2946 2791 3016 charitatem
2840 2960 3123 3036 antepo-

581 3043 795 3112 neret,
849 3045 915 3102 et
951 3054 1096 3102 una
1141 3055 1302 3102 cum
1353 3055 1604 3123 magno
1649 3032 1861 3102 Paulo
1891 3034 2097 3102 sciret
2140 3045 2204 3102 et
2239 3034 2618 3116 abundare,
2657 3047 2722 3105 et
2755 3035 3122 3124 penuriam

581 3121 746 3211 pati,
800 3133 1004 3208 atque
1049 3121 1142 3191 ita
1190 3120 1462 3191 inanem
1516 3122 1804 3212 gloriam
1863 3122 2135 3191 evitare.
2189 3122 2741 3193 Pulcherrimum
2792 3123 2979 3193 illius
3020 3123 3125 3192 sa-

580 3221 770 3280 ctum
807 3231 913 3279 me
945 3232 1116 3301 pene
1169 3211 1534 3301 praeteriit.
1589 3215 1756 3280 Cum
1805 3210 1991 3280 enim
2040 3211 2280 3281 Niceae
2314 3212 2621 3302 synodus
2651 3213 2954 3282 secunda
3000 3232 3121 3281 co-

579 3310 731 3368 acta
777 3311 955 3369 esset
983 3300 1039 3379 ²⁶,
1076 3299 1163 3368 ad
1211 3321 1359 3368 eam
1411 3300 1561 3390 ipse
1606 3321 1880 3387 quoque
1926 3322 2085 3369 cum
2137 3298 2294 3370 aliis
2335 3301 2645 3390 patribus
2684 3315 2961 3371 vocatus
2986 3314 3114 3371 est.

580 3392 887 3474 Cumque
932 3409 1173 3457 omnes
1211 3389 1409 3476 equis
1461 3388 1968 3479 praestantibus
2014 3402 2080 3458 et
2127 3389 2515 3479 splendidis
2557 3390 2977 3459 vestimentis
3008 3412 3121 3461 or-

580 3476 727 3545 nati
774 3476 1103 3557 venirent,
1156 3476 1304 3567 ipse
1352 3491 1530 3546 veste
1578 3476 1776 3549 solita
1816 3477 2104 3547 indutus
2137 3477 2387 3560 lacera,
2421 3492 2485 3547 et
2511 3478 2744 3549 asinae
2785 3478 3120 3558 insidens,

581 3564 759 3634 laeto
807 3564 1041 3634 animo
1092 3565 1217 3634 iter
1264 3566 1589 3656 suscepit.
1668 3565 1795 3635 Sed
1859 3587 2018 3635 cum
2078 3587 2317 3636 omnes
2369 3567 2673 3637 viderent
2735 3590 2939 3650 eum,
3001 3568 3124 3655 qui

585 3653 785 3755 prius
834 3654 1161 3724 omnibus
1208 3653 1603 3724 divitiarum
1653 3653 1873 3744 copiis
1921 3653 2411 3737 abundaverat,
2451 3657 2550 3726 sic
2598 3655 2944 3738 indutum,
2983 3679 3130 3726 ma-

571 3763 796 3832 Jorem
846 3764 926 3811 ex
977 3742 1118 3824 illo,
1157 3765 1363 3830 quam
1414 3765 1495 3812 ex
1543 3742 1853 3831 reliquis,
1891 3743 2256 3812 utilitatem
2291 3758 2725 3845 acceperunt,
2766 3758 2830 3814 et
2862 3744 3129 3836 ingenti

494 3834 517 3843 “
580 3831 1080 3917 tranquillitate
1126 3831 1344 3901 animi
1392 3832 1632 3923 repleti
1682 3845 1866 3901 sunt.
1920 3837 2075 3921 Ipse
2124 3854 2279 3903 vero
2326 3845 2675 3903 veritatem
2734 3834 3120 3925 amplexus,

578 3930 646 3989 et
691 3942 957 3992 errores
1004 3935 1435 4009 aspernatuS,
1481 3921 1782 3990 maxima
1830 3920 2157 3990 virtutum
2209 3921 2534 4011 opinione
2566 3922 2694 3991 insi
2753 3923 2861 3993 nis
2892 3923 3123 3992 rediit.

669 4011 706 4095 ξ
753 4014 901 4081 18.
947 4015 1194 4079 Verum
1230 4032 1390 4080 cum
1428 4009 1731 4079 malitiae
1763 4024 2077 4079 auctores
2107 4010 2476 4080 daemones
2501 4033 2703 4101 praec
2735 4011 2872 4080 aris
2903 4011 3132 4102 ipsius

578 4096 776 4167 factis
823 4098 1227 4179 inviderent,
1282 4100 1344 4168 ei
1395 4113 1589 4168 nocte
1638 4119 2014 4189 parumper
2060 4099 2428 4170 dormienti
2475 4099 2916 4190 impudenter
2964 4099 3129 4169 illu—

575 4186 737 4255 dere
781 4187 1004 4256 conati
1054 4201 1240 4257 sunt.
1295 4193 1537 4257 Manus
1603 4188 1790 4257 enim
1855 4187 2077 4278 ipsius
2125 4188 2485 4278 pollicem,
2558 4202 2906 4275 tamquam
2959 4210 3126 4258 sues

579 4288 903 4363 agresteS,
957 4276 1281 4347 dentibus
1326 4277 1804 4367 corripientes,
1866 4277 2193 4346 acerbum
2241 4277 2546 4347 dolorem
2584 4277 3011 4358 inusserunt,
3049 4277 3125 4346 in

575 4385 793 4452 eaque
822 4365 1129 4456 corporis
1179 4377 1369 4455 parte
1416 4365 1671 4447 luxata,
1723 4365 2036 4436 dentium
2086 4365 2374 4458 vestigia
2420 4365 2870 4454 reliquerunt.
2906 4370 2982 4435 At
3009 4365 3134 4436 ille

628 4487 654 4515 ¹·
683 4488 816 4530 Anno
844 4496 1153 4530 „cccxxxvi-
