3327 4999
678 328 805 394 370
1290 342 1368 388 DE
1415 342 1471 388 s,
1525 277 1901 389 mmmm
1945 340 2146 389 muse.
2200 340 2425 389 senon.
2737 315 2985 388 MART.
3038 324 3123 388 20

593 425 872 528 populo,
918 434 996 494 ut
1041 433 1471 512 quantocyus
1500 422 1789 492 ecclesia
1816 421 2078 491 exirent
2104 423 2236 492 sub
2260 420 2404 503 -dio,
2445 442 2529 491 ne
2560 421 2727 491 forte
2755 421 3130 508 quisquam

586 528 778 586 intus
825 512 1396 604 comprimeretur
1459 511 1543 579 ab
1606 510 1765 580 alio.
1831 510 2146 580 Certatim
2211 532 2369 579 vero
2430 523 2857 601 proruentes,
2914 510 3125 580 latam

588 602 966 694 adJacentis
1022 600 1199 692 prati
1248 600 1605 690 planitiem
1655 611 1917 689 petunt,
1963 599 2021 669 si
2070 599 2242 669 forte
2287 598 2391 668 vel
2453 599 2549 668 ibi
2597 599 2991 669 liberiorem
3040 598 3134 668 ad

588 715 705 762 eos
734 711 1086 762 accessum
1127 689 1377 758 habere
1408 688 1696 779 possint.
1736 688 1865 771 Qui
1914 700 2143 757 autem
2195 692 2596 758 Sanctorum
2648 688 2954 758 ferebant
2986 710 3140 759 cor-

641 803 783 861 ora,
809 801 966 849 curn
1000 777 1400 847 difficultate
1426 789 1864 867 erumpentes
1896 777 2195 856 exibant,
2222 788 2286 845 et
2317 777 2650 858 trahendo
2673 777 2896 866 magis
2920 799 3136 863 quam

590 803 871 939 Pei-endo
918 868 987 937 in
1038 870 1361 957 campum
1430 866 1937 956 perveniebant.
2002 865 2278 934 Videres
2326 865 2445 935 illo
2492 865 2920 935 multifluum
2973 887 3145 935 con-

594 979 870 1028 currere
919 955 1277 1046 populum‚
1312 954 1510 1042 quasi
1570 954 1654 1024 de
1687 955 1983 1024 summis
2031 953 2102 1023 in
2138 975 2466 1045 praeceps
2514 975 2926 1024 concurrere
2974 974 3148 1024 con-

592 1045 1024 1137 gregationes
1052 1066 1416 1131 aquarum.
1468 1043 1590 1113 Ubi
1638 1043 1957 1113 sacerdos
2002 1043 2384 1112 ascendens
2432 1043 2501 1112 in
2553 1042 2796 1124 altum,
2848 1065 3134 1113 annun-

592 1136 818 1206 ciabat
886 1133 1161 1224 populis
1218 1133 1502 1202 verbum
1572 1132 1888 1213 Domini,
1956 1143 2022 1201 et
2093 1131 2391 1201 recitatis
2456 1131 2876 1219 quibusdam
2943 1132 3134 1202 beati

594 1221 970 1293 Landoaldi
1001 1221 1377 1301 miraculis,
1414 1242 1654 1290 omnes
1701 1221 1824 1307 qui
1870 1219 2176 1300 aderant,
2214 1219 2372 1291 fecit
2402 1220 2472 1289 in
2509 1220 2797 1291 Domino
2836 1242 3134 1311 congra-

508 1306 509 1317 ’
564 1312 823 1383 -tulari.
860 1309 1099 1381 Finitis
1144 1331 1306 1400 ergo
1338 1332 1379 1378 a
1426 1310 1775 1379 sacerdote
1808 1309 1995 1378 verbi
2051 1310 2166 1378 Dei
2216 1309 2675 1389 sermonibus,
2720 1314 3130 1379 Sanctorum

592 1410 1029 1491 reportantur
1074 1398 1426 1486 reliquiae,
1461 1410 1526 1467 et
1573 1398 1876 1488 populus
1925 1398 2239 1488 praeiens
2285 1411 2349 1467 et
2397 1399 2828 1485 subsequens
2877 1397 3134 1500 psalle-

590 1489 749 1560 bat:
803 1488 1032 1558 Gloria
1078 1487 1198 1557 tibi
1254 1486 1558 1556 Domine.
1611 1486 1917 1557 Pontifex
1948 1508 2102 1556 vero
2138 1509 2299 1576 prae
2344 1486 2611 1557 foribus
2655 1488 2985 1559 eccleslae
3017 1511 3128 1560 ex-

590 1589 894 1669 pectans,
933 1576 1198 1666 excepit
1231 1581 1511 1644 Sanctos
1543 1574 1659 1644 Dei
1690 1577 1879 1644 omni
1906 1574 2260 1645 devotione
2297 1588 2362 1645 et
2400 1577 2627 1646 debita
2667 1579 3150 1659 veneratione,-

593 1667 971 1737 monachos
1017 1676 1082 1735 et
1118 1664 1403 1733 clericos
1452 1685 1743 1733 monens
1776 1664 1846 1734 in
1896 1663 2179 1753 hymnis
2210 1676 2275 1733 et
2315 1665 2865 1738 confessionibus
2913 1672 3132 1737 Deum

590 1755 1018 1825 benedicere.
1056 1759 1133 1821 Et
1164 1774 1589 1843 progressuS,
1628 1752 1750 1822 ubi
1784 1752 1854 1821 in
1889 1765 2125 1822 sancta
2154 1765 2547 1824 sanctorum
2580 1755 2910 1836 ascendit,
2943 1777 3136 1824 com-

593 1843 826 1935 posuit
871 1854 938 1912 et
983 1841 1325 1911 ordinavit
1370 1841 1439 1910 in
1481 1841 1841 1911 thesauros
1881 1841 1994 1910 Dei
2030 1841 2431 1912 thesaurum
2460 1866 2498 1912 a
2529 1848 2662 1912 Deo
2692 1866 3129 1926 concessum,

594 1933 1027 2023 conjungens
1076 1935 1357 2000 Sanctos
1414 1930 1679 1998 Sanctis
1744 1930 1813 1999 in
1863 1930 2072 1999 unica
2126 1930 2451 2013 basilica,
2512 1954 2686 2019 quos
2732 1933 2805 2001 in
2852 1933 3136 2003 coelesti

591 2021 973 2091 Jerusalem
1024 2018 1434 2090 cohaeredes
1469 2018 1714 2087 Christi
1764 2018 2115 2089 collocavit
2177 2023 2355 2090 Deus
2414 2021 2851 2111 omnipotens
2899 2023 2974 2091 in
3024 2045 3135 2091 ae-

594 2123 786 2179 terna
833 2109 1074 2200 gloria.
1119 2108 1292 2176 Hinc
1328 2106 1841 2198 pontificalibus
1889 2107 2128 2177 infulis
2174 2108 2557 2189 decoratuS,
2601 2110 2990 2187 celebravit,
3045 2111 3132 2181 ad

594 2198 923 2268 honorem
976 2202 1405 2277 Sanctorum,
1451 2201 1583 2266 Deo
1632 2197 1993 2266 Missarum
2049 2195 2407 2280 solemnia,
2460 2209 2525 2267 et
2570 2198 2897 2268 omnibus
2948 2199 3133 2269 felici

594 2309 784 2357 more
832 2286 1146 2378 peracti5‚
1187 2285 1423 2355 statuit
1467 2297 1533 2354 et
1579 2285 2018 2355 demandavit
2065 2285 2251 2354 hunc
2284 2285 2462 2355 diem
2516 2286 2890 2357 solemnem
2927 2310 3132 2379 agere

592 2376 918 2444 omnibus
977 2375 1221 2454 annis,
1289 2373 1370 2442 ad
1424 2374 1754 2442 honorem
1804 2374 1919 2443 Dei
1969 2386 2033 2444 et
2080 2374 2351 2443 Domini
2404 2377 2617 2446 nostri
2673 2376 2812 2463 qui.
2843 2381 3130 2447 Sanctos

595 2487 757 2535 suos
796 2463 1133 2555 glorificat
1179 2484 1471 2564 semper,
1524 2474 1589 2532 et
1637 2462 1747 2531 luc
1795 2474 1859 2532 et
1906 2462 1974 2531 in
2027 2461 2280 2533 secula.
2335 2468 2533 2534 Facta
2556 2477 2659 2535 est
2704 2465 3136 2552 autem‘haec

595 2553 1060 2625 sacratissima
1105 2551 1411 2632 elevatm,
1475 2573 1515 2620 a
1565 2551 1954 2640 Lindulpho
2002 2552 2375 2621 venerabili
2420 2554 2564 2623 viro
2624 2554 2989 2625 Noviomae
3037 2557 3135 2624 ci—

592 2642 816 2712 vitatis
857 2641 1201 2732 episcopO,
1240 2663 1401 2710 cum
1463 2639 1910 2708 inenarrabili
1966 2638 2377 2728 clericorum
2439 2642 2577 2712 sive
2624 2642 3129 2714 monachorum

590 2731 869 2822 gaudiO,
924 2751 1190 2799 necnon
1239 2727 1509 2797 infinito
1541 2740 1738 2797 coetu
1779 2728 2116 2811 fidelium,
2152 2751 2336 2798 anno
2367 2729 2707 2802 incarnati
2734 2732 2934 2801 Verbi
2963 2755 3140 2803 non-

592 2818 970 2910 gentesimo
1016 2817 1761 2907 octogesimosecundo.

922 3077 1160 3180 VITA
1221 3076 1303 3179 S.
1369 3076 1976 3179 VULFRANNI
2040 3077 2396 3181 SENON.
2464 3080 2777 3182 EPlSC.

775 3285 1058 3337 AUCTORE
1100 3285 1258 3333 JONA
1283 3264 1601 3334 'MONACHO
1650 3286 2159 3336 FONTANELLENSI
2203 3288 2353 3335 EJUS
2401 3287 2937 3338 CONTEHPORANEO

1158 3427 1476 3495 migravit
1517 3441 1695 3484 anno
1738 3429 1884 3486 720.
1933 3459 2008 3470 -
2036 3429 2195 3488 Nat.
2228 3430 2554 3487 Francus

674 3616 710 3701 ξ
773 3618 849 3683 1.
902 3617 1147 3683 Beatus
1195 3611 1613 3681 Vulfrannus
1681 3615 2026 3682 Senonum
2088 3612 2312 3704 (Sens)
2355 3614 2699 3703 pontifex,
2762 3615 3130 3686 exordium

585 3702 957 3773 nativitatis
1006 3702 1075 3770 in
1127 3700 1463 3771 territorio
1509 3701 1891 3771 Vastinensi
1944 3702 2207 3784 habuit,
2259 3703 2673 3803 patrimonio
2722 3719 3130 3795 nuncupato

589 3790 1010 3860 MauriliacO.
1051 3790 1204 3859 Fuit
1250 3789 1431 3859 enim
1483 3790 1713 3860 carnis
1759 3791 2025 3881 origine
2073 3790 2348 3873 nobihS,
2381 3791 2496 3860 sed
2547 3792 2850 3863 culmine
2876 3795 3134 3865 mentis

583 3879 905 3949 nobilior.
963 3879 1240 3949 Genitor
1297 3900 1570 3965 quoque
1617 3880 1790 3969 ejus,
1843 3879 2208 3950 vulbertus
2257 3880 2557 3963 nomine,
2611 3881 2682 3950 in
2732 3881 2892 3951 aula
2941 3884 3132 3984 regis

583 3967 944 4059 Dagoberti
991 3979 1057 4037 et
1102 3967 1231 4037 filii
1278 3970 1431 4055 ejus
1482 3967 1795 4038 Clodovei
1860 3967 2145 4037 militari
2210 3969 2400 4059 operi
2445 3991 2687 4039 aevum
2738 3969 3125 4061 impendit:

584 4057 979 4148 praedictus
1030 4079 1183 4126 vero
1233 4057 1345 4125 Dei
1377 4055 1686 4128 famulus
1736 4056 1806 4125 in
1860 4057 2111 4146 puerili
2140 4069 2355 4127 aetate
2382 4059 2819 4139 constitutuS,
2857 4060 2944 4128 ab
2975 4060 3135 4162 ipso

585 4145 937 4236 magistris
969 4144 1326 4215 catholicis
1375 4145 1668 4215 traditus
1713 4156 1837 4226 est,
1885 4167 2240 4215 sacrarum
2285 4146 2634 4216 literarum
2694 4147 2944 4218 studiis
2993 4172 3133 4218 lm-

579 4233 925 4305 buendus.
982 4234 1111 4315 Qui
1133 4255 1282 4390 (fer
1327 4255 1532 4303 omne
1565 4233 1898 4324 pueritiae
1930 4233 2030 4303 vel
2068 4234 2565 4305 adolescentiae
2613 4249 2886 4325 tempus
2932 4259 3130 4307 exer-

584 4346 772 4404 cenS‚
825 4343 1045 4409 usque
1091 4342 1131 4390 a
1227 4322 1489 4390 virilem
1542 4333 1829 4393 aetatem
1879 4322 1967 4391 ab
2014 4323 2143 4392 hac
2199 4323 2573 4394 intentione
2620 4325 2933 4394 animum
2985 4348 3125 4396 non

578 4411 862 4484 reflexit.
928 4410 1095 4481 Exin
1159 4411 1625 4481 crescentibus
1685 4410 1946 4481 meritis
2017 4411 2169 4501 piae
2242 4412 2685 4495 intentioniS,
2749 4413 3123 4486 clericatus
