3327 4999
673 383 799 448 486
1390 400 1466 446 niz
1514 400 1567 447 s.
1623 397 2037 447 nsanELANno
2086 397 2325 446 ΑΒΒΑΤΕ
2736 380 2980 446 MAR'I.
3038 384 3131 447 25

587 504 820 553 sacrae
893 479 1334 572 professionis
1384 481 1887 551 commilitones
1935 494 2261 567 tanquam
2310 472 2594 566 quidam
2646 478 2910 549 Lucifer
2958 479 3130 550 illu-

588 572 792 643 strior
839 582 1218 661 appareret.

674 666 710 749 ξ
755 665 843 732 5.
909 658 1101 741 Quod
1150 672 1227 728 ut
1275 657 1458 729 haud
1504 659 1819 729 obscuris
1866 658 2145 727 indiciis
2193 656 2605 727 venerabilis
2652 657 2876 728 Abbas
2926 664 3128 727 Lam-

585 752 822 821 bertus
890 747 1414 828 animadvertit,
1478 771 1683 836 quem
1736 748 2170 838 regularibus
2227 745 2731 817 instituendum
2803 747 3123 837 discipli-

585 840 694 910 nis
743 850 1158 928 susceperat,
1193 836 1376 908 haud
1429 860 1626 910 secus
1658 850 1862 925 atque
1905 838 2311 929 magistrum
2346 859 2467 927 pro
2518 836 2845 905 virtutum
2886 838 3123 927 splen—

585 928 747 997 dore
794 939 860 996 et
907 927 1378 1008 venerabatur,
1442 939 1507 997 et
1553 927 1850 997 amabat:
1917 927 2343 1017 dignumque
2395 947 2553 996 eum
2617 947 2930 1007 oensem,
2996 928 3115 1014 qui

587 1018 799 1088 sacris
845 1015 984 1086 aris
1030 1015 1544 1097 admoveretur,
1597 1017 1684 1085 ab
1731 1017 1880 1106 ejus
1927 1015 2057 1085 loci
2115 1016 2435 1106 episcopo
2497 1026 2734 1084 sancto
2791 1015 3119 1086 Audocno

588 1107 1060 1198 presbyterum
1140 1104 1351 1174 voluit
1413 1107 1823 1175 consecrari.
1899 1105 2019 1173 Ille
2091 1128 2247 1173 vero
2324 1103 2700 1173 sacerdotio
2761 1104 3110 1185 initiatuS,

588 1208 774 1267 tanta
821 1217 894 1263 er
944 1218 981 1263 a
1027 1194 1202 1263 illud
1252 1216 1528 1265 sacrum
1579 1195 2038 1265 ministerium
2088 1194 2303 1263 animi
2348 1194 2703 1262 devotione
2743 1191 3106 1274 ferebatur,

586 1299 662 1355 ut
690 1284 879 1374 quoti
932 1284 1166 1353 ianum
1223 1289 1351 1353 Deo
1400 1284 1817 1354 sacrificium
1869 1283 2172 1355 studiose
2218 1283 2532 1363 offerenS,
2592 1282 2900 1373 seipsum
2938 1285 3115 1374 pari-

586 1389 712 1445 ter>
756 1373 1211 1444 maceratione
1270 1373 1379 1441 sui
1426 1373 1733 1464 corporis
1772 1373 2074 1467 ,hostiam
2130 1373 2351 1441 vivam
2406 1372 2689 1441 Domino
2738 1373 3105 1442 exhiberet.

590 1471 892 1550 Cumque
957 1474 1077 1554 per
1127 1461 1191 1530 id
1245 1474 1522 1553 tempus*
1565 1463 1963 1553 contigisset
2009 1474 2083 1531 ut
2133 1461 2581 1532 Nannetensis
2626 1461 2732 1551 (a)
2780 1462 3112 1531 Ecclesiae

587 1553 987 1644 EpiscopuS,
1045 1551 1223 1620 viros
1263 1551 1616 1642 religiosos
1649 1552 1735 1622 ab
1784 1552 2032 1621 Abbate
2067 1552 2421 1620 Lamberto
2471 1562 2776 1642 posceret
2824 1553 2944 1639 qui
2986 1559 3135 1624 Mo-.

585 1642 989 1722 nasterium,
1045 1662 1459 1730 magnopere
1508 1642 1685 1711 hanc
1726 1663 1868 1710 rem
1920 1641 2108 1709 Clero
2161 1639 2552 1731 populoque
2608 1652 2990 1731 exoptante,
3042 1642 3110 1710 in

587 1754 751 1802 suae
799 1730 1190 1800 Dioeceseos
1237 1730 1409 1799 fines
1460 1730 1911 1810 instituerent,
1956 1730 2455 1801 Hermelandus
2512 1752 2673 1798 cum
2723 1730 2929 1800 sociis
2966 1732 3116 1801 mit-

588 1822 777 1902 titur,
834 1841 1005 1888 novo
1053 1819 1380 1888 coenobio
1434 1818 1896 1908 praefuturus

674 1913 710 1998 ξ
759 1915 851 1981 6.
904 1907 996 1977 Ad
1061 1913 1395 1977 Nannetes
1444 1909 1655 2009 igitur
1705 1908 1997 1999 perrexit
2056 1911 2410 1978 Lamberto
2460 1909 2771 1977 hortante
2835 1913 3113 1978 Herme-

589 1999 863 2079 landUS,
920 2020 998 2066 ac
1039 1997 1426 2067 Praesulem
1477 1997 1663 2068 illico
1697 1998 1886 2078 adiit,
1925 1998 2123 2084 eique
2161 1997 2361 2067 dixit:
2400 2020 2434 2063 «
2463 1997 2718 2067 Jubeas
2766 1999 2968 2068 nobis
2998 2022 3115 2089 ap-

585 2089 813 2180 parari
850 2085 1264 2168 naviculam,
1318 2110 1454 2174 qua
1502 2110 1622 2178 per
1674 2087 1962 2189 Ligerim
2000 2088 2083 2155 ad
2138 2109 2339 2181 mare?
2372 2109 2591 2173 usque
2639 2088 2989 2167 subvecti,
3044 2111 3112 2156 o·

584 2178 774 2247 mnia
820 2178 970 2247 e'us
1018 2175 1215 2245 litora
1266 2175 1553 2245 lustrare
1588 2197 1955 2268 possimus:
2014 2175 2194 2264 quod
2252 2177 2307 2247 si
2356 2176 2547 2246 locus
2585 2177 2916 2248 coenobio
2956 2199 3115 2245 con-

585 2278 816 2337 struen
872 2288 911 2334 o
949 2277 1378 2356 opportunus
1429 2288 1561 2335 non
1614 2264 2033 2357 apparuerit,
2088 2288 2209 2356 per
2255 2266 2531 2335 omnen'i
2562 2263 2894 2336 ditionem
2930 2268 3133 2335 tuam‘

583 2358 813 2427 locum
862 2355 1186 2425 idoneum
1227 2354 1681 2444 inquiremus.
1723 2380 1757 2421 »
1809 2354 1930 2425 Cui
1978 2356 2075 2425 sic
2124 2356 2407 2425 antistes
2456 2354 2841 2444 respondit:
2904 2380 2938 2420 «
2978 2360 3116 2424 Non

582 2469 707 2539 ego
780 2444 1244 2516 necessarium
1313 2458 1476 2536 puto
1525 2445 1610 2515 ad
1665 2466 1850 2514 mare
1897 2467 2117 2533 usquo
2168 2468 2281 2518 vos
2328 2443 2622 2535 fatigari.
2693 2448 2867 2515 Sunt
2921 2446 3111 2516 enirn

582 2536 851 2607 insulae
900 2533 1263 2625 quaedam,
1314 2534 1399 2604 ab
1436 2536 1562 2604 hac
1595 2536 1763 2605 urbe
1795 2536 2015 2604 tribus
2044 2534 2431 2621 disjunctae
2466 2532 2907 2615 milliaribus,
2937 2558 3114 2623 quas

581 2627 695 2696 hic
744 2625 998 2695 fluvius
1045 2624 1486 2706 circumfluit,
1542 2636 1745 2712 atque
1794 2625 2077 2714 insuper
2126 2638 2312 2702 mare
2357 2636 2763 2694 exaestuans
2812 2625 3119 2712 quotidie

585 2730 685 2786 ter
731 2712 1096 2784 ambiendo
1144 2713 1363 2782 alluit.
1401 2718 1586 2795 Quae
1632 2726 1860 2784 autem
1912 2714 1997 2784 sit
2039 2735 2277 2784 earum
2330 2712 2719 2782 insularum
2771 2713 3112 2794 fertilitas,

583 2805 681 2874 vel
734 2826 911 2892 quae
967 2802 1394 2889 magnitudO,
1454 2803 1623 2871 inihi
1665 2803 1994 2873 hactenus
2048 2825 2165 2893 per
2205 2825 2408 2873 curas
2462 2802 2963 2874 ecclesiasticas
3004 2827 3117 2873 ex·

585 2894 856 2983 plorare
905 2913 1038 2960 non
1091 2890 1307 2959 licuit.
1376 2890 1502 2959 Sed
1553 2905 1671 2973 tu,
1726 2913 2003 2980 quaeso,
2065 2913 2180 2961 eas
2230 2892 2443 2962 lustra
2505 2904 2856 2974 accurate,
2912 2907 2980 2961 et
3032 2893 3115 2962 ad

584 3004 714 3062 me,
778 3001 956 3067 quae
990 2978 1260 3058 videris,
1318 2977 1579 3048 referto:
1624 2982 1941 3064 maxime,
1998 3003 2165 3051 num
2218 2981 2431 3071 possit
2482 2981 2547 3049 in
2613 2980 2848 3068 aliqua
2898 3004 2977 3051 ex
3026 2981 3112 3050 iis

582 3069 991 3141 coenobium
1060 3068 1406 3137 constitui.
1473 3093 1508 3134 »
1559 3071 1679 3140 His
1727 3070 1977 3152 dictis,
2032 3082 2337 3140 actutum
2383 3070 2594 3157 jussit
2647 3083 2915 3160 praesto
2966 3092 3117 3142 esse

585 3159 837 3229 navim:
889 3177 1098 3245 quam
1147 3157 1646 3228 Hermelandus
1698 3159 2073 3250 ingreSSUS,
2138 3161 2399 3250 rogavit
2439 3160 2829 3239 Dominum,
2887 3172 2968 3230 ut
3024 3160 3118 3229 lo—

586 3271 747 3319 cum
796 3259 1034 3338 aptum
1084 3245 1217 3336 ipsi
1268 3246 1572 3317 indicare
1619 3248 2040 3339 dignaretur.
2081 3254 2334 3318 Nautae
2382 3269 2537 3318 vero
2585 3248 2929 3320 celeritate
2982 3250 3112 3329 usi,

580 3337 665 3407 ad
703 3336 1006 3408 insulam
1054 3335 1495 3425 appulerunt,
1556 3351 1856 3407 caeteras
1911 3338 2371 3428 amplitudine
2411 3350 2881 3428 superantem.
2943 3344 3110 3407 Tum

581 3425 1084 3497 Hermelandus
1141 3446 1178 3493 e
1226 3426 1382 3494 navi
1427 3425 1682 3508 exiens,
1736 3428 2069 3518 comperit
2126 3449 2276 3497 eam
2346 3427 2414 3495 in
2465 3427 2751 3518 longum
2807 3428 3116 3498 obtinere

580 3516 800 3587 stadia
847 3527 1139 3604 quatuor
1170 3525 1235 3584 et
1282 3513 1544 3605 viginti.
1590 3521 1794 3585 Porro
1825 3516 1893 3585 in
1930 3516 2221 3586 aliarum
2253 3517 2639 3586 insularum
2694 3517 2920 3586 medio
2956 3517 3107 3597 sita,

581 3607 652 3675 in
699 3605 996 3676 sublime
1045 3603 1341 3675 sustollit
1388 3605 1751 3687 verticem,
1808 3619 2119 3675 montosa
2161 3606 2230 3674 in
2282 3606 2547 3675 medio:
2602 3619 2807 3692 atquc
2859 3606 3118 3676 idcirco

581 3695 914 3764 immunis
987 3693 1073 3763 ab
1141 3693 1588 3764 inundatione
1640 3707 1784 3764 tum
1836 3696 2090 3786 Ligeris
2164 3696 2395 3777 fluvii,
2456 3707 2600 3765 tum
2650 3695 3116 3765 exaestuantis

585 3785 819 3865 maris,
873 3795 1087 3853 tutam
1141 3783 1417 3872 praebet
1460 3784 1704 3855 incolis
1762 3785 2275 3863 habitationem,
2333 3807 2457 3854 nec
2505 3784 2758 3854 desunt
2806 3784 2911 3854 illi
2962 3807 3109 3853 am-

581 3873 895 3962 plissima
954 3872 1194 3963 spatia,
1250 3884 1395 3941 tum
1459 3874 1795 3963 ponendis
1842 3873 2284 3960 colendisque
2336 3874 2632 3954 vitibuS,
2699 3885 2847 3942 tum
2900 3874 3121 3942 hortis

579 3984 853 4049 quoque
884 3973 948 4032 et
985 3962 1194 4050 pratis
1223 3961 1601 4032 efficiendis
1633 3976 2042 4053 opportuna.
2085 3969 2214 4032 Nec
2248 3975 2427 4053 patet
2455 3962 2541 4031 ad
2575 3985 2728 4032 eam
2761 3985 3114 4043 accessus,

584 4051 722 4120 nisi
768 4051 927 4137 quis
984 4050 1137 4119 navi
1194 4051 1631 4121 subvehatur.
1690 4053 1902 4122 Habet
1951 4074 2103 4121 vero
2152 4053 2356 4122 etiam
2419 4050 2641 4139 sylvas
2689 4052 2968 4123 densaS.

668 4143 704 4228 ξ
765 4145 841 4213 2.
895 4145 1079 4223 Quae
1118 4161 1281 4210 sane
1342 4141 1594 4221 omnia,
1662 4154 1804 4211 tum
1856 4163 2127 4229 quoque
2198 4140 2534 4211 nonnulla
2597 4143 2918 4211 abstrusa
2969 4141 3123 4209 loca

580 4230 803 4298 virum
856 4229 968 4298 Dei
1018 4243 1520 4318 permoverunt,
1574 4242 1648 4300 ut
1687 4253 1834 4299 eain
1881 4234 2162 4301 Antrum
2212 4230 2410 4299 vellet
2443 4255 2481 4299 a
2514 4229 2814 4320 ipellari:
2871 4252 3118 4318 quem-

579 4318 957 4389 admodum
1008 4318 1304 4387 insulam
1356 4319 1440 4387 ad
1491 4325 1815 4389 Austrum
1867 4320 2092 4399 sitam,
2167 4320 2292 4389 hac
2351 4255 2629 4406 quidem
2699 4320 2943 4410 spatiis
2994 4319 3123 4387 mi-

584 4430 816 4479 norem
854 4464 869 4489 ,
934 4407 1062 4508 sed,
1114 4406 1519 4477 habitudine
1567 4409 1666 4478 vel
1722 4409 1945 4498 specie
1997 4407 2097 4477 illi
2156 4408 2617 4490 simillimam,
2682 4410 3117 4500 Antriginum

636 4533 704 4588 (α)
733 4538 900 4577 Nautes
918 4536 967 4576 in
987 4534 1231 4576 Britannia
1253 4535 1435 4576 minori.
