<?xml version="1.0" encoding="UTF-8"?>
<!DOCTYPE html PUBLIC "-//W3C//DTD XHTML 1.0 Transitional//EN"
    "http://www.w3.org/TR/xhtml1/DTD/xhtml1-transitional.dtd">
<html xmlns="http://www.w3.org/1999/xhtml" xml:lang="en" lang="en">
 <head>
  <title>
</title>
<meta http-equiv="Content-Type" content="text/html;charset=utf-8" />
  <meta name='ocr-system' content='tesseract 3.04.00' />
  <meta name='ocr-capabilities' content='ocr_page ocr_carea ocr_par ocr_line ocrx_word'/>
</head>
<body>
  <div class='ocr_page' id='page_1' title='image "./historiaeseuvit04lippgoog_0472.png"; bbox 0 0 3327 4999; ppageno 0'>
   <div class='ocr_carea' id='block_1_1' title="bbox 568 284 3143 389">
    <p class='ocr_par' dir='ltr' id='par_1_1' title="bbox 568 284 3143 389">
     <span class='ocr_line' id='line_1_1' title="bbox 568 284 3143 389; baseline -0 0"><span class='ocrx_word' id='word_1_1' title='bbox 568 326 575 365; x_wconf 77' lang='lat'><strong>²</strong></span> <span class='ocrx_word' id='word_1_2' title='bbox 644 284 818 389; x_wconf 39' lang='lat'>&#39;458</span> <span class='ocrx_word' id='word_1_3' title='bbox 1338 337 1417 384; x_wconf 73' lang='lat' dir='ltr'>mi</span> <span class='ocrx_word' id='word_1_4' title='bbox 1465 337 1521 384; x_wconf 80' lang='lat' dir='ltr'>s,</span> <span class='ocrx_word' id='word_1_5' title='bbox 1576 337 1808 385; x_wconf 63' lang='lat' dir='ltr'>suomi.</span> <span class='ocrx_word' id='word_1_6' title='bbox 1853 338 2043 385; x_wconf 72' lang='lat' dir='ltr'>mar.</span> <span class='ocrx_word' id='word_1_7' title='bbox 2096 338 2383 387; x_wconf 71' lang='lat' dir='ltr'>mnam.</span> <span class='ocrx_word' id='word_1_8' title='bbox 2746 320 2993 386; x_wconf 78' lang='lat' dir='ltr'>MART.</span> <span class='ocrx_word' id='word_1_9' title='bbox 3050 322 3143 388; x_wconf 73' lang='lat'>24</span> 
     </span>
    </p>
   </div>
   <div class='ocr_carea' id='block_1_2' title="bbox 601 417 3153 4497">
    <p class='ocr_par' dir='ltr' id='par_1_2' title="bbox 601 417 3147 2704">
     <span class='ocr_line' id='line_1_2' title="bbox 690 417 3146 511; baseline 0 -19"><span class='ocrx_word' id='word_1_10' title='bbox 690 424 727 509; x_wconf 64' lang='grc' dir='ltr'><strong>ξ</strong></span> <span class='ocrx_word' id='word_1_11' title='bbox 786 424 877 493; x_wconf 72' lang='grc' dir='ltr'>ὅ.</span> <span class='ocrx_word' id='word_1_12' title='bbox 930 423 1375 503; x_wconf 80' lang='lat' dir='ltr'><strong>Posteaquam</strong></span> <span class='ocrx_word' id='word_1_13' title='bbox 1413 417 1638 488; x_wconf 89' lang='lat' dir='ltr'>locum</span> <span class='ocrx_word' id='word_1_14' title='bbox 1676 418 1874 490; x_wconf 92' lang='lat' dir='ltr'>illum</span> <span class='ocrx_word' id='word_1_15' title='bbox 1921 419 2165 511; x_wconf 88' lang='lat' dir='ltr'>attigit,</span> <span class='ocrx_word' id='word_1_16' title='bbox 2199 441 2404 507; x_wconf 90' lang='lat' dir='ltr'>quem</span> <span class='ocrx_word' id='word_1_17' title='bbox 2448 424 2804 490; x_wconf 80' lang='lat' dir='ltr'>Fossatum</span> <span class='ocrx_word' id='word_1_18' title='bbox 2835 420 3146 492; x_wconf 89' lang='lat' dir='ltr'>vocitant</span> 
     </span>
     <span class='ocr_line' id='line_1_3' title="bbox 601 506 3141 607; baseline -0.001 -27"><span class='ocrx_word' id='word_1_19' title='bbox 601 510 898 590; x_wconf 84' lang='lat' dir='ltr'>incolae,</span> <span class='ocrx_word' id='word_1_20' title='bbox 951 506 1296 606; x_wconf 73' lang='lat' dir='ltr'>insignem</span> <span class='ocrx_word' id='word_1_21' title='bbox 1345 528 1637 607; x_wconf 86' lang='lat' dir='ltr'>puerum</span> <span class='ocrx_word' id='word_1_22' title='bbox 1688 521 1843 577; x_wconf 88' lang='lat' dir='ltr'>ante</span> <span class='ocrx_word' id='word_1_23' title='bbox 1890 507 2067 579; x_wconf 85' lang='lat' dir='ltr'>fores</span> <span class='ocrx_word' id='word_1_24' title='bbox 2117 509 2329 599; x_wconf 91' lang='lat' dir='ltr'>patris</span> <span class='ocrx_word' id='word_1_25' title='bbox 2387 530 2595 598; x_wconf 89' lang='lat' dir='ltr'>super</span> <span class='ocrx_word' id='word_1_26' title='bbox 2642 507 2831 598; x_wconf 89' lang='lat' dir='ltr'>ligno</span> <span class='ocrx_word' id='word_1_27' title='bbox 2879 508 3141 579; x_wconf 89' lang='lat' dir='ltr'>seden-</span> 
     </span>
     <span class='ocr_line' id='line_1_4' title="bbox 604 596 3141 687; baseline -0.001 -17"><span class='ocrx_word' id='word_1_28' title='bbox 604 612 737 670; x_wconf 85' lang='lat' dir='ltr'>tem</span> <span class='ocrx_word' id='word_1_29' title='bbox 773 619 940 668; x_wconf 87' lang='lat' dir='ltr'>cons</span> <span class='ocrx_word' id='word_1_30' title='bbox 991 609 1147 674; x_wconf 83' lang='lat' dir='ltr'>exit,</span> <span class='ocrx_word' id='word_1_31' title='bbox 1176 616 1451 665; x_wconf 77' lang='lat' dir='ltr'>nomine</span> <span class='ocrx_word' id='word_1_32' title='bbox 1473 597 1819 666; x_wconf 84' lang='lat' dir='ltr'>Simonem</span> <span class='ocrx_word' id='word_1_33' title='bbox 1846 599 1967 684; x_wconf 91' lang='lat' dir='ltr'>qui</span> <span class='ocrx_word' id='word_1_34' title='bbox 1994 598 2305 668; x_wconf 89' lang='lat' dir='ltr'>nondum</span> <span class='ocrx_word' id='word_1_35' title='bbox 2338 596 2826 687; x_wconf 89' lang='lat' dir='ltr'>vigintinovem</span> <span class='ocrx_word' id='word_1_36' title='bbox 2860 619 3141 668; x_wconf 85' lang='lat' dir='ltr'>menses</span> 
     </span>
     <span class='ocr_line' id='line_1_5' title="bbox 602 682 3143 775; baseline -0.001 -18"><span class='ocrx_word' id='word_1_37' title='bbox 602 700 831 768; x_wconf 80' lang='lat' dir='ltr'>natuS,</span> <span class='ocrx_word' id='word_1_38' title='bbox 876 708 916 755; x_wconf 89' lang='lat' dir='ltr'>a</span> <span class='ocrx_word' id='word_1_39' title='bbox 967 705 1044 753; x_wconf 89' lang='lat' dir='ltr'>eo</span> <span class='ocrx_word' id='word_1_40' title='bbox 1090 682 1434 754; x_wconf 86' lang='lat' dir='ltr'>formosus</span> <span class='ocrx_word' id='word_1_41' title='bbox 1479 698 1622 754; x_wconf 89' lang='lat' dir='ltr'>erat</span> <span class='ocrx_word' id='word_1_42' title='bbox 1670 686 1736 754; x_wconf 92' lang='lat' dir='ltr'>in</span> <span class='ocrx_word' id='word_1_43' title='bbox 1788 687 2077 768; x_wconf 85' lang='lat' dir='ltr'>cunctis,</span> <span class='ocrx_word' id='word_1_44' title='bbox 2129 700 2207 756; x_wconf 91' lang='lat' dir='ltr'>ut</span> <span class='ocrx_word' id='word_1_45' title='bbox 2251 686 2322 754; x_wconf 91' lang='lat' dir='ltr'>in</span> <span class='ocrx_word' id='word_1_46' title='bbox 2371 708 2449 755; x_wconf 92' lang='lat' dir='ltr'>eo</span> <span class='ocrx_word' id='word_1_47' title='bbox 2498 707 2634 755; x_wconf 91' lang='lat' dir='ltr'>non</span> <span class='ocrx_word' id='word_1_48' title='bbox 2684 686 3143 775; x_wconf 88' lang='lat' dir='ltr'>comprehen-</span> 
     </span>
     <span class='ocr_line' id='line_1_6' title="bbox 605 772 3142 864; baseline -0.001 -18"><span class='ocrx_word' id='word_1_49' title='bbox 605 777 903 855; x_wconf 83' lang='lat' dir='ltr'>deretur,</span> <span class='ocrx_word' id='word_1_50' title='bbox 937 772 1117 860; x_wconf 90' lang='lat' dir='ltr'>quod</span> <span class='ocrx_word' id='word_1_51' title='bbox 1145 773 1303 860; x_wconf 86' lang='lat' dir='ltr'>jure</span> <span class='ocrx_word' id='word_1_52' title='bbox 1351 774 1759 863; x_wconf 91' lang='lat' dir='ltr'>reprehendi</span> <span class='ocrx_word' id='word_1_53' title='bbox 1811 788 2056 864; x_wconf 87' lang='lat' dir='ltr'>posset.</span> <span class='ocrx_word' id='word_1_54' title='bbox 2112 780 2188 844; x_wconf 90' lang='lat' dir='ltr'>Et</span> <span class='ocrx_word' id='word_1_55' title='bbox 2223 774 2580 854; x_wconf 77' lang='lat' dir='ltr'>accedenS,</span> <span class='ocrx_word' id='word_1_56' title='bbox 2631 773 2879 844; x_wconf 89' lang='lat' dir='ltr'>lustrat</span> <span class='ocrx_word' id='word_1_57' title='bbox 2911 775 3142 844; x_wconf 88' lang='lat' dir='ltr'>nemi-</span> 
     </span>
     <span class='ocr_line' id='line_1_7' title="bbox 605 862 3140 954; baseline -0 -20"><span class='ocrx_word' id='word_1_58' title='bbox 605 887 763 934; x_wconf 91' lang='lat' dir='ltr'>nem</span> <span class='ocrx_word' id='word_1_59' title='bbox 812 863 884 931; x_wconf 91' lang='lat' dir='ltr'>in</span> <span class='ocrx_word' id='word_1_60' title='bbox 947 883 1240 952; x_wconf 91' lang='lat' dir='ltr'>puerum</span> <span class='ocrx_word' id='word_1_61' title='bbox 1287 862 1655 932; x_wconf 85' lang='lat' dir='ltr'>advertere.</span> <span class='ocrx_word' id='word_1_62' title='bbox 1710 864 2003 954; x_wconf 86' lang='lat' dir='ltr'>Porrigit</span> <span class='ocrx_word' id='word_1_63' title='bbox 2047 864 2341 953; x_wconf 79' lang='lat' dir='ltr'>digitum</span> <span class='ocrx_word' id='word_1_64' title='bbox 2391 863 2631 932; x_wconf 84' lang='lat' dir='ltr'>Tobias</span> <span class='ocrx_word' id='word_1_65' title='bbox 2679 862 2984 933; x_wconf 89' lang='lat' dir='ltr'>blandus</span> <span class='ocrx_word' id='word_1_66' title='bbox 3034 864 3140 934; x_wconf 91' lang='lat' dir='ltr'>in·</span> 
     </span>
     <span class='ocr_line' id='line_1_8' title="bbox 604 950 3138 1041; baseline 0 -19"><span class='ocrx_word' id='word_1_67' title='bbox 604 952 800 1022; x_wconf 89' lang='lat' dir='ltr'>fanti.</span> <span class='ocrx_word' id='word_1_68' title='bbox 855 951 1215 1040; x_wconf 88' lang='lat' dir='ltr'>Speciosus</span> <span class='ocrx_word' id='word_1_69' title='bbox 1309 973 1456 1032; x_wconf 89' lang='lat' dir='ltr'>uer,</span> <span class='ocrx_word' id='word_1_70' title='bbox 1510 951 1855 1041; x_wconf 92' lang='lat' dir='ltr'>benignus</span> <span class='ocrx_word' id='word_1_71' title='bbox 1903 965 1980 1022; x_wconf 91' lang='lat' dir='ltr'>ut</span> <span class='ocrx_word' id='word_1_72' title='bbox 2025 964 2170 1022; x_wconf 89' lang='lat' dir='ltr'>erat</span> <span class='ocrx_word' id='word_1_73' title='bbox 2212 964 2278 1021; x_wconf 91' lang='lat' dir='ltr'>et</span> <span class='ocrx_word' id='word_1_74' title='bbox 2307 951 2551 1033; x_wconf 88' lang='lat' dir='ltr'>facilis,</span> <span class='ocrx_word' id='word_1_75' title='bbox 2583 950 2884 1021; x_wconf 88' lang='lat' dir='ltr'>candida</span> <span class='ocrx_word' id='word_1_76' title='bbox 2925 974 3138 1022; x_wconf 89' lang='lat' dir='ltr'>manu</span> 
     </span>
     <span class='ocr_line' id='line_1_9' title="bbox 606 1038 3136 1130; baseline 0 -18"><span class='ocrx_word' id='word_1_77' title='bbox 606 1041 789 1130; x_wconf 90' lang='lat' dir='ltr'>capit</span> <span class='ocrx_word' id='word_1_78' title='bbox 838 1038 1129 1108; x_wconf 91' lang='lat' dir='ltr'>molliter</span> <span class='ocrx_word' id='word_1_79' title='bbox 1162 1039 1230 1108; x_wconf 92' lang='lat' dir='ltr'>in</span> <span class='ocrx_word' id='word_1_80' title='bbox 1289 1041 1485 1110; x_wconf 90' lang='lat' dir='ltr'>icem.</span> <span class='ocrx_word' id='word_1_81' title='bbox 1543 1041 1868 1122; x_wconf 83' lang='lat' dir='ltr'>Procedit,</span> <span class='ocrx_word' id='word_1_82' title='bbox 1923 1042 2367 1128; x_wconf 87' lang='lat' dir='ltr'>sequiturque</span> <span class='ocrx_word' id='word_1_83' title='bbox 2415 1062 2585 1130; x_wconf 92' lang='lat' dir='ltr'>puer</span> <span class='ocrx_word' id='word_1_84' title='bbox 2633 1061 2767 1107; x_wconf 92' lang='lat' dir='ltr'>non</span> <span class='ocrx_word' id='word_1_85' title='bbox 2810 1040 3136 1130; x_wconf 86' lang='lat' dir='ltr'>passibus</span> 
     </span>
     <span class='ocr_line' id='line_1_10' title="bbox 607 1128 3134 1221; baseline -0 -21"><span class='ocrx_word' id='word_1_86' title='bbox 607 1129 867 1217; x_wconf 77' lang='lat' dir='ltr'>aequis,</span> <span class='ocrx_word' id='word_1_87' title='bbox 929 1133 1231 1213; x_wconf 87' lang='lat' dir='ltr'>Cumque</span> <span class='ocrx_word' id='word_1_88' title='bbox 1293 1129 1620 1218; x_wconf 85' lang='lat' dir='ltr'>genitoris</span> <span class='ocrx_word' id='word_1_89' title='bbox 1680 1129 1908 1199; x_wconf 87' lang='lat' dir='ltr'>sedem</span> <span class='ocrx_word' id='word_1_90' title='bbox 1980 1129 2471 1221; x_wconf 75' lang='lat' dir='ltr'>pertransisset·</span> <span class='ocrx_word' id='word_1_91' title='bbox 2511 1128 2838 1220; x_wconf 79' lang='lat' dir='ltr'>proditor,</span> <span class='ocrx_word' id='word_1_92' title='bbox 2892 1129 3134 1199; x_wconf 74' lang='lat' dir='ltr'>rabida</span> 
     </span>
     <span class='ocr_line' id='line_1_11' title="bbox 609 1215 3132 1307; baseline -0.001 -19"><span class='ocrx_word' id='word_1_93' title='bbox 609 1218 880 1288; x_wconf 69' lang='lat' dir='ltr'>dextera</span> <span class='ocrx_word' id='word_1_94' title='bbox 923 1215 1460 1307; x_wconf 86' lang='lat' dir='ltr'>pulcherrimam</span> <span class='ocrx_word' id='word_1_95' title='bbox 1512 1239 1796 1287; x_wconf 91' lang='lat' dir='ltr'>manum</span> <span class='ocrx_word' id='word_1_96' title='bbox 1911 1231 2179 1288; x_wconf 89' lang='lat' dir='ltr'>raensat</span> <span class='ocrx_word' id='word_1_97' title='bbox 2224 1217 2530 1298; x_wconf 81' lang='lat' dir='ltr'>infantis,</span> <span class='ocrx_word' id='word_1_98' title='bbox 2581 1229 2646 1286; x_wconf 92' lang='lat' dir='ltr'>et</span> <span class='ocrx_word' id='word_1_99' title='bbox 2694 1239 2883 1285; x_wconf 89' lang='lat' dir='ltr'>nunc</span> <span class='ocrx_word' id='word_1_100' title='bbox 2934 1217 3132 1286; x_wconf 90' lang='lat' dir='ltr'>illum</span> 
     </span>
     <span class='ocr_line' id='line_1_12' title="bbox 609 1304 3139 1398; baseline -0.001 -21"><span class='ocrx_word' id='word_1_101' title='bbox 609 1307 836 1385; x_wconf 88' lang='lat' dir='ltr'>trahit,</span> <span class='ocrx_word' id='word_1_102' title='bbox 879 1317 943 1375; x_wconf 91' lang='lat' dir='ltr'>et</span> <span class='ocrx_word' id='word_1_103' title='bbox 993 1327 1177 1375; x_wconf 91' lang='lat' dir='ltr'>nunc</span> <span class='ocrx_word' id='word_1_104' title='bbox 1228 1306 1462 1376; x_wconf 87' lang='lat' dir='ltr'>mollia</span> <span class='ocrx_word' id='word_1_105' title='bbox 1526 1318 1714 1394; x_wconf 84' lang='lat' dir='ltr'>terga</span> <span class='ocrx_word' id='word_1_106' title='bbox 1763 1328 1856 1396; x_wconf 91' lang='lat' dir='ltr'>pu</span> <span class='ocrx_word' id='word_1_107' title='bbox 1888 1330 2050 1377; x_wconf 86' lang='lat' dir='ltr'>sans</span> <span class='ocrx_word' id='word_1_108' title='bbox 2096 1307 2388 1398; x_wconf 86' lang='lat' dir='ltr'>genibus</span> <span class='ocrx_word' id='word_1_109' title='bbox 2436 1304 2750 1396; x_wconf 75' lang='lat' dir='ltr'>impellit.</span> <span class='ocrx_word' id='word_1_110' title='bbox 2791 1311 2984 1375; x_wconf 85' lang='lat' dir='ltr'>Tunc</span> <span class='ocrx_word' id='word_1_111' title='bbox 3032 1328 3139 1376; x_wconf 90' lang='lat' dir='ltr'>re-</span> 
     </span>
     <span class='ocr_line' id='line_1_13' title="bbox 609 1394 3139 1495; baseline -0.001 -29"><span class='ocrx_word' id='word_1_112' title='bbox 609 1395 911 1487; x_wconf 91' lang='lat' dir='ltr'>spiciens</span> <span class='ocrx_word' id='word_1_113' title='bbox 960 1416 1153 1484; x_wconf 90' lang='lat' dir='ltr'>puer,</span> <span class='ocrx_word' id='word_1_114' title='bbox 1190 1395 1412 1484; x_wconf 89' lang='lat' dir='ltr'>coepit</span> <span class='ocrx_word' id='word_1_115' title='bbox 1440 1417 1595 1464; x_wconf 87' lang='lat' dir='ltr'>cum</span> <span class='ocrx_word' id='word_1_116' title='bbox 1628 1395 1954 1495; x_wconf 70' lang='lat' dir='ltr'>lacrymis</span> <span class='ocrx_word' id='word_1_117' title='bbox 1981 1396 2131 1486; x_wconf 91' lang='lat' dir='ltr'>pios</span> <span class='ocrx_word' id='word_1_118' title='bbox 2168 1394 2484 1465; x_wconf 85' lang='lat' dir='ltr'>extollere</span> <span class='ocrx_word' id='word_1_119' title='bbox 2514 1398 2804 1485; x_wconf 77' lang='lat' dir='ltr'>vagituS,</span> <span class='ocrx_word' id='word_1_120' title='bbox 2841 1404 2907 1463; x_wconf 89' lang='lat' dir='ltr'>et</span> <span class='ocrx_word' id='word_1_121' title='bbox 2938 1394 3139 1463; x_wconf 83' lang='lat' dir='ltr'>dulce</span> 
     </span>
     <span class='ocr_line' id='line_1_14' title="bbox 607 1482 3135 1563; baseline -0 -10"><span class='ocrx_word' id='word_1_122' title='bbox 607 1484 849 1553; x_wconf 90' lang='lat' dir='ltr'>matris</span> <span class='ocrx_word' id='word_1_123' title='bbox 897 1484 1212 1552; x_wconf 89' lang='lat' dir='ltr'>invocare</span> <span class='ocrx_word' id='word_1_124' title='bbox 1261 1503 1532 1552; x_wconf 77' lang='lat' dir='ltr'>nornen.</span> <span class='ocrx_word' id='word_1_125' title='bbox 1587 1488 2029 1555; x_wconf 86' lang='lat' dir='ltr'>Exammatus</span> <span class='ocrx_word' id='word_1_126' title='bbox 2075 1484 2234 1554; x_wconf 89' lang='lat' dir='ltr'>ilico</span> <span class='ocrx_word' id='word_1_127' title='bbox 2317 1484 2593 1563; x_wconf 79' lang='lat' dir='ltr'>roditor,</span> <span class='ocrx_word' id='word_1_128' title='bbox 2632 1482 2994 1551; x_wconf 89' lang='lat' dir='ltr'>denarium</span> <span class='ocrx_word' id='word_1_129' title='bbox 3021 1504 3135 1552; x_wconf 85' lang='lat' dir='ltr'>ex-</span> 
     </span>
     <span class='ocr_line' id='line_1_15' title="bbox 608 1570 3140 1662; baseline -0.001 -19"><span class='ocrx_word' id='word_1_130' title='bbox 608 1572 812 1643; x_wconf 83' lang='lat' dir='ltr'>traxit</span> <span class='ocrx_word' id='word_1_131' title='bbox 858 1585 1304 1659; x_wconf 83' lang='lat' dir='ltr'>argenteum,</span> <span class='ocrx_word' id='word_1_132' title='bbox 1365 1583 1430 1641; x_wconf 90' lang='lat' dir='ltr'>et</span> <span class='ocrx_word' id='word_1_133' title='bbox 1478 1573 1836 1662; x_wconf 81' lang='lat' dir='ltr'>porrigens</span> <span class='ocrx_word' id='word_1_134' title='bbox 1891 1572 2186 1653; x_wconf 86' lang='lat' dir='ltr'>infanti,</span> <span class='ocrx_word' id='word_1_135' title='bbox 2254 1572 2450 1642; x_wconf 89' lang='lat' dir='ltr'>ilum</span> <span class='ocrx_word' id='word_1_136' title='bbox 2503 1570 2756 1641; x_wconf 91' lang='lat' dir='ltr'>blando</span> <span class='ocrx_word' id='word_1_137' title='bbox 2823 1592 3140 1641; x_wconf 88' lang='lat' dir='ltr'>sermone</span> 
     </span>
     <span class='ocr_line' id='line_1_16' title="bbox 608 1658 3139 1752; baseline -0.001 -21"><span class='ocrx_word' id='word_1_138' title='bbox 608 1660 1053 1752; x_wconf 89' lang='lat' dir='ltr'>compescuit.</span> <span class='ocrx_word' id='word_1_139' title='bbox 1106 1665 1551 1746; x_wconf 81' lang='lat' dir='ltr'>Posteaquam</span> <span class='ocrx_word' id='word_1_140' title='bbox 1587 1660 1672 1729; x_wconf 92' lang='lat' dir='ltr'>ad</span> <span class='ocrx_word' id='word_1_141' title='bbox 1707 1673 2082 1731; x_wconf 90' lang='lat' dir='ltr'>extremum</span> <span class='ocrx_word' id='word_1_142' title='bbox 2123 1662 2270 1731; x_wconf 91' lang='lat' dir='ltr'>viae</span> <span class='ocrx_word' id='word_1_143' title='bbox 2301 1660 2603 1752; x_wconf 90' lang='lat' dir='ltr'>pervenit</span> <span class='ocrx_word' id='word_1_144' title='bbox 2631 1658 2959 1749; x_wconf 81' lang='lat' dir='ltr'>carnifex,</span> <span class='ocrx_word' id='word_1_145' title='bbox 2994 1682 3139 1729; x_wconf 89' lang='lat' dir='ltr'>om-</span> 
     </span>
     <span class='ocr_line' id='line_1_17' title="bbox 609 1748 3130 1840; baseline -0 -22"><span class='ocrx_word' id='word_1_146' title='bbox 609 1750 722 1819; x_wconf 88' lang='lat' dir='ltr'>nia</span> <span class='ocrx_word' id='word_1_147' title='bbox 774 1749 899 1819; x_wconf 87' lang='lat' dir='ltr'>rite</span> <span class='ocrx_word' id='word_1_148' title='bbox 945 1748 1356 1817; x_wconf 91' lang='lat' dir='ltr'>collustrans</span> <span class='ocrx_word' id='word_1_149' title='bbox 1382 1788 1412 1829; x_wconf 93' lang='lat'>‚·</span> <span class='ocrx_word' id='word_1_150' title='bbox 1462 1748 1826 1819; x_wconf 88' lang='lat' dir='ltr'>cerdonem</span> <span class='ocrx_word' id='word_1_151' title='bbox 1889 1773 1930 1819; x_wconf 89' lang='lat' dir='ltr'>a</span> <span class='ocrx_word' id='word_1_152' title='bbox 1978 1750 2275 1821; x_wconf 88' lang='lat' dir='ltr'>sinistris</span> <span class='ocrx_word' id='word_1_153' title='bbox 2331 1749 2610 1840; x_wconf 91' lang='lat' dir='ltr'>respicit</span> <span class='ocrx_word' id='word_1_154' title='bbox 2656 1761 3130 1819; x_wconf 87' lang='lat' dir='ltr'>consuentem.</span> 
     </span>
     <span class='ocr_line' id='line_1_18' title="bbox 610 1837 3138 1927; baseline -0 -20"><span class='ocrx_word' id='word_1_155' title='bbox 610 1838 710 1908; x_wconf 93' lang='lat' dir='ltr'>Ibi</span> <span class='ocrx_word' id='word_1_156' title='bbox 760 1838 1213 1917; x_wconf 84' lang='lat' dir='ltr'>exanimatus,</span> <span class='ocrx_word' id='word_1_157' title='bbox 1269 1837 1427 1906; x_wconf 90' lang='lat' dir='ltr'>ilico</span> <span class='ocrx_word' id='word_1_158' title='bbox 1475 1860 1786 1927; x_wconf 84' lang='lat' dir='ltr'>gressum</span> <span class='ocrx_word' id='word_1_159' title='bbox 1836 1839 2204 1919; x_wconf 90' lang='lat' dir='ltr'>continuit,</span> <span class='ocrx_word' id='word_1_160' title='bbox 2241 1838 2458 1907; x_wconf 91' lang='lat' dir='ltr'>donec</span> <span class='ocrx_word' id='word_1_161' title='bbox 2491 1837 2821 1907; x_wconf 88' lang='lat' dir='ltr'>aliorsum</span> <span class='ocrx_word' id='word_1_162' title='bbox 2860 1837 3138 1906; x_wconf 89' lang='lat' dir='ltr'>tandem</span> 
     </span>
     <span class='ocr_line' id='line_1_19' title="bbox 611 1924 3137 2016; baseline -0 -20"><span class='ocrx_word' id='word_1_163' title='bbox 611 1926 880 1996; x_wconf 87' lang='lat' dir='ltr'>lumina</span> <span class='ocrx_word' id='word_1_164' title='bbox 938 1926 1232 1995; x_wconf 88' lang='lat' dir='ltr'>flecteret</span> <span class='ocrx_word' id='word_1_165' title='bbox 1276 1925 1536 1995; x_wconf 85' lang='lat' dir='ltr'>artifex.</span> <span class='ocrx_word' id='word_1_166' title='bbox 1591 1933 1779 1996; x_wconf 91' lang='lat' dir='ltr'>Tunc</span> <span class='ocrx_word' id='word_1_167' title='bbox 1843 1927 2272 1996; x_wconf 88' lang='lat' dir='ltr'>occasionem</span> <span class='ocrx_word' id='word_1_168' title='bbox 2323 1938 2603 2007; x_wconf 79' lang='lat' dir='ltr'>nactuS,</span> <span class='ocrx_word' id='word_1_169' title='bbox 2657 1925 2863 1994; x_wconf 91' lang='lat' dir='ltr'>celeri</span> <span class='ocrx_word' id='word_1_170' title='bbox 2911 1924 3137 2016; x_wconf 88' lang='lat' dir='ltr'>gradu</span> 
     </span>
     <span class='ocr_line' id='line_1_20' title="bbox 610 2013 3136 2106; baseline 0 -23"><span class='ocrx_word' id='word_1_171' title='bbox 610 2015 792 2084; x_wconf 90' lang='lat' dir='ltr'>viam</span> <span class='ocrx_word' id='word_1_172' title='bbox 846 2015 1330 2106; x_wconf 84' lang='lat' dir='ltr'>pertransiens,</span> <span class='ocrx_word' id='word_1_173' title='bbox 1398 2016 1464 2084; x_wconf 89' lang='lat' dir='ltr'>in</span> <span class='ocrx_word' id='word_1_174' title='bbox 1523 2015 1804 2084; x_wconf 87' lang='lat' dir='ltr'>domum</span> <span class='ocrx_word' id='word_1_175' title='bbox 1879 2016 2215 2086; x_wconf 90' lang='lat' dir='ltr'>Samuelis</span> <span class='ocrx_word' id='word_1_176' title='bbox 2274 2016 2552 2084; x_wconf 87' lang='lat' dir='ltr'>intrusit</span> <span class='ocrx_word' id='word_1_177' title='bbox 2599 2013 2957 2083; x_wconf 79' lang='lat' dir='ltr'>infantem.</span> <span class='ocrx_word' id='word_1_178' title='bbox 3008 2014 3136 2083; x_wconf 85' lang='lat' dir='ltr'>Hic</span> 
     </span>
     <span class='ocr_line' id='line_1_21' title="bbox 615 2103 3139 2194; baseline -0.001 -21"><span class='ocrx_word' id='word_1_179' title='bbox 615 2103 915 2183; x_wconf 90' lang='lat' dir='ltr'>Samuel,</span> <span class='ocrx_word' id='word_1_180' title='bbox 950 2103 1151 2172; x_wconf 91' lang='lat' dir='ltr'>veluti</span> <span class='ocrx_word' id='word_1_181' title='bbox 1206 2103 1399 2193; x_wconf 89' lang='lat' dir='ltr'>tigris</span> <span class='ocrx_word' id='word_1_182' title='bbox 1430 2116 1793 2191; x_wconf 87' lang='lat' dir='ltr'>expectans</span> <span class='ocrx_word' id='word_1_183' title='bbox 1822 2104 1903 2172; x_wconf 90' lang='lat' dir='ltr'>ad</span> <span class='ocrx_word' id='word_1_184' title='bbox 1940 2104 2371 2194; x_wconf 84' lang='lat' dir='ltr'>sanguinem,</span> <span class='ocrx_word' id='word_1_185' title='bbox 2409 2103 2787 2192; x_wconf 85' lang='lat' dir='ltr'>corripiens</span> <span class='ocrx_word' id='word_1_186' title='bbox 2819 2124 3139 2192; x_wconf 90' lang='lat' dir='ltr'>puerum,</span> 
     </span>
     <span class='ocr_line' id='line_1_22' title="bbox 611 2191 3137 2281; baseline -0.001 -20"><span class='ocrx_word' id='word_1_187' title='bbox 611 2214 826 2281; x_wconf 82' lang='lat' dir='ltr'>ocyus</span> <span class='ocrx_word' id='word_1_188' title='bbox 879 2192 946 2259; x_wconf 93' lang='lat' dir='ltr'>in</span> <span class='ocrx_word' id='word_1_189' title='bbox 1007 2214 1209 2262; x_wconf 87' lang='lat' dir='ltr'>suurn</span> <span class='ocrx_word' id='word_1_190' title='bbox 1264 2192 1643 2261; x_wconf 88' lang='lat' dir='ltr'>thalamum</span> <span class='ocrx_word' id='word_1_191' title='bbox 1709 2191 2009 2262; x_wconf 88' lang='lat' dir='ltr'>sustulit.</span> <span class='ocrx_word' id='word_1_192' title='bbox 2084 2197 2427 2263; x_wconf 87' lang='lat' dir='ltr'>Praetereo</span> <span class='ocrx_word' id='word_1_193' title='bbox 2477 2193 2611 2272; x_wconf 88' lang='lat' dir='ltr'>hic,</span> <span class='ocrx_word' id='word_1_194' title='bbox 2663 2194 2926 2277; x_wconf 73' lang='lat' dir='ltr'>quanta</span> <span class='ocrx_word' id='word_1_195' title='bbox 2972 2204 3137 2260; x_wconf 90' lang='lat' dir='ltr'>tunc</span> 
     </span>
     <span class='ocr_line' id='line_1_23' title="bbox 614 2279 3147 2369; baseline -0 -20"><span class='ocrx_word' id='word_1_196' title='bbox 614 2281 946 2349; x_wconf 91' lang='lat' dir='ltr'>dracones</span> <span class='ocrx_word' id='word_1_197' title='bbox 976 2279 1078 2349; x_wconf 93' lang='lat' dir='ltr'>illi</span> <span class='ocrx_word' id='word_1_198' title='bbox 1126 2294 1286 2349; x_wconf 89' lang='lat' dir='ltr'>sunt</span> <span class='ocrx_word' id='word_1_199' title='bbox 1333 2280 1551 2349; x_wconf 82' lang='lat' dir='ltr'>affecti</span> <span class='ocrx_word' id='word_1_200' title='bbox 1603 2280 1883 2350; x_wconf 72' lang='lat' dir='ltr'>laetitia.</span> <span class='ocrx_word' id='word_1_201' title='bbox 1938 2280 2306 2350; x_wconf 89' lang='lat' dir='ltr'>Ululabant</span> <span class='ocrx_word' id='word_1_202' title='bbox 2343 2280 2545 2351; x_wconf 89' lang='lat' dir='ltr'>siccis</span> <span class='ocrx_word' id='word_1_203' title='bbox 2590 2279 2907 2350; x_wconf 87' lang='lat' dir='ltr'>faucibus</span> <span class='ocrx_word' id='word_1_204' title='bbox 2934 2300 3147 2369; x_wconf 88' lang='lat' dir='ltr'>super</span> 
     </span>
     <span class='ocr_line' id='line_1_24' title="bbox 612 2366 3147 2461; baseline -0.001 -23"><span class='ocrx_word' id='word_1_205' title='bbox 612 2369 1072 2439; x_wconf 85' lang='lat' dir='ltr'>Christianum</span> <span class='ocrx_word' id='word_1_206' title='bbox 1123 2369 1558 2459; x_wconf 89' lang='lat' dir='ltr'>sanguinem.</span> <span class='ocrx_word' id='word_1_207' title='bbox 1592 2374 1670 2438; x_wconf 90' lang='lat' dir='ltr'>Et</span> <span class='ocrx_word' id='word_1_208' title='bbox 1693 2392 1775 2437; x_wconf 94' lang='lat' dir='ltr'>ne</span> <span class='ocrx_word' id='word_1_209' title='bbox 1804 2392 1993 2459; x_wconf 90' lang='lat' dir='ltr'>puer,</span> <span class='ocrx_word' id='word_1_210' title='bbox 2023 2370 2380 2461; x_wconf 88' lang='lat' dir='ltr'>peregrino</span> <span class='ocrx_word' id='word_1_211' title='bbox 2410 2369 2554 2439; x_wconf 91' lang='lat' dir='ltr'>loco</span> <span class='ocrx_word' id='word_1_212' title='bbox 2583 2369 2972 2449; x_wconf 85' lang='lat' dir='ltr'>deterritus,</span> <span class='ocrx_word' id='word_1_213' title='bbox 2998 2366 3147 2436; x_wconf 88' lang='lat' dir='ltr'>cla-</span> 
     </span>
     <span class='ocr_line' id='line_1_25' title="bbox 612 2455 3140 2549; baseline -0 -23"><span class='ocrx_word' id='word_1_214' title='bbox 612 2478 870 2527; x_wconf 89' lang='lat' dir='ltr'>morem</span> <span class='ocrx_word' id='word_1_215' title='bbox 919 2458 1316 2539; x_wconf 84' lang='lat' dir='ltr'>effunderet,</span> <span class='ocrx_word' id='word_1_216' title='bbox 1350 2457 1469 2527; x_wconf 89' lang='lat' dir='ltr'>alii</span> <span class='ocrx_word' id='word_1_217' title='bbox 1519 2458 1957 2549; x_wconf 84' lang='lat' dir='ltr'>porrigebant</span> <span class='ocrx_word' id='word_1_218' title='bbox 2003 2481 2195 2540; x_wconf 85' lang='lat' dir='ltr'>uvas,</span> <span class='ocrx_word' id='word_1_219' title='bbox 2240 2458 2358 2528; x_wconf 89' lang='lat' dir='ltr'>alii</span> <span class='ocrx_word' id='word_1_220' title='bbox 2387 2479 2610 2549; x_wconf 90' lang='lat' dir='ltr'>poma,</span> <span class='ocrx_word' id='word_1_221' title='bbox 2656 2456 2775 2527; x_wconf 87' lang='lat' dir='ltr'>alii</span> <span class='ocrx_word' id='word_1_222' title='bbox 2805 2478 2907 2526; x_wconf 82' lang='lat' dir='ltr'>res</span> <span class='ocrx_word' id='word_1_223' title='bbox 2933 2455 3140 2539; x_wconf 80' lang='lat' dir='ltr'>aliaS,</span> 
     </span>
     <span class='ocr_line' id='line_1_26' title="bbox 610 2546 3131 2704; baseline -0.001 -89"><span class='ocrx_word' id='word_1_224' title='bbox 610 2548 865 2704; x_wconf 61' lang='lat' dir='ltr'>guibus</span> <span class='ocrx_word' id='word_1_225' title='bbox 921 2561 996 2616; x_wconf 90' lang='lat' dir='ltr'>ut</span> <span class='ocrx_word' id='word_1_226' title='bbox 1043 2547 1421 2637; x_wconf 85' lang='lat' dir='ltr'>plurimum</span> <span class='ocrx_word' id='word_1_227' title='bbox 1474 2546 1766 2618; x_wconf 82' lang='lat' dir='ltr'>infantes</span> <span class='ocrx_word' id='word_1_228' title='bbox 1816 2547 2260 2627; x_wconf 91' lang='lat' dir='ltr'>delectantur,</span> <span class='ocrx_word' id='word_1_229' title='bbox 2333 2546 2550 2616; x_wconf 88' lang='lat' dir='ltr'>donec</span> <span class='ocrx_word' id='word_1_230' title='bbox 2598 2546 2839 2616; x_wconf 89' lang='lat' dir='ltr'>silente</span> <span class='ocrx_word' id='word_1_231' title='bbox 2889 2567 3131 2635; x_wconf 91' lang='lat' dir='ltr'>puer0,</span> 
     </span>
    </p>

    <p class='ocr_par' dir='ltr' id='par_1_3' title="bbox 609 2635 3149 3521">
     <span class='ocr_line' id='line_1_27' title="bbox 663 2635 3140 2727; baseline -0 -23"><span class='ocrx_word' id='word_1_232' title='bbox 663 2636 759 2706; x_wconf 87' lang='lat' dir='ltr'>ies</span> <span class='ocrx_word' id='word_1_233' title='bbox 807 2658 879 2705; x_wconf 91' lang='lat' dir='ltr'>se</span> <span class='ocrx_word' id='word_1_234' title='bbox 926 2645 1099 2704; x_wconf 77' lang='lat' dir='ltr'>cum·</span> <span class='ocrx_word' id='word_1_235' title='bbox 1138 2649 1329 2705; x_wconf 89' lang='lat' dir='ltr'>nocte</span> <span class='ocrx_word' id='word_1_236' title='bbox 1375 2637 1844 2725; x_wconf 76' lang='lat' dir='ltr'>conjungeret.</span> <span class='ocrx_word' id='word_1_237' title='bbox 1897 2642 2161 2706; x_wconf 87' lang='lat' dir='ltr'>Interea</span> <span class='ocrx_word' id='word_1_238' title='bbox 2190 2636 2483 2727; x_wconf 84' lang='lat' dir='ltr'>genitrix</span> <span class='ocrx_word' id='word_1_239' title='bbox 2526 2635 2676 2724; x_wconf 85' lang='lat' dir='ltr'>ejus</span> <span class='ocrx_word' id='word_1_240' title='bbox 2727 2635 2935 2703; x_wconf 88' lang='lat' dir='ltr'>Maria</span> <span class='ocrx_word' id='word_1_241' title='bbox 2964 2655 3140 2723; x_wconf 88' lang='lat' dir='ltr'>pue·</span> 
     </span>
     <span class='ocr_line' id='line_1_28' title="bbox 611 2723 3143 2815; baseline -0.002 -21"><span class='ocrx_word' id='word_1_242' title='bbox 611 2745 767 2794; x_wconf 88' lang='lat' dir='ltr'>rum</span> <span class='ocrx_word' id='word_1_243' title='bbox 817 2736 892 2793; x_wconf 91' lang='lat' dir='ltr'>ut</span> <span class='ocrx_word' id='word_1_244' title='bbox 938 2724 1106 2793; x_wconf 92' lang='lat' dir='ltr'>vidit</span> <span class='ocrx_word' id='word_1_245' title='bbox 1152 2725 1410 2805; x_wconf 78' lang='lat' dir='ltr'>abesse,</span> <span class='ocrx_word' id='word_1_246' title='bbox 1470 2747 1592 2794; x_wconf 89' lang='lat' dir='ltr'>nec</span> <span class='ocrx_word' id='word_1_247' title='bbox 1642 2724 1839 2795; x_wconf 89' lang='lat' dir='ltr'>solito</span> <span class='ocrx_word' id='word_1_248' title='bbox 1888 2747 2074 2794; x_wconf 90' lang='lat' dir='ltr'>more</span> <span class='ocrx_word' id='word_1_249' title='bbox 2119 2724 2303 2815; x_wconf 90' lang='lat' dir='ltr'>apud</span> <span class='ocrx_word' id='word_1_250' title='bbox 2356 2724 2615 2794; x_wconf 90' lang='lat' dir='ltr'>vicinos</span> <span class='ocrx_word' id='word_1_251' title='bbox 2669 2723 2867 2792; x_wconf 91' lang='lat' dir='ltr'>illum</span> <span class='ocrx_word' id='word_1_252' title='bbox 2922 2723 3143 2791; x_wconf 85' lang='lat' dir='ltr'>offen-</span> 
     </span>
     <span class='ocr_line' id='line_1_29' title="bbox 613 2810 3146 2904; baseline -0.001 -22"><span class='ocrx_word' id='word_1_253' title='bbox 613 2814 822 2894; x_wconf 88' lang='lat' dir='ltr'>deret,</span> <span class='ocrx_word' id='word_1_254' title='bbox 869 2835 1191 2902; x_wconf 88' lang='lat' dir='ltr'>percusso</span> <span class='ocrx_word' id='word_1_255' title='bbox 1241 2825 1528 2904; x_wconf 90' lang='lat' dir='ltr'>pectore,</span> <span class='ocrx_word' id='word_1_256' title='bbox 1580 2835 1724 2883; x_wconf 91' lang='lat' dir='ltr'>una</span> <span class='ocrx_word' id='word_1_257' title='bbox 1768 2837 1928 2884; x_wconf 89' lang='lat' dir='ltr'>cum</span> <span class='ocrx_word' id='word_1_258' title='bbox 1978 2814 2268 2903; x_wconf 86' lang='lat' dir='ltr'>conjuge</span> <span class='ocrx_word' id='word_1_259' title='bbox 2315 2813 2601 2893; x_wconf 81' lang='lat' dir='ltr'>Andrea,</span> <span class='ocrx_word' id='word_1_260' title='bbox 2658 2824 2864 2881; x_wconf 88' lang='lat' dir='ltr'>totam</span> <span class='ocrx_word' id='word_1_261' title='bbox 2899 2833 3020 2902; x_wconf 95' lang='lat' dir='ltr'>per</span> <span class='ocrx_word' id='word_1_262' title='bbox 3044 2810 3146 2880; x_wconf 89' lang='lat' dir='ltr'>ci-</span> 
     </span>
     <span class='ocr_line' id='line_1_30' title="bbox 609 2900 3140 3000; baseline 0 -30"><span class='ocrx_word' id='word_1_263' title='bbox 609 2903 885 2984; x_wconf 86' lang='lat' dir='ltr'>vitatem</span> <span class='ocrx_word' id='word_1_264' title='bbox 932 2900 1325 3000; x_wconf 81' lang='lat' dir='ltr'>explorabat</span> <span class='ocrx_word' id='word_1_265' title='bbox 1372 2901 1725 2971; x_wconf 87' lang='lat' dir='ltr'>infantem.</span> <span class='ocrx_word' id='word_1_266' title='bbox 1789 2901 1983 2972; x_wconf 89' lang='lat' dir='ltr'>Pueri</span> <span class='ocrx_word' id='word_1_267' title='bbox 2043 2914 2107 2971; x_wconf 91' lang='lat' dir='ltr'>et</span> <span class='ocrx_word' id='word_1_268' title='bbox 2170 2924 2432 2982; x_wconf 79' lang='lat' dir='ltr'>omneS,</span> <span class='ocrx_word' id='word_1_269' title='bbox 2486 2923 2865 2986; x_wconf 80' lang='lat' dir='ltr'>equorum</span> <span class='ocrx_word' id='word_1_270' title='bbox 2918 2900 3140 2970; x_wconf 90' lang='lat' dir='ltr'>labris</span> 
     </span>
     <span class='ocr_line' id='line_1_31' title="bbox 613 2988 3143 3079; baseline -0.001 -20"><span class='ocrx_word' id='word_1_271' title='bbox 613 3012 815 3079; x_wconf 90' lang='lat' dir='ltr'>saepe</span> <span class='ocrx_word' id='word_1_272' title='bbox 863 2988 1156 3078; x_wconf 80' lang='lat' dir='ltr'>Spiritus</span> <span class='ocrx_word' id='word_1_273' title='bbox 1206 2994 1492 3060; x_wconf 90' lang='lat' dir='ltr'>Sanctus</span> <span class='ocrx_word' id='word_1_274' title='bbox 1540 2991 1905 3077; x_wconf 90' lang='lat' dir='ltr'>eloquitur,</span> <span class='ocrx_word' id='word_1_275' title='bbox 1958 2989 2155 3059; x_wconf 89' lang='lat' dir='ltr'>illum</span> <span class='ocrx_word' id='word_1_276' title='bbox 2210 2990 2394 3079; x_wconf 89' lang='lat' dir='ltr'>apud</span> <span class='ocrx_word' id='word_1_277' title='bbox 2441 2990 2741 3060; x_wconf 76' lang='lat' dir='ltr'>Judaeos</span> <span class='ocrx_word' id='word_1_278' title='bbox 2779 2988 3143 3074; x_wconf 88' lang='lat' dir='ltr'>inquiren-</span> 
     </span>
     <span class='ocr_line' id='line_1_32' title="bbox 612 3077 3141 3168; baseline -0.001 -22"><span class='ocrx_word' id='word_1_279' title='bbox 612 3078 779 3146; x_wconf 91' lang='lat' dir='ltr'>dum</span> <span class='ocrx_word' id='word_1_280' title='bbox 831 3078 1245 3146; x_wconf 90' lang='lat' dir='ltr'>asserebant.</span> <span class='ocrx_word' id='word_1_281' title='bbox 1312 3083 1642 3148; x_wconf 89' lang='lat' dir='ltr'>Futurum</span> <span class='ocrx_word' id='word_1_282' title='bbox 1692 3079 1909 3160; x_wconf 87' lang='lat' dir='ltr'>enim,</span> <span class='ocrx_word' id='word_1_283' title='bbox 1977 3090 2056 3147; x_wconf 89' lang='lat' dir='ltr'>ut</span> <span class='ocrx_word' id='word_1_284' title='bbox 2100 3100 2261 3147; x_wconf 91' lang='lat' dir='ltr'>eum</span> <span class='ocrx_word' id='word_1_285' title='bbox 2311 3078 2701 3168; x_wconf 89' lang='lat' dir='ltr'>rapuissent</span> <span class='ocrx_word' id='word_1_286' title='bbox 2744 3077 3017 3156; x_wconf 85' lang='lat' dir='ltr'>Judaei,</span> <span class='ocrx_word' id='word_1_287' title='bbox 3067 3087 3141 3145; x_wconf 88' lang='lat' dir='ltr'>et</span> 
     </span>
     <span class='ocr_line' id='line_1_33' title="bbox 614 3164 3140 3258; baseline -0.001 -24"><span class='ocrx_word' id='word_1_288' title='bbox 614 3167 685 3234; x_wconf 89' lang='lat' dir='ltr'>in</span> <span class='ocrx_word' id='word_1_289' title='bbox 736 3165 1155 3236; x_wconf 86' lang='lat' dir='ltr'>Christianae</span> <span class='ocrx_word' id='word_1_290' title='bbox 1202 3166 1361 3234; x_wconf 88' lang='lat' dir='ltr'>fidei</span> <span class='ocrx_word' id='word_1_291' title='bbox 1409 3167 1857 3258; x_wconf 89' lang='lat' dir='ltr'>opprobrium</span> <span class='ocrx_word' id='word_1_292' title='bbox 1907 3167 1974 3235; x_wconf 92' lang='lat' dir='ltr'>in</span> <span class='ocrx_word' id='word_1_293' title='bbox 2032 3188 2236 3236; x_wconf 89' lang='lat' dir='ltr'>cruce</span> <span class='ocrx_word' id='word_1_294' title='bbox 2284 3189 2404 3237; x_wconf 90' lang='lat' dir='ltr'>sus</span> <span class='ocrx_word' id='word_1_295' title='bbox 2455 3165 2804 3236; x_wconf 90' lang='lat' dir='ltr'>enderent.</span> <span class='ocrx_word' id='word_1_296' title='bbox 2857 3170 2935 3234; x_wconf 88' lang='lat' dir='ltr'>Et</span> <span class='ocrx_word' id='word_1_297' title='bbox 2993 3164 3140 3235; x_wconf 73' lang='lat' dir='ltr'>ni‘si</span> 
     </span>
     <span class='ocr_line' id='line_1_34' title="bbox 615 3252 3146 3345; baseline -0 -22"><span class='ocrx_word' id='word_1_298' title='bbox 615 3254 699 3323; x_wconf 93' lang='lat' dir='ltr'>de</span> <span class='ocrx_word' id='word_1_299' title='bbox 758 3252 980 3322; x_wconf 89' lang='lat' dir='ltr'>medio</span> <span class='ocrx_word' id='word_1_300' title='bbox 1029 3276 1157 3323; x_wconf 85' lang='lat' dir='ltr'>nox</span> <span class='ocrx_word' id='word_1_301' title='bbox 1206 3269 1481 3345; x_wconf 91' lang='lat' dir='ltr'>repente</span> <span class='ocrx_word' id='word_1_302' title='bbox 1548 3255 1693 3324; x_wconf 89' lang='lat' dir='ltr'>viae</span> <span class='ocrx_word' id='word_1_303' title='bbox 1757 3255 2191 3335; x_wconf 82' lang='lat' dir='ltr'>abstulisset,</span> <span class='ocrx_word' id='word_1_304' title='bbox 2257 3255 2345 3324; x_wconf 87' lang='lat' dir='ltr'>ad</span> <span class='ocrx_word' id='word_1_305' title='bbox 2460 3255 2710 3324; x_wconf 87' lang='lat' dir='ltr'>udaeos</span> <span class='ocrx_word' id='word_1_306' title='bbox 2777 3253 3146 3324; x_wconf 89' lang='lat' dir='ltr'>vertissent</span> 
     </span>
     <span class='ocr_line' id='line_1_35' title="bbox 616 3341 3149 3435; baseline -0 -22"><span class='ocrx_word' id='word_1_307' title='bbox 616 3344 763 3413; x_wconf 91' lang='lat' dir='ltr'>iter.</span> <span class='ocrx_word' id='word_1_308' title='bbox 822 3342 1007 3414; x_wconf 90' lang='lat' dir='ltr'>Unde</span> <span class='ocrx_word' id='word_1_309' title='bbox 1054 3342 1375 3434; x_wconf 89' lang='lat' dir='ltr'>collapsis</span> <span class='ocrx_word' id='word_1_310' title='bbox 1422 3343 1719 3414; x_wconf 88' lang='lat' dir='ltr'>tenebris</span> <span class='ocrx_word' id='word_1_311' title='bbox 1765 3341 2075 3435; x_wconf 91' lang='lat' dir='ltr'>impulsi,</span> <span class='ocrx_word' id='word_1_312' title='bbox 2117 3344 2355 3413; x_wconf 87' lang='lat' dir='ltr'>flentes</span> <span class='ocrx_word' id='word_1_313' title='bbox 2383 3365 2637 3424; x_wconf 87' lang='lat' dir='ltr'>amare,</span> <span class='ocrx_word' id='word_1_314' title='bbox 2671 3342 2959 3413; x_wconf 89' lang='lat' dir='ltr'>domum</span> <span class='ocrx_word' id='word_1_315' title='bbox 2991 3363 3149 3413; x_wconf 90' lang='lat' dir='ltr'>sese</span> 
     </span>
     <span class='ocr_line' id='line_1_36' title="bbox 617 3443 1044 3521; baseline -0.002 -20"><span class='ocrx_word' id='word_1_316' title='bbox 617 3443 1044 3521; x_wconf 88' lang='lat' dir='ltr'>receperunt.</span> 
     </span>
    </p>

    <p class='ocr_par' dir='ltr' id='par_1_4' title="bbox 613 3518 3153 4497">
     <span class='ocr_line' id='line_1_37' title="bbox 705 3518 3145 3612; baseline -0.002 -21"><span class='ocrx_word' id='word_1_317' title='bbox 705 3523 740 3607; x_wconf 66' lang='grc' dir='ltr'>ἓ</span> <span class='ocrx_word' id='word_1_318' title='bbox 803 3526 894 3591; x_wconf 75' lang='grc'>6.</span> <span class='ocrx_word' id='word_1_319' title='bbox 949 3527 1244 3612; x_wconf 90' lang='lat' dir='ltr'>Tempus</span> <span class='ocrx_word' id='word_1_320' title='bbox 1291 3531 1456 3601; x_wconf 89' lang='lat' dir='ltr'>erat,</span> <span class='ocrx_word' id='word_1_321' title='bbox 1509 3542 1645 3607; x_wconf 93' lang='lat' dir='ltr'>quo</span> <span class='ocrx_word' id='word_1_322' title='bbox 1696 3520 1919 3610; x_wconf 86' lang='lat' dir='ltr'>prima</span> <span class='ocrx_word' id='word_1_323' title='bbox 1976 3520 2171 3606; x_wconf 90' lang='lat' dir='ltr'>quies</span> <span class='ocrx_word' id='word_1_324' title='bbox 2218 3520 2525 3590; x_wconf 87' lang='lat' dir='ltr'>humana</span> <span class='ocrx_word' id='word_1_325' title='bbox 2572 3518 2791 3588; x_wconf 86' lang='lat' dir='ltr'>reficit</span> <span class='ocrx_word' id='word_1_326' title='bbox 2838 3527 3145 3608; x_wconf 85' lang='lat' dir='ltr'>pectora,</span> 
     </span>
     <span class='ocr_line' id='line_1_38' title="bbox 616 3606 3147 3696; baseline -0.001 -18"><span class='ocrx_word' id='word_1_327' title='bbox 616 3621 819 3695; x_wconf 90' lang='lat' dir='ltr'>atque</span> <span class='ocrx_word' id='word_1_328' title='bbox 863 3609 1306 3696; x_wconf 87' lang='lat' dir='ltr'>quiescebant</span> <span class='ocrx_word' id='word_1_329' title='bbox 1355 3631 1546 3679; x_wconf 90' lang='lat' dir='ltr'>voces</span> <span class='ocrx_word' id='word_1_330' title='bbox 1595 3609 2094 3695; x_wconf 89' lang='lat' dir='ltr'>hominumque</span> <span class='ocrx_word' id='word_1_331' title='bbox 2139 3629 2552 3695; x_wconf 90' lang='lat' dir='ltr'>canumque.</span> <span class='ocrx_word' id='word_1_332' title='bbox 2600 3614 2788 3676; x_wconf 89' lang='lat' dir='ltr'>Tunc</span> <span class='ocrx_word' id='word_1_333' title='bbox 2834 3606 3147 3676; x_wconf 88' lang='lat' dir='ltr'>crudelis</span> 
     </span>
     <span class='ocr_line' id='line_1_39' title="bbox 618 3694 3150 3788; baseline -0.001 -22"><span class='ocrx_word' id='word_1_334' title='bbox 618 3703 880 3788; x_wconf 88' lang='lat' dir='ltr'>Moyses</span> <span class='ocrx_word' id='word_1_335' title='bbox 928 3721 1066 3768; x_wconf 87' lang='lat' dir='ltr'>una</span> <span class='ocrx_word' id='word_1_336' title='bbox 1112 3722 1274 3768; x_wconf 90' lang='lat' dir='ltr'>cum</span> <span class='ocrx_word' id='word_1_337' title='bbox 1320 3697 1604 3784; x_wconf 89' lang='lat' dir='ltr'>reliquis</span> <span class='ocrx_word' id='word_1_338' title='bbox 1670 3698 2117 3767; x_wconf 83' lang='lat' dir='ltr'>atrocissimis</span> <span class='ocrx_word' id='word_1_339' title='bbox 2169 3698 2460 3767; x_wconf 83' lang='lat' dir='ltr'>Judaeis</span> <span class='ocrx_word' id='word_1_340' title='bbox 2507 3695 2890 3785; x_wconf 88' lang='lat' dir='ltr'>benignum</span> <span class='ocrx_word' id='word_1_341' title='bbox 2942 3694 3150 3764; x_wconf 88' lang='lat' dir='ltr'>illum</span> 
     </span>
     <span class='ocr_line' id='line_1_40' title="bbox 615 3783 3153 3876; baseline -0 -22"><span class='ocrx_word' id='word_1_342' title='bbox 615 3786 1044 3876; x_wconf 89' lang='lat' dir='ltr'>deportantes</span> <span class='ocrx_word' id='word_1_343' title='bbox 1092 3787 1446 3868; x_wconf 83' lang='lat' dir='ltr'>infantem,</span> <span class='ocrx_word' id='word_1_344' title='bbox 1499 3787 1794 3876; x_wconf 88' lang='lat' dir='ltr'>ingressi</span> <span class='ocrx_word' id='word_1_345' title='bbox 1840 3798 2003 3855; x_wconf 89' lang='lat' dir='ltr'>sunt</span> <span class='ocrx_word' id='word_1_346' title='bbox 2030 3785 2440 3857; x_wconf 90' lang='lat' dir='ltr'>vestibulum</span> <span class='ocrx_word' id='word_1_347' title='bbox 2469 3783 2649 3872; x_wconf 93' lang='lat' dir='ltr'>quod</span> <span class='ocrx_word' id='word_1_348' title='bbox 2684 3805 2846 3853; x_wconf 91' lang='lat' dir='ltr'>cum</span> <span class='ocrx_word' id='word_1_349' title='bbox 2897 3784 3153 3873; x_wconf 88' lang='lat' dir='ltr'>primis</span> 
     </span>
     <span class='ocr_line' id='line_1_41' title="bbox 617 3872 3150 3966; baseline -0.001 -24"><span class='ocrx_word' id='word_1_350' title='bbox 617 3879 1009 3965; x_wconf 82' lang='lat' dir='ltr'>synagogae</span> <span class='ocrx_word' id='word_1_351' title='bbox 1056 3875 1319 3945; x_wconf 87' lang='lat' dir='ltr'>foribus</span> <span class='ocrx_word' id='word_1_352' title='bbox 1366 3875 1807 3966; x_wconf 86' lang='lat' dir='ltr'>adjungitur:</span> <span class='ocrx_word' id='word_1_353' title='bbox 1864 3874 2095 3961; x_wconf 92' lang='lat' dir='ltr'>ibique</span> <span class='ocrx_word' id='word_1_354' title='bbox 2141 3875 2213 3942; x_wconf 91' lang='lat' dir='ltr'>in</span> <span class='ocrx_word' id='word_1_355' title='bbox 2263 3895 2544 3943; x_wconf 90' lang='lat' dir='ltr'>scamno</span> <span class='ocrx_word' id='word_1_356' title='bbox 2561 3873 2758 3962; x_wconf 83' lang='lat' dir='ltr'>juxta</span> <span class='ocrx_word' id='word_1_357' title='bbox 2787 3872 3150 3941; x_wconf 90' lang='lat' dir='ltr'>caminum</span> 
     </span>
     <span class='ocr_line' id='line_1_42' title="bbox 613 3958 3150 4053; baseline -0.002 -21"><span class='ocrx_word' id='word_1_358' title='bbox 613 3962 946 4044; x_wconf 80' lang='lat' dir='ltr'>residens,</span> <span class='ocrx_word' id='word_1_359' title='bbox 1002 3985 1289 4053; x_wconf 92' lang='lat' dir='ltr'>puerum</span> <span class='ocrx_word' id='word_1_360' title='bbox 1343 3965 1489 4036; x_wconf 87' lang='lat' dir='ltr'>suis</span> <span class='ocrx_word' id='word_1_361' title='bbox 1535 3984 1746 4052; x_wconf 90' lang='lat' dir='ltr'>super</span> <span class='ocrx_word' id='word_1_362' title='bbox 1791 3964 2086 4051; x_wconf 86' lang='lat' dir='ltr'>genibus</span> <span class='ocrx_word' id='word_1_363' title='bbox 2134 3962 2415 4053; x_wconf 87' lang='lat' dir='ltr'>excepit.</span> <span class='ocrx_word' id='word_1_364' title='bbox 2477 3967 2683 4031; x_wconf 91' lang='lat' dir='ltr'>Porro</span> <span class='ocrx_word' id='word_1_365' title='bbox 2731 3958 3150 4030; x_wconf 85' lang='lat' dir='ltr'>circumfusi</span> 
     </span>
     <span class='ocr_line' id='line_1_43' title="bbox 613 4047 3152 4137; baseline -0.002 -17"><span class='ocrx_word' id='word_1_366' title='bbox 613 4073 875 4130; x_wconf 78' lang='lat' dir='ltr'>omneS,</span> <span class='ocrx_word' id='word_1_367' title='bbox 937 4064 1184 4120; x_wconf 89' lang='lat' dir='ltr'>vestem</span> <span class='ocrx_word' id='word_1_368' title='bbox 1252 4052 1315 4120; x_wconf 90' lang='lat' dir='ltr'>ei</span> <span class='ocrx_word' id='word_1_369' title='bbox 1374 4052 1461 4121; x_wconf 90' lang='lat' dir='ltr'>ad</span> <span class='ocrx_word' id='word_1_370' title='bbox 1509 4051 1917 4121; x_wconf 88' lang='lat' dir='ltr'>umbilicum</span> <span class='ocrx_word' id='word_1_371' title='bbox 1967 4065 2032 4121; x_wconf 91' lang='lat' dir='ltr'>et</span> <span class='ocrx_word' id='word_1_372' title='bbox 2077 4052 2343 4123; x_wconf 89' lang='lat' dir='ltr'>cubitos</span> <span class='ocrx_word' id='word_1_373' title='bbox 2390 4071 2612 4137; x_wconf 89' lang='lat' dir='ltr'>usque</span> <span class='ocrx_word' id='word_1_374' title='bbox 2662 4071 2852 4119; x_wconf 86' lang='lat' dir='ltr'>verso</span> <span class='ocrx_word' id='word_1_375' title='bbox 2901 4047 3152 4118; x_wconf 90' lang='lat' dir='ltr'>ordine</span> 
     </span>
     <span class='ocr_line' id='line_1_44' title="bbox 615 4136 3144 4231; baseline -0.001 -23"><span class='ocrx_word' id='word_1_376' title='bbox 615 4140 1073 4220; x_wconf 88' lang='lat' dir='ltr'>detraxerunt,</span> <span class='ocrx_word' id='word_1_377' title='bbox 1118 4139 1649 4231; x_wconf 88' lang='lat' dir='ltr'>colligentesque</span> <span class='ocrx_word' id='word_1_378' title='bbox 1699 4142 2018 4209; x_wconf 79' lang='lat' dir='ltr'>{luentem</span> <span class='ocrx_word' id='word_1_379' title='bbox 2049 4140 2354 4209; x_wconf 89' lang='lat' dir='ltr'>tunicam</span> <span class='ocrx_word' id='word_1_380' title='bbox 2385 4140 2873 4209; x_wconf 89' lang='lat' dir='ltr'>succinxerunt</span> <span class='ocrx_word' id='word_1_381' title='bbox 2922 4136 3144 4217; x_wconf 84' lang='lat' dir='ltr'>lateri,</span> 
     </span>
     <span class='ocr_line' id='line_1_45' title="bbox 618 4226 3153 4319; baseline -0.001 -22"><span class='ocrx_word' id='word_1_382' title='bbox 618 4229 713 4298; x_wconf 89' lang='lat' dir='ltr'>ita</span> <span class='ocrx_word' id='word_1_383' title='bbox 775 4240 853 4297; x_wconf 92' lang='lat' dir='ltr'>ut</span> <span class='ocrx_word' id='word_1_384' title='bbox 917 4251 957 4297; x_wconf 90' lang='lat' dir='ltr'>a</span> <span class='ocrx_word' id='word_1_385' title='bbox 1022 4227 1274 4299; x_wconf 73' lang='lat' dir='ltr'>temore</span> <span class='ocrx_word' id='word_1_386' title='bbox 1329 4251 1550 4315; x_wconf 90' lang='lat' dir='ltr'>usque</span> <span class='ocrx_word' id='word_1_387' title='bbox 1597 4228 1682 4299; x_wconf 91' lang='lat' dir='ltr'>ad</span> <span class='ocrx_word' id='word_1_388' title='bbox 1736 4227 1905 4306; x_wconf 82' lang='lat' dir='ltr'>talos</span> <span class='ocrx_word' id='word_1_389' title='bbox 1952 4228 2272 4298; x_wconf 89' lang='lat' dir='ltr'>detractis</span> <span class='ocrx_word' id='word_1_390' title='bbox 2320 4228 2563 4319; x_wconf 75' lang='lat' dir='ltr'>caligis</span> <span class='ocrx_word' id='word_1_391' title='bbox 2613 4226 3032 4297; x_wconf 88' lang='lat' dir='ltr'>nudaretur:</span> <span class='ocrx_word' id='word_1_392' title='bbox 3087 4237 3153 4294; x_wconf 88' lang='lat' dir='ltr'>et</span> 
     </span>
     <span class='ocr_line' id='line_1_46' title="bbox 613 4314 3150 4474; baseline -0.002 -88"><span class='ocrx_word' id='word_1_393' title='bbox 613 4316 1138 4474; x_wconf 68' lang='lat' dir='ltr'>apprehendens</span> <span class='ocrx_word' id='word_1_394' title='bbox 1207 4317 1565 4386; x_wconf 88' lang='lat' dir='ltr'>sudarium</span> <span class='ocrx_word' id='word_1_395' title='bbox 1643 4316 1913 4386; x_wconf 90' lang='lat' dir='ltr'>Samuel</span> <span class='ocrx_word' id='word_1_396' title='bbox 1988 4315 2171 4403; x_wconf 89' lang='lat' dir='ltr'>quod</span> <span class='ocrx_word' id='word_1_397' title='bbox 2244 4317 2394 4407; x_wconf 89' lang='lat' dir='ltr'>ejus</span> <span class='ocrx_word' id='word_1_398' title='bbox 2469 4316 2810 4407; x_wconf 88' lang='lat' dir='ltr'>pendebat</span> <span class='ocrx_word' id='word_1_399' title='bbox 2883 4337 2926 4384; x_wconf 90' lang='lat' dir='ltr'>a</span> <span class='ocrx_word' id='word_1_400' title='bbox 3000 4314 3150 4382; x_wconf 91' lang='lat' dir='ltr'>cin·</span> 
     </span>
     <span class='ocr_line' id='line_1_47' title="bbox 616 4405 3153 4497; baseline -0.001 -22"><span class='ocrx_word' id='word_1_401' title='bbox 616 4427 707 4497; x_wconf 88' lang='lat' dir='ltr'>gu</span> <span class='ocrx_word' id='word_1_402' title='bbox 739 4428 811 4488; x_wconf 90' lang='lat'>0,</span> <span class='ocrx_word' id='word_1_403' title='bbox 866 4406 1179 4492; x_wconf 88' lang='lat' dir='ltr'>colloque</span> <span class='ocrx_word' id='word_1_404' title='bbox 1226 4405 1769 4476; x_wconf 88' lang='lat' dir='ltr'>circumvolvens</span> <span class='ocrx_word' id='word_1_405' title='bbox 1815 4405 2314 4496; x_wconf 88' lang='lat' dir='ltr'>comprimebat</span> <span class='ocrx_word' id='word_1_406' title='bbox 2362 4427 2680 4496; x_wconf 88' lang='lat' dir='ltr'>puerum,</span> <span class='ocrx_word' id='word_1_407' title='bbox 2742 4424 2830 4473; x_wconf 92' lang='lat' dir='ltr'>ne</span> <span class='ocrx_word' id='word_1_408' title='bbox 2877 4405 3153 4494; x_wconf 80' lang='lat' dir='ltr'>vagitus</span> 
     </span>
    </p>
   </div>
  </div>
 </body>
</html>
