<?xml version="1.0" encoding="UTF-8"?>
<!DOCTYPE html PUBLIC "-//W3C//DTD XHTML 1.0 Transitional//EN"
    "http://www.w3.org/TR/xhtml1/DTD/xhtml1-transitional.dtd">
<html xmlns="http://www.w3.org/1999/xhtml" xml:lang="en" lang="en">
 <head>
  <title>
</title>
<meta http-equiv="Content-Type" content="text/html;charset=utf-8" />
  <meta name='ocr-system' content='tesseract 3.04.00' />
  <meta name='ocr-capabilities' content='ocr_page ocr_carea ocr_par ocr_line ocrx_word'/>
</head>
<body>
  <div class='ocr_page' id='page_1' title='image "./historiaeseuvit04lippgoog_0617.png"; bbox 0 0 3327 4999; ppageno 0'>
   <div class='ocr_carea' id='block_1_1' title="bbox 182 333 2664 399">
    <p class='ocr_par' dir='ltr' id='par_1_1' title="bbox 182 333 2664 399">
     <span class='ocr_line' id='line_1_1' title="bbox 182 333 2664 399; baseline 0 -2"><span class='ocrx_word' id='word_1_1' title='bbox 182 333 291 397; x_wconf 83' lang='lat' dir='ltr'>EX</span> <span class='ocrx_word' id='word_1_2' title='bbox 337 333 509 397; x_wconf 81' lang='lat' dir='ltr'>JUL.</span> <span class='ocrx_word' id='word_1_3' title='bbox 566 333 606 397; x_wconf 73' lang='lat'><strong>4</strong></span> <span class='ocrx_word' id='word_1_4' title='bbox 1022 351 1102 398; x_wconf 71' lang='lat' dir='ltr'>nn</span> <span class='ocrx_word' id='word_1_5' title='bbox 1149 353 1204 398; x_wconf 89' lang='lat' dir='ltr'>s.</span> <span class='ocrx_word' id='word_1_6' title='bbox 1260 349 1571 399; x_wconf 63' lang='lat' dir='ltr'>unAmeo</span> <span class='ocrx_word' id='word_1_7' title='bbox 1617 349 1915 397; x_wconf 80' lang='lat' dir='ltr'>EPtSCOPO</span> <span class='ocrx_word' id='word_1_8' title='bbox 2534 334 2664 399; x_wconf 75' lang='lat'>593</span> 
     </span>
    </p>
   </div>
   <div class='ocr_carea' id='block_1_2' title="bbox 183 432 2776 4495">
    <p class='ocr_par' dir='ltr' id='par_1_2' title="bbox 183 432 2759 1336">
     <span class='ocr_line' id='line_1_2' title="bbox 273 432 2752 525; baseline 0 -22"><span class='ocrx_word' id='word_1_9' title='bbox 273 436 309 515; x_wconf 66' lang='grc' dir='ltr'>,ξ</span> <span class='ocrx_word' id='word_1_10' title='bbox 364 438 511 503; x_wconf 72' lang='lat' dir='ltr'>ss).</span> <span class='ocrx_word' id='word_1_11' title='bbox 558 438 688 502; x_wconf 91' lang='lat' dir='ltr'>Nec</span> <span class='ocrx_word' id='word_1_12' title='bbox 720 435 1299 520; x_wconf 88' lang='lat' dir='ltr'>praetereundum</span> <span class='ocrx_word' id='word_1_13' title='bbox 1332 433 1513 519; x_wconf 88' lang='lat' dir='ltr'>quod</span> <span class='ocrx_word' id='word_1_14' title='bbox 1557 448 1832 523; x_wconf 82' lang='lat' dir='ltr'>propter</span> <span class='ocrx_word' id='word_1_15' title='bbox 1866 432 2090 523; x_wconf 89' lang='lat' dir='ltr'>ipsius</span> <span class='ocrx_word' id='word_1_16' title='bbox 2139 434 2405 516; x_wconf 86' lang='lat' dir='ltr'>merita,</span> <span class='ocrx_word' id='word_1_17' title='bbox 2448 435 2752 525; x_wconf 87' lang='lat' dir='ltr'>plurima</span> 
     </span>
     <span class='ocr_line' id='line_1_3' title="bbox 184 520 2758 613; baseline 0.002 -24"><span class='ocrx_word' id='word_1_18' title='bbox 184 520 492 590; x_wconf 81' lang='lat' dir='ltr'>infirmis</span> <span class='ocrx_word' id='word_1_19' title='bbox 544 521 1073 610; x_wconf 78' lang='lat' dir='ltr'><strong>praestabantur</strong></span> <span class='ocrx_word' id='word_1_20' title='bbox 1110 522 1488 592; x_wconf 81' lang='lat' dir='ltr'>beneficia:</span> <span class='ocrx_word' id='word_1_21' title='bbox 1541 534 1609 591; x_wconf 94' lang='lat' dir='ltr'>et</span> <span class='ocrx_word' id='word_1_22' title='bbox 1669 521 1966 590; x_wconf 83' lang='lat' dir='ltr'>maxime</span> <span class='ocrx_word' id='word_1_23' title='bbox 2025 522 2146 607; x_wconf 91' lang='lat' dir='ltr'>qui</span> <span class='ocrx_word' id='word_1_24' title='bbox 2206 523 2468 593; x_wconf 86' lang='lat' dir='ltr'>caduco</span> <span class='ocrx_word' id='word_1_25' title='bbox 2517 546 2758 613; x_wconf 89' lang='lat' dir='ltr'>grava-</span> 
     </span>
     <span class='ocr_line' id='line_1_4' title="bbox 185 609 2757 697; baseline 0.001 -19"><span class='ocrx_word' id='word_1_26' title='bbox 185 611 446 679; x_wconf 87' lang='lat' dir='ltr'>bantur</span> <span class='ocrx_word' id='word_1_27' title='bbox 499 609 762 689; x_wconf 89' lang='lat' dir='ltr'>morb0,</span> <span class='ocrx_word' id='word_1_28' title='bbox 865 632 941 679; x_wconf 92' lang='lat' dir='ltr'>er</span> <span class='ocrx_word' id='word_1_29' title='bbox 978 610 1131 697; x_wconf 90' lang='lat' dir='ltr'>ejus</span> <span class='ocrx_word' id='word_1_30' title='bbox 1194 610 1742 680; x_wconf 81' lang='lat' dir='ltr'>benedictionem</span> <span class='ocrx_word' id='word_1_31' title='bbox 1779 632 1820 679; x_wconf 90' lang='lat' dir='ltr'>a</span> <span class='ocrx_word' id='word_1_32' title='bbox 1873 622 2058 679; x_wconf 89' lang='lat' dir='ltr'>tanto</span> <span class='ocrx_word' id='word_1_33' title='bbox 2125 609 2602 680; x_wconf 76' lang='lat' dir='ltr'>liberabantur</span> <span class='ocrx_word' id='word_1_34' title='bbox 2648 613 2757 680; x_wconf 90' lang='lat' dir='ltr'>in-</span> 
     </span>
     <span class='ocr_line' id='line_1_5' title="bbox 187 696 2756 779; baseline 0.001 -12"><span class='ocrx_word' id='word_1_35' title='bbox 187 696 577 767; x_wconf 79' lang='lat' dir='ltr'>commodo,</span> <span class='ocrx_word' id='word_1_36' title='bbox 648 701 795 779; x_wconf 83' lang='lat' dir='ltr'>Quo</span> <span class='ocrx_word' id='word_1_37' title='bbox 900 698 991 767; x_wconf 91' lang='lat' dir='ltr'>ita</span> <span class='ocrx_word' id='word_1_38' title='bbox 1052 698 1468 767; x_wconf 88' lang='lat' dir='ltr'>humilitatis</span> <span class='ocrx_word' id='word_1_39' title='bbox 1516 699 1729 766; x_wconf 74' lang='lat' dir='ltr'>causa</span> <span class='ocrx_word' id='word_1_40' title='bbox 1796 698 2064 767; x_wconf 83' lang='lat' dir='ltr'>studuit</span> <span class='ocrx_word' id='word_1_41' title='bbox 2127 698 2520 779; x_wconf 85' lang='lat' dir='ltr'>occultare,</span> <span class='ocrx_word' id='word_1_42' title='bbox 2575 714 2649 769; x_wconf 91' lang='lat' dir='ltr'>ut</span> <span class='ocrx_word' id='word_1_43' title='bbox 2696 700 2756 769; x_wconf 92' lang='lat' dir='ltr'>si</span> 
     </span>
     <span class='ocr_line' id='line_1_6' title="bbox 183 785 2756 876; baseline 0.002 -23"><span class='ocrx_word' id='word_1_44' title='bbox 183 785 357 855; x_wconf 84' lang='lat' dir='ltr'>forte</span> <span class='ocrx_word' id='word_1_45' title='bbox 396 786 612 871; x_wconf 81' lang='lat' dir='ltr'>aliqui</span> <span class='ocrx_word' id='word_1_46' title='bbox 665 785 944 855; x_wconf 88' lang='lat' dir='ltr'>illorum</span> <span class='ocrx_word' id='word_1_47' title='bbox 982 787 1160 854; x_wconf 87' lang='lat' dir='ltr'>hanc</span> <span class='ocrx_word' id='word_1_48' title='bbox 1210 787 1524 856; x_wconf 88' lang='lat' dir='ltr'>sanitatis</span> <span class='ocrx_word' id='word_1_49' title='bbox 1555 787 1848 876; x_wconf 84' lang='lat' dir='ltr'>gratiam</span> <span class='ocrx_word' id='word_1_50' title='bbox 1887 787 2115 874; x_wconf 88' lang='lat' dir='ltr'>palam</span> <span class='ocrx_word' id='word_1_51' title='bbox 2155 787 2604 876; x_wconf 87' lang='lat' dir='ltr'>postularent,</span> <span class='ocrx_word' id='word_1_52' title='bbox 2637 788 2756 857; x_wconf 90' lang='lat' dir='ltr'>do-</span> 
     </span>
     <span class='ocr_line' id='line_1_7' title="bbox 189 874 2759 975; baseline 0.001 -33"><span class='ocrx_word' id='word_1_53' title='bbox 189 896 356 942; x_wconf 89' lang='lat' dir='ltr'>num</span> <span class='ocrx_word' id='word_1_54' title='bbox 413 874 916 944; x_wconf 83' lang='lat' dir='ltr'>benedictionis</span> <span class='ocrx_word' id='word_1_55' title='bbox 977 875 1446 955; x_wconf 86' lang='lat' dir='ltr'>subtraheret,</span> <span class='ocrx_word' id='word_1_56' title='bbox 1520 875 1647 943; x_wconf 78' lang='lat' dir='ltr'>hoc</span> <span class='ocrx_word' id='word_1_57' title='bbox 1697 874 1923 975; x_wconf 87' lang='lat' dir='ltr'>magis</span> <span class='ocrx_word' id='word_1_58' title='bbox 1970 896 2287 944; x_wconf 89' lang='lat' dir='ltr'>asserens</span> <span class='ocrx_word' id='word_1_59' title='bbox 2333 876 2759 966; x_wconf 84' lang='lat' dir='ltr'>Apostolicae</span> 
     </span>
     <span class='ocr_line' id='line_1_8' title="bbox 188 961 2752 1053; baseline 0.001 -24"><span class='ocrx_word' id='word_1_60' title='bbox 188 961 512 1051; x_wconf 84' lang='lat' dir='ltr'>dignitati</span> <span class='ocrx_word' id='word_1_61' title='bbox 562 984 773 1048; x_wconf 89' lang='lat' dir='ltr'>quam</span> <span class='ocrx_word' id='word_1_62' title='bbox 852 984 1020 1031; x_wconf 92' lang='lat' dir='ltr'>suae</span> <span class='ocrx_word' id='word_1_63' title='bbox 1076 985 1458 1053; x_wconf 78' lang='lat' dir='ltr'>congruere</span> <span class='ocrx_word' id='word_1_64' title='bbox 1521 963 1862 1052; x_wconf 78' lang='lat' dir='ltr'>parvitati.</span> <span class='ocrx_word' id='word_1_65' title='bbox 1916 968 2042 1032; x_wconf 87' lang='lat' dir='ltr'>Per</span> <span class='ocrx_word' id='word_1_66' title='bbox 2086 963 2315 1032; x_wconf 90' lang='lat' dir='ltr'>oleum</span> <span class='ocrx_word' id='word_1_67' title='bbox 2352 1018 2367 1045; x_wconf 93' lang='lat'>‚</span> <span class='ocrx_word' id='word_1_68' title='bbox 2421 965 2509 1033; x_wconf 91' lang='lat' dir='ltr'>ab</span> <span class='ocrx_word' id='word_1_69' title='bbox 2556 985 2635 1033; x_wconf 90' lang='lat' dir='ltr'>eo</span> <span class='ocrx_word' id='word_1_70' title='bbox 2682 965 2752 1033; x_wconf 90' lang='lat' dir='ltr'>in</span> 
     </span>
     <span class='ocr_line' id='line_1_9' title="bbox 190 1050 2757 1141; baseline 0 -21"><span class='ocrx_word' id='word_1_71' title='bbox 190 1055 415 1120; x_wconf 85' lang='lat' dir='ltr'>Coena</span> <span class='ocrx_word' id='word_1_72' title='bbox 450 1051 723 1119; x_wconf 86' lang='lat' dir='ltr'>Domini</span> <span class='ocrx_word' id='word_1_73' title='bbox 757 1064 1264 1132; x_wconf 88' lang='lat' dir='ltr'>consecratum,</span> <span class='ocrx_word' id='word_1_74' title='bbox 1318 1051 1525 1120; x_wconf 90' lang='lat' dir='ltr'>variis</span> <span class='ocrx_word' id='word_1_75' title='bbox 1585 1051 2043 1140; x_wconf 90' lang='lat' dir='ltr'>languoribus</span> <span class='ocrx_word' id='word_1_76' title='bbox 2090 1050 2369 1130; x_wconf 91' lang='lat' dir='ltr'>detenti,</span> <span class='ocrx_word' id='word_1_77' title='bbox 2426 1053 2757 1141; x_wconf 85' lang='lat' dir='ltr'>pristinae</span> 
     </span>
     <span class='ocr_line' id='line_1_10' title="bbox 189 1138 2749 1229; baseline 0.001 -21"><span class='ocrx_word' id='word_1_78' title='bbox 189 1139 489 1208; x_wconf 85' lang='lat' dir='ltr'>restituti</span> <span class='ocrx_word' id='word_1_79' title='bbox 543 1152 707 1209; x_wconf 90' lang='lat' dir='ltr'>sunt</span> <span class='ocrx_word' id='word_1_80' title='bbox 756 1139 1072 1208; x_wconf 89' lang='lat' dir='ltr'>sanitati:</span> <span class='ocrx_word' id='word_1_81' title='bbox 1131 1161 1393 1208; x_wconf 92' lang='lat' dir='ltr'>necnon</span> <span class='ocrx_word' id='word_1_82' title='bbox 1445 1152 1509 1207; x_wconf 90' lang='lat' dir='ltr'>et</span> <span class='ocrx_word' id='word_1_83' title='bbox 1557 1140 1917 1208; x_wconf 87' lang='lat' dir='ltr'>oculorum</span> <span class='ocrx_word' id='word_1_84' title='bbox 1960 1138 2257 1229; x_wconf 85' lang='lat' dir='ltr'>caligine</span> <span class='ocrx_word' id='word_1_85' title='bbox 2295 1141 2749 1222; x_wconf 88' lang='lat' dir='ltr'>obtenebrati,</span> 
     </span>
     <span class='ocr_line' id='line_1_11' title="bbox 190 1226 2164 1336; baseline 0 -41"><span class='ocrx_word' id='word_1_86' title='bbox 190 1227 409 1336; x_wconf 66' lang='lat' dir='ltr'>hujus</span> <span class='ocrx_word' id='word_1_87' title='bbox 452 1228 670 1295; x_wconf 90' lang='lat' dir='ltr'>sancti</span> <span class='ocrx_word' id='word_1_88' title='bbox 722 1226 854 1295; x_wconf 90' lang='lat' dir='ltr'>olei</span> <span class='ocrx_word' id='word_1_89' title='bbox 897 1227 1224 1296; x_wconf 86' lang='lat' dir='ltr'>unctione</span> <span class='ocrx_word' id='word_1_90' title='bbox 1264 1227 1707 1296; x_wconf 85' lang='lat' dir='ltr'>merebantur</span> <span class='ocrx_word' id='word_1_91' title='bbox 1756 1227 2164 1296; x_wconf 89' lang='lat' dir='ltr'>illuminari.</span> 
     </span>
    </p>

    <p class='ocr_par' dir='ltr' id='par_1_3' title="bbox 185 1316 2762 2443">
     <span class='ocr_line' id='line_1_12' title="bbox 277 1316 2758 1407; baseline 0.001 -23"><span class='ocrx_word' id='word_1_92' title='bbox 277 1321 313 1401; x_wconf 60' lang='grc' dir='ltr'>ς</span> <span class='ocrx_word' id='word_1_93' title='bbox 358 1319 528 1384; x_wconf 63' lang='grc'>20.</span> <span class='ocrx_word' id='word_1_94' title='bbox 583 1319 843 1403; x_wconf 83' lang='lat' dir='ltr'>Operae</span> <span class='ocrx_word' id='word_1_95' title='bbox 880 1316 1176 1403; x_wconf 87' lang='lat' dir='ltr'>pretium</span> <span class='ocrx_word' id='word_1_96' title='bbox 1211 1329 1311 1384; x_wconf 90' lang='lat' dir='ltr'>est</span> <span class='ocrx_word' id='word_1_97' title='bbox 1351 1316 1625 1397; x_wconf 88' lang='lat' dir='ltr'>inferre,</span> <span class='ocrx_word' id='word_1_98' title='bbox 1665 1316 1961 1401; x_wconf 89' lang='lat' dir='ltr'>qualiter</span> <span class='ocrx_word' id='word_1_99' title='bbox 2008 1316 2213 1385; x_wconf 88' lang='lat' dir='ltr'>etiam</span> <span class='ocrx_word' id='word_1_100' title='bbox 2251 1316 2404 1406; x_wconf 89' lang='lat' dir='ltr'>ipse</span> <span class='ocrx_word' id='word_1_101' title='bbox 2444 1338 2566 1407; x_wconf 91' lang='lat' dir='ltr'>per</span> <span class='ocrx_word' id='word_1_102' title='bbox 2608 1316 2758 1386; x_wconf 87' lang='lat' dir='ltr'>effi-</span> 
     </span>
     <span class='ocr_line' id='line_1_13' title="bbox 185 1403 2748 1495; baseline 0.001 -23"><span class='ocrx_word' id='word_1_103' title='bbox 185 1403 513 1472; x_wconf 87' lang='lat' dir='ltr'>cientiam</span> <span class='ocrx_word' id='word_1_104' title='bbox 567 1404 776 1493; x_wconf 83' lang='lat' dir='ltr'>hujus</span> <span class='ocrx_word' id='word_1_105' title='bbox 824 1404 1044 1473; x_wconf 84' lang='lat' dir='ltr'>sancti</span> <span class='ocrx_word' id='word_1_106' title='bbox 1096 1403 1409 1490; x_wconf 90' lang='lat' dir='ltr'>liquoris,</span> <span class='ocrx_word' id='word_1_107' title='bbox 1444 1417 1860 1473; x_wconf 88' lang='lat' dir='ltr'>consecutus</span> <span class='ocrx_word' id='word_1_108' title='bbox 1905 1415 2008 1472; x_wconf 89' lang='lat' dir='ltr'>est</span> <span class='ocrx_word' id='word_1_109' title='bbox 2047 1404 2340 1494; x_wconf 86' lang='lat' dir='ltr'>gratiam</span> <span class='ocrx_word' id='word_1_110' title='bbox 2376 1405 2748 1495; x_wconf 88' lang='lat' dir='ltr'>sospitatis.</span> 
     </span>
     <span class='ocr_line' id='line_1_14' title="bbox 186 1491 2749 1581; baseline 0.002 -23"><span class='ocrx_word' id='word_1_111' title='bbox 186 1491 501 1573; x_wconf 87' lang='lat' dir='ltr'>Quodam</span> <span class='ocrx_word' id='word_1_112' title='bbox 555 1492 816 1578; x_wconf 77' lang='lat' dir='ltr'>itaque·</span> <span class='ocrx_word' id='word_1_113' title='bbox 837 1505 1142 1581; x_wconf 90' lang='lat' dir='ltr'>tempore</span> <span class='ocrx_word' id='word_1_114' title='bbox 1175 1492 1261 1561; x_wconf 86' lang='lat' dir='ltr'>ad</span> <span class='ocrx_word' id='word_1_115' title='bbox 1307 1492 1799 1561; x_wconf 87' lang='lat' dir='ltr'>monasterium</span> <span class='ocrx_word' id='word_1_116' title='bbox 1853 1492 2400 1580; x_wconf 68' lang='lat' dir='ltr'>campidonense</span> <span class='ocrx_word' id='word_1_117' title='bbox 2447 1494 2749 1576; x_wconf 79' lang='lat' dir='ltr'>venienS,</span> 
     </span>
     <span class='ocr_line' id='line_1_15' title="bbox 190 1579 2757 1659; baseline 0.001 -10"><span class='ocrx_word' id='word_1_118' title='bbox 190 1591 379 1649; x_wconf 89' lang='lat' dir='ltr'>tanta</span> <span class='ocrx_word' id='word_1_119' title='bbox 429 1579 831 1649; x_wconf 82' lang='lat' dir='ltr'>infirmitate</span> <span class='ocrx_word' id='word_1_120' title='bbox 882 1580 1263 1659; x_wconf 86' lang='lat' dir='ltr'>tenebatur,</span> <span class='ocrx_word' id='word_1_121' title='bbox 1322 1593 1393 1649; x_wconf 93' lang='lat' dir='ltr'>ut</span> <span class='ocrx_word' id='word_1_122' title='bbox 1427 1602 1565 1649; x_wconf 91' lang='lat' dir='ltr'>non</span> <span class='ocrx_word' id='word_1_123' title='bbox 1615 1580 1753 1649; x_wconf 90' lang='lat' dir='ltr'>nisi</span> <span class='ocrx_word' id='word_1_124' title='bbox 1803 1580 1980 1648; x_wconf 91' lang='lat' dir='ltr'>inter</span> <span class='ocrx_word' id='word_1_125' title='bbox 2011 1579 2308 1649; x_wconf 86' lang='lat' dir='ltr'>aliorum</span> <span class='ocrx_word' id='word_1_126' title='bbox 2356 1603 2607 1653; x_wconf 91' lang='lat' dir='ltr'>manus</span> <span class='ocrx_word' id='word_1_127' title='bbox 2637 1604 2757 1651; x_wconf 90' lang='lat' dir='ltr'>su-</span> 
     </span>
     <span class='ocr_line' id='line_1_16' title="bbox 188 1667 2756 1760; baseline 0 -23"><span class='ocrx_word' id='word_1_128' title='bbox 188 1680 558 1747; x_wconf 83' lang='lat' dir='ltr'>stentatuS,</span> <span class='ocrx_word' id='word_1_129' title='bbox 626 1690 976 1754; x_wconf 90' lang='lat' dir='ltr'>quoquam</span> <span class='ocrx_word' id='word_1_130' title='bbox 1050 1682 1281 1758; x_wconf 90' lang='lat' dir='ltr'>posset</span> <span class='ocrx_word' id='word_1_131' title='bbox 1341 1690 1655 1757; x_wconf 86' lang='lat' dir='ltr'>gressum</span> <span class='ocrx_word' id='word_1_132' title='bbox 1713 1670 2004 1747; x_wconf 77' lang='lat' dir='ltr'>movere,</span> <span class='ocrx_word' id='word_1_133' title='bbox 2058 1667 2161 1736; x_wconf 85' lang='lat' dir='ltr'>vel</span> <span class='ocrx_word' id='word_1_134' title='bbox 2211 1668 2379 1754; x_wconf 90' lang='lat' dir='ltr'>quid</span> <span class='ocrx_word' id='word_1_135' title='bbox 2430 1670 2570 1737; x_wconf 91' lang='lat' dir='ltr'>cibi</span> <span class='ocrx_word' id='word_1_136' title='bbox 2633 1691 2756 1760; x_wconf 91' lang='lat' dir='ltr'>pro</span> 
     </span>
     <span class='ocr_line' id='line_1_17' title="bbox 191 1756 2754 1846; baseline -0 -20"><span class='ocrx_word' id='word_1_137' title='bbox 191 1756 615 1826; x_wconf 85' lang='lat' dir='ltr'>recreatione</span> <span class='ocrx_word' id='word_1_138' title='bbox 644 1757 896 1824; x_wconf 86' lang='lat' dir='ltr'>virium</span> <span class='ocrx_word' id='word_1_139' title='bbox 943 1756 1319 1846; x_wconf 89' lang='lat' dir='ltr'>percipere.</span> <span class='ocrx_word' id='word_1_140' title='bbox 1353 1762 1543 1826; x_wconf 91' lang='lat' dir='ltr'>Tunc</span> <span class='ocrx_word' id='word_1_141' title='bbox 1577 1757 1709 1825; x_wconf 91' lang='lat' dir='ltr'>sub</span> <span class='ocrx_word' id='word_1_142' title='bbox 1757 1756 1948 1825; x_wconf 88' lang='lat' dir='ltr'>omni</span> <span class='ocrx_word' id='word_1_143' title='bbox 1996 1756 2340 1825; x_wconf 88' lang='lat' dir='ltr'>celeritate</span> <span class='ocrx_word' id='word_1_144' title='bbox 2378 1760 2754 1845; x_wconf 79' lang='lat' dir='ltr'>Augustam</span> 
     </span>
     <span class='ocr_line' id='line_1_18' title="bbox 189 1844 2760 1933; baseline 0 -21"><span class='ocrx_word' id='word_1_145' title='bbox 189 1844 518 1913; x_wconf 88' lang='lat' dir='ltr'>mittitur:</span> <span class='ocrx_word' id='word_1_146' title='bbox 579 1844 808 1913; x_wconf 90' lang='lat' dir='ltr'>oleum</span> <span class='ocrx_word' id='word_1_147' title='bbox 860 1845 947 1911; x_wconf 89' lang='lat' dir='ltr'>ab</span> <span class='ocrx_word' id='word_1_148' title='bbox 980 1867 1058 1913; x_wconf 88' lang='lat' dir='ltr'>eo</span> <span class='ocrx_word' id='word_1_149' title='bbox 1107 1857 1610 1923; x_wconf 81' lang='lat' dir='ltr'>consecratum,</span> <span class='ocrx_word' id='word_1_150' title='bbox 1645 1844 1973 1913; x_wconf 87' lang='lat' dir='ltr'>defertur.</span> <span class='ocrx_word' id='word_1_151' title='bbox 2029 1850 2176 1926; x_wconf 85' lang='lat' dir='ltr'>Quo</span> <span class='ocrx_word' id='word_1_152' title='bbox 2216 1845 2284 1911; x_wconf 92' lang='lat' dir='ltr'>in</span> <span class='ocrx_word' id='word_1_153' title='bbox 2318 1844 2470 1933; x_wconf 90' lang='lat' dir='ltr'>ipsa</span> <span class='ocrx_word' id='word_1_154' title='bbox 2521 1856 2760 1915; x_wconf 88' lang='lat' dir='ltr'>sancta</span> 
     </span>
     <span class='ocr_line' id='line_1_19' title="bbox 194 1931 2760 2023; baseline 0 -23"><span class='ocrx_word' id='word_1_155' title='bbox 194 1937 625 2002; x_wconf 86' lang='lat' dir='ltr'>Pentecostes</span> <span class='ocrx_word' id='word_1_156' title='bbox 677 1931 935 2021; x_wconf 88' lang='lat' dir='ltr'>vigilia,</span> <span class='ocrx_word' id='word_1_157' title='bbox 977 1932 1145 2001; x_wconf 76' lang='lat' dir='ltr'>hora</span> <span class='ocrx_word' id='word_1_158' title='bbox 1189 1933 1326 2000; x_wconf 88' lang='lat' dir='ltr'>diei</span> <span class='ocrx_word' id='word_1_159' title='bbox 1379 1936 1561 2001; x_wconf 78' lang='lat' dir='ltr'>nona</span> <span class='ocrx_word' id='word_1_160' title='bbox 1612 1932 1989 2012; x_wconf 81' lang='lat' dir='ltr'>delibutuS‚</span> <span class='ocrx_word' id='word_1_161' title='bbox 2044 1934 2389 2005; x_wconf 89' lang='lat' dir='ltr'>intantum</span> <span class='ocrx_word' id='word_1_162' title='bbox 2438 1955 2555 2022; x_wconf 89' lang='lat' dir='ltr'>per</span> <span class='ocrx_word' id='word_1_163' title='bbox 2602 1955 2760 2023; x_wconf 92' lang='lat' dir='ltr'>gra-</span> 
     </span>
     <span class='ocr_line' id='line_1_20' title="bbox 196 2016 2762 2109; baseline 0 -20"><span class='ocrx_word' id='word_1_164' title='bbox 196 2021 363 2089; x_wconf 86' lang='lat' dir='ltr'>tiam</span> <span class='ocrx_word' id='word_1_165' title='bbox 420 2020 534 2089; x_wconf 92' lang='lat' dir='ltr'>Dei</span> <span class='ocrx_word' id='word_1_166' title='bbox 571 2034 811 2089; x_wconf 85' lang='lat' dir='ltr'>contra</span> <span class='ocrx_word' id='word_1_167' title='bbox 862 2042 1053 2109; x_wconf 88' lang='lat' dir='ltr'>spem</span> <span class='ocrx_word' id='word_1_168' title='bbox 1106 2021 1420 2089; x_wconf 89' lang='lat' dir='ltr'>omnium</span> <span class='ocrx_word' id='word_1_169' title='bbox 1493 2021 1723 2088; x_wconf 89' lang='lat' dir='ltr'>subito</span> <span class='ocrx_word' id='word_1_170' title='bbox 1771 2016 2155 2100; x_wconf 77' lang='lat' dir='ltr'>convaluit,</span> <span class='ocrx_word' id='word_1_171' title='bbox 2214 2033 2287 2089; x_wconf 91' lang='lat' dir='ltr'>ut</span> <span class='ocrx_word' id='word_1_172' title='bbox 2332 2042 2404 2088; x_wconf 87' lang='lat' dir='ltr'>se</span> <span class='ocrx_word' id='word_1_173' title='bbox 2452 2021 2762 2090; x_wconf 87' lang='lat' dir='ltr'>reficeret</span> 
     </span>
     <span class='ocr_line' id='line_1_21' title="bbox 192 2106 2753 2197; baseline 0.001 -21"><span class='ocrx_word' id='word_1_174' title='bbox 192 2108 373 2187; x_wconf 90' lang='lat' dir='ltr'>cib0,</span> <span class='ocrx_word' id='word_1_175' title='bbox 432 2130 510 2176; x_wconf 92' lang='lat' dir='ltr'>ac</span> <span class='ocrx_word' id='word_1_176' title='bbox 573 2131 732 2177; x_wconf 84' lang='lat' dir='ltr'>cum</span> <span class='ocrx_word' id='word_1_177' title='bbox 804 2106 1137 2179; x_wconf 86' lang='lat' dir='ltr'>fratribus</span> <span class='ocrx_word' id='word_1_178' title='bbox 1186 2108 1612 2197; x_wconf 88' lang='lat' dir='ltr'>vespertinae</span> <span class='ocrx_word' id='word_1_179' title='bbox 1662 2109 1901 2195; x_wconf 83' lang='lat' dir='ltr'>synaxi</span> <span class='ocrx_word' id='word_1_180' title='bbox 1952 2109 2324 2178; x_wconf 86' lang='lat' dir='ltr'>incolumis</span> <span class='ocrx_word' id='word_1_181' title='bbox 2374 2109 2753 2189; x_wconf 89' lang='lat' dir='ltr'>interesset,</span> 
     </span>
     <span class='ocr_line' id='line_1_22' title="bbox 194 2196 2760 2286; baseline 0 -21"><span class='ocrx_word' id='word_1_182' title='bbox 194 2208 544 2281; x_wconf 87' lang='lat' dir='ltr'>totamque</span> <span class='ocrx_word' id='word_1_183' title='bbox 582 2197 905 2265; x_wconf 89' lang='lat' dir='ltr'>instantis</span> <span class='ocrx_word' id='word_1_184' title='bbox 954 2196 1340 2266; x_wconf 86' lang='lat' dir='ltr'>festivitatis</span> <span class='ocrx_word' id='word_1_185' title='bbox 1389 2197 1571 2265; x_wconf 93' lang='lat' dir='ltr'>diem</span> <span class='ocrx_word' id='word_1_186' title='bbox 1630 2196 1926 2286; x_wconf 88' lang='lat' dir='ltr'>spiritali</span> <span class='ocrx_word' id='word_1_187' title='bbox 1982 2197 2406 2266; x_wconf 87' lang='lat' dir='ltr'>‘ucunditate</span> <span class='ocrx_word' id='word_1_188' title='bbox 2454 2198 2760 2266; x_wconf 90' lang='lat' dir='ltr'>celebra-</span> 
     </span>
     <span class='ocr_line' id='line_1_23' title="bbox 192 2285 2757 2376; baseline 0 -23"><span class='ocrx_word' id='word_1_189' title='bbox 192 2297 318 2353; x_wconf 93' lang='lat' dir='ltr'>ret.</span> <span class='ocrx_word' id='word_1_190' title='bbox 376 2286 622 2369; x_wconf 86' lang='lat' dir='ltr'>Sicque</span> <span class='ocrx_word' id='word_1_191' title='bbox 667 2285 996 2353; x_wconf 87' lang='lat' dir='ltr'>omnibus</span> <span class='ocrx_word' id='word_1_192' title='bbox 1046 2285 1114 2352; x_wconf 92' lang='lat' dir='ltr'>in</span> <span class='ocrx_word' id='word_1_193' title='bbox 1168 2306 1540 2354; x_wconf 86' lang='lat' dir='ltr'>commune</span> <span class='ocrx_word' id='word_1_194' title='bbox 1587 2285 1966 2374; x_wconf 87' lang='lat' dir='ltr'>gratulanti</span> <span class='ocrx_word' id='word_1_195' title='bbox 2021 2307 2138 2364; x_wconf 83' lang='lat' dir='ltr'>uS‚</span> <span class='ocrx_word' id='word_1_196' title='bbox 2194 2285 2341 2374; x_wconf 90' lang='lat' dir='ltr'>ipse</span> <span class='ocrx_word' id='word_1_197' title='bbox 2401 2307 2639 2376; x_wconf 89' lang='lat' dir='ltr'>sospes</span> <span class='ocrx_word' id='word_1_198' title='bbox 2687 2286 2757 2353; x_wconf 89' lang='lat' dir='ltr'>in</span> 
     </span>
     <span class='ocr_line' id='line_1_24' title="bbox 205 2372 1898 2443; baseline -0.001 -1"><span class='ocrx_word' id='word_1_199' title='bbox 205 2394 405 2443; x_wconf 89' lang='lat' dir='ltr'>suam</span> <span class='ocrx_word' id='word_1_200' title='bbox 458 2372 687 2441; x_wconf 89' lang='lat' dir='ltr'>sedem</span> <span class='ocrx_word' id='word_1_201' title='bbox 738 2385 839 2443; x_wconf 89' lang='lat' dir='ltr'>est</span> <span class='ocrx_word' id='word_1_202' title='bbox 888 2394 1227 2441; x_wconf 88' lang='lat' dir='ltr'>reversus.</span> <span class='ocrx_word' id='word_1_203' title='bbox 1679 2388 1683 2396; x_wconf 89' lang='grc'><strong>“</strong></span> <span class='ocrx_word' id='word_1_204' title='bbox 1889 2433 1898 2441; x_wconf 95' lang='grc'><strong>.</strong></span> 
     </span>
    </p>

    <p class='ocr_par' dir='ltr' id='par_1_4' title="bbox 189 2459 2776 4495">
     <span class='ocr_line' id='line_1_25' title="bbox 285 2459 2762 2556; baseline 0 -25"><span class='ocrx_word' id='word_1_205' title='bbox 285 2467 321 2548; x_wconf 62' lang='grc' dir='ltr'><strong>ξ</strong></span> <span class='ocrx_word' id='word_1_206' title='bbox 377 2466 520 2533; x_wconf 65' lang='lat'>⁶21.</span> <span class='ocrx_word' id='word_1_207' title='bbox 577 2460 887 2544; x_wconf 87' lang='lat' dir='ltr'>Quodam</span> <span class='ocrx_word' id='word_1_208' title='bbox 940 2474 1246 2556; x_wconf 61' lang='lat' dir='ltr'>tempore</span> <span class='ocrx_word' id='word_1_209' title='bbox 1295 2482 1454 2531; x_wconf 88' lang='lat' dir='ltr'>cum</span> <span class='ocrx_word' id='word_1_210' title='bbox 1508 2461 1611 2528; x_wconf 90' lang='lat' dir='ltr'>vir</span> <span class='ocrx_word' id='word_1_211' title='bbox 1651 2461 1768 2529; x_wconf 89' lang='lat' dir='ltr'>Dei</span> <span class='ocrx_word' id='word_1_212' title='bbox 1826 2459 2178 2530; x_wconf 86' lang='lat' dir='ltr'>Vindicem</span> <span class='ocrx_word' id='word_1_213' title='bbox 2233 2460 2524 2530; x_wconf 85' lang='lat' dir='ltr'>fluvium</span> <span class='ocrx_word' id='word_1_214' title='bbox 2583 2473 2762 2531; x_wconf 90' lang='lat' dir='ltr'>esset</span> 
     </span>
     <span class='ocr_line' id='line_1_26' title="bbox 199 2549 2761 2638; baseline 0 -20"><span class='ocrx_word' id='word_1_215' title='bbox 199 2550 646 2630; x_wconf 88' lang='lat' dir='ltr'>transiturus,</span> <span class='ocrx_word' id='word_1_216' title='bbox 702 2550 1048 2619; x_wconf 85' lang='lat' dir='ltr'>intantum</span> <span class='ocrx_word' id='word_1_217' title='bbox 1114 2549 1290 2618; x_wconf 88' lang='lat' dir='ltr'>alvei</span> <span class='ocrx_word' id='word_1_218' title='bbox 1337 2550 1489 2638; x_wconf 86' lang='lat' dir='ltr'>ejus</span> <span class='ocrx_word' id='word_1_219' title='bbox 1536 2572 1823 2618; x_wconf 86' lang='lat' dir='ltr'>cursum</span> <span class='ocrx_word' id='word_1_220' title='bbox 1887 2551 2267 2618; x_wconf 81' lang='lat' dir='ltr'>excrevisse</span> <span class='ocrx_word' id='word_1_221' title='bbox 2332 2550 2630 2630; x_wconf 86' lang='lat' dir='ltr'>invenit,</span> <span class='ocrx_word' id='word_1_222' title='bbox 2684 2561 2761 2618; x_wconf 88' lang='lat' dir='ltr'>ut</span> 
     </span>
     <span class='ocr_line' id='line_1_27' title="bbox 192 2637 2758 2737; baseline 0 -32"><span class='ocrx_word' id='word_1_223' title='bbox 192 2638 433 2707; x_wconf 89' lang='lat' dir='ltr'>nullus</span> <span class='ocrx_word' id='word_1_224' title='bbox 482 2660 769 2707; x_wconf 92' lang='lat' dir='ltr'>suorum</span> <span class='ocrx_word' id='word_1_225' title='bbox 819 2639 1110 2707; x_wconf 89' lang='lat' dir='ltr'>auderet</span> <span class='ocrx_word' id='word_1_226' title='bbox 1162 2638 1454 2706; x_wconf 90' lang='lat' dir='ltr'>transire</span> <span class='ocrx_word' id='word_1_227' title='bbox 1516 2659 1639 2737; x_wconf 90' lang='lat' dir='ltr'>per</span> <span class='ocrx_word' id='word_1_228' title='bbox 1713 2637 1941 2706; x_wconf 88' lang='lat' dir='ltr'>illum.</span> <span class='ocrx_word' id='word_1_229' title='bbox 2009 2643 2197 2705; x_wconf 87' lang='lat' dir='ltr'>Tunc</span> <span class='ocrx_word' id='word_1_230' title='bbox 2248 2637 2614 2710; x_wconf 17' lang='lat' dir='ltr'>sociisfsui</span> <span class='ocrx_word' id='word_1_231' title='bbox 2653 2637 2758 2706; x_wconf 89' lang='lat' dir='ltr'>iti·</span> 
     </span>
     <span class='ocr_line' id='line_1_28' title="bbox 198 2725 2764 2814; baseline -0.001 -19"><span class='ocrx_word' id='word_1_232' title='bbox 198 2727 382 2797; x_wconf 83' lang='lat' dir='ltr'>neris</span> <span class='ocrx_word' id='word_1_233' title='bbox 414 2727 858 2806; x_wconf 89' lang='lat' dir='ltr'>abeuntibus,</span> <span class='ocrx_word' id='word_1_234' title='bbox 900 2740 964 2795; x_wconf 87' lang='lat' dir='ltr'>et</span> <span class='ocrx_word' id='word_1_235' title='bbox 1000 2726 1277 2806; x_wconf 85' lang='lat' dir='ltr'>vadum,</span> <span class='ocrx_word' id='word_1_236' title='bbox 1319 2727 1546 2795; x_wconf 80' lang='lat' dir='ltr'>sicubi</span> <span class='ocrx_word' id='word_1_237' title='bbox 1585 2738 1862 2814; x_wconf 88' lang='lat' dir='ltr'>possent</span> <span class='ocrx_word' id='word_1_238' title='bbox 1913 2726 2232 2814; x_wconf 88' lang='lat' dir='ltr'>reperire,</span> <span class='ocrx_word' id='word_1_239' title='bbox 2269 2725 2353 2793; x_wconf 90' lang='lat' dir='ltr'>ad</span> <span class='ocrx_word' id='word_1_240' title='bbox 2400 2737 2764 2795; x_wconf 90' lang='lat' dir='ltr'>transeun-</span> 
     </span>
     <span class='ocr_line' id='line_1_29' title="bbox 189 2813 2758 2904; baseline 0 -22"><span class='ocrx_word' id='word_1_241' title='bbox 189 2813 358 2882; x_wconf 88' lang='lat' dir='ltr'>dum</span> <span class='ocrx_word' id='word_1_242' title='bbox 408 2815 923 2901; x_wconf 87' lang='lat' dir='ltr'>quaerentibus,</span> <span class='ocrx_word' id='word_1_243' title='bbox 981 2816 1126 2904; x_wconf 86' lang='lat' dir='ltr'>ipse</span> <span class='ocrx_word' id='word_1_244' title='bbox 1159 2836 1319 2883; x_wconf 88' lang='lat' dir='ltr'>cum</span> <span class='ocrx_word' id='word_1_245' title='bbox 1353 2836 1494 2882; x_wconf 92' lang='lat' dir='ltr'>uno</span> <span class='ocrx_word' id='word_1_246' title='bbox 1523 2814 1775 2883; x_wconf 90' lang='lat' dir='ltr'>clerico</span> <span class='ocrx_word' id='word_1_247' title='bbox 1823 2814 2015 2883; x_wconf 90' lang='lat' dir='ltr'>solus</span> <span class='ocrx_word' id='word_1_248' title='bbox 2051 2815 2405 2896; x_wconf 87' lang='lat' dir='ltr'>remansit,</span> <span class='ocrx_word' id='word_1_249' title='bbox 2443 2836 2523 2883; x_wconf 88' lang='lat' dir='ltr'>ac</span> <span class='ocrx_word' id='word_1_250' title='bbox 2558 2836 2758 2904; x_wconf 89' lang='lat' dir='ltr'>prae-</span> 
     </span>
     <span class='ocr_line' id='line_1_30' title="bbox 191 2902 2758 2991; baseline 0.001 -22"><span class='ocrx_word' id='word_1_251' title='bbox 191 2902 454 2971; x_wconf 83' lang='lat' dir='ltr'>dictum</span> <span class='ocrx_word' id='word_1_252' title='bbox 506 2903 797 2972; x_wconf 86' lang='lat' dir='ltr'>fluvium</span> <span class='ocrx_word' id='word_1_253' title='bbox 831 2904 981 2971; x_wconf 89' lang='lat' dir='ltr'>sine</span> <span class='ocrx_word' id='word_1_254' title='bbox 1029 2903 1262 2988; x_wconf 86' lang='lat' dir='ltr'>aliqua</span> <span class='ocrx_word' id='word_1_255' title='bbox 1314 2902 1768 2991; x_wconf 87' lang='lat' dir='ltr'>trepidatione</span> <span class='ocrx_word' id='word_1_256' title='bbox 1802 2902 1871 2970; x_wconf 91' lang='lat' dir='ltr'>in</span> <span class='ocrx_word' id='word_1_257' title='bbox 1915 2903 2195 2971; x_wconf 89' lang='lat' dir='ltr'>nomine</span> <span class='ocrx_word' id='word_1_258' title='bbox 2229 2903 2495 2970; x_wconf 88' lang='lat' dir='ltr'>Domini</span> <span class='ocrx_word' id='word_1_259' title='bbox 2530 2916 2758 2971; x_wconf 90' lang='lat' dir='ltr'>trans-</span> 
     </span>
     <span class='ocr_line' id='line_1_31' title="bbox 191 2990 2763 3081; baseline 0 -23"><span class='ocrx_word' id='word_1_260' title='bbox 191 2991 334 3059; x_wconf 86' lang='lat' dir='ltr'>ivit.</span> <span class='ocrx_word' id='word_1_261' title='bbox 408 2997 484 3059; x_wconf 88' lang='lat' dir='ltr'>Et</span> <span class='ocrx_word' id='word_1_262' title='bbox 532 3004 609 3060; x_wconf 90' lang='lat' dir='ltr'>ut</span> <span class='ocrx_word' id='word_1_263' title='bbox 659 2992 879 3081; x_wconf 87' lang='lat' dir='ltr'>magis</span> <span class='ocrx_word' id='word_1_264' title='bbox 930 2990 1235 3070; x_wconf 79' lang='lat' dir='ltr'>mireriS,</span> <span class='ocrx_word' id='word_1_265' title='bbox 1303 2991 1599 3059; x_wconf 87' lang='lat' dir='ltr'>clericus</span> <span class='ocrx_word' id='word_1_266' title='bbox 1663 2991 1890 3059; x_wconf 91' lang='lat' dir='ltr'>altiori</span> <span class='ocrx_word' id='word_1_267' title='bbox 1955 2991 2223 3059; x_wconf 79' lang='lat' dir='ltr'>caballo</span> <span class='ocrx_word' id='word_1_268' title='bbox 2295 2992 2654 3068; x_wconf 84' lang='lat' dir='ltr'>residens,</span> <span class='ocrx_word' id='word_1_269' title='bbox 2721 3012 2763 3059; x_wconf 92' lang='lat' dir='ltr'>a</span> 
     </span>
     <span class='ocr_line' id='line_1_32' title="bbox 191 3078 2761 3169; baseline 0 -21"><span class='ocrx_word' id='word_1_270' title='bbox 191 3079 475 3167; x_wconf 85' lang='lat' dir='ltr'>cingulo</span> <span class='ocrx_word' id='word_1_271' title='bbox 509 3079 831 3149; x_wconf 87' lang='lat' dir='ltr'>deorsum</span> <span class='ocrx_word' id='word_1_272' title='bbox 884 3101 956 3147; x_wconf 90' lang='lat' dir='ltr'>se</span> <span class='ocrx_word' id='word_1_273' title='bbox 1006 3091 1221 3147; x_wconf 87' lang='lat' dir='ltr'>totum</span> <span class='ocrx_word' id='word_1_274' title='bbox 1258 3084 1437 3163; x_wconf 70' lang='lat' dir='ltr'>aqua</span> <span class='ocrx_word' id='word_1_275' title='bbox 1476 3078 1808 3146; x_wconf 82' lang='lat' dir='ltr'>infusum:</span> <span class='ocrx_word' id='word_1_276' title='bbox 1859 3078 1944 3147; x_wconf 93' lang='lat' dir='ltr'>de</span> <span class='ocrx_word' id='word_1_277' title='bbox 1979 3080 2300 3169; x_wconf 84' lang='lat' dir='ltr'>Episcopi</span> <span class='ocrx_word' id='word_1_278' title='bbox 2339 3092 2567 3148; x_wconf 90' lang='lat' dir='ltr'>autem</span> <span class='ocrx_word' id='word_1_279' title='bbox 2606 3101 2761 3148; x_wconf 86' lang='lat' dir='ltr'>soc-</span> 
     </span>
     <span class='ocr_line' id='line_1_33' title="bbox 191 3166 2759 3266; baseline 0 -31"><span class='ocrx_word' id='word_1_280' title='bbox 191 3168 294 3235; x_wconf 88' lang='lat' dir='ltr'>cis</span> <span class='ocrx_word' id='word_1_281' title='bbox 333 3189 370 3234; x_wconf 93' lang='lat' dir='ltr'>e</span> <span class='ocrx_word' id='word_1_282' title='bbox 418 3189 581 3256; x_wconf 88' lang='lat' dir='ltr'>sago</span> <span class='ocrx_word' id='word_1_283' title='bbox 630 3167 826 3236; x_wconf 80' lang='lat' dir='ltr'>factis</span> <span class='ocrx_word' id='word_1_284' title='bbox 872 3188 1046 3252; x_wconf 91' lang='lat' dir='ltr'>quos</span> <span class='ocrx_word' id='word_1_285' title='bbox 1082 3181 1359 3256; x_wconf 84' lang='lat' dir='ltr'>propter</span> <span class='ocrx_word' id='word_1_286' title='bbox 1407 3166 1627 3266; x_wconf 85' lang='lat' dir='ltr'>frigus</span> <span class='ocrx_word' id='word_1_287' title='bbox 1678 3166 2020 3247; x_wconf 86' lang='lat' dir='ltr'>induerat,</span> <span class='ocrx_word' id='word_1_288' title='bbox 2078 3189 2202 3236; x_wconf 90' lang='lat' dir='ltr'>nec</span> <span class='ocrx_word' id='word_1_289' title='bbox 2254 3167 2495 3237; x_wconf 90' lang='lat' dir='ltr'>saltem</span> <span class='ocrx_word' id='word_1_290' title='bbox 2533 3189 2759 3236; x_wconf 87' lang='lat' dir='ltr'>unum</span> 
     </span>
     <span class='ocr_line' id='line_1_34' title="bbox 194 3253 2759 3345; baseline 0.001 -24"><span class='ocrx_word' id='word_1_291' title='bbox 194 3254 419 3345; x_wconf 90' lang='lat' dir='ltr'>pilum</span> <span class='ocrx_word' id='word_1_292' title='bbox 474 3253 931 3322; x_wconf 84' lang='lat' dir='ltr'>madefactum</span> <span class='ocrx_word' id='word_1_293' title='bbox 986 3255 1351 3343; x_wconf 78' lang='lat' dir='ltr'>perspexit.</span> <span class='ocrx_word' id='word_1_294' title='bbox 1408 3259 1529 3322; x_wconf 79' lang='lat' dir='ltr'>Cui</span> <span class='ocrx_word' id='word_1_295' title='bbox 1579 3254 1774 3322; x_wconf 87' lang='lat' dir='ltr'>valde</span> <span class='ocrx_word' id='word_1_296' title='bbox 1823 3277 2031 3344; x_wconf 89' lang='lat' dir='ltr'>super</span> <span class='ocrx_word' id='word_1_297' title='bbox 2065 3256 2192 3324; x_wconf 85' lang='lat' dir='ltr'>hoc</span> <span class='ocrx_word' id='word_1_298' title='bbox 2240 3255 2617 3324; x_wconf 88' lang='lat' dir='ltr'>admiranti</span> <span class='ocrx_word' id='word_1_299' title='bbox 2655 3256 2759 3323; x_wconf 92' lang='lat' dir='ltr'>in-</span> 
     </span>
     <span class='ocr_line' id='line_1_35' title="bbox 196 3341 2760 3423; baseline -0.001 -11"><span class='ocrx_word' id='word_1_300' title='bbox 196 3341 607 3423; x_wconf 81' lang='lat' dir='ltr'>terminatus</span> <span class='ocrx_word' id='word_1_301' title='bbox 654 3353 777 3422; x_wconf 89' lang='lat' dir='ltr'>est,</span> <span class='ocrx_word' id='word_1_302' title='bbox 816 3343 1095 3411; x_wconf 88' lang='lat' dir='ltr'>dicens:</span> <span class='ocrx_word' id='word_1_303' title='bbox 1137 3348 1372 3413; x_wconf 79' lang='lat' dir='ltr'>«Cave.</span> <span class='ocrx_word' id='word_1_304' title='bbox 1432 3364 1536 3409; x_wconf 92' lang='lat' dir='ltr'>me</span> <span class='ocrx_word' id='word_1_305' title='bbox 1585 3344 1815 3411; x_wconf 84' lang='lat' dir='ltr'>adhuc</span> <span class='ocrx_word' id='word_1_306' title='bbox 1867 3357 2186 3413; x_wconf 87' lang='lat' dir='ltr'>manente</span> <span class='ocrx_word' id='word_1_307' title='bbox 2236 3344 2303 3412; x_wconf 90' lang='lat' dir='ltr'>in</span> <span class='ocrx_word' id='word_1_308' title='bbox 2357 3366 2587 3418; x_wconf 87' lang='lat' dir='ltr'>carne,</span> <span class='ocrx_word' id='word_1_309' title='bbox 2629 3344 2760 3412; x_wconf 89' lang='lat' dir='ltr'>hoc</span> 
     </span>
     <span class='ocr_line' id='line_1_36' title="bbox 196 3429 2766 3520; baseline 0 -20"><span class='ocrx_word' id='word_1_310' title='bbox 196 3429 412 3500; x_wconf 88' lang='lat' dir='ltr'>alicui</span> <span class='ocrx_word' id='word_1_311' title='bbox 460 3429 719 3500; x_wconf 89' lang='lat' dir='ltr'>dicere:</span> <span class='ocrx_word' id='word_1_312' title='bbox 796 3431 1209 3500; x_wconf 88' lang='lat' dir='ltr'>humilitatis</span> <span class='ocrx_word' id='word_1_313' title='bbox 1262 3430 1668 3519; x_wconf 85' lang='lat' dir='ltr'>magistrum</span> <span class='ocrx_word' id='word_1_314' title='bbox 1729 3452 2024 3517; x_wconf 88' lang='lat' dir='ltr'>sequens</span> <span class='ocrx_word' id='word_1_315' title='bbox 2059 3431 2181 3517; x_wconf 87' lang='lat' dir='ltr'>qui</span> <span class='ocrx_word' id='word_1_316' title='bbox 2242 3431 2327 3499; x_wconf 93' lang='lat' dir='ltr'>de</span> <span class='ocrx_word' id='word_1_317' title='bbox 2394 3432 2766 3520; x_wconf 90' lang='lat' dir='ltr'>semetipso</span> 
     </span>
     <span class='ocr_line' id='line_1_37' title="bbox 196 3517 2767 3607; baseline 0 -19"><span class='ocrx_word' id='word_1_318' title='bbox 196 3517 566 3606; x_wconf 86' lang='lat' dir='ltr'>discipulis</span> <span class='ocrx_word' id='word_1_319' title='bbox 630 3519 999 3607; x_wconf 90' lang='lat' dir='ltr'>praecepit,</span> <span class='ocrx_word' id='word_1_320' title='bbox 1053 3532 1130 3585; x_wconf 91' lang='lat' dir='ltr'>ut</span> <span class='ocrx_word' id='word_1_321' title='bbox 1178 3518 1512 3586; x_wconf 89' lang='lat' dir='ltr'>visionem</span> <span class='ocrx_word' id='word_1_322' title='bbox 1562 3540 1774 3603; x_wconf 91' lang='lat' dir='ltr'>quam</span> <span class='ocrx_word' id='word_1_323' title='bbox 1839 3519 2209 3598; x_wconf 85' lang='lat' dir='ltr'>vidissent,</span> <span class='ocrx_word' id='word_1_324' title='bbox 2267 3519 2528 3586; x_wconf 87' lang='lat' dir='ltr'>nemini</span> <span class='ocrx_word' id='word_1_325' title='bbox 2579 3519 2767 3588; x_wconf 89' lang='lat' dir='ltr'>dice-</span> 
     </span>
     <span class='ocr_line' id='line_1_38' title="bbox 202 3606 2769 3696; baseline -0.001 -20"><span class='ocrx_word' id='word_1_326' title='bbox 202 3619 380 3686; x_wconf 87' lang='lat' dir='ltr'>rent,</span> <span class='ocrx_word' id='word_1_327' title='bbox 436 3606 655 3674; x_wconf 86' lang='lat' dir='ltr'>donec</span> <span class='ocrx_word' id='word_1_328' title='bbox 712 3607 928 3676; x_wconf 88' lang='lat' dir='ltr'>Filius</span> <span class='ocrx_word' id='word_1_329' title='bbox 980 3606 1285 3674; x_wconf 83' lang='lat' dir='ltr'>hominis</span> <span class='ocrx_word' id='word_1_330' title='bbox 1334 3629 1375 3674; x_wconf 89' lang='lat' dir='ltr'>a</span> <span class='ocrx_word' id='word_1_331' title='bbox 1426 3607 1717 3674; x_wconf 88' lang='lat' dir='ltr'>mortuis</span> <span class='ocrx_word' id='word_1_332' title='bbox 1754 3619 2158 3696; x_wconf 89' lang='lat' dir='ltr'>resurgeret.</span> <span class='ocrx_word' id='word_1_333' title='bbox 2196 3613 2337 3674; x_wconf 88' lang='lat' dir='ltr'>Tua</span> <span class='ocrx_word' id='word_1_334' title='bbox 2387 3619 2552 3674; x_wconf 90' lang='lat' dir='ltr'>sunt</span> <span class='ocrx_word' id='word_1_335' title='bbox 2601 3608 2769 3676; x_wconf 85' lang='lat' dir='ltr'>haec</span> 
     </span>
     <span class='ocr_line' id='line_1_39' title="bbox 195 3693 2769 3784; baseline -0.001 -18"><span class='ocrx_word' id='word_1_336' title='bbox 195 3719 238 3766; x_wconf 94' lang='lat' dir='ltr'>o</span> <span class='ocrx_word' id='word_1_337' title='bbox 288 3695 549 3764; x_wconf 86' lang='lat' dir='ltr'>Christe</span> <span class='ocrx_word' id='word_1_338' title='bbox 596 3717 843 3784; x_wconf 88' lang='lat' dir='ltr'>opera,</span> <span class='ocrx_word' id='word_1_339' title='bbox 905 3707 1179 3762; x_wconf 89' lang='lat' dir='ltr'>tuarum</span> <span class='ocrx_word' id='word_1_340' title='bbox 1244 3694 1622 3783; x_wconf 89' lang='lat' dir='ltr'>gratiarum</span> <span class='ocrx_word' id='word_1_341' title='bbox 1677 3693 1808 3761; x_wconf 89' lang='lat' dir='ltr'>insi</span> <span class='ocrx_word' id='word_1_342' title='bbox 1869 3694 1982 3761; x_wconf 89' lang='lat' dir='ltr'>nia</span> <span class='ocrx_word' id='word_1_343' title='bbox 2029 3694 2149 3780; x_wconf 92' lang='lat' dir='ltr'>qui</span> <span class='ocrx_word' id='word_1_344' title='bbox 2203 3695 2270 3761; x_wconf 89' lang='lat' dir='ltr'>in</span> <span class='ocrx_word' id='word_1_345' title='bbox 2323 3695 2582 3763; x_wconf 89' lang='lat' dir='ltr'>sanctis</span> <span class='ocrx_word' id='word_1_346' title='bbox 2628 3695 2769 3765; x_wconf 90' lang='lat' dir='ltr'>tuis</span> 
     </span>
     <span class='ocr_line' id='line_1_40' title="bbox 193 3781 2770 3869; baseline -0 -16"><span class='ocrx_word' id='word_1_347' title='bbox 193 3785 403 3853; x_wconf 89' lang='lat' dir='ltr'>etiam</span> <span class='ocrx_word' id='word_1_348' title='bbox 456 3804 643 3852; x_wconf 86' lang='lat' dir='ltr'>nunc</span> <span class='ocrx_word' id='word_1_349' title='bbox 692 3784 975 3869; x_wconf 90' lang='lat' dir='ltr'>antiqua</span> <span class='ocrx_word' id='word_1_350' title='bbox 1021 3804 1387 3852; x_wconf 88' lang='lat' dir='ltr'>coruscare</span> <span class='ocrx_word' id='word_1_351' title='bbox 1435 3781 1607 3850; x_wconf 84' lang='lat' dir='ltr'>facis</span> <span class='ocrx_word' id='word_1_352' title='bbox 1648 3782 1821 3849; x_wconf 88' lang='lat' dir='ltr'>mira</span> <span class='ocrx_word' id='word_1_353' title='bbox 1879 3781 2020 3850; x_wconf 90' lang='lat' dir='ltr'>ilia.</span> <span class='ocrx_word' id='word_1_354' title='bbox 2075 3782 2205 3864; x_wconf 88' lang='lat' dir='ltr'>Qui</span> <span class='ocrx_word' id='word_1_355' title='bbox 2253 3782 2438 3849; x_wconf 90' lang='lat' dir='ltr'>enim</span> <span class='ocrx_word' id='word_1_356' title='bbox 2494 3783 2595 3851; x_wconf 90' lang='lat' dir='ltr'>illi</span> <span class='ocrx_word' id='word_1_357' title='bbox 2643 3805 2770 3852; x_wconf 90' lang='lat' dir='ltr'>an-</span> 
     </span>
     <span class='ocr_line' id='line_1_41' title="bbox 194 3869 2771 3960; baseline -0.001 -18"><span class='ocrx_word' id='word_1_358' title='bbox 194 3874 389 3959; x_wconf 87' lang='lat' dir='ltr'>tiquo</span> <span class='ocrx_word' id='word_1_359' title='bbox 438 3872 907 3940; x_wconf 78' lang='lat' dir='ltr'>Hebraeorum</span> <span class='ocrx_word' id='word_1_360' title='bbox 978 3870 1235 3960; x_wconf 91' lang='lat' dir='ltr'>populo</span> <span class='ocrx_word' id='word_1_361' title='bbox 1284 3870 1637 3956; x_wconf 92' lang='lat' dir='ltr'>quondam</span> <span class='ocrx_word' id='word_1_362' title='bbox 1692 3869 1913 3938; x_wconf 89' lang='lat' dir='ltr'>diviso</span> <span class='ocrx_word' id='word_1_363' title='bbox 1965 3870 2136 3938; x_wconf 90' lang='lat' dir='ltr'>mari</span> <span class='ocrx_word' id='word_1_364' title='bbox 2206 3869 2415 3939; x_wconf 90' lang='lat' dir='ltr'>rubro</span> <span class='ocrx_word' id='word_1_365' title='bbox 2491 3872 2771 3940; x_wconf 89' lang='lat' dir='ltr'>aridum</span> 
     </span>
     <span class='ocr_line' id='line_1_42' title="bbox 195 3958 2771 4051; baseline -0.001 -21"><span class='ocrx_word' id='word_1_366' title='bbox 195 3964 325 4031; x_wconf 90' lang='lat' dir='ltr'>iter</span> <span class='ocrx_word' id='word_1_367' title='bbox 378 3960 801 4051; x_wconf 88' lang='lat' dir='ltr'>praebuisti:</span> <span class='ocrx_word' id='word_1_368' title='bbox 868 3972 941 4030; x_wconf 89' lang='lat' dir='ltr'>tu</span> <span class='ocrx_word' id='word_1_369' title='bbox 996 3960 1183 4028; x_wconf 84' lang='lat' dir='ltr'>hunc</span> <span class='ocrx_word' id='word_1_370' title='bbox 1244 3958 1586 4027; x_wconf 87' lang='lat' dir='ltr'>famulum</span> <span class='ocrx_word' id='word_1_371' title='bbox 1656 3972 1855 4027; x_wconf 90' lang='lat' dir='ltr'>tuum</span> <span class='ocrx_word' id='word_1_372' title='bbox 1918 3981 2040 4047; x_wconf 91' lang='lat' dir='ltr'>per</span> <span class='ocrx_word' id='word_1_373' title='bbox 2088 3958 2272 4026; x_wconf 91' lang='lat' dir='ltr'>idem</span> <span class='ocrx_word' id='word_1_374' title='bbox 2350 3959 2771 4028; x_wconf 90' lang='lat' dir='ltr'>elementum</span> 
     </span>
     <span class='ocr_line' id='line_1_43' title="bbox 201 4046 2775 4137; baseline -0.002 -17"><span class='ocrx_word' id='word_1_375' title='bbox 201 4050 407 4120; x_wconf 90' lang='lat' dir='ltr'>siccis</span> <span class='ocrx_word' id='word_1_376' title='bbox 449 4049 757 4118; x_wconf 88' lang='lat' dir='ltr'>vestibus</span> <span class='ocrx_word' id='word_1_377' title='bbox 808 4048 1216 4118; x_wconf 83' lang='lat' dir='ltr'>traduxisti:</span> <span class='ocrx_word' id='word_1_378' title='bbox 1264 4048 1401 4116; x_wconf 91' lang='lat' dir='ltr'>nisi</span> <span class='ocrx_word' id='word_1_379' title='bbox 1448 4046 1633 4133; x_wconf 90' lang='lat' dir='ltr'>quod</span> <span class='ocrx_word' id='word_1_380' title='bbox 1681 4046 1822 4116; x_wconf 86' lang='lat' dir='ltr'>illis</span> <span class='ocrx_word' id='word_1_381' title='bbox 1870 4069 2089 4133; x_wconf 90' lang='lat' dir='ltr'>aquae</span> <span class='ocrx_word' id='word_1_382' title='bbox 2137 4060 2332 4116; x_wconf 88' lang='lat' dir='ltr'>erant.</span> <span class='ocrx_word' id='word_1_383' title='bbox 2388 4070 2511 4137; x_wconf 91' lang='lat' dir='ltr'>pro</span> <span class='ocrx_word' id='word_1_384' title='bbox 2555 4047 2775 4125; x_wconf 88' lang='lat' dir='ltr'>muris</span> 
     </span>
     <span class='ocr_line' id='line_1_44' title="bbox 196 4135 2769 4226; baseline -0.002 -18"><span class='ocrx_word' id='word_1_385' title='bbox 196 4162 234 4208; x_wconf 88' lang='lat' dir='ltr'>a</span> <span class='ocrx_word' id='word_1_386' title='bbox 276 4138 536 4207; x_wconf 83' lang='lat' dir='ltr'>dextris</span> <span class='ocrx_word' id='word_1_387' title='bbox 584 4152 650 4207; x_wconf 92' lang='lat' dir='ltr'>et</span> <span class='ocrx_word' id='word_1_388' title='bbox 699 4161 739 4206; x_wconf 93' lang='lat' dir='ltr'>a</span> <span class='ocrx_word' id='word_1_389' title='bbox 772 4138 1098 4218; x_wconf 78' lang='lat' dir='ltr'>sinistriS,</span> <span class='ocrx_word' id='word_1_390' title='bbox 1153 4151 1230 4205; x_wconf 91' lang='lat' dir='ltr'>ut</span> <span class='ocrx_word' id='word_1_391' title='bbox 1270 4136 1476 4205; x_wconf 85' lang='lat' dir='ltr'>siccis</span> <span class='ocrx_word' id='word_1_392' title='bbox 1528 4135 1834 4224; x_wconf 89' lang='lat' dir='ltr'>vestigiis</span> <span class='ocrx_word' id='word_1_393' title='bbox 1871 4158 1992 4226; x_wconf 92' lang='lat' dir='ltr'>per</span> <span class='ocrx_word' id='word_1_394' title='bbox 2028 4136 2332 4204; x_wconf 91' lang='lat' dir='ltr'>medium</span> <span class='ocrx_word' id='word_1_395' title='bbox 2371 4138 2769 4206; x_wconf 87' lang='lat' dir='ltr'>transirent:</span> 
     </span>
     <span class='ocr_line' id='line_1_45' title="bbox 200 4224 2776 4317; baseline -0 -22"><span class='ocrx_word' id='word_1_396' title='bbox 200 4228 328 4296; x_wconf 87' lang='lat' dir='ltr'>iste</span> <span class='ocrx_word' id='word_1_397' title='bbox 380 4249 535 4295; x_wconf 90' lang='lat' dir='ltr'>vero</span> <span class='ocrx_word' id='word_1_398' title='bbox 587 4249 710 4317; x_wconf 89' lang='lat' dir='ltr'>per</span> <span class='ocrx_word' id='word_1_399' title='bbox 758 4226 1022 4296; x_wconf 85' lang='lat' dir='ltr'>medias</span> <span class='ocrx_word' id='word_1_400' title='bbox 1073 4226 1416 4295; x_wconf 88' lang='lat' dir='ltr'>transiens</span> <span class='ocrx_word' id='word_1_401' title='bbox 1467 4248 1807 4312; x_wconf 90' lang='lat' dir='ltr'>aquarum</span> <span class='ocrx_word' id='word_1_402' title='bbox 1860 4224 2127 4306; x_wconf 78' lang='lat' dir='ltr'>unda5‚</span> <span class='ocrx_word' id='word_1_403' title='bbox 2186 4226 2252 4293; x_wconf 91' lang='lat' dir='ltr'>in</span> <span class='ocrx_word' id='word_1_404' title='bbox 2300 4225 2492 4294; x_wconf 88' lang='lat' dir='ltr'>nullo</span> <span class='ocrx_word' id='word_1_405' title='bbox 2544 4225 2776 4294; x_wconf 89' lang='lat' dir='ltr'>made-</span> 
     </span>
     <span class='ocr_line' id='line_1_46' title="bbox 200 4313 2774 4406; baseline 0 -24"><span class='ocrx_word' id='word_1_406' title='bbox 200 4314 448 4397; x_wconf 86' lang='lat' dir='ltr'>factus,</span> <span class='ocrx_word' id='word_1_407' title='bbox 503 4329 567 4385; x_wconf 87' lang='lat' dir='ltr'>te</span> <span class='ocrx_word' id='word_1_408' title='bbox 614 4316 814 4396; x_wconf 90' lang='lat' dir='ltr'>duce,</span> <span class='ocrx_word' id='word_1_409' title='bbox 852 4315 1159 4406; x_wconf 87' lang='lat' dir='ltr'>pervenit</span> <span class='ocrx_word' id='word_1_410' title='bbox 1206 4315 1287 4383; x_wconf 89' lang='lat' dir='ltr'>ad</span> <span class='ocrx_word' id='word_1_411' title='bbox 1327 4314 1558 4384; x_wconf 80' lang='lat' dir='ltr'>litus.»</span> <span class='ocrx_word' id='word_1_412' title='bbox 1605 4315 1750 4383; x_wconf 80' lang='lat' dir='ltr'>Alio</span> <span class='ocrx_word' id='word_1_413' title='bbox 1785 4313 1944 4382; x_wconf 90' lang='lat' dir='ltr'>item</span> <span class='ocrx_word' id='word_1_414' title='bbox 1981 4325 2288 4402; x_wconf 90' lang='lat' dir='ltr'>tempore</span> <span class='ocrx_word' id='word_1_415' title='bbox 2335 4315 2504 4384; x_wconf 88' lang='lat' dir='ltr'>dum</span> <span class='ocrx_word' id='word_1_416' title='bbox 2555 4314 2774 4383; x_wconf 86' lang='lat' dir='ltr'>Ratis-</span> 
     </span>
     <span class='ocr_line' id='line_1_47' title="bbox 203 4402 2770 4495; baseline -0.001 -23"><span class='ocrx_word' id='word_1_417' title='bbox 203 4403 461 4473; x_wconf 90' lang='lat' dir='ltr'>bonam</span> <span class='ocrx_word' id='word_1_418' title='bbox 530 4405 807 4494; x_wconf 88' lang='lat' dir='ltr'>navigio</span> <span class='ocrx_word' id='word_1_419' title='bbox 874 4427 997 4495; x_wconf 85' lang='lat' dir='ltr'>per</span> <span class='ocrx_word' id='word_1_420' title='bbox 1046 4403 1440 4472; x_wconf 79' lang='lat' dir='ltr'>Danubium</span> <span class='ocrx_word' id='word_1_421' title='bbox 1515 4402 1870 4485; x_wconf 85' lang='lat' dir='ltr'>tenderet,</span> <span class='ocrx_word' id='word_1_422' title='bbox 1942 4424 2023 4472; x_wconf 80' lang='lat' dir='ltr'>ex</span> <span class='ocrx_word' id='word_1_423' title='bbox 2079 4402 2352 4474; x_wconf 90' lang='lat' dir='ltr'>incuria</span> <span class='ocrx_word' id='word_1_424' title='bbox 2400 4416 2770 4473; x_wconf 88' lang='lat' dir='ltr'>nautarum</span> 
     </span>
    </p>
   </div>
   <div class='ocr_carea' id='block_1_3' title="bbox 378 4520 2612 4584">
    <p class='ocr_par' dir='ltr' id='par_1_5' title="bbox 378 4520 2612 4584">
     <span class='ocr_line' id='line_1_48' title="bbox 378 4520 2612 4584; baseline -0 -6"><span class='ocrx_word' id='word_1_425' title='bbox 378 4524 620 4579; x_wconf 81' lang='lat' dir='ltr'>surius</span> <span class='ocrx_word' id='word_1_426' title='bbox 648 4553 672 4566; x_wconf 92' lang='lat'>-</span> <span class='ocrx_word' id='word_1_427' title='bbox 718 4520 873 4582; x_wconf 75' lang='lat' dir='ltr'>Vitae</span> <span class='ocrx_word' id='word_1_428' title='bbox 896 4522 1004 4584; x_wconf 80' lang='lat' dir='ltr'>SS.</span> <span class='ocrx_word' id='word_1_429' title='bbox 1035 4553 1059 4565; x_wconf 94' lang='lat'><em>-</em></span> <span class='ocrx_word' id='word_1_430' title='bbox 1086 4521 1212 4581; x_wconf 90' lang='lat' dir='ltr'>Vol.</span> <span class='ocrx_word' id='word_1_431' title='bbox 1255 4520 1356 4577; x_wconf 92' lang='lat'>111.</span> <span class='ocrx_word' id='word_1_432' title='bbox 2538 4525 2612 4578; x_wconf 73' lang='lat'>38</span> 
     </span>
    </p>
   </div>
  </div>
 </body>
</html>
