3327 4999
222 317 485 382 MART.
538 317 621 381 24
846 272 849 275 l
1066 336 1143 382 nn
1190 336 1246 385 s.
1298 335 1581 385 Ammo
1636 336 1932 385 EPISCOPO
2107 320 2112 325 “
2548 320 2682 401 455

228 419 741 510 significarent,
795 428 952 489 ante
998 419 1439 511 colligantes,
1493 421 1576 490 ad
1630 422 1982 491 Urbanum
2030 421 2149 507 qui
2189 421 2336 510 jam
2384 421 2636 492 bestias
2684 420 2773 491 ad

223 508 664 578 Christianos
712 508 1150 577 dilaniandos
1178 510 1561 579 emissurus
1584 523 1783 591 esset,
1836 509 2182 579 curriculo
2207 525 2514 592 currunt,
2562 531 2772 597 seque

223 596 663 666 Christianos
711 597 924 667 libere
970 597 1426 667 confitentur:
1479 611 1681 686 atque
1741 599 1890 688 ipsa
1936 620 2062 667 sua
2111 598 2562 687 propensione
2619 611 2774 668 tan-

218 706 449 772 quam
502 685 587 753 ad
662 686 875 754 aciem
945 684 1277 756 instructa
1322 698 1387 756 et
1430 686 1515 756 ad
1564 687 1887 775 quodque
1955 687 2326 756 discrimen
2394 686 2772 757 admodum

284 786 483 843 arata
530 772 792 861 liquido
841 774 1300 857 declararunt,
1352 797 1468 847 eos
1514 776 1635 863 qui
1682 776 1754 844 in
1803 797 1958 845 vero
2009 776 2122 844 Dei
2177 774 2488 844 omnium
2539 797 2772 846 rerum

258 861 672 933 abricatoris
719 862 910 932 cultu
972 863 1390 953 gloriantur,
1444 864 1774 934 violentas
1844 864 2255 933 immanium
2304 862 2604 934 ferarum
2664 865 2770 933 in·

221 952 600 1023 cursiones
669 972 1107 1038 nequaquam
1181 952 1691 1024 formidaturos
1747 952 1936 1023 Unde
1984 951 2281 1042 profecto
2346 963 2492 1022 tum
2541 954 2774 1043 ipsum

223 1039 659 1121 Praesidem‚
716 1052 859 1109 tum
904 1039 1059 1110 illos
1104 1042 1225 1128 qui
1274 1063 1432 1111 cum
1480 1063 1558 1111 eo
1606 1054 1829 1123 erant,
1884 1042 1951 1109 in
2003 1041 2426 1131 repentinam
2477 1040 2779 1111 admira-

227 1128 501 1198 tionem
553 1129 1006 1211 traducenteS,
1058 1130 1393 1219 extemplo
1440 1130 1512 1199 in
1559 1152 1899 1199 carcerem
1950 1129 2478 1199 contruduntur.

333 1219 372 1303 ἓ
424 1222 509 1286 2.
563 1222 702 1287 Non
755 1217 992 1286 multis
1037 1217 1282 1288 diebus
1314 1231 1486 1309 post,
1539 1219 1657 1288 alii
1690 1219 1827 1288 duo
1868 1217 2054 1287 fuere
2119 1218 2188 1286 in
2237 1239 2474 1288 eorum
2536 1238 2777 1286 nume-

226 1328 399 1375 rum
448 1305 817 1395 adscripti:
871 1328 1055 1376 unus
1100 1308 1219 1394 qui
1269 1308 1512 1377 acerba
1559 1320 1624 1377 et
1671 1308 1854 1377 varia
1904 1318 2239 1377 tormenta
2287 1317 2563 1396 propter
2604 1304 2770 1375 fidei

225 1416 409 1464 suae
454 1392 946 1464 confessionem
980 1450 995 1476 ‚
1047 1395 1254 1464 variis
1303 1397 1726 1488 temporibus
1776 1407 2214 1476 ostentatam,
2268 1407 2469 1465 antea
2514 1395 2773 1464 exhau-

228 1482 466 1564 sisset,
519 1487 566 1551 Α
617 1482 818 1574 apius
866 1483 1176 1553 nomine:
1229 1484 1399 1554 alter
1443 1486 1564 1572 qui
1611 1507 1740 1566 reS,
1794 1485 1881 1553 ad
1929 1485 2235 1574 corporis
2267 1506 2474 1553 usum
2534 1503 2771 1554 neces-

228 1572 486 1652 sarias,
539 1571 582 1640 il
622 1572 677 1640 is
747 1572 1165 1660 martyribus
1234 1574 1845 1654 subministrasset,
1927 1573 2291 1674 Dionysius
2356 1571 2766 1661 appellatus,

231 1664 497 1729 Omnes
547 1660 680 1741 isti,
733 1671 880 1729 octo
930 1682 1239 1743 numero,
1291 1684 1430 1731 uno
1459 1662 1591 1743 die,
1630 1684 1874 1753 nempe
1910 1662 2482 1752 vigesimoquarto
2515 1659 2775 1735 mensis

232 1748 491 1837 Dystri,
546 1748 672 1817 hoc
703 1761 825 1829 est,
879 1748 962 1817 ad
1015 1770 1273 1818 nonum
1323 1751 1650 1819 Calendas
1689 1750 1960 1841 Aprilis,
2017 1751 2086 1818 in
2119 1751 2270 1841 ipsa
2317 1754 2639 1819 Caesarea
2661 1771 2769 1819 se-

231 1838 395 1906 curi
443 1837 750 1927 percussi
784 1836 1061 1907 obeunt.
1092 1844 1238 1917 ,Per
1283 1838 1464 1909 idem
1530 1852 1799 1930 tempus
1852 1840 1990 1909 duo
2035 1861 2112 1908 ex
2182 1837 2766 1927 ImperatoribuS,

233 1948 540 2013 quorum
589 1926 757 1995 alter
806 1926 1106 2014 primum
1165 1948 1243 1995 ac
1291 1949 1644 1996 summum
1705 1928 1985 2017 Imperii
2050 1926 2341 2018 gradum
2377 1981 2392 2007 ,
2446 1926 2616 1995 alter
2664 1945 2774 1994 se-

233 2015 550 2084 cundum
602 2025 752 2105 post
791 2014 987 2083 illum
1035 2015 1403 2097 obtinebat,
1439 2016 1525 2084 ad
1618 2016 1901 2085 rivatam
1950 2015 2324 2103 quamdam
2363 2014 2538 2084 vitae
2572 2014 2775 2083 ratio-

237 2124 399 2171 nem
437 2124 509 2171 se
554 2103 1073 2184 transtulerunt,
1102 2117 1304 2190 atque
1342 2126 1448 2174 res
1480 2127 1573 2195 pu
1628 2104 1759 2173 lica
1801 2104 2243 2195 languescere
2271 2114 2334 2172 et
2382 2124 2585 2194 aegra
2621 2122 2774 2172 esse

237 2192 487 2281 coepit.
541 2191 750 2261 Paulo
798 2203 949 2281 post
1000 2192 1293 2282 Imperio
1340 2198 1646 2261 Romano
1696 2206 1933 2262 contra
1979 2215 2052 2262 se
2098 2191 2572 2273 dissentiente,
2625 2189 2777 2260 bel-

238 2279 389 2348 lum
439 2302 640 2369 grave
686 2293 751 2349 et
796 2282 1117 2350 acerbum
1166 2281 1344 2350 inter
1389 2281 1573 2371 ipsos
1622 2286 2072 2372 Imperatores
2121 2293 2361 2350 mutuo
2409 2280 2766 2349 excitatur:

245 2388 469 2454 neque
518 2369 760 2438 seditio
807 2391 884 2437 ac
931 2368 1272 2439 tumultus
1319 2370 1389 2438 in
1449 2392 1529 2439 ea
1574 2383 1958 2441 commotus
2007 2370 2200 2460 prius
2268 2368 2544 2440 sedatus
2590 2366 2718 2436 fuit
2750 2421 2767 2448 ,

242 2478 452 2543 quam
492 2479 619 2547 pax
652 2457 1014 2528 adversum
1056 2480 1179 2528 nos
1226 2458 1295 2528 in
1323 2458 1662 2530 universis
1710 2459 1895 2536 orbis
1923 2458 2231 2549 partibus
2260 2480 2435 2546 quae
2466 2462 2773 2528 Romano

297 2548 531 2616 aruere
582 2553 677 2616 Im
734 2548 896 2629 eri0,
940 2548 1141 2617 firma
1188 2548 1735 2618 constitueretur.
1781 2554 1948 2618 Nam
1990 2547 2196 2617 simul
2247 2569 2325 2616 ac
2373 2546 2492 2615 illa
2539 2545 2765 2615 omni-

299 2656 379 2703 us
425 2634 639 2705 instar
715 2636 860 2705 ucis
907 2636 1268 2726 cujusdam
1300 2660 1379 2706 ex
1429 2637 1851 2707 tenebricosa
1880 2647 1945 2705 et
1990 2638 2282 2706 obscura
2313 2649 2505 2705 nocte
2540 2644 2774 2704 exorta

243 2721 395 2803 fuit,
447 2724 837 2793 communis
884 2726 1164 2813 Imperii
1213 2726 1503 2796 Romani
1551 2737 1767 2797 status
1830 2726 2078 2795 iterum
2139 2724 2221 2793 ad
2275 2724 2712 2795 stabilitatem
2750 2776 2767 2803 ,

241 2811 615 2881 amicitiam
663 2826 727 2881 et
775 2833 1009 2902 pacem
1061 2814 1461 2894 restituitur,
1499 2826 1951 2903 mutuamque
1997 2813 2433 2883 concordiam
2482 2835 2693 2900 quam
2733 2833 2774 2880 a

241 2899 621 2990 maJoribus
650 2913 1023 2993 acceperat,
1073 2904 1521 2994 recuperavit.

903 3163 1031 3263 DE
1097 3165 1174 3265 S.
1244 3162 1717 3265 AGAPETO
1790 3162 2103 3263 EPlSC.

1252 3413 1536 3462 AUCTORE
1584 3415 1773 3462 smnA

332 3622 665 3709 Agapetus
714 3618 1141 3708 Synadorum
1204 3617 1582 3708 Episcopus
1638 3615 1771 3686 fuit
1828 3638 2034 3703 quem
2105 3615 2382 3703 quidem
2434 3614 2774 3691 Eusebius

242 3708 583 3798 Pamphili
646 3729 1055 3798 magnopere
1125 3707 1605 3787 commendat,
1659 3706 2042 3791 eximiaque
2098 3726 2219 3805 per
2291 3705 2524 3793 ipsum
2592 3704 2779 3773 edita

242 3796 580 3866 miracula
638 3808 1175 3877 commemorat,
1247 3808 1509 3865 montes
1566 3792 1880 3863 videlicet
1952 3795 2332 3878 fluviosque
2377 3813 2414 3860 e
2475 3792 2778 3882 propriis

242 3884 524 3955 sedibus
570 3885 638 3953 in
675 3885 845 3955 alias
895 3885 1277 3964 translatOS,
1327 3905 1591 3953 necnon
1643 3895 1950 3951 mortuos
2005 3880 2090 3949 ad
2140 3882 2347 3949 vitam
2399 3893 2772 3950 revocatos.

239 3972 332 4041 Ad
386 3972 550 4042 haec
595 3973 775 4060 quod
826 3974 1234 4042 Maximinus
1271 3993 1453 4052 eum,
1517 3972 1685 4040 dum
1753 3971 1852 4039 rei
1903 3969 2184 4038 militari
2230 3990 2510 4058 operam
2554 3969 2774 4051 daret,

238 4072 319 4129 ut
365 4062 822 4131 Christianum
860 4062 1072 4131 voluit
1115 4061 1200 4130 de
1234 4060 1458 4130 medio
1501 4059 1755 4140 tollere,
1810 4058 2068 4149 quippe
2098 4057 2283 4146 quod
2321 4057 2574 4128 multos
2623 4058 2777 4148 ejus

241 4150 592 4240 praeclara
638 4150 939 4220 facinora
984 4150 1313 4220 demirari
1349 4148 1780 4240 intelligeret.
