3327 4999
741 368 868 433 100
1425 382 1505 427 ΒΕ
1552 380 2000 437 QUAnnAGnvrA
2046 382 2444 430 mni-ramus
2827 361 3061 426 MART.
3109 359 3173 425 lo

647 463 961 550 undique
1018 460 1493 532 multitudinis
1558 462 1881 532 manibus
1933 463 2359 554 eriperetur,
2415 461 2645 531 statim
2696 460 2825 530 fuit
2891 458 3174 549 sepulcro

649 552 1112 632 reconditum,
1167 549 1324 619 aliis
1372 550 1602 620 adhuc
1641 552 1989 639 precarios
2023 551 2342 643 globulos
2380 551 2626 620 feretro
2657 547 3171 625 admoventibus,

649 641 806 711 aliis
855 640 1074 710 frusta
1123 660 1346 721 arcae,
1400 651 1479 708 ut
1526 650 1881 725 tamquam
1935 641 2165 710 Sancti
2200 639 2531 727 reliquias
2561 649 3009 717 asservarent,
3042 635 3176 705 sub·

649 726 1095 820 ripientibus.
1826 733 1829 736 ’

825 824 974 891 1².
1031 821 1198 886 Cum
1249 815 1538 884 Joannis
1588 828 1814 884 tamen
1851 815 2093 885 funere
2126 815 2510 886 sanctitatis
2541 815 2725 884 fama
2757 835 2895 883 non
2924 811 3172 890 interiit,

650 928 723 976 se
818 906 889 973 in
942 905 1091 974 dies
1141 904 1551 973 mirabiliter
1597 905 1895 974 excrevit
1941 904 2207 995 gratiis,
2263 905 2484 994 signis
2531 917 2596 973 et
2645 902 3022 980 miraculis,
3056 899 3179 986 qui·

647 994 784 1065 bus
817 995 1260 1084 omnipotens
1291 998 1468 1062 Deus
1503 994 2009 1062 venerationem
2045 992 2462 1083 populorum
2505 1014 2670 1082 erga
2702 1013 2907 1062 suum
2940 988 3181 1059 fidelem

650 1105 923 1155 servum
975 1083 1304 1172 dignatus
1352 1093 1453 1150 est
1503 1103 1925 1170 promovere.
1982 1082 2227 1150 Mulier
2254 1082 2341 1150 ob
2378 1081 2727 1149 inversum
2762 1079 3037 1169 penitus
3066 1076 3180 1144 foe-

649 1182 798 1242 tum
846 1172 1027 1241 uteri
1074 1170 1433 1239 doloribus
1482 1173 1927 1260 premebatur
1964 1170 2420 1260 gravissimiS,
2466 1168 2585 1237 sed
2625 1168 2902 1247 baculo„
2947 1187 3075 1253 quo
3103 1163 3183 1231 vir
3291 1203 3293 1218 1

648 1261 767 1330 Dei
815 1261 1050 1329 vivens
1100 1259 1463 1339 utebatur,
1532 1272 1886 1339 contact0,
1950 1258 2335 1349 expeditam
2389 1256 2577 1327 illico
2627 1256 2894 1347 prolem
2944 1253 3176 1324 emisit,
3292 1289 3293 1299 κ

646 1349 840 1419 omni
891 1371 1176 1439 prorsus
1226 1346 1442 1417 levata
1489 1346 1749 1417 dolore.
1820 1347 2157 1416 Eumdem
2208 1346 2500 1437 proinde
2548 1344 2880 1415 baculum
2911 1399 2926 1424 ,
2980 1352 3181 1434 partu·
3286 1372 3294 1396 ·

648 1438 978 1507 rientium
1033 1436 1387 1505 laboribus
1436 1435 1750 1505 futurum
1800 1435 2137 1516 levamen,
2193 1434 2566 1506 consulens
2617 1433 2686 1501 in
2740 1443 3084 1523 posterum
3120 1429 3181 1496 fi-

650 1525 915 1595 delium
969 1526 1208 1616 pietas,
1262 1546 1399 1592 non
1452 1523 1598 1594 sine
1639 1523 1980 1594 similium
2030 1525 2411 1614 gratiarum
2448 1522 2960 1612 impetratione,
3005 1522 3069 1588 in
3098 1539 3184 1587 ec·
3292 1567 3293 1574 κ

648 1613 860 1684 clesia
909 1613 1223 1714 Corporis
1272 1612 1515 1681 Christi
1570 1613 1964 1682 asservavit.
2021 1615 2267 1682 Febres
2298 1612 2536 1681 itidem
2576 1624 2643 1680 et
2675 1610 3017 1679 vermium
3051 1607 3183 1675 affe·
3292 1655 3293 1664 1

649 1702 910 1772 ctiones
956 1723 1204 1771 exicrua
1251 1713 1469 1769 terrae
1520 1702 1740 1790 portio
1789 1723 1830 1770 a
1880 1701 2099 1791 patria
2149 1701 2354 1770 domo
2403 1700 2772 1788 desumpta
2819 1697 3016 1768 haud
3061 1712 3182 1764 raro

649 1789 945 1880 disjecit.
1002 1795 1081 1858 Se
1134 1789 1401 1858 astiana
1450 1794 1697 1858 Gomez
1744 1790 1969 1859 cruris
2018 1789 2249 1858 ulcere
2298 1788 2601 1879 putrido,
2655 1808 2943 1876 magno,
2992 1804 3185 1856 corro-

652 1878 798 1948 sivo
844 1891 908 1948 et
956 1878 1212 1946 calloso
1260 1877 1346 1945 ad
1396 1890 1545 1946 octo
1582 1901 1855 1948 menses
1891 1877 2302 1956 indoluerat,
2346 1877 2659 1963 nihilque
2691 1874 3185 1966 proficientibus
3291 1897 3293 1931 i

650 1990 831 2055 quae
879 1966 1412 2057 applicabantur
1461 1966 2010 2046 medicamentiS,
2049 1980 2114 2035 et
2196 1987 2430 2034 rorsus
2460 1965 2787 2034 destituta
2816 1987 2855 2042 a
2889 1964 3187 2050 chirurgo
3292 1979 3293 2022 Q

648 2055 1039 2124 affirmante
1085 2054 1260 2124 illud
1309 2076 1458 2124 esse
1507 2054 1897 2126 insanabile
1943 2067 2009 2122 et
2058 2055 2125 2122 in
2186 2055 2203 2122 i
2256 2074 2369 2122 ere
2416 2053 2877 2122 validioribus
2947 2053 3186 2121 diutur·
3292 2077 3293 2110 i

646 2145 897 2230 nisque
947 2143 1572 2223 medicaminibus,
1625 2145 1886 2231 quibus
1934 2144 2140 2212 etiam
2245 2141 2605 2211 ifficillime
2654 2142 2894 2210 curari
2944 2151 3181 2232 posset,

649 2232 734 2301 ad
784 2233 1074 2301 ,Ioannis
1122 2253 1286 2322 opes
1336 2232 1670 2322 confugit,
1725 2233 1841 2301 cui
1887 2253 2049 2299 cum
2103 2244 2251 2300 voto
2300 2252 2373 2299 se
2421 2229 2865 2311 devinxisset,
2916 2229 3102 2298 nullo
3132 2246 3187 2293 a·
3291 2263 3293 2272 ‹

649 2320 918 2389 dhibito
969 2321 1469 2389 medicamento
1517 2320 1732 2390 evasit
1779 2319 2176 2388 incolumis.
2260 2319 2510 2387 Savina
2558 2318 2864 2408 Baptista
2923 2331 3189 2406 quatuor
3292 2337 3293 2340 ¹

649 2431 996 2479 annorum
1063 2408 1293 2498 puella
1352 2408 1713 2477 oculorum
1764 2429 1800 2476 e
1852 2407 2067 2476 nimio
2119 2407 2408 2498 maligni
2459 2407 2776 2476 humoris
2824 2407 3087 2498 illapsu
3126 2424 3186 2470 u·

650 2520 806 2571 sum
858 2497 1064 2590 plane
1112 2496 1544 2588 perdiderat:
1599 2497 1801 2577 haec,
1855 2519 2016 2565 cum
2070 2497 2376 2587 primum
2426 2496 2579 2586 ejus
2629 2495 2933 2587 genitrix
2982 2495 3184 2569 illam,

650 2589 705 2659 si
758 2586 842 2656 ad
895 2588 1269 2678 pristinum
1319 2586 1545 2654 visum
1594 2586 2090 2666 restitueretur,
2145 2585 2488 2675 religiosis
2536 2586 2719 2654 beati
2766 2586 3064 2654 Joannis
3108 2583 3189 2648 in·
3292 2634 3293 2645 ,

649 2676 971 2766 signibus
1019 2675 1307 2744 induere
1358 2673 1752 2773 spopondit,
1810 2675 2039 2742 statim
2089 2674 2451 2743 oculorum
2505 2696 2713 2743 usum
2765 2675 3058 2742 omnino
3102 2692 3189 2740 sa·

649 2786 822 2833 num
874 2762 1322 2852 recuperavit.
1379 2762 1695 2853 Philippa
1748 2763 1937 2831 Araiz
1969 2775 2267 2851 quatuor
2308 2762 2564 2852 pariter
2602 2783 2957 2831 annorum
2991 2758 3193 2852 puella

648 2873 728 2921 ex
777 2852 944 2921 febri
997 2849 1563 2920 etimmoderata
1615 2873 1736 2940 per
1781 2873 1858 2920 os
1906 2865 1970 2919 et
2019 2873 2222 2920 nares
2273 2850 2639 2941 sanguinis
2671 2850 3017 2920 effusione
3049 2866 3191 2939 pene
3292 2878 3293 2907 ι

649 2940 956 3008 animam
1007 2940 1274 3029 agebat,
1329 2938 1447 3006 sed
1497 2940 1729 3008 statim
1778 2951 1854 3008 ut
1903 2939 2232 3029 exiguum
2276 2939 2582 3029 pulveris
2614 2960 2651 3008 e
2684 2938 2896 3008 domo
2927 2934 3193 3009 Joannis

649 3038 1012 3118 acceptum
1063 3026 1350 3096 naribus
1398 3026 1756 3120 Philippae
1805 3028 2161 3097 admotum
2213 3027 2366 3109 fuit,
2408 3028 2697 3118 sanguis
2736 3039 2802 3096 et
2836 3029 2979 3098 vita
3013 3024 3188 3096 stetit.
3291 3060 3293 3075 1

804 3318 910 3417 IN
983 3314 1728 3423 QUADRAGlNTA
1793 3315 2353 3417 MARTYRES
2420 3315 3074 3419 SEBASTENOS

1105 3581 1215 3639 QUI
1264 3581 1432 3628 Arm)
1478 3579 1853 3628 CAESAREAM
1899 3579 2328 3629 cArrAnociAr.
2377 3582 2556 3629 PASSI
2605 3582 2768 3630 suivr

955 3696 1216 3746 scano
1280 3698 1339 3744 s.
1409 3697 1728 3744 nAs1L11
1790 3696 2045 3744 Mitem
2109 3679 2249 3761 (T.
2311 3688 2368 3757 1,
2426 3678 2682 3746 Homil.
2736 3682 2918 3763 20).

1741 3848 1942 3904 Anno
1985 3850 2133 3903 320.

739 4012 777 4098 ἓ
834 4015 911 4082 1.
967 4007 1136 4091 Quis
1170 4006 1420 4076 modus
1453 4019 1570 4076 aut
1617 4029 1797 4094 quae
1848 4008 2124 4077 satietas
2169 4021 2553 4098 martyrum
2593 4010 3003 4079 memoriam
3063 4028 3209 4099 pro·

652 4096 988 4185 sequendi
1037 4095 1187 4176 erit,
1242 4095 1344 4164 illi
1395 4097 1799 4186 praesertim
1834 4097 1956 4183 qui
1986 4116 2225 4165 eorum
2277 4120 2510 4167 amore
2567 4121 2644 4168 ac
2685 4099 3021 4168 charitate
3076 4117 3211 4165 ma-

651 4205 954 4279 gnopere
1002 4187 1315 4255 tenetur?
1344 4189 1511 4254 Nam
1561 4185 1783 4253 honor
1821 4186 1892 4253 in
1927 4184 2145 4253 bonos
2193 4207 2229 4254 a
2264 4187 2614 4257 conservis
2661 4187 2975 4269 collatus,
3018 4188 3211 4255 bene-

651 4273 988 4344 volentiae
1021 4273 1596 4365 significationem
1625 4272 1812 4364 apud
1847 4294 2293 4343 communem
2321 4275 2692 4344 Dominum
2720 4276 2942 4346 habet.
2977 4273 3211 4343 Palam

652 4373 754 4433 est
800 4363 1010 4443 enim,
1064 4362 1651 4451 quemadmodum
1690 4362 1749 4430 is
1782 4362 1901 4448 qui
1930 4383 2297 4451 generosos
2338 4364 2652 4435 homiues
2687 4387 2767 4434 ac
2813 4364 3021 4433 fortes
3055 4381 3211 4432 cum

652 4453 913 4523 honore
951 4452 1314 4543 exceperit,
1369 4451 1438 4519 in
1491 4449 1730 4532 simili,
1786 4451 1846 4519 si
1894 4450 2063 4521 forte
2112 4452 2489 4544 contingat,
2552 4453 2909 4523 occasione
2954 4444 3213 4520 imitari
