3327 4999
704 337 833 402 616
1435 354 1513 400 nr:
1560 354 1617 401 s.
1651 350 1982 405 maclovio
2025 352 2324 403 nmscoro
2673 339 2780 404 EX
2824 340 3011 406 AUG.
3073 341 3165 407 ⁴16

610 434 1058 526 poenitudine
1087 434 1537 525 praecordiali
1565 450 2048 524 compunctuS,
2083 435 2170 504 ad
2215 434 2777 506 satisfaciendum
2815 439 3162 531 Episcopo

612 525 920 594 cucurrit
965 537 1420 612 quantocyuS,
1481 545 1554 593 se
1599 546 1793 593 reum
1843 544 1992 594 esse
2028 537 2410 614 protestans
2449 526 2707 596 amaris
2738 527 3038 608 fletibuS,
3082 551 3166 599 se

613 614 854 683 merito
880 625 1317 682 excaecatum
1376 633 1525 682 esse
1570 612 1907 682 confitens
1956 613 2359 703 lacrymosis
2417 615 2801 701 questibus,
2855 616 2979 687 Ille
3025 618 3156 704 qui

612 701 946 771 didicerat
993 724 1031 771 a
1080 702 1407 792 magistro
1455 722 1771 771 summae
1819 703 2164 782 bonitatiS‚
2217 704 2420 772 etiam
2474 703 2777 773 inimicis
2824 726 2975 775 esse
3022 706 3143 775 be—

610 790 1086 860 nefaciendum
1151 804 1217 861 et
1268 812 1388 880 pro
1447 791 2015 880 persequentibus
2060 804 2124 860 et
2172 792 2765 862 calumniantibus
2824 815 2947 863 nos
2993 816 3145 865 esse

609 880 946 948 orandum
977 935 991 960 ,
1055 879 1188 948 cito
1235 893 1301 948 et
1349 879 1888 953 misericorditer.
1938 879 2230 951 indulsit
2297 882 2668 971 poenitenti
2719 895 3010 952 reatum.
3070 888 3144 952 Bt

609 968 975 1059 providens
1021 967 1082 1037 ei
1145 969 1505 1056 utriusque
1572 969 1875 1039 hominis
1924 969 2268 1049 salutem,
2336 974 2515 1056 aqua
2576 970 2930 1041 benedicta
2978 992 3140 1042 eum

610 1055 932 1147 perfudit,
986 1069 1051 1126 et
1096 1057 1244 1126 oleo
1292 1079 1487 1128 sacro
1534 1057 1772 1126 oculos
1817 1058 1969 1146 ejus
2017 1057 2356 1148 perunxit,
2410 1072 2477 1127 et
2525 1059 2618 1127 ita
2654 1060 2715 1127 ei
2770 1060 3141 1149 pristinum

608 1146 831 1214 visum
887 1147 1214 1215 restituit:
1259 1169 1378 1235 pro
1424 1146 1729 1215 admissa
1762 1158 1986 1216 tamen
2045 1147 2418 1215 temeritate
2465 1169 2851 1239 congruum
2903 1149 3143 1239 poeni·

609 1234 795 1304 tendi
857 1234 1135 1303 modum
1197 1235 1465 1304 indixit.
1522 1240 1666 1304 Dux
1724 1236 1964 1305 videns
2017 1248 2082 1306 et
2127 1235 2401 1304 animae
2459 1249 2526 1305 et
2571 1237 2843 1326 corpori
2892 1239 3133 1308 utilem

607 1345 756 1392 esse
804 1346 1000 1392 suam
1068 1324 1599 1393 satisfactionem
1635 1379 1650 1404 ,
1712 1324 2051 1394 Ecclesiae
2114 1325 2227 1393 Dei
2279 1345 2410 1393 non
2465 1346 2741 1415 parvam
2800 1325 3144 1416 delegavit

609 1421 944 1482 terrarum
996 1412 1504 1491 haereditatem,
1556 1425 1621 1481 et
1666 1414 2014 1502 copiosam
2066 1413 2134 1481 in
2191 1435 2262 1482 re
2313 1414 2641 1515 mancipii
2689 1416 2981 1484 contulit
3021 1416 3141 1484 be-

607 1500 1090 1571 nedictionem.
1159 1501 1406 1570 Deinde
1456 1501 1679 1587 quoad
1732 1502 1929 1582 vixit,
1985 1524 2255 1571 servum
2310 1503 2423 1570 Dei
2473 1516 2573 1572 uti
2632 1516 2894 1593 patrem
2949 1504 3145 1575 filius

604 1590 816 1659 unico
845 1612 1076 1678 amore
1105 1587 1359 1672 dil'exit,
1399 1590 1595 1676 eique
1629 1590 1911 1677 suisque
1943 1604 2123 1661 tutor
2158 1604 2222 1660 et
2250 1591 2524 1681 adjutor
2551 1605 2988 1682 opportunus
3010 1592 3146 1662 fuit

605 1675 678 1747 in
727 1679 1074 1749 omnibus,
1118 1695 1124 1703 ·

694 1771 731 1856 ἓ
787 1772 927 1841 15.
984 1768 1091 1837 Sic
1130 1768 1458 1854 antiquus
1505 1767 1720 1837 hostis
1769 1768 1896 1837 hoc
1947 1769 2171 1858 primo
2217 1790 2594 1869 congressu
2625 1770 2847 1839 victus
2876 1768 3138 1841 disces-

606 1857 716 1937 sit,
762 1858 876 1926 sed
932 1879 1063 1925 non
1115 1857 1525 1946 defatigatus
1558 1857 1784 1927 cessit.
1822 1857 2009 1927 Sicut
2054 1858 2237 1927 enim
2289 1857 2451 1926 olim
2488 1859 2508 1925 i
2565 1858 2623 1927 si
2656 1859 2941 1928 Domino
2968 1881 3137 1928 con-

606 1968 907 2037 gressus
968 1969 1098 2016 non
1154 1945 1427 2015 recessit
1477 1946 1700 2034 prima
1749 1946 2116 2016 tentatione
2144 1947 2383 2026 victus,
2426 1969 2495 2015 se
2577 1946 2882 2016 secundo
2911 1960 2977 2016 et
3007 1960 3142 2016 ter-

608 2035 700 2104 tio
748 2057 938 2104 arma
990 2048 1367 2104 restaurare
1412 2049 1511 2103 est
1560 2056 1809 2103 ausus:
1864 2035 1931 2103 in
1968 2036 2184 2117 prima
2211 2057 2485 2122 quoque
2523 2036 2829 2105 Maelovii
2858 2037 3140 2106 victoria

606 2145 743 2192 non
793 2124 1048 2193 destitit
1095 2147 1133 2192 a
1175 2124 1320 2194 suis
1350 2124 1736 2193 conatibus
1778 2129 1919 2192 Dux
1945 2124 2227 2194 Hailoch
2267 2125 2387 2210 qui
2421 2146 2494 2193 sc
2526 2138 2738 2194 toturn
2779 2125 3141 2194 humiliter

608 2212 1053 2282 inclinaverat
1084 2213 1165 2281 ad
1220 2212 1526 2281 Maclovii
1573 2212 2038 2298 obsequelam,
2080 2225 2146 2282 et
2197 2236 2317 2303 pro
2349 2214 2499 2302 ejus
2547 2214 2767 2303 gratia
2814 2235 2890 2282 se
2917 2227 3135 2283 totum

606 2313 916 2392 potenter
961 2313 1262 2371 erexerat
1307 2301 1390 2370 ad
1442 2301 1778 2371 Ecclesiae
1829 2302 1942 2370 Dei
1993 2301 2298 2382 tutelam,
2368 2314 2727 2392 postquam
2779 2302 3137 2392 ingressus

606 2401 708 2460 est
739 2390 1097 2459 universae
1144 2390 1374 2459 carnis
1423 2389 1624 2470 viam,
1676 2403 1889 2459 morte
1929 2413 2050 2461 sua
2109 2390 2336 2460 locum
2389 2390 2543 2460 fecit
2591 2390 2850 2477 iniquis
2897 2391 3136 2481 oppri—

609 2478 839 2548 mendi
872 2480 1270 2550 Ecclesiam.
1324 2480 1627 2550 Surrexit
1665 2479 1847 2550 enim
1904 2493 2053 2570 post
2091 2503 2246 2550 eum
2300 2479 2513 2563 impia
2561 2480 2908 2571 generatio
2956 2502 3132 2568 quae

606 2590 839 2638 aversa
889 2568 1061 2638 facie
1107 2593 1147 2638 a
1196 2574 1349 2648 De0‚
1390 2570 1675 2639 descivit
1722 2569 1996 2658 penitus
2041 2592 2081 2639 a
2132 2570 2560 2638 rectitudinis
2608 2565 2920 2639 consilio‘.
2958 2570 3138 2638 Hinc

608 2670 851 2727 nactus
896 2659 1471 2749 opportunitatem
1523 2658 1864 2737 diaboluS‚
1926 2672 1990 2728 et
2038 2658 2291 2728 talibus
2335 2672 2535 2727 utens
2579 2657 3020 2734 officialibus,
3062 2659 3134 2726 in

606 2746 827 2814 virum
880 2748 991 2816 Dei
1026 2746 1212 2815 mille
1247 2748 1611 2815 insurrexit
1659 2747 1946 2816 artibus.
1997 2748 2143 2815 Filii
2193 2747 2422 2833 itaque
2461 2747 2665 2816 Belial
2722 2747 3134 2816 Maelovium

605 2835 1003 2906 infestantes
1035 2835 1398 2904 execrabili
1447 2835 1626 2904 odio.
1665 2835 2168 2905 invehebantur
2214 2836 2284 2904 in
2326 2858 2482 2905 eum
2526 2835 2928 2926 hujusmodi
2963 2857 3136 2905 con-

606 2923 870 2992 vicio*:
923 2925 1112 3006 Quis,
1150 2924 1497 3010 inquiunt,
1538 2925 1650 2992 hic
1700 2946 1909 3014 regno
1959 2938 2190 2995 nostro
2225 2924 2583 3014 improbus
2631 2925 2962 3010 successit
3007 2923 3140 2992 ad-

604 3034 776 3081 vena
822 3013 939 3098 qui
1007 3034 1501 3099 usquequaque
1565 3013 1763 3081 nobis
1829 3014 2122 3082 concitat
2179 3013 2554 3082 scandala?
2615 3014 2782 3095 Quis
2841 3023 2940 3082 est
3003 3012 3138 3082 iste

605 3099 828 3191 pellax
868 3101 1291 3191 sycophanta
1337 3101 1455 3188 qui
1506 3101 1862 3170 blanditiis
1911 3102 2058 3171 suis
2125 3102 2428 3172 humana
2495 3125 2535 3171 a
2592 3124 2662 3173 se
2709 3101 2961 3171 alienat
3007 3122 3134 3191 pe-

604 3193 832 3259 ctora?
879 3189 1044 3271 Quis
1107 3188 1231 3259 iste
1276 3203 1377 3258 est
1423 3189 1722 3279 cupidus
1790 3190 2222 3282 haeredipeta
2269 3191 2389 3278 qui
2437 3212 2515 3260 ex
2566 3191 2818 3260 nostris
2872 3190 3139 3258 incom-

604 3277 829 3347 modis
877 3300 1001 3346 sua
1059 3277 1172 3347 bic
1229 3291 1580 3367 comparat
1644 3279 2056 3348 commoda?
2094 3285 2258 3348 Cum
2313 3279 2645 3370 Apostolis
2681 3292 2748 3348 et
2788 3278 3164 3369 Apostolo-‘

606 3389 758 3435 rum
802 3366 1319 3437 successoribus
1351 3368 1519 3436 nibil
1551 3368 1617 3436 in
1654 3382 1831 3437 terra
1859 3368 1943 3438 sit
1974 3368 2489 3458 possidendum,
2531 3368 2641 3437 hic
2680 3368 2812 3437 sub
2850 3369 3137 3438 obtentu

599 3456 1046 3547 paupertatis,
1102 3456 1275 3525 velat
1307 3457 1705 3546 cupiditatis
1753 3457 2029 3527 vitium:
2080 3471 2145 3527 et
2192 3457 2323 3530 sub
2376 3470 2723 3547 praetextu
2751 3456 3133 3546 eleemosy-

602 3567 875 3627 narum,
921 3546 1242 3615 avaritiae
1288 3558 1550 3615 exercet
1593 3545 2180 3616 emolumentum:
2233 3547 2364 3617 sub
2395 3545 2674 3616 obtentu
2705 3545 2949 3635 longae
2977 3567 3135 3615 ora·

599 3634 830 3715 tionis,
868 3635 1164 3725 expoliat
1194 3634 1434 3705 domos
1481 3634 1872 3705 viduarum.
1910 3634 2038 3717 Qui
2069 3635 2304 3703 omnia
2357 3657 2429 3706 se
2488 3657 2611 3726 pro
2658 3634 2944 3704 Christo
2973 3634 3134 3704 reli-

598 3724 834 3881 puisse
882 3727 1232 3804 mentitur,
1285 3736 1351 3792 et
1388 3724 1617 3793 omnia
1653 3746 1725 3793 se
1774 3724 1842 3792 in
1896 3723 2158 3794 Christo
2209 3723 2458 3793 habere
2501 3723 2858 3812 gloriatur,
2895 3744 3024 3791 nos
3068 3733 3137 3791 et

624 3811 779 3883 ilios
819 3825 1088 3882 nostros
1132 3812 1559 3894 exhaeredat,
1601 3825 1666 3882 et
1698 3812 2147 3882 haereditates
2175 3826 2442 3883 nostras
2473 3812 2606 3882 sibi
2644 3811 2841 3880 avide
2872 3822 3128 3901 captat.

597 3900 726 3983 Qui
757 3923 881 3970 sua
916 3923 987 3972 se
1037 3923 1169 3970 non
1212 3923 1455 3970 curare
1502 3902 1806 3983 simulat,
1843 3923 1970 3971 cur
2015 3901 2239 3970 aliena
2299 3901 2698 3992 dispensat?
2735 3899 2914 3969 Nihil
2963 3921 3133 3990 ergo

594 3990 793 4058 nobis
847 3990 1067 4081 magis
1125 3990 1340 4071 utile,
1410 4012 1616 4077 quam
1657 3992 1803 4081 jam
1836 3990 2122 4081 jamque
2172 3987 2423 4059 nostris
2461 3990 2660 4060 fessis
2711 3989 2917 4058 rebus
2963 4009 3131 4057 con-

599 4078 847 4159 sulere,
884 4090 950 4148 et
999 4078 1184 4148 hunc
1245 4079 1445 4167 longe
1491 4100 1530 4148 a
1580 4100 1788 4170 regno
1838 4092 2068 4149 nostro
2126 4079 2509 4159 exturbare,
2571 4091 2635 4148 et
2677 4076 3131 4147 haereditates

590 4167 845 4324 inljuste
890 4166 1198 4237 ecclesiis
1247 4167 1699 4258 mancipatas
1743 4169 1985 4237 iterum
2035 4187 2396 4258 occupare.
2439 4167 2791 4254 Siquidem
2834 4164 3035 4234 nobis
3060 4176 3130 4234 et

595 4255 760 4325 fiiis
808 4256 1059 4326 nostris
1089 4255 1263 4325 nihil
1300 4256 1542 4344 reliqui
1592 4256 1751 4328 fecit
1794 4257 1918 4344 qui
1962 4256 2096 4326 sibi
2143 4257 2377 4327 omnia
2439 4270 2665 4326 nostra
2731 4253 3121 4346 usurpavit.

644 4468 672 4499 *
699 4471 818 4513 Ecce
837 4470 924 4511 tibi
942 4471 1024 4520 (hle
1040 4470 1200 4510 Suo-»⁶⁸⁴⁸
1218 4470 1410 4518 minatae)
1429 4471 1707 4519 argument·
1724 4470 1861 4512 bonis
1882 4470 2238 4512 coelestianae
2257 4470 2566 4511 inhiantium!
