3327 4999
164 385 419 451 MART.
479 386 563 450 ⁴2
1071 406 1151 453 ns
1200 407 1257 454 s.
1310 405 1624 455 onssoomo
1674 407 1836 453 ΡΑῬΑ
2520 390 2648 455 243

160 484 409 553 diluat.
465 484 810 555 Orationis
861 497 1089 555 autem
1144 498 1351 572 atque
1398 486 1847 577 expositionis
1895 485 2147 556 virtute
2194 486 2462 567 collata,
2508 491 2743 557 Lector

157 594 364 641 meus
415 571 485 639 in
538 574 1177 663 recompensatione
1228 596 1336 643 me
1385 586 1691 666 superat,
1750 575 1810 644 si
1859 595 2023 643 cum
2074 595 2197 665 per
2244 597 2354 642 me
2385 575 2592 645 verba
2620 598 2742 644 ac-

161 660 354 751 cipit,
413 681 537 749 pro
590 682 700 730 me
749 660 1097 749 lacrymas
1145 663 1396 732 reddit.
2719 696 2722 705 .

254 757 293 830 5
343 752 500 819 88.
557 749 788 836 Hujus
836 749 1221 820 beatissimi
1272 751 1582 841 Gregorii
1627 749 2023 821 venerabile
2068 771 2349 839 corpuS,
2402 773 2444 820 a
2492 756 2742 842 Grego-

159 837 264 907 rio
313 842 423 916 lv,
483 836 676 906 Sedis
723 838 1147 928 Apostolicae
1193 841 1554 920 Praesule‚
1611 850 1766 929 post
1812 860 2034 909 annos
2082 839 2358 908 circiter
2404 842 2742 931 quinqua-

161 928 361 1017 qinta
407 925 442 960 '⁵
492 924 902 995 translatum
955 939 1115 995 ante
1163 927 1513 997 novellum
1570 927 2021 997 secretarium
2080 928 2500 998 constructis
2553 928 2741 999 absi—

164 1014 397 1094 dibus,
453 1014 659 1085 sicuti
709 1015 915 1083 modo
963 1015 1311 1097 cernitur,
1365 1018 1497 1086 sub
1546 1015 1749 1085 altari
1797 1015 1905 1085 sui
1959 1015 2263 1086 nominis
2310 1015 2735 1100 collocatur,

163 1123 303 1189 quo
327 1102 482 1191 ejus
515 1101 990 1173 anniversaria
1023 1103 1450 1186 solemnitaS‚
1488 1104 1761 1173 cunctis
1793 1104 2108 1173 certatim
2145 1105 2734 1193 pernoctantibuS,

165 1190 604 1259 veneratione
651 1191 1050 1347 gratissima
1098 1191 1510 1261 celebratur.
1564 1197 1643 1260 In
1695 1214 1834 1279 qua
1870 1190 2162 1282 pallium
2204 1193 2356 1282 ejus
2393 1205 2460 1261 et
2492 1192 2740 1283 phyla-

166 1278 378 1349 cteria
423 1277 518 1358 *ξ
577 1300 648 1348 se
745 1293 811 1348 et
858 1279 1126 1349 balteus
1174 1280 1327 1368 ejus
1375 1280 2046 1350 consuetudinaliter
2078 1282 2509 1351 osculantur.
2550 1286 2742 1363 Quae

167 1365 571 1456 singulatim
612 1366 1072 1449 considerata,
1117 1380 1183 1438 et
1212 1369 1692 1455 antiquitatem
1726 1369 1880 1451 viri,
1920 1382 1986 1437 et
2026 1368 2570 1440 mediocritatem
2613 1370 2739 1438 ha-

167 1455 377 1537 bitus,
431 1467 499 1523 et
545 1455 846 1544 speciem
896 1456 1239 1545 regularis
1289 1458 1620 1548 propositi
1653 1457 1876 1547 signis
1912 1456 2301 1546 perspicuis
2335 1477 2740 1547 repraesen-

167 1555 334 1613 tant.
391 1548 559 1621 Nam
612 1543 680 1611 in
730 1565 833 1620 eo,
886 1545 1073 1630 quod
1116 1544 1409 1635 pallium
1442 1547 1596 1634 ejus
1631 1546 1840 1635 bysso
1869 1545 2281 1614 candentem
2312 1559 2734 1628 contextum,

167 1631 381 1701 nullis
431 1630 647 1701 fuisse
694 1632 1006 1702 cernitur
1052 1635 1323 1703 acubus
1373 1634 1794 1724 perforatum
1825 1688 1840 1715 ‚
1896 1635 1995 1705 sic
2046 1633 2276 1723 ipsum
2338 1635 2526 1705 circa
2583 1657 2736 1704 sca-

168 1720 374 1810 pulas
420 1719 822 1789 obvolutum
876 1719 1112 1801 fuisse,
1169 1743 1307 1790 non
1349 1736 1578 1793 autem
1621 1723 2001 1803 confixum,
2038 1722 2495 1812 dignoscitur,
2534 1723 2740 1793 sicuti

166 1808 657 1877 vetustissimis
703 1808 996 1878 musivis
1042 1808 1145 1878 vel
1196 1811 1489 1900 picturis
1547 1811 1958 1881 ostenditur.
2040 1811 2234 1892 Quod
2289 1824 2518 1880 autem
2579 1811 2743 1880 reli-

166 1898 493 1983 quiarum
546 1895 1025 1985 phylacteria,
1083 1899 1276 1967 tenui
1323 1912 1608 1989 argento
1658 1898 1991 1969 fabricata
2022 1952 2037 1979 ‚
2091 1898 2349 1984 vilique
2397 1898 2610 1989 pallio
2656 1899 2742 1967 de

167 1985 348 2055 collo
396 1992 735 2074 suspensa
788 1984 1003 2055 fuisse
1051 1986 1399 2066 videntur,
1455 1988 1737 2056 habitus
1784 1987 1937 2076 ejus
1978 1986 2421 2057 mediocritas
2453 1987 2743 2056 demon-

166 2084 501 2142 strantur.
559 2078 765 2141 Porro
814 2073 885 2141 in
935 2073 1235 2143 exilitate
1285 2075 1517 2153 baltei,
1572 2095 1752 2160 quae
1785 2074 1999 2144 unius
2028 2074 2303 2164 pollicis
2335 2096 2738 2144 mensuram

168 2182 535 2246 nunquam
590 2160 877 2243 excedit,
933 2163 1233 2252 speciem
1285 2163 1621 2253 propositi
1672 2161 2036 2251 regulariS,
2083 2161 2247 2230 olim
2282 2185 2319 2230 a
2353 2174 2591 2232 sancto
2624 2167 2739 2232 Be·

165 2250 444 2318 nedicto
493 2250 755 2329 statuti,
812 2250 1015 2340 cujus
1064 2251 1212 2340 ipse
1261 2251 1469 2320 vitam
1520 2251 1923 2321 describens
1973 2250 2043 2318 in
2077 2249 2382 2340 Dialog0,
2425 2249 2739 2341 regulam

165 2358 447 2424 quoque
498 2337 918 2419 laudaverat,
971 2359 1129 2407 eum
1181 2360 1489 2409 servasse
1539 2338 1695 2407 luce
1742 2338 2000 2408 clarius
2051 2338 2482 2409 manifestat:
2538 2360 2739 2429 prae-

163 2426 401 2496 sertim
452 2447 614 2494 cum
665 2426 848 2494 idem
900 2426 1314 2496 venerabilis
1359 2428 1598 2497 doctor
1647 2426 2019 2517 Gregorius
2051 2430 2380 2495 Graecam
2418 2427 2737 2518 linguam

162 2515 529 2595 nescierit,
582 2526 647 2584 et
696 2515 804 2583 sui
854 2517 1254 2587 monasterii
1307 2518 1707 2596 monachos.
1769 2515 2118 2585 Benedicti
2168 2516 2406 2602 utique
2470 2515 2734 2607 regulis

159 2603 622 2691 mancipat03‚
677 2604 749 2671 in
801 2605 1167 2673 Saxoniam
1215 2605 1322 2640 *μ
1368 2604 1754 2675 destinarit.

253 2695 290 2779 ξ
339 2695 509 2762 (m.
566 2691 921 2776 Siquidem
970 2693 1154 2779 quod
1208 2697 1535 2764 Graecam
1589 2693 1904 2784 linguam
1956 2691 2300 2772 nescierit,
2339 2691 2489 2782 ipse
2529 2703 2738 2761 testa-

161 2791 278 2850 tur
321 2780 392 2847 in
443 2779 757 2870 epistola,
812 2781 1106 2849 Eusebio
1156 2782 1750 2852 Thessalonicensi
1782 2782 2109 2872 episcopo
2144 2781 2491 2850 scribens:
2538 2804 2573 2846 «
2612 2785 2739 2849 La-

158 2882 271 2938 tor
304 2869 773 2958 praesentium
808 2868 1229 2951 TheodoruS‚
1266 2871 1595 2940 ecclesiae
1635 2884 1900 2939 vestrae
1932 2869 2164 2950 lector,
2202 2869 2289 2939 ad
2330 2882 2736 2940 sanctorum

159 2955 643 3047 Apostolorum
690 2956 935 3026 limina
981 2958 1288 3039 veniens,
1334 2960 1504 3030 dum
1538 2980 1802 3040 omnes,
1846 2958 1967 3046 qui
2027 2980 2106 3047 pe
2135 2970 2214 3026 ut
2245 2958 2452 3027 homo
2488 2980 2732 3039 novuS‚

156 3045 446 3114 haberet
498 3045 909 3135 incognitos,
964 3047 1272 3115 Andreae
1321 3048 1685 3127 monacho,
1739 3048 1862 3133 qui
1911 3069 1950 3116 a
2063 3059 2380 3116 sanctum
2439 3046 2735 3116 Paulum

156 3133 484 3203 inclusus
532 3132 777 3214 fuerat,
835 3156 944 3204 res
991 3147 1057 3204 et
1102 3134 1401 3217 chartas,
1454 3157 1631 3222 quas
1665 3135 1935 3214 detulit,
1972 3147 2049 3204 ut
2080 3156 2314 3205 revera
2347 3135 2511 3205 olim
2549 3146 2733 3216 nom,

158 3223 574 3292 innocenter
620 3221 963 3312 deposuit,
1019 3223 1310 3293 credens
1355 3224 1540 3310 quod
1592 3245 1791 3294 mens
1825 3224 2074 3314 ipsius,
2117 3223 2298 3293 sicut
2329 3237 2396 3293 et
2428 3244 2552 3294 nos
2583 3233 2739 3292 ante

158 3323 683 3413 putaveramuS,
737 3333 900 3380 cum
951 3311 1194 3381 habitu
1243 3310 1715 3382 concordaret.
1802 3313 1929 3381 Sed
1980 3323 2166 3381 tante
2213 3311 2330 3380 ille
2381 3311 2738 3402 pravitatis

160 3411 490 3469 inventus
536 3410 661 3478 est,
717 3412 795 3468 ut
843 3400 902 3468 si
949 3401 1103 3489 ejus
1152 3399 1484 3471 stultitiae
1532 3402 1665 3470 sub
1700 3399 2118 3470 inclusionis
2157 3399 2387 3490 specie
2429 3398 2638 3487 paulo
2667 3421 2738 3468 a-

156 3488 349 3557 dhuc
400 3486 708 3577 amplius
757 3487 1090 3569 licuisset,
1147 3488 1529 3559 multorum
1579 3488 1854 3559 animas
1902 3488 2207 3558 malitiae
2241 3509 2409 3557 suae
2442 3486 2738 3557 falsitate

158 3577 534 3667 deciperet,
589 3587 654 3644 et
701 3598 1184 3664 quaecumque
1233 3578 1595 3677 potuisset,
1654 3598 1794 3646 non
1846 3576 2020 3646 levia
2069 3576 2398 3647 scandala
2449 3597 2737 3675 genera-

158 3678 283 3735 ret.
340 3670 509 3734 Nam
560 3663 741 3733 inter
787 3665 946 3745 alia,
1001 3687 1178 3753 quae
1225 3664 1449 3734 lsdem
1499 3664 1803 3735 Andreas
1853 3665 2152 3755 pessime
2190 3664 2514 3755 cogitavit
2544 3676 2610 3733 et
2642 3662 2738 3733 fe-

158 3755 273 3836 cit,
328 3775 485 3823 eam
533 3773 831 3840 quoque,
884 3776 1094 3840 quam
1131 3753 1217 3822 ad
1251 3776 1377 3823 nos
1410 3753 1720 3835 misistiS,
1766 3752 1936 3822 dum
1969 3754 2157 3843 apud
2188 3753 2421 3842 ipsum
2459 3774 2498 3821 a
2534 3773 2738 3842 prae-

158 3841 295 3913 fato
363 3842 616 3910 lectore
680 3855 858 3911 esset
918 3843 1252 3932 deposita,
1326 3841 1676 3912 infalsavit
1722 3841 2125 3931 epistolam:
2179 3854 2259 3909 ut
2304 3840 2735 3927 quicumque

159 3953 309 4001 earn
362 3931 641 4019 legeret,
696 3951 814 3999 vos
864 3952 987 4001 nec
1035 3930 1398 4012 catholica,
1454 3951 1579 3999 nec
1614 3941 1796 3999 recta
1829 3952 2070 4020 sapere
2102 3929 2453 3998 evidenter
2480 3950 2737 4019 argue-

161 4032 283 4089 ret.
337 4025 431 4089 Ex
480 4041 617 4106 qua
667 4041 739 4087 re
784 4019 1094 4120 contigit,
1149 4032 1227 4089 ut
1274 4020 1443 4089 dum
1493 4019 1846 4088 veritatem
1897 4017 2205 4089 studiose
2244 4039 2726 4104 quareremuS,

164 4108 350 4198 ejus,
406 4129 585 4197 quae
634 4106 926 4190 latebat,
983 4108 1317 4196 miquitas
1365 4108 1808 4198 vulgaretur:
1862 4120 1929 4176 et
1978 4119 2166 4177 tanta
2213 4104 2285 4174 in
2334 4119 2737 4196 eossreperta

218 4274 244 4299 ¹¹
273 4273 475 4313 Centum
510 4271 684 4320 viginti
712 4271 923 4319 quinquo
957 4270 1155 4319 con-igit
1181 4270 1438 4314 Bar-onium
1468 4271 1516 4310 at
1548 4271 1589 4310 si
1613 4270 1866 4310 translatio
1888 4270 1976 4309 sub
1996 4269 2223 4319 Gregorio
2243 4269 2306 4309 IV
2326 4269 2520 4319 peraeta
2540 4268 2626 4313 est,
2643 4267 2738 4306 bis·

164 4327 289 4365 ocuti
311 4329 361 4366 et
382 4325 591 4372 amplius
618 4324 729 4364 anni
752 4327 864 4363 sunt
883 4324 1188 4366 numer-undu
1218 4333 1371 4372 neque
1408 4324 1578 4363 mendo
1599 4327 1847 4372 exemptus
1866 4324 2034 4363 surius
2051 4323 2135 4372 qui
2149 4323 2257 4362 voci
2271 4322 2585 4373 quinquaqinta
2604 4329 2737 4368 proe-

166 4381 433 4428 ponendum
452 4380 593 4427 putat
609 4380 813 4417 daemon
823 4391 841 4425 ,·
869 4386 978 4417 cum
999 4377 1056 4416 ab
1075 4377 1209 4416 obitu
1227 4377 1250 4415 1
1271 4378 1328 4415 ad
1349 4377 1530 4417 obitum
1551 4378 1614 4416 IV
1634 4377 1865 4427 Gregorii,
1884 4377 1995 4417 anni
2017 4377 2077 4417 od
2093 4386 2334 4417 summum
2352 4377 2431 4420 240
2452 4375 2551 4415 sint
2571 4373 2737 4422 elapsi.

220 4433 273 4460 *¹*
300 4434 472 4481 Accipe
492 4442 577 4480 pro
597 4431 747 4470 thecis
768 4439 926 4470 sacras
949 4431 1177 4478 reliquias
1197 4430 1411 4470 occlusas
1432 4431 1801 4472 continentibus.

220 4486 304 4515 *¹¹¹⁸
332 4487 458 4536 Lege
478 4484 712 4534 Anatim,
735 4485 783 4527 et
802 4483 919 4523 item
936 4484 1076 4523 initio
1095 4482 1116 4532 fi
1140 4492 1241 4531 neq.
