3327 4999
657 305 783 370 394
1187 323 1266 369 nn
1315 324 1370 370 s.
1424 322 1789 371 cumanam
1836 322 2034 371 muse.
2089 320 2488 369 meSFAnN.
2741 304 2987 370 MAR‘I.
3041 307 3137 372 20

565 406 1005 486 discalceare,
1062 428 1362 493 suosque
1392 407 1599 495 pedes
1627 407 1768 475 illis
1801 407 1883 475 ad
1926 406 2352 476 abluendum
2405 406 2754 496 praebere.
2817 411 3139 493 Namque

569 495 918 563 intantum
960 516 1001 562 a
1045 494 1242 563 cultu
1291 495 1398 564 sui
1448 496 1757 585 corporis
1797 495 2112 563 animum
2162 494 2561 574 sustulerat,
2601 507 2806 580 atque
2851 496 2936 564 ad
2972 497 3137 563 ani-

565 604 721 651 mae
770 582 987 651 solius
1052 582 1319 651 cultum
1369 582 1775 666 contulerat,
1819 594 1899 651 ut
1945 582 2155 652 semel
2206 583 2552 651 calceatus
2594 583 2897 663 tibracis‚
2950 606 3138 671 quas

568 670 894 759 pelliceas
952 670 1205 739 habere
1272 669 1570 752 solebat,
1638 670 1738 741 sic
1801 692 2073 739 menses
2139 670 2544 761 perduraret
2605 672 2933 761 integros.
2990 672 3135 741 Ali-

565 759 845 845 quando
894 758 1101 826 etiam
1150 758 1496 829 calceatus
1545 759 1616 827 in
1667 760 1950 839 Pascha,
1999 781 2136 827 non
2199 759 2333 828 nisi
2432 770 2537 828 ost
2575 781 2872 839 annum,
2931 760 3132 829 rede-

483 885 498 898 ·
568 858 737 914 unte
786 845 1083 935 paschae
1118 857 1445 936 tempore,
1501 859 1781 936 propter
1810 847 2219 916 lavationem
2265 781 2519 936 pedlhm
2568 869 2747 933 quae
2794 848 2863 916 in
2910 870 3133 917 coena

572 933 847 1002 Domini
894 933 1042 1002 fieri
1093 935 1284 1015 solet,
1340 958 1411 1005 se
1459 935 1916 1005 discalceasse
1962 935 2256 1004 dicatur.
2303 935 2490 1004 Unde
2521 935 2609 1005 ob
2648 936 2925 1005 crebras
3028 958 3135 1005 re-

568 1043 682 1090 ces
730 1022 1376 1109 incurvationesque
1431 1045 1766 1114 genuum,
1806 1045 1979 1109 quas
2026 1024 2372 1092 calceatus
2426 1025 2804 1104 exercebat,
2862 1024 2966 1092 cal
3003 1047 3128 1094 um

568 1109 774 1178 oblon
833 1131 948 1178 um
1010 1133 1134 1180 nec
1195 1111 1441 1179 exilem
1492 1112 1562 1179 in
1624 1112 1928 1180 confinio
1977 1111 2234 1201 pedum
2293 1122 2358 1180 et
2409 1111 2734 1181 tibiarum
2787 1112 3126 1183 habuisse

571 1132 1048 1287 deprehensus
1092 1209 1216 1271 est.
1259 1198 1514 1269 Deinde
1561 1199 1986 1269 increscente
2036 1200 2266 1269 studio
2317 1198 2776 1290 perfectioniS,
2819 1200 3124 1269 includi-

568 1297 682 1355 tur
708 1286 803 1369 ,in
853 1309 978 1355 suo
1029 1288 1468 1367 monasterio,
1527 1300 1732 1373 atque
1779 1290 1866 1358 ab
1915 1287 2279 1356 hominum
2337 1301 2642 1357 remotus
2690 1289 3116 1378 aspectibus,

570 1374 951 1444 solitariam
988 1375 1058 1443 in
1100 1375 1414 1465 jejuniiS,
1470 1376 1903 1445 orationibus
1963 1389 2029 1445 et
2076 1376 2331 1465 vigiliis
2382 1376 2584 1445 discit
2632 1398 2834 1466 agere
2881 1376 3116 1456 vitam,

566 1485 803 1532 rarum
856 1484 1018 1532 cum
1069 1463 1599 1533 advenientibus
1645 1464 1926 1533 deintus
1972 1464 2238 1533 habens
2268 1463 2717 1550 colloquium,
2753 1478 2819 1533 et
2848 1465 2976 1534 hoc
3004 1485 3127 1553 per

567 1550 982 1620 fenestram:
1036 1573 1174 1637 qua
1224 1552 1548 1641 primitus
1598 1563 1855 1640 aperta,
1895 1564 1961 1621 et
1993 1552 2209 1620 videri
2258 1575 2297 1621 a
2345 1550 2697 1631 fratribus,
2749 1566 2813 1622 et
2853 1552 3119 1632 fratre5‚
3215 1591 3220 1596 ·

567 1661 743 1725 quos
792 1639 1295 1725 alloquebatur,
1341 1639 1490 1729 ipse
1537 1639 1768 1708 videre
1816 1640 2182 1730 gaudebat.
2217 1640 2474 1733 Exinde
2512 1641 2924 1740 procedente
2956 1653 3123 1710 tem-

569 1748 736 1816 pore
768 1738 832 1796 et
880 1727 1104 1817 ipsam
1153 1728 1469 1808 occlusit,
1510 1748 1635 1795 nec
1686 1728 1821 1797 nisi
1869 1727 2138 1796 dandae
2185 1729 2686 1797 benedictionis
2714 1729 2812 1797 vel
2843 1728 3126 1798 alterius

566 1814 940 1903 cujuslibet
973 1829 1154 1900 certe
1203 1816 1629 1886 necessitatis
1678 1815 1921 1906 gratifi,
1968 1816 2338 1885 reserabat.

652 1905 689 1989 ξ
751 1908 917 1974 ³28.
972 1909 1049 1972 Et
1100 1904 1403 1994 primum
1454 1903 1741 1990 quidem*
1806 1904 2285 1993 permodicum
2348 1905 2435 1973 ab
2492 1905 2591 1974 eis
2647 1927 2924 1995 panem,
2982 1925 3126 1990 quo

563 2004 975 2073 vesceretur,
1022 1992 1424 2081 accipiebat,
1474 2014 1553 2061 ac
1603 2014 1729 2061 suo
1779 1992 2056 2061 bibebat
2103 2014 2140 2060 e
2190 1992 2416 2062 fonte:
2472 1993 2913 2082 postmodum
2966 2014 3125 2061 vero

566 2079 848 2169 proprio
900 2102 1238 2148 manuum
1288 2080 1561 2160 labore,
1618 2080 1817 2168 juxta
1874 2080 2183 2180 exempla
2245 2094 2566 2170 patrum,
2627 2081 2854 2150 vivere
2901 2080 3129 2171 magis

566 2179 807 2257 aptum
858 2166 1175 2237 ducebat.
1230 2169 1518 2258 Rogavit
1563 2190 1727 2257 ergo
1774 2168 2003 2236 afferri
2037 2169 2173 2238 sibi
2214 2168 2387 2239 inibi
2439 2170 2923 2248 instrumenta,
2963 2169 3127 2256 qui-

566 2254 699 2325 bus
730 2267 1378 2336 terramexerceret,
1422 2269 1488 2325 et
1523 2257 1823 2325 triticum
1852 2256 2034 2343 quod
2073 2269 2347 2326 sereret.
2389 2257 2515 2325 Sed
2550 2258 2884 2326 seminata
2914 2279 3127 2327 verno

567 2356 873 2432 tempore
940 2355 1140 2424 terra,
1207 2344 1438 2413 nullos
1505 2366 1726 2431 usque
1773 2345 1858 2413 ad
1911 2344 2220 2429 medium
2270 2345 2575 2425 aestatis,
2629 2345 2931 2414 reddidit
2977 2345 3127 2415 fru-

565 2442 743 2502 ctus.
784 2432 975 2501 Unde
1010 2433 1450 2504 visitantibus
1499 2453 1570 2502 se
1607 2433 1808 2523 juxta
1858 2454 2120 2502 morem
2169 2432 2522 2515 fratribus,
2578 2434 2803 2524 ajebat
2830 2434 2933 2503 vir
2974 2434 3116 2503 Dei:

572 2543 598 2580 α
629 2520 932 2589 Forsitan
971 2534 1091 2591 aut
1130 2521 1397 2591 telluris
1445 2521 1739 2608 hujusce
1789 2534 2057 2602 natura,
2102 2535 2222 2590 aut
2268 2522 2586 2593 voluntas
2638 2523 2751 2591 Dei
2801 2544 2939 2591 non
2992 2535 3121 2603 est,

565 2621 642 2676 ut
689 2608 818 2677 hoc
853 2609 924 2676 in
977 2609 1122 2679 loco
1165 2609 1340 2678 mihi
1376 2609 1682 2677 triticum
1731 2622 2078 2678 nascatur.
2125 2611 2367 2679 Afferte
2403 2610 2634 2700 (rogo)
2665 2610 3031 2692 hordeum,
3064 2611 3131 2679 si

562 2694 732 2765 forte
781 2697 883 2765 vel
921 2697 1093 2766 illud
1145 2697 1450 2765 fructum
1501 2696 1724 2765 facere
1787 2698 2025 2786 possit.
2081 2697 2281 2778 Quod
2338 2697 2396 2768 si
2449 2720 2572 2767 nec
2622 2698 2725 2767 illi
2771 2704 2962 2773 ⁴D'eus
3012 2700 3127 2766 in—

563 2798 994 2853 crementum
1064 2784 1229 2852 dare
1278 2784 1591 2865 voluerit,
1661 2785 1879 2855 satius
1925 2797 2026 2854 est
2075 2807 2184 2854 me
2243 2786 2329 2854 ad
2380 2786 2791 2855 coenobium
2842 2787 3119 2868 reverti,

565 2894 776 2958 quam
828 2872 1052 2940 alieno
1102 2872 1214 2940 hic
1264 2872 1496 2941 labore
1545 2873 1942 2941 sustentari.
1984 2897 2021 2940 »
2073 2873 2509 2959 Allatumque
2561 2874 2901 2943 hordeum
2951 2875 3130 2944 dum

561 2959 749 3028 ultra
795 2981 1001 3028 omne
1049 2972 1323 3049 tempus
1357 2959 1654 3042 serendi,
1694 2961 1876 3030 ultra
1905 2983 2183 3030 omnem
2233 2983 2428 3051 spem
2477 2961 2946 3031 fructificandi
2996 2974 3136 3031 ter-

565 3068 683 3115 rae
729 3047 1267 3129 commendaret,
1305 3070 1463 3117 mox
1511 3048 1948 3117 abundanter
1993 3063 2302 3118 exortum
2353 3049 2510 3119 fecit
2542 3049 2846 3119 fructum
2895 3050 3133 3140 copio-

565 3156 748 3203 sum.
812 3135 1006 3216 Quod
1056 3135 1224 3203 dum
1281 3148 1741 3206 maturescere
1787 3137 2144 3226 coepisset,
2195 3158 2439 3205 venere
2485 3137 2799 3207 volucres
2846 3150 2912 3207 et
2959 3139 3130 3208 huic

565 3222 1003 3312 depascendo
1050 3224 1362 3293 certatim
1412 3225 1845 3295 insistebant.
1911 3225 2002 3294 Ad
2046 3246 2221 3312 quos
2270 3225 2633 3315 piissimus
2683 3225 2933 3295 Christi
2981 3247 3131 3295 ser-

563 3331 692 3378 vus
749 3312 1174 3402 appropians
1224 3313 1436 3401 (sicut
1486 3326 1638 3402 post
1704 3313 1852 3402 ipse
1909 3312 2274 3381 referebat:
2338 3312 2599 3382 solebat
2645 3314 2833 3383 enim
2891 3336 3122 3403 saepe,

565 3398 732 3483 quia
781 3399 939 3467 laeti
970 3400 1203 3468 vultus
1241 3414 1307 3469 et
1337 3400 1634 3469 affabilis
1662 3413 1830 3482 erat,
1876 3400 1958 3468 ad
1997 3401 2548 3471 confirmandam
2595 3401 2804 3471 fidem
2831 3402 3129 3471 audien-

567 3486 767 3567 tium,
808 3487 1044 3573 aliqua
1090 3488 1299 3556 etiam
1348 3488 1432 3556 de
1479 3489 1578 3558 eis
1626 3510 1804 3575 quae
1852 3489 1999 3578 ipse
2048 3489 2391 3559 credendo
2422 3490 2836 3571 obtinuerat,
2873 3491 2946 3558 in
2979 3511 3127 3560 me-

567 3573 763 3643 dium
818 3575 1171 3664 proferre),
1200 3598 1235 3642 «
1278 3576 1455 3658 Quid
1507 3576 1813 3667 tangitiS‚
1852 3575 2101 3662 inquit,
2150 3589 2294 3647 sata
2340 3599 2519 3663 quae
2568 3599 2703 3647 non
2768 3578 3127 3647 servistis?

568 3667 664 3730 An
717 3661 886 3731 forte
934 3686 1053 3733 vos
1097 3663 1263 3763 plus
1312 3686 1421 3732 me
1469 3664 1580 3735 his
1627 3685 1806 3754 opus
1855 3664 2162 3734 habetis?
2211 3665 2280 3734 Si
2330 3676 2556 3735 tamen
2619 3689 2660 3735 a
2727 3670 2859 3736 Deo
2910 3665 3125 3735 licen-

569 3750 737 3818 tiam
788 3753 1173 3840 accepistis,
1227 3751 1426 3820 facite
1474 3752 1658 3838 quod
1727 3752 1876 3842 ipse
1935 3754 2283 3841 permisit:
2339 3755 2443 3825 sin
2493 3765 2745 3835 autem,
2800 3753 3118 3835 recedite,

568 3858 793 3923 neque
840 3839 1133 3908 ulterius
1181 3840 1409 3909 aliena
1456 3840 1824 3910 laedatiS.»
1861 3840 2151 3922 Dixerat,
2223 3852 2289 3911 et
2334 3842 2420 3911 ad
2470 3842 2766 3933 primam
2810 3842 3123 3933 jubentis

563 3947 800 3995 vocem
856 3928 1181 3996 universa
1227 3927 1591 3998 volucrum
1655 3929 2025 3998 multitudo
2072 3930 2389 4012 recessit,
2462 3952 2668 4017 seque
2715 3952 2838 4020 per
2884 3930 3120 3999 omnia

564 4012 896 4170 deinceps
954 4014 1042 4084 ab
1103 4015 1411 4106 ejusdem
1465 4016 1712 4088 messis
1759 4018 2116 4108 invasione
2152 4019 2519 4088 continuit.
2565 4024 2643 4087 Et
2690 4017 2805 4088 hic
2842 4038 3120 4105 quoque

564 4123 807 4170 venera
865 4102 976 4172 ilis
1026 4104 1273 4173 Christi
1321 4104 1629 4174 famulus
1658 4105 1740 4172 in
1773 4105 2048 4175 duobus
2096 4106 2476 4189 miraculiS‚
2515 4105 2815 4182 duorum
2843 4117 3121 4197 patrum

563 4202 666 4259 est
725 4189 901 4259 sacta
961 4203 1333 4278 sequutus:
1402 4192 1474 4261 in
1536 4214 1718 4278 aqua
1777 4192 2093 4262 videlicet
2156 4193 2385 4263 elicita
2440 4195 2527 4264 de
2593 4217 2790 4285 rupe,
2857 4194 3119 4264 factum

562 4282 637 4347 Β.
691 4280 906 4368 patris
963 4280 1311 4350 Benedicti
1372 4281 1494 4367 qui
1561 4280 1744 4349 idem
1809 4303 1983 4371 pene
2044 4292 2109 4350 et
2167 4281 2407 4351 eodem
2475 4283 2681 4352 modo
2729 4281 2985 4372 legitur
3029 4281 3124 4351 se-
3173 4348 3180 4353 .

564 4365 742 4436 cisse
791 4367 1245 4439 miraculum:
1322 4367 1440 4437 sed
1489 4367 1749 4438 idcirco
1797 4369 2125 4451 uberiuS,
2203 4370 2370 4459 quia
2443 4371 2680 4462 plures
2752 4383 2950 4441 erant
3005 4369 3128 4459 qui
