3327 4999
163 380 373 446 MART.
432 383 473 447 6
1065 400 1144 447 nn
1192 400 1249 447 S.
1302 399 1538 448 comm
1584 400 1756 453 vme.
2515 385 2600 449 69

163 483 315 553 fecit.
364 488 538 554 Cum
587 483 772 553 enim
834 481 1085 553 nobilis
1133 483 1419 572 quidam
1470 485 1542 553 in
1592 507 1741 554 eam
1796 482 2250 575 ignominiam
2303 484 2685 568 incidisset,

162 573 381 644 utsine
430 594 693 663 magno
740 570 1144 644 discrimine
1172 595 1306 644 non
1337 587 1566 664 posset
1591 572 1983 644 satisfacere
2028 572 2487 643 creditoribus
2514 574 2687 657 suiS,

158 659 257 730 illa
300 662 637 732 charitate
685 660 968 731 ferventi
996 662 1219 732 effecit
1267 684 1390 753 per
1420 664 1598 733 bona
1630 661 1970 750 quaedam
2020 661 2153 753 ipsi
2185 663 2687 745 commendata,

156 762 221 821 ut
260 752 517 838 absque
568 749 978 821 detrimento
1025 751 1362 821 evaderet.
1401 752 1541 821 Etsi
1588 773 1746 821 vero
1794 751 2040 843 ingens
2088 751 2240 842 ejus
2277 763 2421 821 erat
2465 751 2696 821 chari-

160 851 244 910 tas
277 862 430 940 erga
488 840 822 920 viventes,
870 851 1198 909 attamen
1236 841 1385 910 sine
1421 840 1565 910 ulla
1625 839 2137 931 comparatione
2186 841 2407 930 magis
2453 841 2695 931 cupie-

156 928 250 997 bat
294 951 405 1018 pta
457 928 892 1018 benignitate
923 949 1326 998 succurrere
1356 929 1490 998 vita
1524 928 1806 1000 functiS.
1851 928 2017 998 Miro
2047 929 2306 1029 quippe
2340 930 2697 1000 tenebatur

151 1017 471 1087 desiderio
510 1016 861 1086 allevandi
893 1016 1243 1087 cruciatus
1340 1018 1737 1089 ravissimos
1765 1018 2184 1098 animarum,
2221 1040 2288 1087 ιη
2323 1017 2494 1088 locis
2572 1041 2694 1088 ur-

147 1106 414 1195 gatoriis
450 1106 884 1196 degentium,
923 1105 1181 1192 quibus
1229 1129 1262 1175 a
1320 1128 1398 1176 eo
1446 1107 1876 1187 condolebat,
1935 1119 2011 1176 ut
2056 1105 2310 1176 diceret
2357 1129 2428 1176 se
2477 1106 2523 1176 li
2578 1129 2697 1177 en-

152 1208 239 1263 ter
282 1195 574 1265 illarum
644 1195 791 1264 loco
853 1216 1109 1285 poenas
1172 1195 1326 1265 illas
1390 1195 1646 1287 perpeti
1715 1195 1907 1265 velle.
1961 1200 2199 1282 Itaque
2267 1194 2555 1278 volebat,
2618 1207 2697 1266 ut

149 1283 380 1353 demtis
432 1284 664 1353 tribus
710 1295 866 1353 ante
933 1283 1193 1354 Pascha
1241 1284 1513 1365 diebus,
1570 1305 1850 1354 sorores·
1884 1284 2190 1371 quotidie
2238 1284 2544 1355 dicerent
2594 1284 2694 1354 os-

157 1372 374 1441 ticium
428 1372 943 1442 defunctorum.

223 1464 257 1547 §
317 1465 471 1534 58.
533 1466 628 1530 De
676 1461 971 1551 puritate
1009 1461 1367 1552 virginum
1402 1462 1472 1531 in
1507 1461 1733 1532 Coleta
1774 1461 2122 1553 praeclare
2153 1463 2523 1544 relucente,
2556 1462 2686 1531 hoc

152 1548 360 1620 dicere
409 1571 816 1641 possumuS,
857 1571 1005 1619 eam
1057 1562 1193 1619 tam
1226 1550 1666 1621 excellentem
1704 1549 1917 1621 fuisse
1949 1551 2020 1619 in
2072 1551 2317 1633 Coleta,
2362 1562 2439 1621 ut
2487 1573 2695 1621 num-

148 1660 337 1723 quam
373 1639 670 1708 verhum
717 1638 936 1708 ullum
989 1638 1131 1709 leve
1188 1653 1308 1710 aut
1356 1640 1799 1709 inhonestum
1854 1639 1950 1707 vel
2015 1639 2240 1710 dicere
2299 1640 2400 1709 vel
2452 1640 2694 1710 audire

149 1727 428 1881 potuerit
460 1728 714 1815 quovis
752 1727 958 1797 modo
1004 1728 1264 1815 absque
1310 1729 1528 1799 animi
1576 1728 1813 1799 dolore
1858 1740 1922 1797 et
1953 1728 2340 1799 afflictione.
2397 1733 2694 1811 Quamo-

198 1837 324 1883 rem
363 1817 574 1886 etiam
620 1815 928 1886 Christus
958 1816 1073 1885 Dei
1112 1816 1322 1887 Filius
1359 1839 1507 1888 eam
1560 1817 1692 1897 sihi
1719 1838 2044 1908 sponsam
2087 1828 2152 1887 et
2199 1817 2493 1887 amicam
2525 1818 2691 1887 cha-

165 1903 479 1974 rissimam
541 1904 770 1995 elegit.
823 1905 1082 1975 Accidit
1127 1918 1352 1975 autem
1405 1906 1804 1994 aliquandO,
1871 1929 2031 1977 cum
2083 1905 2312 1976 adhuc
2361 1906 2693 1978 secularis

167 2005 325 2059 esset
351 1994 592 2075 tloleta,
648 2008 726 2064 ut
774 1993 876 2062 vir
919 1994 1203 2081 quidam
1255 1994 1554 2065 lascivus
1602 2008 1668 2064 et
1715 1995 2035 2085 impurus
2082 2017 2232 2065 eam
2275 1995 2345 2064 in
2386 1995 2688 2081 quodam

172 2083 553 2154 monasterio
603 2095 910 2152 cerneret
942 2084 1264 2173 precibus
1299 2096 1678 2163 vacantem,
1718 2082 2069 2170 foedisque
2116 2098 2181 2153 et
2228 2084 2502 2175 spurcis
2549 2106 2691 2153 ser-

174 2170 461 2241 monibus
509 2194 665 2241 eam
717 2171 1113 2262 appellaret.
1182 2172 1302 2241 Cui
1354 2172 1472 2242 illa
1528 2171 1838 2240 dolenter
1896 2172 2292 2262 respondit:
2347 2173 2687 2242 «Utinam

168 2272 425 2345 praestet
471 2261 602 2330 tibi
650 2265 822 2330 Deus
873 2261 1183 2330 notitiam
1224 2283 1462 2331 eorum
1497 2282 1674 2347 quae
1704 2260 1904 2329 dicis.
1936 2283 1971 2326 »
2022 2266 2168 2330 Mox
2198 2260 2314 2330 ille
2343 2261 2565 2352 coepit
2594 2261 2696 2329 vi-

163 2343 301 2416 dere
343 2348 569 2420 scelus
619 2362 861 2419 suum:
914 2372 1216 2437 cumque
1272 2348 1473 2419 vellet
1519 2372 1555 2418 e
1615 2348 2031 2419 monasterio
2080 2371 2118 2417 e
2170 2349 2314 2418 redi
2363 2371 2487 2450 per
2535 2372 2694 2441 por-

162 2446 275 2504 tam
322 2459 497 2525 quae
528 2437 859 2508 omnibus
907 2438 1201 2530 patebat,
1258 2438 1697 2525 nullomodo
1728 2437 1982 2530 potuit:
2039 2459 2110 2510 se
2188 2450 2456 2526 quoties
2488 2460 2694 2509 cona-

156 2524 335 2594 batur
361 2528 576 2609 exire,
616 2528 812 2599 toties
858 2549 931 2597 se
978 2541 1158 2597 retro
1188 2528 1427 2617 repelli
1476 2528 1832 2598 sentiebat.
1889 2533 2032 2597 Non
2084 2527 2427 2596 immerito
2477 2528 2691 2619 igitur

166 2615 557 2697 terrefactus,
592 2616 936 2685 nesciebat
964 2617 1131 2704 quid
1165 2628 1416 2707 ageret,
1450 2617 1891 2703 multumque
1922 2615 2339 2686 formidabat
2366 2638 2437 2685 se
2464 2628 2693 2686 mente

162 2718 407 2792 captum
462 2705 578 2773 iri.
618 2704 914 2774 Tandem
965 2704 1276 2775 recolens
1306 2705 1472 2793 quid
1505 2705 1788 2775 dixisset
1820 2704 2083 2776 Coletae
2114 2704 2529 2796 purissimae
2562 2705 2694 2773 vir-

158 2792 303 2879 gini,
338 2807 404 2863 et
450 2793 860 2865 existimans
921 2796 1003 2864 ea
1058 2797 1271 2864 causa
1328 2816 1400 2864 se
1447 2806 1584 2863 tam
1637 2795 1888 2865 misere
1934 2793 2171 2885 affligi,
2225 2807 2289 2863 et
2336 2815 2553 2883 ocyus
2601 2792 2689 2863 ad

151 2901 282 2951 eam
328 2882 646 2962 accessit,
699 2881 977 2973 culpam
1028 2905 1259 2952 coram
1310 2882 1429 2952 illa
1475 2883 1690 2952 edixit
1738 2904 1962 2965 suam,
2003 2883 2272 2953 veniam
2323 2882 2519 2974 petiit
2566 2883 2696 2952 hu-

149 2969 383 3040 militer
419 2984 488 3042 et
536 2971 797 3041 devote.
839 2976 1009 3040 Tum
1073 2970 1318 3051 Coleta,
1360 2976 1560 3051 DeuS,
1603 2972 1853 3058 inquit,
1901 2994 2022 3063 per
2071 2984 2381 3043 sanctam
2427 2971 2693 3042 miseri·

151 3058 439 3131 cordiam
493 3082 694 3129 suam
731 3059 1042 3150 ignoscat
1078 3060 1223 3140 tibi,
1261 3073 1327 3130 et
1357 3060 1882 3151 quamprimum
1936 3059 2050 3130 ille
2098 3061 2248 3130 sine
2294 3059 2698 3131 difficultate

152 3145 312 3218 foras
341 3171 667 3240 egressus
713 3161 838 3218 est.
877 3154 1083 3218 Tanta
1136 3162 1280 3218 erat
1328 3148 1590 3218 Coletae
1631 3149 1921 3239 puritaS,
1960 3159 2037 3218 ut
2066 3148 2269 3219 multi
2316 3171 2467 3219 eam
2517 3149 2697 3219 invi-

147 3249 376 3318 senteS,
434 3251 635 3308 antea
667 3236 848 3307 leves
894 3249 961 3308 et
1007 3236 1092 3306 ad
1144 3237 1373 3327 turpia
1408 3236 1604 3307 valde
1635 3237 1988 3327 propensi,
2023 3260 2103 3307 ex
2133 3238 2283 3329 ejus
2309 3237 2696 3329 praesentia

152 3345 423 3411 prorsus
473 3326 967 3408 liberarentur,
1048 3326 1440 3412 animisque
1512 3325 2123 3396 corroborarentur
2171 3327 2255 3395 ad
2305 3338 2697 3397 constanter

151 3415 529 3484 sectandam
581 3414 890 3505 corporis
923 3415 1330 3484 castitatem.
1387 3419 1463 3484 In
1513 3415 1600 3485 iis
1638 3414 1924 3502 quidam
1976 3414 2101 3484 reli
2156 3415 2282 3486 iosi
2331 3414 2693 3485 familiari-

152 3511 236 3570 ter
278 3503 340 3573 ei
400 3503 802 3574 indicarunt
866 3503 1202 3590 quasdam
1267 3504 1673 3574 tentationes
1740 3527 1904 3575 suas
1971 3503 2076 3572 val
2131 3527 2169 3574 e
2235 3503 2683 3595 periculosas,

150 3610 426 3679 moxque
472 3615 548 3662 se
596 3605 959 3663 senserunt
993 3592 1197 3682 plane
1234 3591 1645 3682 impotentes
1677 3592 1764 3662 ad
1798 3615 1916 3662 eas
1961 3592 2432 3680 exequendas:
2487 3605 2695 3681 atque

147 3675 229 3747 ita
273 3696 338 3751 et
384 3679 708 3752 facultate
752 3694 818 3750 et
850 3680 1199 3751 voluntate
1240 3681 1574 3771 peccandi
1615 3681 2114 3752 liberabantur.

156 3853 167 3863 ,
224 3770 259 3855 ἓ
302 3774 466 3843 ὅθ.
542 3775 634 3839 De
684 3770 1012 3861 patientia
1062 3769 1324 3840 Coletae
1372 3770 1591 3840 multa
1628 3771 1778 3860 Jam
1829 3783 1987 3840 ante
2034 3770 2219 3840 dicta
2265 3781 2452 3839 sunt.
2507 3775 2692 3854 Quas

153 3852 255 3924 illa
292 3870 359 3928 et
404 3871 704 3947 quantas
751 3858 1222 3949 aegritudines
1270 3857 1604 3949 corporis,
1649 3880 1826 3946 quos
1874 3858 2225 3930 cruciatus
2285 3872 2351 3928 et
2399 3869 2694 3950 angores

156 3940 441 4020 internos
486 3962 552 4018 et
583 3961 900 4017 externos
930 3962 1065 4018 n'on
1100 3948 1325 4019 solum
1369 3948 1729 4038 patienter,
1776 3947 1896 4017 sed
1946 3960 2011 4017 et
2060 3946 2371 4017 hilariter
2397 3969 2529 4049 pro
2575 3948 2693 4018 Dei

160 4036 422 4129 nomine
469 4057 801 4128 perpessa
832 4037 942 4119 sit,
994 4036 1525 4106 commemorari
1571 4036 1684 4105 vix
1730 4048 1960 4123 queat.
2015 4039 2065 4105 Α
2161 4036 2456 4126 rinciplo
2490 4036 2695 4107 devo-

163 4124 348 4195 tionis
395 4148 560 4196 suae
607 4125 1057 4206 afflictioneS‚
1101 4126 1160 4195 si
1199 4125 1536 4207 deessent,
1587 4124 1897 4215 appetiit:
1936 4125 1997 4195 si
2049 4147 2085 4194 a
2141 4137 2390 4206 essent,
2453 4146 2696 4195 aman-

166 4218 249 4277 ter
313 4214 660 4285 sustinuit.
742 4219 929 4297 Quae
1000 4236 1107 4285 res
1154 4235 1304 4283 eam
1382 4213 1648 4284 Christo
1711 4234 1965 4304 sponso
2028 4214 2250 4284 effecit
2325 4213 2624 4284 similem
2664 4268 2687 4296 ,

168 4298 262 4381 qui
307 4301 378 4371 in
424 4303 552 4374 hac
616 4302 795 4374 valle
864 4301 1179 4375 miseriae
1244 4323 1607 4390 nunquam
1672 4323 2054 4392 poenarum
2123 4315 2192 4372 et
2237 4301 2691 4372 afflictionum

173 4402 381 4476 expers
408 4391 556 4462 fuit.
613 4393 682 4462 Si
728 4391 890 4479 quis
934 4391 1280 4461 interdum
1323 4391 1693 4462 miseratus
1739 4392 1889 4482 ejus
1938 4390 2207 4461 dolores
2269 4392 2578 4460 internos
2631 4403 2698 4460 et

181 4489 482 4566 externos,
533 4481 793 4552 diceret
838 4479 939 4549 ei:
1003 4503 1039 4548 «
1096 4485 1244 4551 Heu
1296 4492 1538 4564 mater,
1602 4502 1815 4569 quam
1865 4478 2014 4550 dire
2060 4501 2268 4571 passa
2314 4502 2430 4551 es:
2482 4502 2517 4546 »
2572 4477 2694 4548 illa
