3327 4999
598 321 725 385 482
1608 339 1686 385 nr.
1733 339 1788 385 s.
1844 337 2125 386 LATRONE
2750 318 2994 386 MART.
3054 321 3153 387 25

605 419 866 488 adorat.
920 415 1114 486 Videt
1161 417 1233 485 in
1291 437 1518 496 cruce,
1571 429 1637 487 et
1699 431 1893 509 rogat
1956 417 2153 506 quasi
2212 418 2283 486 in
2346 417 2553 488 coelis
2609 417 3000 487 sedentem:
3057 418 3165 487 vi-

604 508 718 577 dot
784 506 1371 587 condemnatum,
1449 520 1513 575 et
1591 511 1846 608 Regem
1929 508 2244 589 invocat,
2320 506 2597 578 dicens:
2671 508 2955 576 Domine
3010 529 3165 577 me-

601 609 833 666 mento
895 595 1071 676 mei,
1134 618 1291 665 cum
1367 595 1636 667 veneris
1693 620 1765 666 m
1823 619 2114 689 rognum
2174 608 2396 667 tuum.
2460 595 2871 666 crucifixum
2934 597 3155 678 videS,

599 699 663 755 et
713 692 964 775 Regem
1017 685 1419 775 praedicas?
1467 686 1536 754 in
1589 684 1778 776 ligno
1814 686 2111 777 pendere
2159 686 2409 768 cerniS,
2444 698 2509 755 et
2554 685 2905 756 coelorum
2937 708 3163 777 regna

600 774 1006 845 meditaris?

688 867 724 951 ξ
773 870 858 936 cl.
935 866 986 933 Ο
1036 863 1445 935 admiranda
1495 863 1783 935 latronis
1826 866 2203 935 conversio.
2254 864 2768 952 Numquidnam
2838 864 3153 956 Scriptu—

601 976 712 1022 ras
790 952 1018 1043 legisti
1084 953 1170 1023 ab
1251 954 1610 1040 iniquitate
1680 976 1816 1023 non
1891 958 2221 1025 cessans?
2275 953 2789 1041 Numquidnam
2857 955 3157 1044 prophe—

604 1054 706 1111 tas
774 1041 1031 1111 audisti
1080 1042 1454 1112 homicidia
1503 1047 1881 1113 exercens?
1938 1043 2451 1130 Numquidnam
2524 1043 2837 1112 divinum
2895 1044 3151 1113 audisti

601 1152 984 1200 sermonem
1017 1186 1032 1212 ‚
1085 1131 1364 1218 quando
1417 1131 1500 1201 ad
1559 1132 1835 1203 caedem
1897 1132 2209 1224 gladium
2268 1132 2614 1202 acuebas?
2678 1131 2870 1200 Unde
2917 1133 3144 1202 erudi-

600 1233 706 1290 tus
753 1244 825 1292 es
876 1220 1038 1290 talia
1088 1221 1561 1312 philosophari
1625 1222 1710 1291 dc
1759 1223 2073 1291 Christo?
2125 1220 2368 1292 ‚ludaei
2429 1220 2958 1301 crucifixerunt,
3026 1222 3143 1309 qui

600 1322 935 1379 noverunt
975 1310 1246 1400 legem,
1312 1324 1374 1380 et
1446 1312 1819 1402 Prophetas
1878 1311 2232 1401 legerunt:
2301 1323 2365 1380 et
2422 1324 2496 1381 tu
2544 1310 2793 1380 horum
2860 1311 3148 1400 ignarus

597 1402 806 1468 Deum
860 1422 1061 1468 vocas
1127 1399 1703 1482 condemnatum,
1756 1413 1821 1469 et
1869 1401 2116 1470 adoras
2164 1399 2601 1471 crucifixum.
2657 1398 2828 1482 Quis
2873 1411 2937 1468 te
2982 1422 3145 1469 eru-

596 1488 766 1557 divit
811 1508 851 1555 o
904 1488 1076 1558 latro
1116 1488 1278 1558 talia
1316 1490 1401 1558 de
1447 1511 1525 1558 eo
1574 1489 1833 1559 dicere?
1882 1495 2020 1560 Non
2080 1511 2212 1570 me,
2278 1490 2526 1576 inquit,
2577 1489 2682 1558 lex
2723 1487 2982 1569 docuit,
3024 1490 3137 1559 sed

596 1576 695 1646 sol
746 1577 1103 1647 occultans
1152 1577 1383 1648 lumen
1438 1601 1669 1648 suum.
1724 1578 1871 1647 Vidi
1916 1578 2195 1665 quidem
2246 1579 2684 1658 crucifixum,
2726 1577 2847 1647 sed
2898 1592 3138 1648 terrae-

595 1677 857 1736 motum
910 1667 1117 1747 sensi,
1171 1679 1236 1735 et
1283 1680 1558 1759 propter
1607 1668 1977 1758 patricidas
2023 1667 2323 1737 ,ludaeos
2369 1668 2706 1741 elementa
2752 1665 3135 1761 indignan-

595 1756 688 1825 tia
738 1755 1060 1826 intellexi.
1101 1761 1178 1826 Et
1226 1769 1453 1847 petrae
1498 1757 1775 1843 quidem
1829 1757 2341 1838 scindebantur,
2382 1770 2446 1827 et
2492 1756 2699 1827 corda
2764 1752 3137 1827 bominum

599 1867 735 1913 non
786 1847 1206 1915 metuebant.
1263 1847 1527 1916 Scissae
1575 1860 1737 1915 sunt
1785 1859 2035 1936 petrae,
2091 1846 2483 1937 disruptum
2542 1859 2645 1916 est
2690 1845 2920 1914 vel-um
2975 1859 3140 1915 tem-

601 1934 721 2024 pti,
756 1947 821 2004 et
865 1934 1290 2005 Judaeorum
1341 1948 1598 2005 secreta
1635 1948 2028 2026 patuerunt.
2067 1940 2142 2004 Et
2176 1936 2303 2005 hoc
2356 1935 2581 2005 velum
2630 1934 2911 2022 quidem
2962 1948 3123 2014 erat,

595 2023 714 2092 sed
767 2024 1367 2112 pretiosissimum,
1421 2025 1602 2112 quod
1655 2025 1725 2094 in
1777 2025 2022 2094 diebus
2051 2024 2517 2095 celeberrimis
2557 2024 3130 2115 suspendebatur,

593 2113 1171 2203 pretiosissimum
1206 2112 1423 2194 valde,
1463 2113 1546 2183 de
1596 2137 1928 2205 purpura,
1970 2127 2033 2183 et
2074 2114 2306 2203 bysso,
2363 2126 2426 2184 et
2472 2136 2699 2195 cocc0,
2745 2124 2810 2184 et
2839 2136 3036 2192 auro,
3073 2125 3138 2182 et

592 2202 832 2283 serico,
870 2214 934 2270 et
967 2202 1339 2291 hyacintho
1377 2215 1793 2273 contextum:
1833 2204 1902 2272 in
1944 2203 2059 2272 illo
2092 2203 2278 2271 enim
2331 2215 2636 2293 tempore
2668 2204 2925 2281 cruciS‚
2958 2216 3138 2272 terra

593 2304 776 2361 mota
815 2304 937 2372 est,
996 2291 1094 2363 sol
1158 2291 1353 2383 fugit,
1409 2307 1637 2383 petrae
1696 2294 1951 2363 scissae
2000 2304 2210 2373 sunt,
2274 2292 2497 2362 velum
2549 2292 2950 2384 disruptum
3003 2304 3129 2373 est,

591 2393 1037 2451 monumenta
1084 2396 1487 2471 paruerunt:
1525 2394 1588 2452 et
1618 2382 1798 2452 sicut
1842 2381 2064 2473 gloria
2097 2382 2347 2451 domus
2383 2393 2508 2463 est,
2546 2382 2668 2450 ubi
2702 2381 2931 2451 velum
2966 2403 3141 2472 pen-

588 2470 721 2552 det,
775 2469 1125 2541 habitante
1159 2471 1572 2542 intrinsecus
1633 2471 1918 2542 Domino
1978 2470 2251 2552 domuS‚
2308 2471 2405 2542 sic
2457 2471 2846 2562 ignominia
2896 2470 3138 2560 templi

587 2575 726 2640 est,
782 2560 966 2630 unde
1015 2562 1293 2632 recessit
1347 2562 1641 2652 Spiritus
1703 2567 2043 2631 Sanctus:
2100 2575 2470 2652 postquam
2525 2561 2709 2630 enim
2761 2561 2855 2630 im
2915 2560 3014 2628 ias
3046 2560 3135 2652 ,in

591 2649 837 2719 Filium
890 2650 1002 2719 Dei
1052 2650 1433 2720 intulerunt
1481 2672 1754 2730 manuS,
1811 2650 2068 2740 injuria
2119 2656 2246 2720 Deo
2293 2650 2469 2719 facta
2516 2663 2648 2731 est,
2696 2650 2819 2737 qui
2922 2649 3143 2719 abita-

590 2739 705 2808 bat
754 2739 822 2806 in
875 2739 1165 2829 templo:
1220 2754 1282 2810 et
1330 2739 1484 2809 ideo
1531 2739 1884 2810 recedente
1938 2741 2254 2820 Domino,
2312 2739 2578 2809 deserta
2629 2739 2967 2808 remansit
3015 2738 3141 2808 do-

588 2851 787 2908 muS,
842 2828 1016 2897 sicut
1081 2828 1229 2919 ipse
1293 2828 1505 2898 dixit:
1558 2834 1726 2898 Ecce
1787 2829 2214 2916 relinquetur
2260 2827 2510 2898 domus
2560 2842 2781 2898 vestra
2834 2827 3131 2897 deserta.

587 2922 872 3007 Egresso
923 2923 1102 3007 Rege
1148 2917 1426 3008 gloriae,
1480 2917 1797 3010 disrupta
1845 2930 2008 2988 sunt
2060 2917 2374 3008 symbola
2413 2918 2630 3007 regni,
2684 2930 2923 3008 aperta
2960 2930 3131 2986 sunt

587 3017 1032 3074 monumenta
1066 3060 1082 3086 ,
1151 3018 1216 3076 et
1264 3021 1707 3078 surrexerunt
1755 3009 2046 3087 mortui,
2101 3019 2165 3076 et
2213 3007 2642 3077 intraverunt
2688 3007 2759 3075 in
2810 3018 3123 3076 sanctam

584 3093 946 3177 civitatem,
1000 3106 1076 3165 ut
1123 3095 1658 3168 inexcusabilem
1710 3097 2171 3184 relinquerent
2217 3117 2524 3176 causam,
2568 3109 2647 3166 ut
2698 3095 2968 3166 Domini
3021 3117 3127 3165 re-

586 3184 920 3254 surrectio
965 3183 1379 3256 firmaretur.

675 3275 710 3360 ξ
756 3277 843 3346 5.
911 3273 979 3342 Si
1045 3273 1257 3345 Filius
1325 3277 1437 3345 Dei
1493 3297 1590 3357 ες,
1659 3276 1998 3346 descende
2045 3276 2130 3346 de
2176 3297 2418 3356 cruce,
2472 3287 2537 3344 et
2583 3273 2936 3353 credimus
2978 3273 3125 3343 tibi.

587 3362 955 3432 Considera
1004 3385 1189 3434 nunc
1236 3386 1468 3435 vocem
1518 3365 1822 3435 filiorum
1872 3365 2153 3444 diaboli,
2211 3364 2555 3452 quomodo
2606 3364 2966 3433 imitantur
3014 3386 3128 3433 vo-

586 3474 734 3522 cem
785 3464 1165 3543 paternam.
1234 3454 1557 3524 Diabolus
1604 3455 1914 3525 dicebat:
1971 3455 2041 3523 Si
2088 3454 2301 3525 Filius
2349 3453 2463 3523 Dei
2513 3474 2608 3533 es,
2665 3453 2858 3522 mitte
2906 3465 2968 3522 te
3014 3452 3129 3521 de·

585 3563 846 3612 orsum.
901 3548 978 3612 Et
1021 3543 1271 3614 Judaei
1316 3544 1603 3614 dicunt:
1652 3544 1719 3613 Si
1770 3544 1980 3613 Filius
2033 3543 2149 3613 Dei
2194 3566 2309 3623 eS,
2370 3541 2711 3614 descende
2759 3541 2844 3610 de
2891 3564 3120 3622 cruce,

585 3643 650 3699 et
695 3632 1044 3702 credimus
1094 3633 1238 3703 tibi.
1278 3634 1534 3704 Pariter
1579 3633 1999 3726 crucifigunt
2046 3632 2366 3713 latrones.
2428 3654 2560 3701 non
2612 3644 2943 3718 tanquam
2995 3631 3128 3699 ini-

585 3720 747 3791 mici
797 3721 1169 3804 latronum,
1225 3723 1595 3813 participes
1641 3723 1828 3792 enim
1863 3734 2059 3792 erant
2105 3721 2384 3793 sceleris
2431 3743 2694 3803 eorum,
2749 3720 2867 3790 sed
2902 3733 2977 3789 ut
3023 3720 3127 3787 in-

584 3808 923 3880 famarent
980 3811 1344 3881 Dominum
1405 3835 1661 3882 suum:
1714 3812 1878 3900 quia
1941 3833 2075 3881 non
2128 3812 2274 3881 sine
2329 3834 2539 3882 causa
2585 3809 2961 3880 crucifixus
3010 3808 3119 3889 sit,

585 3898 702 3968 sed
743 3900 942 3986 quasi
990 3900 1111 3989 qui
1143 3899 1570 3972 facinorosus
1618 3902 1938 3971 inventus
1986 3901 2095 3990 sit,
2152 3906 2292 3971 Non
2329 3900 2541 3970 tacuit
2595 3899 2812 3969 Isaias
2860 3911 3126 3989 tragoe-

583 3987 737 4057 diae
787 3989 998 4080 hujus
1047 3991 1550 4071 narrationem,
1605 3990 1883 4061 dicens:
1945 3991 2044 4074 Ob
2093 3989 2528 4077 iniquitatem
2580 3988 2824 4079 populi
2874 3987 3132 4057 ductus

586 4090 688 4147 est
725 4077 808 4146 ad
863 4091 1173 4161 mortem,
1211 4093 1276 4150 et
1327 4103 1488 4150 cum
1537 4079 1798 4168 iniquis
1846 4081 2217 4169 deputatus
2264 4091 2388 4161 est,
2444 4079 2571 4147 hoc
2620 4089 2745 4154 est,
2800 4099 2960 4146 cum
3025 4076 3129 4146 la-

587 4166 926 4237 tronibus:
977 4168 1231 4255 quibus
1265 4168 1417 4239 ideo
1465 4169 1815 4240 sociarunt
1865 4169 2234 4249 Christum,
2274 4178 2352 4239 ut
2396 4166 2827 4237 macularent
2856 4166 3127 4235 Domini

588 4257 1002 4348 passionem.
1067 4262 1145 4326 Ut
1202 4258 1431 4331 sciatis
1478 4258 1642 4347 quia
1692 4281 1828 4328 non
1878 4258 2164 4329 oderant
2209 4257 2547 4340 latroneS,
2615 4255 2780 4326 audi
2829 4255 3125 4325 Pilatum

587 4347 968 4416 dicentem:
1027 4351 1238 4431 Quem
1300 4348 1506 4418 vultis
1573 4348 1911 4418 dimittam
1976 4348 2190 4430 vobiS,
2249 4354 2513 4428 Jesum‚
2559 4368 2643 4417 an
2688 4345 3133 4414 Barabbam?

587 4438 708 4528 qui
759 4449 1034 4528 propter
1088 4436 1542 4508 homicidium
1592 4437 1661 4507 in
1722 4437 2017 4508 vinculis
2068 4437 2443 4508 tenebatur.
2499 4442 2577 4507 Et
2608 4435 2712 4506 illi
2755 4434 3125 4505 dixerunt:

2595 4699 2623 4728 θ
