3327 4999
674 340 806 408 422
1427 359 1507 405 nn
1557 358 1612 406 s.
1666 355 2010 405 annumero
2059 356 2301 404 ABBATE
2622 374 2629 386 ι
2747 337 2996 403 MART.
3051 336 3127 403 2⁴

585 443 815 514 dedit:
867 452 933 512 et
978 452 1167 512 tanta
1234 441 1413 532 lapis
1461 442 1806 512 celeritate
1868 440 2132 511 levatus
2194 452 2298 510 est
2355 462 2435 510 ac
2484 440 2544 509 si
2592 437 2869 509 nullum
2940 440 3148 530 prius

587 531 863 623 pondus
911 530 1290 600 habuisset.

675 622 712 707 ξ
771 623 914 691 16.
967 624 1157 687 Tunc
1205 618 1278 686 in
1310 627 1687 709 conspectu
1750 617 1881 686 viri
1937 617 2054 686 Dei
2101 616 2397 708 placuit,
2450 626 2530 686 ut
2575 616 2647 684 in
2695 614 2936 684 eodem
2989 614 3145 689 loco

587 719 840 777 terram
890 706 1219 776 foderent.
1274 711 1492 788 Quam
1528 706 1696 774 dum
1734 705 2055 775 fodiendo
2102 705 2310 774 altius
2347 716 2800 794 penetrarent,
2857 725 3145 773 aereum

587 796 734 894 illic
766 793 1031 863 idolum
1051 792 1809 894 ,fratres-invenerunt..
1836 799 1982 876 Quo
2029 793 2116 862 ad
2158 793 2397 861 boram
2428 812 2596 861 casu
2643 793 2714 859 in
2765 796 3139 877 coquinam

587 893 912 972 projectO,
963 902 1145 950 extre
1192 903 1376 973 ignis
1425 894 1702 971 repente
1750 903 1940 950 visus
1985 892 2122 961 est,
2163 894 2367 966 atque
2405 881 2476 947 in
2534 892 2942 948 cunctorum
2994 901 3148 947 mo·

587 970 971 1039 nachorum
1006 969 1251 1049 oculis,
1308 970 1470 1055 quia
1510 990 1717 1038 omne
1763 969 2072 1056 ejusdem
2121 968 2460 1054 coquinae
2514 968 2909 1036 aedificium
2974 988 3172 1059 con-3

589 1068 999 1138 sumeretur,
1053 1057 1373 1127 ostendit.
1438 1062 1747 1143 Cumque
1788 1056 2111 1143 jaciendo
2157 1056 2400 1126 fratres
2447 1076 2697 1141 aquam
2763 1055 2847 1122 ad
2901 1055 3137 1144 ignem

584 1146 786 1232 quasi
831 1145 1373 1235 extinguendum
1473 1156 1949 1234 erstreperent‚
2007 1144 2325 1233 pulsatus
2372 1143 2610 1212 eodem
2677 1142 2982 1211 tumultu
3031 1142 3136 1209 vir

592 1234 710 1302 Dei
759 1232 1056 1302 advenit.
1111 1234 1240 1314 Qui
1275 1254 1407 1301 eun
1463 1254 1569 1301 ern
1623 1233 1852 1321 ignem
1905 1232 1974 1300 in
2022 1232 2243 1301 oculis
2291 1230 2580 1300 fratrum
2640 1251 2812 1309 esse,
2873 1229 2943 1297 in
2997 1229 3145 1299 suis

586 1342 747 1390 vero
794 1343 930 1390 non
966 1341 1113 1390 esse
1143 1320 1615 1401 consider-ans,
1669 1331 1878 1420 caput
1927 1320 2243 1409 protinus
2278 1320 2346 1387 in
2399 1319 2775 1387 orationem
2827 1317 3037 1397 flexit,
3073 1327 3170 1385 et.

588 1429 705 1478 eos
752 1429 928 1496 quos
977 1408 1409 1497 phantastico
1458 1408 1708 1496 reperit
1755 1427 1914 1496 igne
1945 1407 2206 1485 deludi,
2256 1407 2521 1475 vocavit
2557 1405 2819 1485 fratres,
2874 1405 3152 1474 monuit

585 1511 663 1565 ut
709 1495 947 1565 oculos
996 1517 1161 1565 suos
1194 1496 1569 1585 signarent,
1623 1507 1702 1564 ut
1746 1507 1813 1564 et
1844 1516 2091 1563 sanum
2143 1494 2316 1563 illud
2360 1494 2696 1581 coquinae
2743 1492 3140 1562 aedificium

588 1585 905 1740 asgistere
950 1595 1328 1663 cernerent,
1382 1596 1446 1651 et
1494 1583 1813 1653 flammas
1845 1604 2019 1668 quas
2059 1583 2391 1669 antiquus
2429 1582 2646 1651 hostis
2680 1582 2972 1650 finxerat
3003 1600 3143 1648 non

588 1694 654 1739 vl
707 1684 918 1740 erent.

676 1762 713 1846 ξ
774 1764 926 1832 16.
981 1764 1248 1829 Rursus
1313 1758 1480 1828 dum
1533 1757 1775 1828 fratres
1849 1759 2178 1848 parietem
2248 1756 2415 1843 quia
2465 1778 2571 1826 res
2634 1756 2722 1823 ita
2773 1755 3136 1846 exigebat,

591 1848 800 1937 paulo
849 1846 1059 1916 altius
1105 1846 1478 1936 erigerent,
1560 1847 1667 1913 vir
1712 1845 1828 1913 Dei
1874 1845 1947 1913 in
2007 1844 2337 1913 orationis
2408 1843 2638 1912 studio
2701 1844 2883 1911 intra
2931 1841 3146 1912 cellae

589 1956 756 2004 suae
789 1934 1090 2004 claustra
1136 1935 1557 2002 morabatur.
1597 1932 1716 2001 Cui
1754 1932 2083 2018 antiquus
2132 1932 2347 2001 hostis
2394 1931 2739 2000 insultans
2787 1954 2821 1998 a
2882 1931 3135 2019 paruit,

587 2033 653 2091 et
697 2023 783 2104 ei,
837 2022 1019 2109 quod
1057 2022 1143 2091 ad
1178 2021 1565 2090 laborantes
1598 2021 1840 2091 fratres
1887 2032 2221 2120 pergeret,
2262 2019 2612 2088 indicavit.
2661 2024 2807 2101 Quo
2889 2020 2992 2087 vir
3027 2018 3143 2086 Dei

591 2132 715 2200 per
748 2111 1082 2179 nuncium
1125 2109 1480 2178 celerrime
1513 2108 1843 2178 fratribus
1883 2107 2232 2188 tndicavit,
2269 2108 2532 2175 dicens:
2572 2112 2903 2185 «FratreS‚
2937 2118 3140 2175 caute

590 2219 709 2267 vos
756 2198 959 2287 agite:
1013 2197 1177 2283 quia
1208 2197 1294 2266 ad
1327 2219 1445 2265 vos
1484 2197 1613 2265 hac
1665 2197 1832 2264 hora
1882 2195 2231 2284 malignus
2281 2195 2569 2284 spiritus
2618 2195 2864 2263 venit.»
2907 2198 2974 2261 ls
3019 2193 3145 2278 qui

590 2286 997 2354 mandatum
1048 2284 1315 2365 detulit,
1384 2285 1494 2352 vix
1542 2285 1746 2353 verba
1819 2283 2279 2373 compleverat
2322 2296 2388 2351 et
2438 2282 2789 2372 malignus
2852 2281 3144 2369 spiritus
3227 2358 3235 2365 ,

586 2373 883 2442 eundem
939 2374 1266 2462 parietem
1315 2373 1439 2458 qui
1486 2372 2006 2450 aedificabatur,
2053 2371 2310 2451 evertit,
2358 2383 2559 2456 atque
2606 2391 2823 2438 unum
2879 2390 3139 2458 pueru-

586 2460 731 2529 lum
769 2461 1212 2542 monachum,
1265 2460 1633 2549 cujusdam
1666 2458 1949 2529 curialis
1998 2457 2249 2538 filium,
2285 2458 2687 2549 opprimens
2722 2456 2924 2525 ruina
2972 2477 3140 2525 con-

587 2549 795 2618 trivit.
851 2549 1236 2619 Contristati
1285 2570 1526 2617 omnes
1574 2570 1653 2616 ac
1705 2547 2140 2616 vehementer
2185 2547 2460 2626 afflicti,
2513 2567 2648 2616 non
2713 2545 2970 2614 damno
3019 2566 3150 2644 pa-

586 2636 800 2719 rietiS,
866 2637 980 2707 sed
1041 2637 1448 2705 contritione
1504 2635 1756 2714 fratriS‚
1794 2634 2165 2704 venerabili
2214 2635 2390 2725 patri
2424 2633 2786 2702 Benedicto
2833 2634 3150 2702 celeriter

586 2747 746 2793 cum
797 2725 989 2814 gravi
1041 2724 1231 2793 luctu
1281 2724 1728 2792 nunciarunt.
1790 2728 1982 2791 Tunc
2031 2722 2210 2790 idem
2275 2734 2466 2812 pater
2513 2721 2918 2790 Benedictus
2967 2721 3147 2789 dila-

583 2825 890 2881 ceratum
943 2833 1236 2900 puerum
1285 2810 1370 2879 ad
1423 2833 1493 2879 se
1541 2810 1790 2878 deferri
1829 2810 2053 2899 jubet.
2119 2815 2334 2891 Quem
2386 2821 2656 2900 portare
2695 2830 2831 2878 non
2884 2808 3018 2878 nisi
3069 2809 3145 2876 in

587 2922 753 2989 sago
787 2910 1196 2988 potuerunt:
1227 2899 1392 2985 quia
1438 2897 1728 2988 collapsi
1763 2917 1918 2967 saxa
1945 2898 2247 2987 parietis,
2306 2920 2438 2967 non
2473 2897 2696 2966 solum
2732 2897 2882 2986 ers
2923 2918 3146 2964 mem-

585 2988 736 3068 bra,
794 2986 908 3054 sed
942 2989 1146 3054 etiam
1181 3008 1335 3056 ossa
1367 2986 1850 3055 contriverant.
1905 2987 2389 3075 Praecepitque
2424 2985 2526 3053 vir
2567 2986 2682 3054 Dei
2717 2985 2944 3055 statim
2976 3003 3145 3052 eum

585 3076 655 3142 in
707 3072 881 3142 cella
927 3096 1054 3142 sua
1087 3074 1155 3141 in
1210 3075 1504 3163 psiatho,
1538 3074 1722 3160 quod
1774 3074 1981 3164 vulgo
2014 3087 2222 3142 matta
2256 3085 2534 3142 vocatur
2569 3095 2707 3159 quo
2754 3094 2949 3140 orare
2978 3092 3149 3140 con-

588 3173 922 3240 sueverat,
970 3162 1254 3251 projici:
1311 3162 1680 3247 missisque
1727 3160 1908 3230 foras
1964 3161 2316 3241 fratribuS,
2370 3159 2613 3230 cellam
2665 3160 2955 3230 clausit:
3018 3158 3148 3245 qui

585 3249 879 3319 orationi
928 3248 1300 3321 instantius
1338 3272 1547 3336 quam
1600 3250 1884 3329 solebat,
1942 3248 2279 3318 incubuit.
2319 3249 2622 3328 MirareS,
2676 3247 2914 3315 eadem
2968 3247 3145 3314 hora

584 3338 775 3406 hunc
823 3337 1259 3412 incolumen.
1328 3351 1531 3425 atque
1577 3350 1663 3406 ut
1705 3337 1898 3426 prius
1946 3335 2311 3418 valentem,
2366 3336 2454 3405 ad
2519 3335 2838 3404 eumdem
2885 3334 3143 3403 iterum

585 3425 888 3494 laborem
943 3425 1150 3507 misit,
1204 3436 1281 3494 ut
1322 3425 1468 3516 ipse
1514 3446 1790 3512 quoque
1823 3425 2148 3514 parietem
2184 3446 2344 3493 cum
2375 3424 2702 3493 fratribus
2753 3422 3137 3512 perficeret,

584 3512 671 3582 de
702 3514 904 3602 cujus
938 3535 1010 3583 se
1043 3513 1323 3583 interitu
1356 3513 1685 3600 antiquus
1716 3514 1931 3581 hostis
1953 3512 2313 3581 Benedicto
2341 3511 2671 3580 insultare
2709 3509 3142 3578 credidisset.

674 3603 712 3686 ξ
774 3606 933 3673 12:
964 3602 1195 3692 Coepit
1241 3623 1398 3670 vero
1447 3602 1625 3670 inter
1678 3601 1810 3670 ista
1855 3600 1962 3668 vir
2010 3600 2125 3668 Dei
2185 3600 2582 3690 prophetiae
2627 3597 2834 3666 etiam
2885 3596 3154 3686 spiritu·

590 3689 870 3780 pollere,
911 3702 1197 3759 ventura
1237 3689 1652 3778 praedicere,
1693 3689 2173 3778 praesentibus
2202 3689 2405 3756 etiam
2437 3686 2749 3756 absentia
2779 3685 3142 3754 nunciare.

592 3782 734 3846 Mos
779 3779 1034 3846 etenim
1086 3777 1299 3846 cellae
1345 3776 1511 3858 suit,
1562 3789 1641 3846 ut
1679 3777 1947 3863 quoties
2004 3775 2090 3844 ad
2160 3795 2566 3865 responsum
2623 3771 2903 3858 aliquod
2953 3791 3149 3861 egre-

591 3865 920 3934 derentur
966 3865 1232 3947 fratreS,
1308 3865 1540 3934 cibum
1595 3877 1973 3955 potumque
2020 3874 2208 3931 extra
2259 3861 2505 3932 cellam
2574 3861 2861 3929 minime
2909 3881 3146 3928 sume-

584 3964 758 4020 rent.
814 3957 1121 4039 Cumque
1178 3953 1306 4022 hoc
1355 3952 1441 4021 de
1487 3974 1624 4021 usu
1672 3952 1953 4042 regulae
2024 3950 2288 4020 solicite
2362 3959 2783 4028 servaretur,
2838 3946 3148 4033 quadam

588 4039 701 4107 die
748 4039 834 4108 ad
886 4061 1296 4130 responsum
1339 4039 1583 4109 fratres
1629 4040 1887 4129 egressi
1924 4050 2118 4119 sunt,
2153 4051 2219 4107 et
2248 4039 2318 4106 in
2353 4058 2432 4105 eo
2466 4036 2745 4106 tardiori
2794 4034 3147 4124 compulsi

587 4139 751 4197 sunt
782 4128 950 4197 hora
999 4128 1368 4197 demorari.
1417 4127 1549 4209 Qui
1599 4148 1891 4196 manerev
1916 4128 2117 4216 juxta
2166 4125 2555 4216 religiosam
2595 4123 2971 4193 foeminam
3026 4143 3146 4190 no-

585 4229 847 4295 verant,
904 4215 1108 4305 cujus
1154 4218 1225 4284 in
1283 4215 1451 4285 ressi
1498 4213 2000 4295 habitaculum,
2037 4226 2489 4313 sumpserunt
2533 4212 2792 4281 cibum.
2833 4215 3146 4296 Cumque

577 4304 728 4394 jam
759 4303 1026 4373 tardius
1059 4303 1145 4372 ad
1177 4326 1253 4373 ce
1286 4304 1419 4372 lam
1456 4302 1842 4382 rediissent,
1875 4301 2421 4371 benedictionem
2454 4300 2670 4389 patris
2699 4320 2778 4367 ex
2809 4319 3000 4368 more
3032 4318 3148 4388 pe—

588 4392 868 4462 tierunt.
895 4396 1080 4476 Quos
1104 4391 1220 4460 ille
1241 4390 1558 4483 protinus
1580 4402 2021 4481 percontatus
2042 4401 2166 4470 est,
2184 4388 2446 4459 dicens:
2482 4387 2650 4457 «Ubi
2671 4385 3143 4456 comedistisb
