3327 4999
705 321 831 386 630
1453 338 1531 383 nn
1579 338 1633 384 s.
1691 335 1980 385 nnnxcm
2029 333 2324 384 EPISCOPO
2677 316 2784 382 Ex
2832 315 3054 382 SEPT.
3112 316 3160 381 3

611 420 877 488 utinam
934 440 1059 488 nos
1115 416 1211 485 vel
1285 417 1825 505 qualescumque
1901 416 2244 507 possimus
2301 414 2596 484 inveniri
2661 427 3027 486 sectatores
3083 415 3152 484 ⁸.

618 508 831 577 Habet
880 507 993 576 ille
1044 505 1231 575 mille
1281 506 1572 577 nocendi
1619 519 1822 589 artes,
1877 528 2001 576 nec
2033 505 2283 577 desunt
2313 503 2376 573 ei
2421 504 2828 577 innumerae
2864 502 3162 573 fallendi

612 598 781 666 viae.
838 596 964 665 Sed
1032 618 1152 665 nos
1201 617 1334 666 non
1397 596 1800 687 ignoramus
1851 595 2044 665 dolos
2100 607 2166 664 et
2211 592 2488 665 fraudes
2532 594 2717 674 e'uS,
2769 594 2892 681 qui
2937 593 3158 663 etiam

615 709 734 773 per
782 707 1056 755 muscas
1087 684 1502 772 quandoque
1549 708 1675 755 nos
1714 685 2100 776 impugnat.
2136 688 2266 755 Nos
2313 704 2469 753 vero
2517 686 2559 752 C
2615 682 2762 753 risti
2802 683 3160 770 servique

612 775 802 844 illius
860 774 1324 844 incursatione
1385 775 1694 845 crebrius
1755 775 2176 865 premimur,
2253 793 2333 842 eo
2394 771 2618 862 magis
2664 771 3155 863 assurgimuS,

613 864 876 933 sortiter
922 862 1022 933 illi
1053 863 1462 933 resistentes.
1520 869 1851 954 Expertus
1899 874 2196 942 satanas,
2251 860 2672 963 pertimescit
2715 860 2911 932 initia
2964 873 3164 932 recte

615 953 838 1022 vivere
866 951 1398 1034 instituentium,
1434 952 1725 1044 vigilias,
1771 952 2134 1031 orationes,
2177 951 2469 1042 jejunia,
2507 949 3156 1032 mansuetudinem,

667 1040 1042 1122 atientiam,
1088 1041 1542 1111 voluntariam
1579 1054 2073 1132 paupertatem,
2112 1061 2325 1110 vanae
2357 1038 2616 1130 gloriae
2644 1050 3157 1130 contemptum,

615 1064 1099 1211 Runiilitatem,
1153 1130 1695 1200 misericordiam
1748 1143 1813 1201 et
1859 1130 2226 1221 praecipue
2273 1150 2530 1230 purum
2578 1149 2742 1219 erga
2801 1128 3160 1198 Christum

616 1241 944 1289 amorem.
999 1221 1453 1301 Quamobrem
1504 1233 1579 1290 ut
1627 1220 1730 1289 leo
1776 1220 1845 1289 in
1898 1219 2232 1311 spelunca
2277 1217 2649 1288 insidiatur
2695 1218 2783 1289 ab
2828 1217 3106 1288 occulto
3134 1273 3154 1299 ,

618 1331 736 1378 vos
769 1321 845 1379 ut
891 1330 926 1377 a
963 1309 1311 1399 proposito
1356 1309 1759 1379 deterreat.»
1794 1309 1912 1380 His
1950 1322 2017 1378 et
2060 1308 2211 1399 ejus
2307 1305 2531 1377 eneris
2576 1305 2733 1376 aliis
2779 1306 3004 1377 verbis
3033 1328 3163 1377 eo-

619 1420 771 1467 rum
823 1397 1093 1467 animos
1139 1398 1220 1466 ad
1255 1398 1369 1467 Dei
1416 1397 1679 1468 cultum
1716 1397 2169 1490 promptiores
2204 1419 2241 1466 e
2293 1397 2446 1477 ecit,
2483 1408 2547 1465 et
2594 1396 2957 1468 adversum
3003 1407 3163 1466 ten-

618 1487 905 1556 tationes
933 1508 1172 1556 omnes
1210 1486 1663 1557 confirmavit.

704 1579 740 1676 ξ
785 1581 928 1649 14.
983 1580 1213 1645 Postea
1247 1576 1577 1646 institutis
1628 1597 1910 1666 operum
1965 1574 2320 1667 praesectis
2365 1574 2533 1662 quid
2586 1585 2887 1666 agerent,
2937 1594 3158 1664 expo.-

618 1676 779 1743 sutt,
832 1678 1034 1751 atque
1083 1664 1173 1734 ita
1208 1670 1518 1756 Tungros
1566 1666 1668 1733 vel
1716 1664 2096 1755 Trajectum
2132 1686 2205 1734 se
2251 1664 2610 1754 recipienS,
2663 1664 2746 1734 ad
2787 1662 3163 1754 pastoralis

616 1752 823 1823 officii
853 1775 1056 1822 curas
1102 1755 1412 1824 animum
1449 1754 1760 1824 intendit.
1806 1759 1945 1825 Non
1985 1753 2201 1823 multo
2226 1767 2374 1844 post
2403 1757 2541 1823 Rex
2585 1774 2665 1822 ea
2711 1751 2954 1823 didicit
2982 1774 3159 1822 con-

550 1844 560 1859 *
618 1854 873 1912 structa
917 1843 1351 1922 monasteria,
1389 1856 1454 1913 et
1486 1843 1860 1913 immensas
1893 1842 2343 1932 omnipotenti
2380 1846 2511 1911 Deo
2556 1842 2813 1932 gratias
2859 1841 3041 1932 egit:
3081 1854 3154 1911 et

617 1931 779 2018 quia
826 1930 1152 2001 ecclesiae
1200 1953 1434 2001 recens
1501 1932 1940 2012 aedificatae,
2000 1931 2384 2022 Episcopali
2432 1930 2904 2001 benedictione
2963 1929 3158 2000 indi-

616 2021 891 2112 gebant,
946 2020 1219 2090 beatum
1272 2022 1667 2091 Remaclum
1718 2022 2121 2102 accersiens,
2176 2032 2312 2091 tam
2346 2042 2497 2090 eam
2547 2041 2725 2107 quae
2767 2031 2913 2091 erat
2958 2019 3158 2091 Colo-

618 2110 880 2179 niensis
913 2109 1287 2199 paroeciae,
1340 2123 1687 2180 annuente
1732 2109 2104 2181 venerabili
2130 2109 2494 2181 Cuniberto
2542 2110 2897 2200 Episcopo,
2932 2131 3151 2196 quam

617 2198 808 2267 illam
858 2219 1032 2285 quae
1079 2211 1348 2270 nostrae
1394 2199 1726 2271 dioecesis
1771 2211 1894 2281 est,
1947 2199 2035 2269 ab
2081 2221 2160 2269 eo
2210 2198 2422 2268 voluit
2475 2198 2870 2270 solemniter
2907 2220 3149 2269 conse-

621 2286 843 2356 crari:
896 2301 973 2357 ut
1018 2288 1221 2375 cujus
1266 2288 1715 2379 dispositione
1747 2301 1812 2358 et
1849 2289 2111 2380 ingenti
2144 2287 2371 2358 studio
2400 2287 2715 2358 conditae
2745 2300 2963 2369 erant,
3001 2288 3155 2378 ejus

619 2376 823 2445 etiam
857 2377 1063 2468 opera
1095 2376 1469 2468 pontificali
1520 2377 1993 2448 benedictione
2040 2376 2497 2448 afficerentur.
2533 2382 2664 2447 Nec
2703 2398 2857 2447 vero
2905 2376 2990 2446 ad
3022 2376 3150 2446 has

620 2486 730 2536 res
766 2464 871 2535 vir
917 2479 1199 2538 sanctus
1229 2466 1409 2538 ullas
1459 2489 1685 2540 moras
1717 2466 1978 2539 attulit:
2031 2467 2152 2555 qui
2199 2488 2364 2537 sane
2409 2477 2474 2538 et
2527 2466 2694 2558 Regi
2740 2477 2806 2537 et
2856 2465 3155 2558 proceri-

618 2556 752 2626 bus
798 2555 969 2626 adeo
1014 2557 1269 2629 charus
1316 2570 1480 2640 erat,
1536 2569 1896 2645 tantaeque
1943 2557 2128 2648 apud
2176 2579 2293 2628 eos
2338 2555 2881 2637 existimationis,
2919 2570 2997 2626 ut
3046 2556 3156 2625 ni-

621 2644 716 2714 hil
766 2646 951 2732 quod
987 2646 1221 2736 magni
1268 2659 1445 2716 esset
1493 2647 1842 2728 momenti,
1882 2647 2141 2733 absque
2185 2647 2338 2736 ejus
2365 2645 2654 2716 consilio
2684 2646 2895 2715 fieret.
2940 2649 3158 2732 Atque

617 2757 695 2802 ea
743 2738 978 2814 causa,
1024 2736 1381 2806 Missarum
1436 2736 1727 2826 peractis
1775 2735 2173 2817 solemniis,
2245 2747 2617 2821 utrumque
2657 2735 3155 2805 monasterium

622 2822 1061 2893 Grimoaldus
1126 2824 1342 2914 major
1388 2823 1659 2905 domuS,
1730 2823 1920 2896 illius
1966 2823 2247 2894 tradidit
2295 2823 2607 2894 solertiae
2652 2835 2718 2893 et
2767 2822 3158 2894 industriae

618 2911 1176 3002 gubernandum:
1232 2912 1437 2981 simul
1490 2913 1805 2982 indicans
1844 2914 1929 2996 ei,
1975 2914 2031 2985 si
2080 2935 2217 3001 qua
2264 2924 2491 2983 essent
2519 2912 2880 2983 monachis
2914 2934 3149 2983 neces-

620 3000 823 3080 saria,
884 3021 963 3068 ea
1012 3005 1261 3089 Regem
1312 3000 1948 3091 suppeditaturum,
2006 3002 2125 3073 ubi
2187 3025 2307 3093 per
2364 3004 2595 3094 ipsum
2645 3002 2729 3072 de
2777 3001 2863 3074 iis
2908 3000 3159 3074 certior

619 3087 863 3159 essetf
898 3100 1071 3159 etus.
1130 3095 1228 3158 Ita
1286 3089 1615 3158 nimirum
1681 3103 1961 3161 sanctus
2018 3092 2334 3162 sacerdos
2382 3092 2768 3162 remotioris
2812 3091 2985 3161 vitae
3038 3110 3152 3159 se-

619 3176 866 3246 ctanda
944 3189 1009 3246 et
1038 3177 1416 3269 captandae
1442 3179 1857 3260 solitudinis,
1891 3181 1989 3251 uti
2024 3203 2296 3272 semper
2325 3192 2614 3272 optarat,
2656 3185 2788 3251 Deo
2838 3201 3159 3250 annuen—

620 3279 706 3344 te,
760 3266 1185 3340 occasionem
1235 3267 1361 3337 ade
1418 3281 1526 3338 tus
1571 3281 1707 3339 est:
1746 3280 1812 3339 et
1854 3269 2005 3340 licet
2036 3292 2312 3340 summa
2339 3292 2498 3341 cum
2547 3268 2973 3350 difficultate,
3021 3268 3157 3339 im-

621 3355 909 3456 petravit
957 3368 1179 3425 tamen
1232 3370 1343 3426 tan
1399 3380 1507 3427 em
1542 3381 1582 3426 a
1641 3363 1844 3449 Rege,
1888 3374 1965 3429 ut
2010 3359 2192 3430 alius
2238 3359 2372 3462 ipsi
2421 3380 2774 3432 successor
2819 3358 3107 3429 daretur
3134 3413 3150 3439 ‚

622 3467 768 3546 ipse
804 3466 957 3515 vero
987 3444 1109 3515 diu
1156 3446 1518 3536 expetitam
1556 3461 1784 3538 posset
1820 3451 2125 3518 eremum
2169 3450 2383 3530 adire,
2428 3448 2545 3518 ubi
2597 3461 2900 3519 remotus
2948 3470 2985 3516 a
3032 3469 3156 3517 cu-

618 3557 714 3603 ris
761 3533 1211 3615 secularibus,
1255 3534 1539 3606 liberius
1588 3539 1794 3607 rebus
1825 3537 2078 3608 divinis
2111 3550 2174 3607 et
2202 3537 2612 3609 coelestibus
2637 3536 2956 3607 inhiaret.
2990 3541 3155 3607 Pro-

621 3622 849 3707 posuit
897 3624 1061 3714 Regi
1092 3637 1155 3693 et
1187 3625 1633 3714 optimatibus
1691 3631 1756 3695 S.
1808 3626 2308 3707 Theodardum,
2347 3627 2551 3717 cujus
2614 3638 2759 3696 erat
2817 3625 2952 3699 vita
3003 3647 3159 3716 pro-

616 3711 773 3782 bata
805 3767 820 3791 ,
873 3712 1224 3801 oravitque
1272 3727 1345 3783 ut
1407 3714 1466 3783 is
1513 3737 1673 3784 suas
1746 3715 2042 3806 expleret
2091 3716 2270 3786 vices
2337 3729 2404 3786 et
2463 3716 2597 3787 sibi
2665 3715 3158 3805 subrogaretur

617 3801 920 3872 antistes
961 3806 1130 3869 Tum
1172 3824 1351 3885 vero,
1387 3803 1521 3873 dici
1566 3803 1674 3872 vix
1719 3816 1945 3890 queat,
1997 3817 2301 3891 quantus
2346 3806 2434 3875 ob
2473 3805 2623 3896 ejus
2656 3826 3004 3875 recessum
3041 3802 3150 3875 lu-

616 3904 768 3960 ctus
817 3889 1130 3968 extiterit,
1193 3913 1402 3978 quam
1453 3905 1745 3962 moestos
1804 3906 1869 3963 et
1915 3894 2198 3965 afflictos
2246 3893 2619 3982 reliquerit,
2671 3893 2929 3982 quibus
2982 3893 3158 3964 vitae

618 3978 882 4049 semina
934 3979 1387 4069 praebuerat:
1432 4003 1590 4051 cum
1628 3982 1933 4053 viderent
1982 3983 2080 4052 illi
2114 4006 2189 4053 se
2238 3983 2356 4054 tali
2407 3996 2617 4073 patre,
2675 3996 2998 4070 tantoque
3029 3982 3153 4053 do-

612 4080 795 4138 ctore
826 4067 1079 4137 orbari.
1119 4070 1360 4139 Omnis
1392 4084 1599 4150 aetaS,
1652 4083 1940 4158 uterque
1986 4095 2189 4144 sexus
2236 4072 2543 4142 dolorem
2592 4072 2812 4143 animi
2861 4072 3154 4141 testaba-

611 4169 722 4226 tur
771 4156 1115 4245 lacrymis,
1167 4170 1232 4227 et
1277 4181 1435 4228 eum
1485 4159 1852 4230 abeuntem
1900 4160 2340 4242 deducentes,
2397 4162 2670 4251 magnis
2705 4161 2992 4232 vocibus
3047 4161 3153 4230 di·

614 4247 902 4315 cebant:
943 4269 978 4313 «
1009 4251 1226 4317 Heum
1277 4249 1563 4320 miseros
1597 4271 1745 4330 nos,
1815 4250 2147 4337 quidnam
2200 4251 2420 4321 acturi
2469 4272 2736 4332 sumus,
2791 4249 2912 4337 qui
2962 4262 3149 4320 tanto

618 4348 884 4426 pastore
930 4335 1426 4407 destituimur?
1466 4337 1653 4406 Unde
1706 4339 1901 4409 nobis
1948 4352 2264 4431 suppetet
2309 4340 2684 4411 consolatio
2727 4339 2846 4410 illo
2892 4339 3151 4411 amisso

672 4462 697 4488 ¹·
729 4462 903 4505 Contra
930 4462 1128 4504 Satanae
1144 4464 1351 4513 impetus
1369 4463 1674 4506 munimenta.
