3327 4999
214 336 460 404 MART.
514 338 599 405 25
1224 351 1304 406 nn
1351 359 1406 407 s.
1462 359 1744 408 arnone
2542 341 2675 408 479

209 443 674 531 corruptione,
725 451 845 513 aut
878 441 1119 529 iniqua
1166 443 1385 533 gratia
1435 443 1844 516 sententiam
1878 443 2339 534 protulerunt.
2375 447 2453 513 In
2484 443 2763 515 coelesti

209 542 442 599 autem
480 529 751 620 judicio
786 530 958 599 nihil
998 531 1127 605 tale
1157 553 1306 602 esse
1335 533 1714 603 consuevit.
1755 537 1920 602 Nam
1957 537 2133 601 Deus
2180 530 2378 602 'udex
2401 532 2659 622 justus,
2698 543 2765 603 et

198 618 553 705 judicium
601 620 754 709 ejus
809 631 886 688 ut
933 619 1051 689 lux
1097 620 1439 710 procedit,
1497 643 1629 692 non
1698 621 1964 691 habens
2012 634 2164 691 tene
2219 643 2330 691 ras
2387 643 2511 691 nec
2559 621 2779 712 igno--

207 707 535 777 rantiam.
575 713 651 778 Et
700 729 785 777 ne
833 707 1037 790 dicat,
1090 710 1254 796 quia
1277 710 1635 800 judicatus
1685 710 2007 780 deorsum
2066 721 2168 780 est
2221 721 2288 779 et
2333 710 2755 779 condemna·

211 807 349 876 tus,
400 795 690 867 coeleste
736 796 799 866 ei
835 796 1183 885 judicium
1237 801 1594 879 memorat,
1628 797 1932 870 tribunal
1984 798 2165 868 istud
2198 797 2501 868 terribile
2532 798 2757 867 nomi-

210 895 354 964 nat,
407 894 471 954 et
519 884 1000 975 incorruptum
1032 941 1048 968 ,
1104 898 1454 975 tamquam
1506 887 1794 957 dicens:
1849 885 2025 956 Illuc
2071 887 2310 957 oculos
2376 886 2618 966 tende,
2694 896 2762 956 et

205 972 810 1044 condemnationis
856 976 1265 1044 sententiam
1323 974 1613 1045 minime
1660 974 2060 1057 sustinebis,
2117 997 2242 1044 nec
2304 974 2518 1046 stabis
2565 974 2766 1045 deor-

206 1083 367 1131 sum
416 1083 580 1132 cum
629 1063 974 1154 corruptis
1011 1063 1394 1153 judicibuS,
1448 1064 1750 1155 excipies
1797 1083 2081 1133 sursum
2119 1085 2353 1133 verum
2378 1062 2755 1154 judicium.

296 1153 336 1238 ξ
399 1157 533 1224 11.
587 1150 829 1220 Vidisti
910 1151 1374 1242 hilosopbiam
1426 1151 1736 1234 latronis,
1777 1151 2010 1221 vidisti
2059 1151 2526 1240 prudentiam,
2581 1149 2756 1219 vidi-

206 1239 297 1310 sti
346 1239 805 1330 magistrum?
899 1261 937 1310 e
982 1262 1189 1310 cruce
1236 1241 1467 1311 subito
1514 1238 1802 1310 evolavit
1836 1240 1921 1310 ad
1972 1239 2266 1321 coelum,
2305 1250 2370 1310 et
2418 1239 2490 1309 in
2542 1260 2763 1330 poena

86 1346 101 1357 ·
207 1328 480 1419 positus
526 1327 838 1398 coelestis
879 1328 1141 1417 judicis
1173 1340 1433 1400 secreta
1482 1330 1829 1410 narrabat,
1865 1341 1930 1399 et
1976 1328 2362 1398 abundanti
2409 1350 2570 1399 eum
2653 1349 2757 1398 er-

206 1416 535 1487 suasione
584 1438 1070 1507 compescens:
1124 1423 1267 1488 Non
1329 1418 1549 1500 timeS,
1602 1417 1852 1505 inquit,
1887 1417 2052 1506 quia
2101 1416 2171 1485 in
2222 1416 2460 1486 eodem
2489 1416 2572 1504 ju
2626 1416 2760 1487 icio

207 1528 481 1589 sumus,
545 1506 616 1574 in
666 1506 904 1576 eadem
954 1528 1197 1597 poena,
1258 1506 1329 1576 in
1429 1506 1530 1576 ari
1579 1506 2006 1577 discrimine.
2052 1505 2401 1594 Numquid
2450 1518 2516 1575 et
2564 1515 2638 1575 tu
2688 1504 2761 1574 in

205 1616 415 1665 cruce
463 1616 602 1665 non
649 1598 774 1664 es?
819 1605 884 1664 et
937 1617 1098 1665 cum
1148 1594 1346 1665 illum
1425 1617 1698 1667 acessas
1751 1594 2068 1686 injuriis,
2137 1593 2261 1664 tibi
2327 1591 2759 1685 supplicium

208 1704 605 1774 praeparas.
652 1689 729 1753 Et
776 1683 955 1753 sicut
1008 1683 1069 1753 is
1124 1684 1245 1772 qui
1295 1695 1570 1773 peccato
1617 1684 1848 1754 carnis
1889 1694 2401 1774 praegravatur,
2469 1682 2532 1754 si
2579 1682 2755 1752 alios

297 1772 470 1842 ccati
518 1772 964 1853 accusaverit,
1017 1772 1467 1862 semetipsum
1516 1773 1714 1863 prius
1760 1784 2077 1843 accusat:
2130 1771 2230 1842 sic
2278 1784 2341 1841 et
2390 1771 2511 1859 qui
2543 1771 2614 1840 in
2642 1793 2761 1841 ca·

235 1862 514 1932 amitate
559 1873 683 1942 est,
719 1862 776 1931 si
825 1860 982 1931 aliis
1020 1860 1443 1931 calamitates
1491 1862 1805 1941 irriserit,
1845 1860 1975 1932 sibi
2009 1860 2205 1950 prius
2235 1859 2543 1933 insultat:
2584 1880 2760 1947 quo-

207 1950 400 2019 niam
447 1949 518 2019 in
566 1949 806 2019 eodem
846 1948 1114 2039 judicio
1154 1970 1436 2020 sumus:
1489 1949 1868 2039 apostolica
1916 1949 2019 2019 illi
2051 1950 2258 2020 verba
2298 1948 2751 2030 monstrabat,

205 2038 657 2127 evangelicos.
687 2059 1040 2108 sermones
1083 2058 1441 2120 enarranS,
1495 2038 1616 2126 qui
1675 2038 1959 2108 dicunt:
2012 2039 2232 2108 Nolite
2273 2038 2592 2127 judicare
2623 2091 2639 2119 ,
2695 2047 2759 2105 et

205 2150 338 2197 non
372 2128 899 2216 judicabimini:
941 2128 1107 2217 quia
1144 2129 1215 2196 in
1247 2127 1473 2197 eodem
1508 2128 1773 2217 judicio
1809 2149 2042 2196 sumus
2080 2126 2358 2211 (Mami.
2398 2125 2548 2213 vn).
2576 2124 2754 2208 Quid

208 2214 380 2285 facis
411 2215 605 2297 latro,
644 2214 1006 2285 defendere
1034 2237 1193 2286 eum
1244 2214 1502 2297 volenS,
1549 2215 1957 2306 participem
1997 2213 2217 2287 fecisti
2248 2213 2553 2284 latroni?
2582 2218 2752 2295 Non,

210 2303 461 2389 inquit,
498 2326 785 2375 excusor
822 2305 951 2375 hac
985 2303 1381 2395 suspicione
1429 2303 1743 2392 sequenti
1792 2325 2136 2374 sermone:
2189 2314 2254 2372 et
2301 2325 2386 2372 ne
2434 2323 2752 2373 commu-

211 2391 418 2461 nione
469 2392 869 2495 participem
914 2414 1073 2463 eum
1122 2393 1329 2462 etiam
1379 2392 1638 2483 peccati
1686 2391 1926 2463 fecisse
1966 2390 2343 2474 arbitreriS,
2400 2389 2755 2478 sequenti-

209 2480 344 2552 bus
390 2480 783 2565 declaravit,
809 2482 1090 2554 dicens:
1144 2487 1220 2553 Et
1251 2503 1376 2552 nos
1404 2480 1689 2570 quidem
1711 2481 1922 2574 juste,
1969 2480 2178 2573 digna
2218 2480 2402 2551 enim
2434 2480 2547 2551 his
2576 2502 2760 2568 quae

207 2570 526 2652 fecimus,
563 2571 750 2663 passi
798 2593 1067 2643 sumus.
1120 2570 1361 2641 Vidisti
1410 2570 1685 2661 plenam
1721 2570 2247 2650 confessionem,
2287 2568 2517 2639 vidisti
2549 2568 2757 2639 latro-

208 2680 366 2728 nem
409 2659 480 2729 in
529 2682 735 2730 cruce
759 2660 908 2731 suis
938 2660 1384 2731 renunciasse
1431 2660 1775 2750 peccatis?
1822 2659 1940 2731 Dic
1987 2680 2312 2746 namque,
2356 2657 2474 2740 ait,
2520 2669 2594 2727 tu
2620 2656 2757 2726 ini-

206 2748 505 2836 quitates
545 2759 700 2819 tuas
746 2748 958 2839 prior,
1013 2761 1091 2819 ut
1126 2749 1555 2839 justificeris.
1596 2749 1842 2820 Nullus
1891 2748 2194 2839 impulit.
2230 2746 2470 2817 nullus
2519 2767 2753 2816 neces-

207 2839 405 2908 sitate
450 2836 881 2919 constrinxit,
922 2837 1040 2907 sed
1074 2837 1224 2927 ipse
1271 2849 1513 2927 sponte
1546 2859 1674 2909 sua
1704 2849 1982 2928 peccata
2029 2835 2452 2927 publicabat,
2484 2834 2750 2905 dicens:

205 2931 340 2997 Nos
384 2926 670 3014 quidem
693 2926 903 3017 juste,
938 2925 1152 3017 digna
1180 2925 1365 2996 enim
1399 2925 1509 2996 his
1536 2947 1715 3014 quae
1746 2924 2061 3008 fecimus,
2099 2924 2286 3015 passi
2317 2946 2588 3005 sumus,
2628 2922 2758 2993 iste

204 3027 437 3085 autem
487 3014 662 3084 nihil
714 3013 846 3085 tale
892 3013 1073 3097 fecit,
1126 3027 1191 3085 et
1241 3026 1472 3106 postea
1497 3015 1623 3085 ait:
1680 3020 2014 3085 Memento
2063 3013 2199 3083 mei
2230 3013 2299 3082 in
2342 3033 2555 3103 regno
2610 3026 2749 3084 tu0.

204 3110 349 3176 Non
399 3116 502 3173 est
532 3124 749 3174 ausus
797 3102 1024 3173 dicere
1068 3113 1393 3174 memento
1450 3106 1602 3186 mei,
1640 3103 1777 3173 nisi
1823 3101 2254 3173 confessione
2302 3099 2564 3192 peccati
2613 3123 2757 3170 sar·

204 3193 441 3262 cinam
488 3191 891 3263 remisisset.
928 3192 1202 3282 Inspice
1250 3204 1593 3280 quantum
1635 3202 1933 3282 praestat
1986 3189 2349 3261 confessio,
2388 3187 2756 3260 Confessus

204 3293 332 3362 est,
369 3292 436 3349 et
483 3279 881 3371 paradisum
919 3279 1256 3371 patefecit,
1295 3291 1361 3350 et
1402 3290 1658 3350 tantam
1708 3279 2065 3351 confessus
2089 3279 2422 3349 fiduciam
2473 3277 2751 3359 meruit,

206 3381 284 3440 ut
326 3390 618 3458 regnum
662 3381 821 3469 post
868 3368 1305 3439 latrocinium
1356 3368 1756 3459 postularet.
2699 3454 2713 3466 .

297 3458 335 3543 ἓ
398 3462 548 3530 18.
603 3455 804 3526 Vides
848 3468 1268 3546 quantorum
1308 3457 1651 3529 bonorum
1685 3457 1884 3527 nobis
1912 3455 2196 3526 materia
2235 3460 2410 3526 Crux
2457 3458 2609 3526 est?
2641 3458 2756 3524 Dic

208 3545 407 3625 mihi,
442 3566 736 3636 regnum
771 3567 1292 3629 commemoras,
1331 3546 1499 3634 quid
1530 3546 1716 3616 enim
1745 3545 1941 3634 regni
1974 3544 2208 3614 vides?
2253 3543 2453 3624 clavi,
2491 3557 2556 3614 et
2581 3564 2754 3613 crux

205 3646 309 3705 est
354 3635 539 3722 quod
572 3633 885 3734 inspicis.
931 3634 1059 3706 Sed
1110 3635 1263 3725 ipsa
1308 3657 1500 3718 crux,
1536 3634 1786 3722 inquit,
1826 3655 2120 3723 regnum
2159 3643 2284 3714 est,
2315 3645 2380 3703 et
2405 3632 2559 3702 ideo
2591 3652 2754 3701 eum

208 3730 461 3816 Regem
528 3744 833 3805 nomino,
879 3723 1043 3812 quia
1091 3724 1503 3794 crucifixum
1543 3723 1862 3812 inspicio.
1923 3727 2425 3811 Imperatorum
2473 3732 2578 3790 est
2627 3741 2752 3809 pro

205 3813 534 3884 omnibus
569 3811 766 3892 mori,
803 3823 869 3882 et
933 3812 1149 3902 Regis.
1182 3813 1426 3902 optimi
1475 3833 1598 3902 pro
1640 3809 2000 3881 communi
2047 3809 2341 3879 utilitate
2390 3830 2754 3897 nunquam

204 3923 526 3972 recusare
556 3901 1009 3992 supplicium.
1063 3906 1218 3991 Ipse
1245 3900 1440 3983 dixit,
1484 3900 1643 3987 quia
1677 3910 1912 3990 pastor
1941 3898 2167 3969 bonus
2214 3899 2519 3967 animam
2553 3917 2753 3968 suam

206 3991 400 4081 ponit
447 4013 571 4081 pro
617 3990 862 4061 ovibus
909 3990 1081 4061 suis,
1136 3994 1215 4059 Et
1260 3989 1414 4059 ideo
1470 3993 1852 4079 Imperator
1906 3987 2132 4056 bonus
2191 3986 2500 4055 animam
2551 4006 2754 4056 suam

204 4100 332 4170 pro
368 4078 480 4148 his
525 4101 699 4166 quos
739 4080 934 4170 regit,
966 4078 1211 4158 offerre
1248 4077 1546 4148 festinat.
1593 4076 1936 4160 Quoniam
1968 4073 2182 4164 igitur
2210 4073 2516 4144 animam
2552 4094 2754 4173 suam

204 4189 332 4259 pro
379 4168 580 4238 nobis
629 4170 882 4260 posuit,
937 4166 1091 4238 ideo
1139 4187 1300 4236 eum
1350 4171 1841 4257 Imperatorem
1893 4185 2080 4234 voco:
2137 4168 2471 4233 Memento
2513 4182 2650 4231 mei
2682 4181 2754 4229 m

205 4279 419 4348 regno
463 4268 601 4329 tu0.
