3327 4999
690 306 819 373 320
1318 325 1397 372 m:
1445 325 1501 372 s.
1554 324 1905 372 namneum
1951 323 2175 373 conon.
2226 319 2428 371 cnse.
2752 304 3000 370 MART.
3057 305 3142 370 ⁴6

603 417 881 475 ventum
931 416 1081 487 est,
1135 427 1296 475 cum
1343 405 1491 497 ipse
1538 405 1874 495 appositis
1919 404 2095 474 cibis
2146 403 2284 474 fere
2320 405 2714 495 jejunaret,
2766 405 2863 475 ita
2908 415 3142 474 tamen

605 516 793 565 more
852 516 1002 575 su0,
1055 504 1121 563 et
1168 505 1332 562 tunc
1379 494 1679 563 maxime
1720 494 2072 584 Jejunium
2134 492 2653 565 dissimularet:
2717 492 3143 580 quibusdam

605 583 687 653 ad
745 582 973 672 ipsum
1037 582 1604 672 respicientibuS,
1667 595 1731 653 et
1780 605 1941 652 cum
1989 581 2226 651 dolore
2279 582 2720 669 loquentibus
2752 637 2767 663 ‚
2823 582 3006 670 quod
3063 603 3148 650 ea

602 672 714 741 die
762 671 1064 762 profusis
1110 683 1248 740 tam
1283 671 1660 741 multorum
1711 671 2038 762 lacrymis
2088 671 2384 743 necdum
2437 671 2800 761 propitiato
2850 670 3143 740 Domino

605 760 875 830 coelum
937 758 1364 850 aperiretur,
1418 760 1710 851 dignum
1761 761 2093 831 memoria
2155 760 2442 829 verbum
2491 759 2847 850 respondit
2903 760 3150 828 beatus

602 870 758 918 vere
805 849 1017 927 mitis,
1058 870 1212 918 vere
1265 863 1690 931 mansuetus,
1729 872 1766 915 α
1801 848 2037 931 Vestri,
2077 849 2324 936 inquit,
2360 871 2401 918 o
2448 848 2867 930 charissimi,
2963 861 3148 919 asto-

604 938 704 1007 ris
746 950 847 1007 est
900 937 1129 1027 culpa,
1186 938 1369 1024 quod
1411 938 1683 1008 coelum
1720 938 2019 1030 desuper
2051 951 2188 1007 tam
2241 937 2539 1007 ferreum
2581 949 2706 1017 est,
2741 958 2878 1024 quo
2961 935 3151 1006 mul—

605 1026 824 1096 titudo
894 1026 1233 1096 viscerum
1310 1027 1582 1096 Domini
1636 1039 1701 1096 et
1762 1027 2281 1097 miserationum
2335 1027 2487 1117 ejus
2533 1027 3025 1097 continuerunt
3073 1046 3151 1095 se

605 1136 813 1204 super
883 1137 1021 1185 vos.
1099 1116 1240 1184 Nisi
1305 1116 1489 1185 enirn
1544 1116 1874 1186 Dominus
1921 1116 2094 1186 meis
2144 1116 2451 1186 irritatus
2508 1127 2686 1185 esset
2731 1114 3138 1193 sceleribu5‚

604 1204 725 1291 qui
774 1204 951 1273 inter
1001 1204 1231 1295 ipsum
1285 1217 1348 1272 et
1406 1227 1520 1274 vos
1580 1204 1915 1274 debebam
1981 1218 2159 1275 stare
2206 1204 2517 1274 medius:
2561 1204 2712 1293 jam
2768 1203 3151 1295 dirupisset

605 1293 899 1373 coelum,
955 1306 1020 1361 et
1063 1293 1477 1362 beneficium
1526 1294 1678 1383 ejus
1725 1293 2212 1375 descendisset,
2249 1307 2316 1363 et
2343 1292 2669 1363 stillasset
2709 1314 2919 1382 super
2948 1314 3148 1361 vos.»

605 1386 786 1451 Haec
833 1403 914 1451 eo
961 1381 1253 1463 dicente,
1308 1382 1565 1538 pariter
1609 1383 1809 1469 quasi
1856 1382 2144 1470 quidam
2192 1381 2478 1470 sanguis
2532 1381 2836 1450 fluebant
2868 1381 3151 1451 animae

606 1470 999 1539 vulneratae
1046 1492 1127 1539 ex
1172 1493 1300 1539 ocu
1337 1472 1393 1539 is
1440 1470 1810 1560 lacrymae:
1868 1493 2043 1558 quas
2081 1482 2542 1561 erumpentes,
2582 1484 2838 1540 etcum
2880 1470 3152 1559 impetu

604 1571 957 1629 currentes
1004 1581 1234 1629 coram
1287 1559 1525 1629 multis
1573 1560 1839 1629 volebat
1884 1559 2188 1645 quidem,
2225 1560 2341 1629 sed
2394 1581 2527 1629 non
2578 1570 2861 1650 poterat,
2922 1558 3149 1628 conti-

604 1669 789 1717 nere.
845 1648 1196 1738 Lacrymis
1243 1669 1405 1738 ergo
1451 1649 1694 1730 victus,
1750 1662 1958 1738 caput
2017 1671 2225 1737 super
2288 1670 2596 1718 mensam
2659 1647 3028 1716 declinavit
3070 1648 3146 1716 in

604 1737 973 1817 manibuS,
1025 1749 1090 1806 et
1147 1759 1306 1806 cum
1361 1736 1733 1807 fortissimo
1786 1737 2160 1828 spirituum
2212 1742 2342 1807 Deo
2389 1736 2544 1806 forti
2603 1735 2992 1807 humilitate
3039 1748 3149 1805 at·—

605 1845 738 1912 que
785 1825 1053 1894 ardenti
1102 1825 1407 1895 oratione
1455 1826 1867 1896 luctabatur.
1934 1831 2091 1895 Erat
2135 1837 2365 1895 autem
2432 1827 2598 1895 hora
2654 1825 2894 1894 eadem
2956 1836 3152 1895 tanta

603 1913 778 1983 coeli
826 1915 1178 1994 serenitaS,
1233 1926 1310 1983 ut
1350 1914 1542 1984 nulla
1589 1915 1659 1983 in
1714 1918 1868 1984 aere
1924 1916 2144 1984 nubes
2192 1916 2573 2005 appareret:
2620 1936 2782 1982 cum
2829 1935 2988 1983 ecce
3023 1936 3149 1983 su-

605 2003 748 2072 bito
795 2003 1063 2094 fragore
1111 2025 1364 2093 magna
1461 2004 1684 2073 luviae
1733 2005 1833 2073 vis
1885 2003 2291 2073 inundando
2350 2004 2621 2092 erupit,
2677 2004 2771 2072 ita
2819 2015 2895 2072 ut
2944 2002 3150 2093 prius

600 2092 933 2161 imbrium
967 2093 1268 2182 crepitus
1300 2027 1676 2174 audiretur,
1715 2115 1923 2180 quam
1971 2093 2072 2161 vir
2118 2105 2400 2163 sanctus
2447 2104 2656 2182 caput
2701 2092 2788 2161 ab
2836 2093 3150 2163 oratione

607 2181 1014 2252 sublevaret.
1061 2181 1296 2250 Cuncti
1346 2183 1661 2271 protinus
1710 2181 2314 2262 circumsedenteS,
2351 2204 2392 2250 a
2425 2203 2664 2251 mensa
2702 2202 2849 2251 sese
2896 2202 3148 2250 excus-

606 2282 888 2351 serunt,
948 2282 1012 2339 et
1061 2269 1374 2359 prosilire
1421 2271 1644 2340 conati
1695 2284 1897 2352 sunt,
1952 2283 2028 2340 ut
2073 2270 2144 2339 in
2197 2269 2473 2339 laudem
2523 2269 2769 2339 Christi
2831 2270 3148 2357 tantique

603 2358 754 2448 ejus
806 2359 1149 2448 pontificis
1212 2360 1491 2448 hymnis
1554 2371 2041 2450 personarent,
2094 2371 2159 2428 et
2212 2359 2409 2449 signa
2458 2358 2922 2429 ecclesiastica
2979 2380 3152 2428 con-

602 2468 885 2548 crepare
922 2447 1243 2518 facerent.
1300 2452 1372 2518 At
1425 2448 1540 2518 ille
1585 2449 1687 2517 vir
1782 2448 2056 2518 rovidus
2098 2460 2163 2517 et
2225 2446 2636 2518 humilitatis
2697 2469 2861 2517 suae
2908 2460 3150 2519 custos

601 2537 1199 2627 vigllantissimuS,
1238 2538 1628 2607 terribiliter
1676 2560 1714 2605 a
1758 2537 2060 2625 jurando
2108 2536 2287 2617 illos,
2343 2538 2470 2606 hoc
2530 2536 2678 2605 fieri
2727 2536 2960 2617 vetuit,
3001 2537 3151 2606 vix-

600 2647 735 2712 que
789 2627 1135 2706 obtinuit,
1192 2639 1269 2696 ut
1317 2626 1590 2696 interim
1639 2626 1921 2711 quidem
1977 2648 2019 2694 a
2074 2625 2439 2715 semetipso
2485 2626 2947 2712 quiescerent,
3025 2624 3148 2696 Dei

599 2736 757 2784 vero
807 2715 1083 2784 laudem
1131 2737 1210 2784 ac
1258 2715 1513 2804 gratias
1562 2714 1824 2784 Christo
1872 2714 2175 2814 agendas
2224 2736 2607 2801 numquam
2642 2726 2964 2784 tacerent.
3005 2719 3145 2784 Nec

599 2826 755 2872 vero
790 2803 1216 2874 insufficiens
1259 2802 1488 2893 pluvia
1534 2815 1700 2872 tunc
1749 2804 1987 2873 extitit:
2039 2803 2157 2873 sed
2206 2803 2300 2872 ita
2349 2804 2694 2873 uberrime
2743 2817 2992 2873 terram
3044 2803 3142 2872 ir-

598 2892 877 2983 rigavit,
933 2905 1008 2961 ut
1061 2892 1211 2982 jam
1262 2907 1735 2981 praemortuas
1783 2895 2092 2983 segetum
2154 2891 2420 2961 radices
2468 2892 2554 2961 ad
2604 2891 3135 2962 foecunditatem

606 2991 976 3070 repararet.

689 3071 726 3156 §
772 3073 930 3140 1⁰.
999 3073 1266 3137 Interea
1313 3091 1474 3138 cum
1526 3068 1769 3138 multis
1815 3080 1879 3139 et
1928 3068 2201 3160 magnis
2250 3068 2762 3139 misericordiae
2808 3068 3147 3160 operibus

600 3157 947 3227 insisteret
994 3178 1380 3248 pauperum
1442 3169 1677 3248 pater,
1734 3158 2241 3245 viduarumque
2286 3170 2352 3227 et
2399 3158 2871 3248 orphanorum
2918 3157 3147 3245 quoti-

603 3245 858 3316 dianus
917 3249 1263 3336 provisor,
1314 3247 1761 3317 incumbebat
1825 3247 2058 3316 animo
2106 3247 2257 3336 ejus
2303 3268 2472 3315 cura
2516 3247 2865 3327 continua,
2927 3247 3148 3317 servi-

603 3335 780 3404 turis
830 3339 959 3404 Deo
1009 3336 1369 3405 monachis
1432 3348 1830 3406 construere
1886 3336 2336 3406 coenobium:
2388 3355 2685 3421 quorum
2735 3335 2904 3404 ordo
2952 3335 3145 3404 vide—

601 3423 760 3493 licet
809 3424 1188 3515 profitetur,
1262 3425 1426 3511 quia
1465 3447 1803 3516 pauperes
1852 3437 2053 3505 sunt,
2107 3444 2445 3515 pauperes
2494 3424 2900 3504 voluntarii,
2964 3422 3144 3493 nihil

601 3512 672 3581 in
708 3513 836 3582 hoc
886 3513 1147 3582 mundo
1189 3513 1504 3583 habendo
1553 3514 1938 3604 proprium.
1977 3513 2323 3584 Habuerat
2368 3523 2597 3582 autem
2648 3517 3147 3614 Imperatorem
3249 3537 3250 3540 ¹

575 3605 936 3681 ottonem,
992 3602 1162 3672 dum
1211 3601 1592 3683 adviveret,
1647 3601 1939 3693 hujusce
1984 3602 2084 3672 rei
2132 3602 2563 3671 monitorem.
2618 3606 2923 3688 Demque
2977 3623 3149 3671 cum

599 3691 974 3761 novissima
1015 3690 1429 3781 profectione
1462 3691 1730 3761 Italiam
1779 3691 2254 3783 ingrederetur
2298 3689 2795 3780 rempublicam
2840 3689 3150 3781 disposi-

602 3790 821 3859 turuS,
878 3780 1152 3849 beatum
1203 3780 1424 3849 virum
1476 3780 1739 3850 habens
1792 3781 1858 3850 in
1898 3781 2252 3861 comitatu,
2291 3780 2559 3848 cunctis
2608 3800 2934 3870 prospere
2982 3801 3149 3850 suc-

598 3868 1026 3951 cedentibus,
1070 3881 1365 3940 tractans
1397 3891 1559 3939 cum
1603 3869 1747 3939 viro
1797 3869 1913 3938 Dei
1959 3869 2044 3938 de
2092 3869 2313 3939 salute
2344 3867 2618 3938 animae
2649 3890 2836 3949 suae,
2872 3878 2938 3938 et
2968 3888 3151 3954 quo-

599 3956 970 4026 dammodo
1016 3957 1291 4027 dicens:
1363 3959 1537 4042 Quid
1592 3959 1964 4028 retribuam
2035 3961 2355 4038 Domino,
2420 3981 2541 4049 pro
2606 3959 2907 4027 omnibus
2964 3979 3150 4048 quae

597 4048 911 4116 retribuit
956 4048 1132 4116 mihi
1154 4073 1177 4116 .·
1228 4047 1600 4117 consilium
1632 4048 1763 4119 hoc
1793 4047 2079 4138 accepit,
2118 4060 2460 4135 quatenus
2490 4046 2576 4115 ob
2611 4045 2902 4116 salutem
2942 4065 3148 4114 suam

599 4136 1010 4205 coenobium
1059 4147 1485 4207 construeret
1526 4135 2022 4206 monachorum
2065 4137 2133 4204 in
2179 4137 2505 4205 honorem
2541 4146 2816 4205 sanctae
2864 4133 2979 4204 Dei
3015 4137 3150 4203 Ge·-

600 4224 891 4305 nitricis,
946 4225 1399 4312 omniumque
1448 4229 1880 4294 Sanctorum.
1935 4229 2076 4294 Hoc
2125 4225 2292 4294 lnito
2340 4222 2603 4294 salubri
2651 4222 2968 4305 consilio,
3022 4244 3150 4292 ne-

598 4313 893 4384 cessaria
940 4314 1259 4404 protinus
1304 4313 1391 4383 ab
1449 4313 1626 4383 hanc
1701 4334 1842 4383 rem
1891 4314 2173 4404 praedia
2219 4313 2481 4384 Christo
2528 4312 2677 4382 dele
2727 4313 2909 4393 avit,
2963 4333 3150 4399 quae

597 4414 664 4472 et
710 4404 905 4474 beato
954 4401 1096 4472 viro
1144 4401 1216 4470 in
1265 4424 1555 4473 manum
1602 4401 1814 4485 dedit,
1865 4425 2028 4474 cum
2077 4402 2568 4495 pollicitatione
2613 4424 2692 4473 ve
2764 4402 3152 4492 sponsione
