3327 4999
707 331 832 396 ⁴84
1515 349 1596 396 mr.
1643 349 1702 396 s.
1756 349 2070 399 catenato
2117 350 2280 398 ΡΑΡΑ
2329 304 2342 314 ’
2804 331 3039 396 MART.
3087 331 3158 396 ⁴2

615 449 804 508 eum,
859 449 900 496 a
945 447 1084 513 quo
1114 425 1477 517 plectenda
1509 438 1673 497 sunt
1720 429 2040 510 crimina,
2072 428 2323 499 nutriri
2355 429 2522 498 vitia
2567 425 2950 498 videantur.
3001 431 3156 496 Haec

612 516 830 608 igitur
873 515 1325 585 dilectissime
1372 514 1580 584 frater
1612 515 1983 607 diligenter
2028 516 2325 597 attende,
2380 531 2447 587 et
2482 518 2575 586 ita
2612 539 2814 606 agere
2847 513 3061 595 stude,
3097 524 3160 584 ut

666 626 862 674 ravos
896 602 1266 674 salubriter
1312 603 1620 694 corrigas
1652 617 1719 673 et
1758 605 2169 675 scandalum
2215 605 2302 675 de
2341 605 2689 675 malorum
2738 604 3052 676 societate
3091 601 3160 672 fi-

642 694 867 763 iorum
907 704 1184 760 tuorum
1234 691 1492 760 animis
1542 713 1680 760 non
1719 692 2090 763 inducas»

701 783 738 867 ξ
804 786 967 851 2⁶.
1022 785 1148 848 Pro
1179 780 1393 850 unius
1441 779 1647 870 culpa
1683 781 2022 852 vindicari
2054 780 2268 851 alium
2304 781 2737 852 rectissimus
2776 779 2991 867 judex
3018 783 3160 849 Gre-

614 868 855 959 gorius
890 867 1178 937 minime
1228 868 1684 991 permittebat.
1741 869 2041 957 Ideoque
2089 868 2505 940 Godescalco
2557 869 2723 939 Duci
2774 868 3162 957 Campaniae

614 957 949 1035 scribens,
1003 956 1121 1025 ait:
1167 979 1205 1022 «
1281 956 1404 1025 Illa
1458 957 2009 1047 praepositorum
2062 956 2430 1027 solicitudo
2462 957 2678 1037 utilis,
2733 957 2854 1025 illa
2886 969 2987 1025 est
3021 976 3164 1025 cau-

615 1045 754 1115 tela
802 1043 1197 1125 laudabilis,
1252 1045 1321 1113 in
1358 1065 1497 1130 qua
1530 1058 1746 1114 totum
1785 1047 1956 1116 ratio
2002 1047 2145 1137 agit
2191 1058 2257 1115 et
2303 1045 2496 1114 furor
2533 1045 2668 1117 sibi
2712 1045 2808 1114 nil
2847 1044 3154 1114 vendicat.

618 1132 1122 1223 Restringenda
1168 1152 1333 1223 ergo
1365 1136 1498 1201 sub
1550 1134 1812 1203 ratione
1863 1148 2159 1225 potestas
2191 1148 2316 1215 est,
2371 1156 2496 1203 nec
2542 1133 2924 1220 quicquam
2974 1153 3161 1223 agen-

618 1222 815 1302 dum,
873 1221 1280 1311 priusquam
1327 1221 1669 1291 concitata
1699 1223 1787 1291 ad
1839 1222 2407 1310 tranquillitatem
2454 1243 2651 1292 mens
2700 1222 2958 1291 redeat.
3013 1225 3158 1290 Nam

617 1309 1103 1380 commotionis
1152 1322 1456 1399 tempore
1492 1309 1761 1397 justum
1831 1333 2037 1380 omne
2089 1323 2281 1401 putat
2327 1311 2431 1379 ira
2480 1310 2665 1396 quod
2716 1309 2975 1380 fecerit.
3027 1314 3159 1378 Per-

616 1398 803 1468 venit
836 1398 1066 1484 itaque
1099 1397 1184 1466 ad
1224 1419 1369 1474 nos,
1427 1398 1978 1487 magnitudinem
2031 1411 2221 1468 tuam
2271 1420 2494 1485 usque
2533 1398 2620 1467 ad
2671 1398 2801 1467 hoc
2852 1419 3001 1467 esse
3044 1397 3153 1464 im·

620 1500 782 1577 petu
830 1484 1084 1555 furoris
1131 1485 1535 1571 impulsam,
1590 1498 1668 1556 ut
1736 1508 1868 1556 non
1923 1486 2146 1558 solum
2199 1487 2346 1556 fran
2407 1488 2423 1555 i
2474 1487 2732 1577 januas
2776 1482 3153 1556 monasterii

619 1573 841 1645 sancti
890 1573 1322 1664 Archangeli,
1381 1595 1614 1643 verum
1667 1575 1873 1643 etiam
1924 1574 2135 1664 diripi
2170 1576 2323 1644 exin
2379 1596 2416 1644 e
2462 1573 2781 1661 quodibi
2829 1575 3160 1645 inventum

615 1674 741 1742 est,
781 1662 1047 1731 seceris,
1104 1667 1397 1752 Insuper
1442 1674 1672 1731 autem
1737 1663 1838 1731 sic
1886 1675 2124 1732 contra
2176 1664 2500 1732 Abbatem
2560 1663 2876 1750 ejusdem
2946 1682 3156 1731 mona-

618 1750 805 1821 sterii
856 1750 1110 1819 diceris
1156 1750 1516 1829 exarsisse,
1560 1765 1637 1819 ut
1662 1750 1800 1820 nisi
1846 1751 2206 1820 occultans
2237 1773 2333 1832 se,
2370 1750 2774 1840 iracundiae
2827 1762 3158 1820 tuaetem-

620 1859 787 1929 pore
822 1838 1155 1919 latuisset,
1213 1860 1347 1907 non
1415 1837 1558 1907 leve
1597 1838 1971 1907 discrimen
2043 1839 2448 1909 incurreret.
2513 1839 2822 1926 Denique
2872 1852 2950 1908 ut
2998 1848 3159 1906 metu

618 1939 737 1997 tuo
787 1927 1210 2017 perterritus,
1262 1926 1349 1996 de
1381 1926 1611 2007 domo,
1666 1927 1738 1995 in
1791 1950 1930 2014 qua
1976 1926 2141 1997 olim
2206 1950 2278 1997 se
2328 1939 2693 2013 receperat,
2742 1927 2933 1997 exire
2964 1947 3161 1997 nunc·

616 2037 841 2102 usque
890 2037 1025 2084 non
1076 2015 1349 2085 audeat.
1426 2015 1620 2097 Quod
1684 2037 1769 2085 ne
1830 2016 2084 2086 frustra
2150 2016 2390 2086 fecisse
2450 2017 2734 2085 forsitan
2806 2014 3158 2092 videreris,

619 2103 854 2194 fugam
908 2104 1224 2173 monachi
1276 2103 1503 2194 ipsius
1548 2103 1671 2190 qui
1706 2104 1788 2174 ad
1825 2104 2054 2174 hostes
2102 2105 2294 2185 abiit,
2348 2104 2433 2175 ad
2474 2105 2651 2194 ejuS,
2703 2098 3045 2191 quantum
3088 2100 3160 2171 ad

619 2214 749 2261 nos
846 2191 1137 2261 erlatum
1190 2204 1314 2271 est,
1366 2193 1629 2262 crimen
1683 2192 2041 2282 impingiS,
2094 2215 2412 2264 asserens
2457 2192 2641 2279 quod
2697 2193 2895 2263 illius
2940 2192 3160 2262 volun-

620 2292 756 2351 tate
824 2280 1069 2371 ugerit.
1124 2279 1316 2363 Quod
1368 2280 1427 2349 si
1480 2280 1571 2349 ita
1617 2294 1743 2361 est,
1796 2282 2292 2353 contristamur
2348 2295 2413 2352 et
2471 2281 2668 2350 valde
2718 2295 3015 2351 vestram
3068 2300 3159 2348 sa-

618 2368 950 2461 pientiam
1002 2368 1362 2439 miramur.
1418 2374 1583 2438 Nam
1635 2369 1696 2439 si
1731 2367 1998 2439 licitum
2047 2372 2324 2472 putatis,
2358 2383 2435 2439 ut
2466 2369 2764 2440 aliorum
2816 2371 3022 2459 culpa
3058 2365 3158 2437 alii

618 2460 708 2533 sit
755 2459 1020 2541 nociva,
1078 2459 1280 2530 multi
1330 2459 1494 2530 huic
1531 2470 1822 2550 possunt
1867 2460 2151 2530 crimmi
2184 2461 2567 2551 subjacere.
2625 2459 3063 2531 Diversorum
3103 2475 3160 2526 e·

616 2550 764 2620 nim
807 2549 1146 2619 nobilium
1213 2549 1415 2629 servi,
1470 2549 1848 2618 multarum
1898 2549 2349 2619 ecclesiarum
2409 2550 2691 2630 clerici,
2748 2549 3159 2619 diversorum

618 2639 1196 2709 monasteriorum
1253 2636 1599 2717 monachi,
1654 2637 2034 2707 multorum
2077 2639 2400 2725 judicum
2455 2638 2804 2719 homineS,
2862 2658 3063 2727 saepe
3102 2651 3159 2703 se

619 2726 939 2797 hostibus
973 2725 1426 2795 tradiderunt.
1479 2730 1654 2815 Ergo
1705 2725 1762 2794 si
1814 2725 1941 2795 hoc
1988 2727 2317 2808 creditur,
2371 2749 2728 2797 servorum
2779 2726 3023 2813 utique
3058 2722 3159 2790 do-

617 2814 818 2896 mini,
870 2815 1282 2884 clericorum
1331 2813 1665 2904 episcopi,
1705 2815 2204 2886 monachorum
2242 2816 2557 2894 Abbates,
2595 2815 3031 2884 diversorum
3070 2809 3159 2909 su-

617 2904 896 2993 gacium
961 2902 1280 2991 judices,
1332 2923 1574 2971 omnes
1640 2903 1772 2972 sub
1842 2903 2051 2994 culpa
2117 2917 2281 2974 sunt
2325 2917 2392 2972 et
2447 2904 2741 2973 crimine
2797 2902 3154 2973 constituu.

616 2990 969 3077 Numquid
1018 3003 1084 3059 et
1131 2989 1380 3060 diebus
1430 2990 1937 3081 magnitudinis
1986 3006 2143 3062 tuae
2201 2992 2403 3062 multi
2468 2993 2554 3062 de
2606 2992 2882 3062 civitate
2930 2991 2999 3059 in
3044 3005 3159 3074 qua

615 3078 964 3157 consistis,
1031 3079 1116 3147 ad
1192 3078 1803 3169 Longobardorum
1872 3079 2126 3150 milites
2194 3080 2356 3181 fuga
2408 3102 2541 3151 non
2613 3080 2790 3170 lapsi
2848 3081 3059 3149 sunt?
3097 3077 3159 3142 Et

616 3166 777 3253 quis
823 3179 1051 3236 tantae
1100 3166 1635 3248 indiscretioni3‚
1695 3179 2055 3255 tantaeque
2103 3182 2320 3258 possit
2366 3169 2697 3252 stultitiae
2748 3166 3057 3258 reperiri,
3098 3168 3157 3231 ut

616 3275 858 3324 eorum
915 3255 1347 3342 iniquitatem
1398 3255 1523 3326 tibi
1556 3256 1872 3326 aestimet
1909 3256 2511 3347 applicandam?»
2938 3263 2942 3269 ’

694 3345 742 3498 Ξ
812 3347 956 3414 22.
1029 3343 1432 3413 Libertatem
1500 3345 2059 3434 uniuscujusque
2119 3345 2429 3414 hominis
2499 3343 2877 3434 Gregorius
2942 3350 3156 3412 contra

606 3429 688 3520 ju
747 3430 934 3500 icum
984 3431 1411 3514 insolentiaS,
1450 3431 1687 3502 liberis
1737 3433 2022 3503 vocibus
2069 3432 2533 3504 nibilominus
2581 3431 2906 3501 similiter
2952 3427 3160 3526 defen-

614 3518 843 3588 debat.
909 3519 1101 3589 Unde
1151 3522 1426 3590 Leontio
1472 3520 1830 3591 exconsuli
1883 3532 2034 3611 post
2079 3522 2316 3608 aliqua
2356 3522 2692 3601 scribenS‚
2732 3520 2862 3589 ait:
2912 3545 2938 3583 ι
2975 3519 3041 3589 Si
3071 3521 3157 3584 Li-

614 3607 929 3678 bertinus
979 3608 1050 3678 in
1100 3608 1231 3677 ista
1268 3632 1479 3679 causa
1510 3609 1856 3678 cautionis
1893 3609 2268 3699 culpabilis
2301 3610 2673 3689 invenitur,
2708 3607 2796 3677 de
2824 3607 2984 3677 aliis
3009 3624 3158 3675 cau·

612 3695 710 3765 sis
774 3695 945 3783 quid
997 3719 1119 3787 pro
1185 3720 1259 3768 se
1315 3697 1604 3788 alleget,
1658 3697 1915 3767 nescio,
1999 3702 2228 3767 Unum
2280 3709 2509 3767 tamen
2562 3698 2690 3767 boc
2751 3697 2929 3766 bene
2974 3706 3156 3791 atque

609 3797 1007 3855 constanter
1056 3786 1260 3867 novi,
1313 3785 1479 3872 quia
1527 3797 1593 3855 et
1640 3786 1700 3857 si
1746 3807 1956 3873 quam
2009 3787 2219 3856 rebus
2269 3785 2574 3877 publicis
2620 3784 2939 3854 fraudem
2987 3781 3151 3878 fecit,

610 3871 1000 3943 substantia
1033 3874 1182 3960 ejus
1221 3874 1418 3944 caedi
1466 3873 1730 3955 debuit,
1783 3896 1921 3944 non
1974 3873 2280 3945 libertas.
2325 3879 2491 3944 Nam
2544 3873 2616 3942 in
2666 3873 2821 3953 hoc,
2918 3869 3049 3940 uod
3082 3867 3157 3966 lt·

608 3959 757 4031 beri
804 3962 1124 4032 homines
1169 3962 1562 4033 caeduntur
1604 3962 1711 4032 vel
1763 3961 2244 4042 includuntur,
2285 3974 2366 4033 ut
2401 3974 2687 4043 taceam,
2725 3982 2865 4048 quo
2947 3976 3155 4029 omni-

607 4060 854 4139 potens
902 4054 1083 4122 Deus
1130 4050 1527 4121 offenditur:
1565 4062 1643 4120 ut
1692 4054 2001 4130 taceam,
2036 4051 2224 4138 quod
2265 4063 2490 4122 vestra
2535 4049 2775 4141 opinio
2806 4048 3150 4118 vehemen-

608 4148 710 4207 ter
738 4149 1085 4228 gravatur,
1130 4139 1430 4230 piissimi
1476 4151 1706 4209 tamen
1759 4139 2208 4230 Imperatoris
2256 4139 2476 4209 nostri
2524 4138 2812 4209 omnino
2864 4147 3152 4223 tempora

606 4224 990 4297 fuscantur.
1058 4232 1200 4298 Hoc
1246 4228 1435 4298 enim
1494 4228 1675 4298 inter
1720 4232 1939 4319 Reges
1989 4228 2329 4318 gentium,
2381 4239 2447 4296 et
2503 4232 2992 4316 Imperatorem
3036 4224 3154 4289 Ro-

606 4336 977 4386 manorum
1026 4315 1284 4396 distat,
1341 4315 1507 4403 quia
1556 4338 1752 4406 reges
1810 4315 2172 4406 gentium,
2228 4314 2497 4385 domini
2546 4335 2906 4385 servorum
2972 4314 3142 4380 sunt·

659 4432 687 4460 ‘
714 4432 784 4476 Ne
800 4432 886 4483 qut
902 4433 1147 4483 praesum.
1164 4441 1221 4476 ex
1238 4433 1327 4480 tra.
1342 4433 1534 4483 culpam
1552 4433 1758 4483 tuumne
1780 4432 1923 4475 alteri
1940 4432 2162 4477 nodum
2177 4432 2392 4476 reddant.
