3327 4999
255 310 502 377 MART.
555 313 642 377 20
869 331 947 376 nr:
995 330 1050 375 s.
1103 329 1467 377 cumanam
1517 329 1714 379 muse.
1768 331 2168 378 mesrAaN.
2589 316 2720 382 395

257 436 477 501 aquae
522 414 762 505 inopia
810 414 1224 483 laborarent.
1264 420 1471 484 Porro
1520 415 1588 483 in
1632 416 1979 485 arcessitis
2026 439 2068 485 a
2113 438 2334 485 messe
2387 416 2808 502 volatilibuS,

254 504 814 574 reverendissimi
850 516 916 572 et
964 503 1386 572 sanctissimi
1436 503 1650 593 patris
1679 504 1948 573 Antonii
1980 504 2393 591 sequebatur
2421 503 2841 597 exemplum*

252 592 379 678 qui
427 617 467 662 a
517 593 817 662 laesione
866 591 1149 693 hortuli,
1190 612 1397 679 quem
1447 593 1596 681 ipse
1644 592 2090 682 plantaverat,
2144 615 2288 662 uno
2335 596 2632 693 onagros
2674 619 2817 668 ser-

253 701 462 749 mone
510 693 960 770 compescuit.

341 771 379 855 §
448 776 601 843 24.
656 775 798 839 Non
850 768 995 839 sola
1041 780 1270 836 autem
1321 768 1548 848 aeris,
1614 768 1734 837 sed
1792 781 1858 838 et
1913 769 2128 838 maris
2193 768 2546 851 animalia,
2602 771 2816 842 immo

251 867 319 925 et
366 858 600 947 ipsum
649 856 1083 937 1nare,·sicut
1114 867 1180 924 et
1226 859 1344 925 aer
1389 868 1455 925 et
1502 856 1709 945 ignis,
1746 858 1944 947 juxta
1992 857 2174 944 quod
2213 858 2284 927 in
2333 859 2814 947 superioribus

250 945 727 1035 exposuimus,
765 946 912 1013 viro
962 944 1332 1014 venerabili
1388 945 1765 1033 praebuere
1813 946 2252 1034 obsequium.
2299 947 2426 1027 Qui
2476 946 2664 1015 enim
2695 969 2817 1016 au-

251 1034 425 1102 ctori
472 1032 788 1103 omnium
856 1045 1328 1101 creaturarum
1384 1032 1680 1101 fideliter
1725 1044 1790 1101 et
1838 1034 2105 1123 integro
2153 1033 2358 1103 corde
2406 1033 2810 1117 famulatur,

250 1142 390 1190 non
442 1134 546 1192 est
592 1121 1018 1200 mirandum,
1075 1120 1133 1189 si
1181 1121 1333 1210 ejus
1368 1120 1682 1210 imperiis
1715 1143 1794 1190 ac
1844 1122 2016 1190 votis
2064 1122 2293 1191 omnis
2341 1135 2657 1191 creatura
2696 1124 2816 1193 de-

252 1210 527 1278 serviat.
574 1213 649 1277 At
682 1231 807 1278 nos
847 1208 1256 1299 plerumque
1293 1208 1548 1277 idcirco
1582 1209 1930 1298 subjectae
1975 1210 2174 1278 nobis
2206 1223 2560 1279 creaturae
2590 1211 2818 1280 domi—

251 1297 450 1366 nium
501 1297 888 1397 perdimus,
945 1296 1112 1382 quia
1175 1297 1465 1367 Domino
1512 1311 1577 1366 et
1623 1298 1914 1366 creatori
1975 1298 2289 1366 omniurn
2359 1298 2491 1387 ipsi
2561 1300 2816 1369 servire

196 1393 201 1400 '
251 1385 705 1485 negligimus.
761 1390 838 1453 Et
889 1386 1143 1476 ipsum,
1183 1384 1496 1470 inquam,
1540 1407 1728 1455 mare
1777 1398 2176 1475 promptum
2227 1385 2488 1455 famulo
2538 1387 2810 1470 Christi,

251 1474 380 1542 ubi
428 1496 605 1564 opus
655 1473 919 1554 habuit,
974 1473 1416 1562 impendebat
1468 1472 1802 1543 officium.
1841 1474 2255 1563 Disponebat
2303 1496 2605 1561 namque
2653 1497 2815 1565 par-

250 1561 487 1631 vulam
521 1561 651 1632 sibi
682 1562 751 1630 in
787 1583 911 1631 suo
944 1561 1382 1641 monasteri0‚
1415 1562 1534 1630 sed
1570 1562 1995 1648 quotidianis
2026 1563 2551 1634 necessitatibus
2581 1576 2815 1653 aptam

252 1650 550 1719 condere
596 1649 935 1729 casulam,
989 1649 1101 1717 cui
1152 1671 1193 1716 a
1233 1663 1424 1739 parte
1475 1651 1710 1729 mariS,
1749 1673 1888 1738 qua
1949 1649 2295 1719 alluvione
2344 1650 2812 1737 frequentium

303 1738 611 1828 urgitum
654 1749 973 1807 excavata
1021 1737 1242 1826 rupiS‚
1283 1737 1701 1807 altissimum
1734 1760 1858 1808 nec
1908 1740 2180 1807 brevem
2234 1739 2483 1808 fecerat
2513 1740 2807 1820 hiatum,

248 1762 441 1895 ἐξιεὶς
490 1826 945 1915 supponenda
993 1838 1203 1905 eratff
1223 1838 1289 1893 et
1336 1826 1529 1905 haec,
1586 1826 1786 1916 juxta
1834 1826 2271 1895 latitudinem
2322 1827 2577 1908 hiatus,
2631 1828 2808 1896 duo-

254 1914 480 1983 decim
532 1914 739 2004 pedes
787 1914 1016 2003 longa.
1063 1913 1348 2003 Rogavit
1393 1935 1468 1982 er
1516 1936 1556 1981 o
1603 1914 1848 1984 fratres
1907 1916 2027 1999 qui
2078 1937 2150 1983 se
2206 1915 2547 1983 visitaturi
2608 1916 2811 1984 adve-

253 2014 519 2083 nerant,
574 2015 653 2072 ut
698 2024 857 2070 cum
912 2001 1136 2069 redire
1170 2000 1439 2081 vellent,
1504 2003 1521 2069 i
1582 2024 1747 2070 num
1782 2002 1912 2073 sibi
1946 2002 2405 2091 longitudinis
2438 2002 2808 2072 duodecim

250 2090 535 2182 pedum,
590 2089 676 2159 ad
729 2089 1114 2159 faciendam
1178 2088 1531 2158 domuncu
1564 2112 1643 2158 ae
1707 2090 1953 2171 basim,
2018 2090 2382 2159 deferrent.
2454 2090 2585 2172 Qui
2651 2112 2810 2180 pro—

249 2179 595 2248 miserunt
643 2201 715 2250 se
765 2177 1220 2247 libentissime
1285 2176 1587 2246 facturos
1643 2178 1830 2263 quod
1897 2179 2111 2266 petiit.
2186 2182 2312 2247 Sed
2364 2191 2645 2267 accepta
2695 2180 2808 2247 be-

254 2267 646 2335 nedictione
696 2268 784 2337 ab
832 2288 935 2347 e0,
989 2265 1109 2334 ubi
1159 2264 1444 2333 domum
1494 2277 1660 2334 sunt
1708 2266 1982 2346 reversi,
2038 2266 2214 2356 sugit
2241 2279 2537 2335 mentem
2577 2267 2811 2356 petitio

305 2356 516 2425 atris:
571 2356 964 2440 reversique
1022 2353 1135 2421 die
1182 2353 1412 2424 debito
1461 2353 1548 2422 ad
1605 2375 1793 2435 eum,
1840 2376 1977 2422 non
2026 2354 2313 2423 attulere
2374 2354 2556 2441 quod
2612 2376 2812 2443 roga-

299 2455 534 2515 antur.
575 2444 844 2526 Quibus
878 2443 993 2512 ille
1041 2442 1540 2534 benignissime
1590 2442 1905 2533 receptis,
1959 2455 2023 2511 et
2071 2442 2375 2512 oratione
2435 2442 2633 2513 solita
2682 2449 2814 2512 Deo

259 2531 787 2613 commendatis,
825 2532 995 2600 «Ubi
1026 2544 1149 2613 est,
1179 2530 1427 2616 inquit,
1458 2531 1725 2621 lignum
1759 2530 1945 2617 quod
1981 2553 2098 2600 vos
2138 2531 2379 2600 afferre
2407 2532 2812 2620 rogabam?»

259 2625 430 2689 Tum
473 2619 578 2688 illi
627 2621 1150 2690 reminiscentes
1185 2619 1578 2720 petitionem
1620 2620 1795 2709 ejuS,
1836 2641 2175 2705 suamque
2206 2619 2608 2688 confitentes
2634 2620 2814 2688 obli-

252 2708 555 2788 vionem,
612 2710 879 2777 veniam
910 2708 993 2776 de
1021 2708 1326 2776 admisso
1359 2709 1845 2797 precabantur.
1885 2713 1961 2776 At
1987 2709 2090 2775 vir
2117 2707 2531 2777 mitissimus
2555 2707 2814 2777 blando

255 2796 417 2864 illos
465 2818 781 2866 sermone
840 2796 1261 2876 consolatus,
1315 2817 1538 2882 usque
1604 2795 1691 2864 ad
1759 2818 1961 2864 mane
2010 2796 2081 2864 in
2130 2795 2364 2866 insula
2413 2817 2690 2863 manere
2751 2806 2817 2865 et

254 2883 611 2971 quiescere
652 2884 1021 2975 praecepit,
1075 2884 1353 2953 dicens:
1410 2884 1706 2964 «CredO,
1741 2883 1907 2969 quia
1941 2889 2120 2954 Deus
2181 2905 2314 2951 non
2368 2883 2816 2952 obliviscatur

254 2993 451 3041 meae
501 2972 873 3042 voluntatis
920 2986 985 3042 et
1034 2972 1480 3040 necessitatis,
1511 2996 1548 3038 »
1607 2977 1961 3052 Fecerunt,
2027 2984 2103 3041 ut
2159 2972 2444 3052 dixerat,
2498 2983 2564 3040 et
2608 2993 2814 3041 exur-

247 3072 489 3152 gentes
537 3082 764 3142 mane,
819 3059 1143 3129 viderunt
1188 3059 1355 3144 quia
1402 3072 1787 3129 nocturnus
1827 3060 2078 3129 Oceani
2106 3073 2336 3129 aestus
2364 3060 2632 3150 lignum
2668 3081 2812 3127 me-

244 3160 553 3217 moratae
602 3148 1062 3239 longitudinis
1111 3146 1371 3244 attulit,
1402 3160 1467 3215 et
1514 3147 1583 3215 in
1635 3147 1788 3236 ipso
1818 3147 2105 3235 insuper
2131 3147 2278 3216 loco
2305 3148 2646 3236 deposuit,
2683 3147 2808 3217 ubi

247 3237 322 3306 in
385 3235 781 3307 aedificium
832 3236 1132 3326 desuper
1177 3247 1324 3303 erat
1388 3235 1919 3324 imponendum.
1975 3235 2294 3304 videntes
2341 3249 2597 3317 autem,
2654 3258 2812 3305 mox

243 3336 313 3393 et
363 3324 495 3391 viri
542 3324 961 3395 venerabilis
1018 3322 1451 3392 sanctitatem
1505 3322 1976 3405 mirabantur,
2031 3323 2145 3393 cui
2198 3323 2405 3393 etiam
2467 3323 2808 3393 elementa

245 3412 612 3481 servirent:
667 3426 735 3482 et
791 3434 958 3482 suae
1026 3411 1276 3479 mentis
1328 3410 1715 3480 tarditatem
1765 3411 1996 3480 debito
2045 3434 2205 3480 eum
2258 3412 2520 3501 pudore
2568 3412 2811 3501 culpa-

242 3500 438 3580 bant,
490 3523 626 3588 quo
673 3501 881 3571 etiam
932 3498 1340 3569 insensibile
1372 3497 1816 3579 elementum,
1854 3521 2065 3585 quam
2117 3499 2205 3567 sit
2252 3500 2512 3568 sanctis
2545 3500 2812 3569 obtem-

250 3588 669 3679 perandum,
725 3589 1018 3658 doceret.

337 3679 375 3762 ξ
446 3681 601 3748 25.
656 3676 1032 3746 veniebant
1080 3687 1311 3745 autem
1364 3674 1565 3745 multi
1625 3675 1712 3745 ad
1776 3676 2005 3745 virum
2055 3674 2211 3754 Dei,
2265 3695 2404 3742 non
2455 3674 2680 3744 solum
2730 3675 2817 3745 de

252 3763 589 3854 proximis
655 3764 1328 3834 Lindisfarnensium
1393 3764 1701 3844 finibu5‚
1756 3764 1873 3832 sed
1944 3765 2147 3832 etiam
2199 3762 2284 3831 de
2330 3763 2817 3834 remotioribus

245 3852 650 3922 Britanniae
699 3853 1040 3942 partibuS,
1094 3850 1282 3922 fama
1333 3851 1670 3921 nimirum
1720 3851 2053 3920 virtutum
2104 3851 2255 3939 ejus
2303 3851 2501 3919 acciti
2549 3851 2672 3937 qui
2709 3851 2817 3921 vel

247 3963 380 4010 sua
428 3962 608 4027 quae
674 3940 1188 4010 commisissent
1235 3951 1497 4020 errata,
1553 3940 1656 4007 vel
1707 3938 2125 4008 daemonum
2186 3960 2365 4024 quae
2420 3951 2819 4029 paterentur

246 4040 668 4098 tentamenta
729 4028 1159 4119 profitentes,
1225 4029 1330 4097 vel
1387 4039 1566 4096 certe
1613 4027 2017 4096 communia
2075 4026 2497 4109 mortalium,
2550 4027 2810 4113 quibus

244 4116 741 4207 affligerentur,
808 4117 1096 4186 adversa
1143 4115 1666 4207 patefacienteS,
1736 4137 1778 4183 a
1827 4127 2052 4185 tantae
2112 4115 2492 4185 sanctitatis
2537 4116 2685 4184 viro
2742 4137 2818 4184 se

248 4204 710 4274 consolandos
762 4205 1155 4293 sperabant.
1219 4210 1352 4274 Nec
1389 4225 1505 4273 eos
1551 4203 1790 4272 fefellit
1836 4225 1869 4272 s
1920 4224 2016 4272 es.
2072 4209 2379 4290 Namque
2427 4202 2665 4272 nullus
2721 4203 2814 4272 ab

250 4313 329 4360 eo
378 4293 530 4362 sine
577 4292 837 4383 gaudio
882 4291 1373 4362 consolationis
1419 4292 1694 4361 abibat:
1765 4291 2039 4360 nulum
2089 4291 2286 4362 dolor
2331 4291 2549 4361 animi
2600 4311 2810 4376 quem

251 4379 374 4450 illo
421 4381 764 4464 attulerat,
820 4382 1217 4453 redeuntem
1266 4379 1633 4450 comitatus
1692 4392 1816 4449 est.
1881 4384 2165 4451 Noverat
2210 4380 2469 4470 quippe
2515 4389 2813 4451 moestos
