3327 4999
180 364 432 431 MART.
486 364 572 430 26
1079 380 1158 429 nr.
1206 381 1264 428 s.
1318 330 1852 439 Lunessnoffimsc.
2514 374 2642 438 497

278 465 314 550 ἓ
344 467 436 535 8.
471 462 697 553 Hujus
727 460 916 532 filius
938 462 1202 551 junior,
1241 464 1572 535 vocabulo
1605 463 2095 566 Tliiadgrinus,
2133 468 2355 537 sancti
2387 469 2516 538 viri
2550 482 2742 560 pater

182 563 367 621 erat:
422 563 640 623 mater
688 549 1060 641 Liafburga
1108 550 1488 623 dicebatur.
1528 558 1709 624 Haec
1759 576 1982 623 aviam
2033 576 2114 624 ex
2162 569 2446 645 paterno
2493 581 2740 648 genere

185 641 487 710 habebat
533 640 886 730 gentilem.
966 646 1154 722 Quae
1219 664 1379 711 cum
1444 642 1705 712 doleret
1760 642 1906 711 filio
1973 654 2238 713 tantum
2292 644 2473 716 filias
2521 649 2735 731 nasci,

181 728 419 799 furore
465 728 804 799 foemineo
860 750 1215 811 succense,
1283 743 1572 800 matrem
1627 731 1848 802 sancti
1910 731 2037 800 viri
2084 733 2348 815 eadem,
2399 757 2537 822 qua
2579 750 2737 805 nata

181 818 427 900 fuerat,
461 819 630 887 hora
678 819 880 905 aquis
930 820 1161 887 necari
1209 821 1580 909 praecepit.
1627 821 1815 889 Unde
1861 842 2021 889 cum
2047 821 2246 921 juxta
2278 824 2558 893 crudele
2587 826 2738 913 ejus

181 907 618 988 mandatum,
658 907 905 976 situlae
946 908 1127 994 aqua
1177 908 1419 997 plenae
1452 932 1492 977 a
1525 908 1899 999 mancipio,
1956 931 2071 978 eut
2119 910 2251 979 hoc
2307 924 2452 982 erat
2499 912 2738 1002 injun-

182 1006 373 1064 ctum
434 1008 859 1086 mergeretur
893 1051 908 1077 ,
964 996 1274 1085 puellula
1332 997 1706 1067 brachiolis
1767 999 2110 1079 extensis,
2167 1002 2459 1086 utraque
2524 1007 2738 1069 manu

181 1084 571 1175 marginem
622 1084 868 1154 situlae
925 1084 1424 1175 apprehendit,
1498 1098 1562 1155 et
1608 1086 1870 1172 quibus
1920 1087 2142 1174 potuit
2189 1088 2457 1158 viribus
2505 1089 2732 1170 reniti,

181 1194 269 1240 ne
319 1186 766 1263 mergeretur,
804 1173 1049 1263 coepit.
1093 1173 1482 1243 Mirandum
1536 1174 1743 1264 plane
1792 1174 2292 1264 spectaculum,
2340 1190 2569 1246 natam
2606 1178 2738 1246 sub

178 1282 261 1329 ea
309 1261 478 1330 hora
528 1261 888 1350 parvulam
938 1263 1139 1332 aetati
1210 1262 1547 1353 perfectae
1608 1262 1956 1332 reluctari.
2032 1268 2267 1349 Itaque
2329 1264 2397 1333 in
2450 1267 2579 1334 hac
2621 1288 2739 1334 eo-

178 1371 340 1419 rum
380 1349 866 1421 colluctatione
911 1373 1201 1451 prorsus
1251 1350 1579 1430 mirabili,
1627 1351 1822 1437 juxta
1866 1350 2590 1422 misericordissimam
2624 1354 2738 1423 Dei

178 1438 732 1529 dispositionem,
795 1439 1022 1509 vicina
1071 1438 1321 1509 mulier
1369 1440 1789 1540 supervenit,
1829 1452 1894 1508 et
1944 1440 2189 1539 pietate
2248 1453 2455 1521 mota,
2510 1442 2739 1510 infan-

183 1527 396 1596 tulam
449 1527 535 1596 de
584 1549 799 1598 manu
840 1551 987 1597 mer
1037 1528 1215 1597 entis
1248 1528 1525 1618 eripuit.
1581 1534 1657 1598 Et
1704 1528 1892 1614 quia,
1928 1539 2127 1616 Juxta
2177 1529 2737 1619 superstitionem

227 1615 598 1696 entilium,
675 1617 882 1686 semel
948 1617 1214 1704 aiquid
1282 1628 1638 1707 gustantes
1706 1616 2026 1686 illicitum
2107 1628 2252 1685 erat
2318 1619 2551 1688 necari
2630 1620 2738 1687 in-

177 1639 401 1774 firmes
433 1760 448 1786 ,
494 1727 654 1774 cum
720 1704 953 1795 puella
1018 1705 1265 1775 festina
1313 1706 1602 1775 domum
1652 1727 1997 1796 regressa,
2052 1706 2154 1775 ori
2201 1705 2352 1795 ejus
2400 1707 2485 1775 de
2536 1706 2739 1776 melle

177 1793 696 1880 aliquantulum
768 1794 1105 1863 immisit:
1159 1795 1342 1881 quod
1424 1816 1584 1864 cum
1645 1795 1873 1864 statim
1946 1794 2098 1883 ipsa
2171 1794 2594 1876 sorbuisset,
2648 1796 2735 1865 ab

182 1882 614 1951 imminentis
681 1882 922 1952 mortis
987 1883 1298 1973 periculo
1358 1882 1643 1952 liberata
1706 1894 1828 1952 est.
1903 1889 2070 1953 Nam
2143 1905 2304 1952 cum
2356 1883 2529 1973 ipsi,
2584 1885 2745 1970 qui-

178 1971 312 2040 bus
372 1971 457 2040 ad
506 1971 993 2061 perimendum
1057 1972 1345 2061 parvula
1399 1971 1622 2040 fuerat
1669 1972 2067 2051 commissa,
2110 1992 2330 2058 neque
2375 1993 2529 2040 eam
2577 1994 2741 2041 con-

184 2072 287 2128 tra
346 2083 512 2129 suae
562 2059 919 2150 religionis
978 2073 1234 2130 sectam
1288 2060 1623 2150 perimere
1684 2072 2226 2149 praesumerent,
2292 2081 2511 2147 neque
2573 2083 2740 2130 suae

189 2144 530 2221 tarditafis
586 2170 815 2218 moras
875 2148 1223 2229 dominae,
1276 2171 1452 2235 quae
1502 2148 1570 2216 in
1623 2159 1760 2217 tota
1808 2148 1937 2217 filii
1976 2148 2182 2217 domo
2215 2148 2734 2230 dominabatur,

185 2236 492 2326 profiteri
540 2237 895 2318 auderent,
951 2237 1086 2327 ipsi
1134 2259 1311 2317 eam,
1359 2258 1536 2323 quae
1589 2236 1958 2327 eripuerat,
2000 2236 2452 2331 mulierculae
2500 2237 2739 2308 furtim

183 2324 627 2395 nutriendam
668 2326 1166 2415 permiserunt:
1205 2337 1269 2395 et
1320 2325 1408 2394 ita
1459 2326 1738 2395 demum
1790 2325 2057 2395 occulte
2091 2326 2162 2393 in
2195 2325 2403 2395 domo
2433 2327 2585 2417 ejus
2619 2349 2738 2417 per

183 2413 524 2483 nutricem
581 2414 937 2502 aliquanto
1007 2428 1309 2506 tempore
1365 2414 1687 2495 educata,
1746 2426 1897 2504 post
1944 2414 2138 2483 aviae
2189 2427 2480 2484 mortem
2533 2415 2738 2485 matri

181 2504 494 2573 restituta
525 2517 649 2574 est.
703 2509 779 2574 At
826 2505 984 2592 quis
1035 2504 1342 2573 tantillae
1393 2503 1721 2573 infantiae
1770 2504 2323 2594 intelligentiam,
2356 2505 2515 2591 quis
2554 2505 2742 2573 forti-

181 2592 492 2661 tudinem
546 2594 861 2683 praebuit
899 2593 1298 2663 resistendi?
1346 2598 1488 2663 Tua
1535 2593 1667 2662 hoc
1719 2591 1936 2682 pietas
1970 2597 2146 2662 Deus
2172 2648 2187 2674 ,
2226 2606 2342 2662 tua
2372 2592 2739 2663 clementia

179 2680 359 2750 fecit.
415 2686 573 2772 Ipsa
618 2705 770 2751 eam
823 2682 1084 2752 meritis
1131 2682 1352 2751 sancti
1405 2681 1724 2772 Ludgeri‚
1779 2681 1901 2767 qui
1949 2703 2032 2751 ex
2086 2704 2166 2750 ea
2217 2691 2451 2771 postea
2501 2682 2730 2751 nasci-

181 2781 378 2840 turus
408 2783 574 2852 erat,
617 2783 681 2841 et
719 2772 807 2841 ab
858 2770 1249 2840 imminenti
1297 2770 1703 2840 discrimine
1751 2769 2088 2851 liberavit,
2142 2781 2208 2838 et
2255 2769 2530 2839 futurae
2580 2771 2733 2860 ejus

178 2859 602 2960 generationi
650 2859 1042 2929 reservavit.
1082 2860 1261 2929 Felix
1298 2859 1502 2950 plane
1535 2871 1721 2929 tanta
1753 2859 1944 2949 prole
1991 2871 2055 2928 et
2108 2857 2362 2928 talibus
2395 2858 2506 2927 sui
2537 2872 2732 2929 ortus

182 2970 515 3038 ausplcus
565 2961 805 3018 mater.
2366 2974 2375 2981 ·

268 3037 303 3123 ἓ
352 3042 437 3110 cl.
519 3038 648 3107 Ubi
696 3037 845 3125 jam
909 3035 1344 3126 baptizatus,
1414 3035 1676 3105 sensim
1736 3035 2074 3125 puerulus
2130 3034 2492 3104 ambulare
2546 3047 2613 3106 et
2672 3036 2747 3104 in

177 3124 385 3194 verba
431 3124 844 3196 balbutienti
893 3124 1123 3192 adhuc
1173 3123 1410 3214 lingua
1468 3146 1920 3214 prorumpere
1977 3124 2241 3224 coepit,
2296 3146 2556 3193 canum
2608 3135 2745 3195 sta-

178 3214 304 3281 tim
354 3234 638 3283 sensum
672 3224 737 3281 et
776 3234 893 3281 cor
942 3212 1157 3281 senile
1206 3212 1610 3302 assumpsit.
1657 3213 1958 3283 Moribus
1991 3211 2275 3299 quidem
2314 3234 2450 3282 non
2488 3213 2742 3282 imma-

181 3300 357 3370 turis
393 3311 458 3368 et
508 3301 644 3369 vita
694 3301 1143 3370 immaculata
1193 3311 1496 3368 teneram
1546 3301 1918 3370 aetatulam
1962 3299 2488 3383 transcendenS,
2523 3300 2741 3370 nullis

180 3388 497 3457 animum
565 3388 908 3459 illecebris
946 3443 960 3469 ,
1027 3387 1203 3457 nulli
1271 3387 1461 3456 dedit
1527 3389 1886 3479 voluptati.
1964 3393 2273 3469 Lusum,
2330 3390 2566 3480 pueris
2621 3389 2747 3458 ad-

181 3475 470 3547 modum
517 3477 956 3559 familiarem,
1015 3486 1341 3562 tanquam
1397 3488 1657 3566 pestem
1705 3476 2037 3566 fugiebat:
2094 3477 2509 3566 ScripturaS,
2568 3499 2745 3564 quas

182 3565 480 3634 necdum
533 3588 652 3656 per
702 3577 993 3636 aetatem
1042 3565 1308 3635 discere
1355 3565 1608 3651 quivit,
1654 3564 1805 3653 jam
1854 3587 1926 3635 se
1973 3565 2193 3634 animi
2241 3565 2495 3635 affectu
2546 3588 2746 3655 prae-

182 3653 491 3724 meditati
563 3654 766 3723 certis
832 3653 1254 3742 quibusdam
1324 3652 1604 3722 indiciis
1674 3654 2294 3742 praemonstrabat.
2348 3658 2518 3723 Nam
2581 3654 2744 3724 aliis

185 3743 415 3833 pueris
464 3743 867 3813 ludentibus
902 3797 916 3823 ,
973 3742 1119 3832 ipse
1167 3742 1498 3811 arborum
1565 3741 1855 3810 cortices
1922 3741 2269 3832 colligere,
2328 3742 2589 3828 quibus
2640 3743 2745 3812 uti

181 3832 266 3900 ad
316 3832 694 3902 luminaria
741 3832 1070 3910 solemUS,
1126 3842 1190 3899 et
1231 3829 1392 3898 inde
1437 3830 1638 3916 quasi
1690 3828 1960 3900 libellos
2000 3850 2416 3920 componere
2450 3852 2746 3902 consue-

182 3920 295 3989 vit.
350 3925 556 4002 Quos,
610 3943 773 3990 curn
822 3921 993 3991 forte
1042 3919 1384 4007 liquorem
1425 3917 1826 3998 invenisset,
1873 3916 2138 3987 festuca
2187 3918 2472 4000 utiliter,
2508 3933 2587 3989 ut
2614 3920 2745 3989 sibi

181 4008 581 4092 videbatur,
638 4010 1009 4100 inscriptos
1067 4006 1365 4086 nutrici,
1443 4007 1586 4076 acsi
1656 4005 2002 4097 proficuos
2063 4005 2448 4077 admodum
2501 4006 2742 4090 libros,

182 4097 462 4167 tradidit
510 4098 1026 4170 custodiendos.
1082 4102 1159 4165 Et
1208 4095 1376 4165 haec
1424 4096 1707 4182 quidem
1756 4093 1876 4164 ille
1914 4095 2117 4184 juxta
2151 4095 2304 4177 hoe,
2345 4095 2529 4184 quod
2569 4100 2742 4186 Apo-

183 4185 398 4258 stolus
445 4186 637 4268 dicit,
687 4193 851 4259 Cum
882 4209 1087 4257 essem
1124 4188 1483 4276 parvulus,
1531 4184 1852 4274 loquebar
1880 4194 1953 4252 uc
1984 4187 2345 4274 par-valuit,
2396 4207 2485 4253 sa·
2532 4186 2747 4254 z’ebam

179 4286 285 4344 ut*
329 4279 634 4356 arvulzav,
675 4277 1052 4366 coqitabam
1076 4285 1151 4343 ut
1171 4277 1509 4364 parvulas
1536 4273 1595 4362 (Ἰ
1646 4276 1793 4343 Cor.
1825 4272 1994 4362 x111):
2032 4294 2243 4342 sensu
2280 4294 2479 4363 pueri
2516 4273 2560 4354 i,
2599 4273 2745 4342 acsi

196 4365 262 4431 in
298 4363 578 4434 antulus
609 4419 625 4447 ‚
678 4366 966 4465 agebat:
1020 4375 1368 4432 caeterum
1419 4366 1634 4442 Deus,
1692 4360 1896 4450 cujus
1962 4360 2571 4452 providentissima
2641 4360 2749 4459 di-

184 4454 619 4543 spensatione
686 4452 859 4522 mhil
940 4453 1007 4522 in
1095 4464 1277 4522 terra
1351 4450 1426 4520 fit
1507 4449 1655 4520 sine
1737 4473 1991 4533 causa,
2070 4450 2223 4523 istis
2292 4470 2453 4519 eum
2523 4448 2746 4538 signis

339 4571 580 4632 surius
611 4602 636 4619 ·
688 4568 847 4634 Vitae
872 4570 980 4636 SS.
1016 4602 1040 4616 ·
1069 4569 1203 4630 Vol.
1251 4567 1351 4627 111.
2024 4553 2031 4556 ⁸
2431 4565 2508 4630 32
