3327 4999
684 287 770 352 78
1461 303 1542 350 ns
1589 304 1647 350 s.
1709 302 1924 351 ‘raom
1970 302 2291 359 mmmm
2808 284 3065 349 MART.
3117 286 3163 350 7

589 388 899 471 affectus,
950 387 1124 480 ipsis
1153 387 1537 459 assentiret.
1594 387 1720 458 Sed
1772 400 2057 458 sanctus
2096 410 2268 478 puer
2313 386 2564 457 cedens
2613 384 2826 455 furori
2863 398 2930 456 et
2961 386 3166 478 frag-

598 490 827 547 menta
874 477 1166 548 vestium
1216 476 1580 567 colligens,
1634 476 1720 547 iis
1768 498 1863 558 se,
1909 490 1986 546 ut
2033 477 2279 566 potuit,
2334 498 2580 547 rursus
2628 475 2880 555 induit,
2933 498 3015 545 ex
3055 475 3168 545 in-

473 613 493 635 .
582 565 817 656 juriiS,
870 564 1200 636 conviciis
1253 577 1319 635 et
1368 565 1809 636 contumeliis
1856 565 2138 656 pulcras
2186 564 2318 634 sibi
2367 576 2735 635 contexens
2783 564 3166 656 patientiae

593 676 906 725 coronas
953 660 1096 724 Non
1148 654 1369 746 potuit
1414 665 1643 724 autem
1682 654 1955 724 iritatus
2001 654 2194 724 furor
2237 655 2627 740 quiescere:
2679 653 2763 722 ad
2813 653 3161 723 atrociora

591 765 665 812 se
697 743 850 845 ejus
897 742 1142 815 fratres
1171 765 1366 813 arma
1412 756 1842 814 convertunt.
1895 749 2152 814 Revera
2200 742 2463 812 inimici
2530 742 2857 825 hominis,
2908 742 3163 813 dome-

593 831 748 902 stici
781 832 955 923 ejus.
995 837 1152 903 Erat
1184 832 1438 902 mulier
1466 847 1756 902 venusta
1785 833 2012 923 specie
2039 854 2218 920 quae
2264 853 2400 902 non
2432 831 2523 901 ita
2574 830 2843 922 pridem
2891 844 3150 931 nupta,

582 920 732 1012 jam
781 943 901 992 cor
952 944 1036 992 us
1085 942 1289 991 suum
1320 920 1649 992 omnibus
1697 921 2170 1013 prostituebat.
2204 926 2395 991 Hanc
2427 920 2738 1002 invitant,
2778 931 2855 990 ut
2883 920 3160 1007 quibus

592 1010 812 1101 possit
857 1009 903 1078 b
931 1009 1217 1080 anditiis
1242 1020 1307 1079 et
1354 1009 1717 1081 lenociniis
1747 1010 2281 1101 pudicissimum
2330 1008 2828 1081 adolescentem
2879 1008 2966 1078 ad
3003 1022 3157 1079 tur-

587 1098 976 1190 pitudinem
1025 1098 1358 1191 impellat.
1413 1099 1807 1191 Ingreditur
1852 1098 1973 1169 illa
2014 1099 2212 1170 cultu
2240 1112 2307 1170 et
2351 1099 2585 1169 animo
2633 1098 3019 1169 meretricio
3053 1099 3152 1168 ad

591 1191 659 1257 S.
715 1187 1046 1258 Thomam
1095 1187 1166 1257 in
1214 1209 1553 1258 carcerem
1591 1244 1606 1269 ,
1658 1188 2021 1275 verbisque
2096 1187 2369 1258 lascivis
2435 1200 2501 1257 et
2549 1187 2844 1257 tactibus
2910 1187 3155 1279 coepit

591 1276 744 1367 ejus
791 1275 1106 1346 animum
1156 1277 1498 1349 solicitare
1553 1277 1640 1347 de
1687 1299 1761 1347 re
1821 1276 2105 1347 nefaria.
2160 1283 2236 1346 Vt
2281 1288 2510 1347 autem
2573 1276 2786 1348 sensit
2830 1275 3155 1347 castissi-

592 1387 752 1435 mus
810 1364 1213 1436 adolescens
1262 1387 1334 1437 se
1380 1365 1572 1436 illius
1628 1365 1927 1457 impuris
1990 1364 2336 1436 illecebris
2384 1382 2451 1438 et
2498 1364 2838 1456 pestiferis
2888 1387 3154 1456 sugge-

585 1453 930 1525 stionibus
960 1454 1277 1523 nonnihil
1311 1455 1591 1535 moveri,
1625 1460 1760 1525 «Ne
1805 1476 2059 1542 quaeso
2107 1455 2319 1535 sinas,
2371 1454 2620 1542 inquit,
2658 1453 2941 1523 Domine
2967 1460 3150 1524 Jesu

584 1554 651 1612 et
699 1553 798 1624 tu,
834 1542 1272 1613 sanctissima
1332 1543 1579 1614 Christi
1627 1554 1846 1614 mater
1901 1556 1966 1613 et
2016 1543 2203 1635 virgo
2252 1543 2484 1624 Maria,
2538 1554 2784 1613 uttam
2843 1543 3150 1625 immani

588 1653 698 1700 me
728 1631 983 1702 scelere
1028 1630 1451 1722 obstringam
1482 1656 1545 1701 :»
1569 1654 1862 1720 moxque
1891 1655 1932 1702 a
1960 1632 2108 1703 foco
2154 1644 2428 1723 arrepto
2461 1632 2718 1713 titione,
2754 1631 2942 1700 illam
2978 1654 3150 1732 pro-

585 1741 818 1790 cacem
894 1733 961 1792 et
1032 1720 1507 1822 impudentem
1583 1721 1954 1792 foeminam
2030 1721 2269 1812 procul
2321 1744 2360 1791 a
2409 1743 2483 1792 se
2550 1720 2799 1811 abegit.
2876 1720 3151 1791 Delnde

588 1808 829 1879 clauso
875 1809 1071 1890 ostio,
1124 1832 1194 1879 1n
1229 1810 1530 1897 quodam
1580 1811 1931 1880 custodiae
1977 1810 2234 1901 angulo
2279 1810 2509 1879 crucis
2538 1810 2836 1899 figuram
2884 1808 3008 1879 illo
3059 1810 3150 1879 ti·-

583 1897 768 1967 tione
797 1896 1018 1988 pinxit
1066 1898 1136 1967 in
1185 1899 1463 1989 pariete,
1517 1921 1728 1986 seque
1773 1910 2212 1989 prosternens
2245 1899 2314 1968 in
2363 1898 2765 1979 orationem,
2818 1919 2979 1967 cum
3036 1896 3148 1968 la-

580 1985 839 2076 crymis
863 1986 1229 2056 Dominum
1280 1987 1563 2079 rogavit,
1617 1999 1695 2058 ut
1741 1987 1875 2079 ipsi
1940 1987 2307 2077 largiretur
2353 1999 2721 2078 perpetuae
2768 1986 3146 2056 continen-

583 2074 717 2144 tiae
784 2087 848 2145 et
922 2075 1332 2167 integritatis
1396 2076 1684 2147 donum.
1766 2082 1950 2147 Inter
2020 2077 2358 2146 orandum
2437 2089 2664 2146 autem
2715 2097 2875 2144 cum
2951 2090 3146 2146 esset

580 2185 824 2234 somno
870 2176 1250 2257 correptuS,
1316 2165 1456 2236 duo
1501 2166 1564 2236 ei
1611 2165 1980 2235 dormienti
2027 2168 2411 2256 apparuere
2458 2164 2686 2255 angeli
2741 2164 2861 2251 qui
2910 2163 2976 2234 ei
3025 2165 3143 2234 di-

582 2265 872 2334 xerunt,
951 2275 1188 2344 preces
1258 2254 1482 2346 ipsius
1529 2277 1570 2324 a
1617 2255 1908 2324 Domino
1976 2254 2371 2323 exauditas:
2425 2253 2773 2341 simulque
2844 2253 3142 2344 cingulo

577 2341 728 2430 ejus
782 2342 1205 2413 strinxerunt
1250 2365 1449 2413 renes
1481 2397 1498 2425 ,
1550 2344 1645 2412 ita
1691 2342 2031 2412 dicentes:
2096 2348 2226 2412 Nos
2274 2366 2313 2411 a
2371 2342 2657 2412 Domino
2695 2342 2902 2433 jussi,
2958 2348 3142 2414 zona

577 2430 909 2502 castitatis
957 2442 1018 2502 te
1063 2431 1436 2523 cingimus,
1476 2431 1671 2502 nulla
1766 2431 2001 2504 osthac
2050 2430 2311 2502 ratione
2345 2431 2804 2502 dissolvenda.
2842 2432 3138 2503 Interim

578 2541 737 2590 vero
768 2520 884 2590 ille
930 2543 1010 2591 ex
1057 2544 1135 2593 ea
1181 2520 1665 2596 constrictione
1760 2521 2016 2591 olorem
2051 2522 2377 2602 sentienS,
2430 2520 2856 2591 exclamavit.
2913 2527 3141 2591 Accu-

578 2609 822 2680 rebant
862 2623 1093 2682 autem
1118 2609 1462 2692 custodes,
1515 2608 1817 2681 volentes
1862 2611 2038 2680 scire
2066 2633 2206 2698 qua
2251 2633 2331 2680 ex
2379 2632 2590 2680 causa
2619 2631 2735 2678 eos
2786 2608 3137 2681 clamores

573 2697 922 2770 edidisset.
975 2703 1052 2768 At
1099 2699 1215 2767 ille
1261 2720 1545 2789 prorsus
1606 2698 1913 2769 indicare
1978 2699 2201 2770 noluit
2246 2699 2470 2786 quoad
2527 2698 2951 2789 supervixit:
3007 2700 3134 2769 ubi

574 2800 804 2857 autem
854 2809 926 2857 se
973 2787 1188 2857 sensit
1221 2787 1659 2868 moriturum,
1703 2787 2032 2858 indicavit
2078 2786 2271 2857 fratri
2321 2787 2700 2878 Reginaldo
2748 2788 2937 2857 socio
2972 2810 3127 2869 suo,

574 2896 781 2962 quem
830 2874 1035 2944 etiam
1099 2875 1394 2946 aliorum
1458 2891 1875 2948 secretorum
1932 2898 2217 2946 suorum
2279 2877 2633 2946 conscium
2685 2897 2834 2945 esse
2884 2877 3125 2946 voluit.

579 2968 820 3034 Fertur
866 2963 972 3032 vir
1017 2975 1298 3035 sanctus
1345 2965 1433 3035 ab
1483 2986 1563 3035 eo
1609 2977 1916 3055 tempore
1972 2986 2109 3052 quo
2159 2966 2323 3035 haec
2371 2966 2475 3034 illi
2522 2964 2771 3035 accidit
2821 2967 3128 3046 tentatio,

576 3073 800 3138 usque
846 3052 1017 3122 adeo
1063 3053 1311 3123 vitasse
1365 3053 1823 3124 foeminarum
1873 3052 2256 3141 colloquia,
2319 3065 2796 3146 praeterquam
2847 3053 2972 3122 ubi
3025 3054 3128 3124 vel

573 3140 839 3212 utilitas
873 3141 978 3211 vel
1019 3142 1392 3213 necessitas
1439 3143 1629 3213 aliud
1682 3143 2081 3233 postularet,
2133 3156 2213 3212 ut
2260 3143 2478 3215 solent
2527 3142 2842 3212 homines
2901 3143 3039 3212 sibi
3084 3165 3124 3213 a

574 3230 1013 3321 serpentibus
1058 3243 1124 3301 et
1170 3230 1655 3322 scorpionibus
1686 3253 1947 3301 cavere.

665 3328 703 3401 ἓ
754 3325 847 3391 G.
902 3319 1203 3389 Tandem
1255 3342 1412 3391 vero
1459 3332 1680 3391 mater
1714 3321 1863 3408 ejns
1893 3320 2266 3401 Theodora,
2303 3342 2463 3390 cum
2487 3321 2633 3411 Jam
2667 3319 2951 3389 biennio
2988 3319 3124 3390 fere

571 3407 642 3476 in
692 3408 1007 3480 custodia
1055 3408 1254 3479 illum
1302 3409 1731 3491 detinuisset,
1769 3408 1981 3479 verita
2012 3431 2098 3478 ne
2136 3410 2252 3479 Dei
2292 3409 2363 3477 in
2405 3410 2682 3478 sciram
2718 3410 3119 3491 concitaret,

570 3495 900 3568 fratribus
950 3498 1417 3568 Dominicanis
1462 3498 1734 3589 copiam
1784 3496 1942 3568 fecit
1987 3519 2144 3567 eum
2196 3497 2281 3567 ad
2318 3519 2388 3570 se
2428 3498 2812 3567 revocandi.
2873 3503 2967 3568 Eo
3001 3522 3127 3569 au-

569 3600 706 3656 tem
757 3597 1084 3679 tempore,
1137 3588 1422 3675 quo·sic
1469 3586 1952 3657 asservabatur
2000 3587 2183 3657 velut
2220 3587 2290 3655 in
2323 3609 2596 3657 carcere
2627 3587 2930 3674 quodam
2971 3610 3128 3658 cre-

571 3675 698 3745 bro
747 3674 948 3747 illum
997 3677 1335 3747 invisebat
1384 3681 1452 3745 F.
1503 3682 1808 3746 Joannes
1854 3675 1940 3745 de
1987 3680 2052 3746 S.
2104 3675 2408 3758 Juliano,
2462 3676 2665 3767 cujus
2713 3697 2927 3765 supra
2977 3698 3128 3747 me·

571 3763 948 3847 minimus,
999 3764 1121 3854 qui
1178 3787 1261 3857 pe
1304 3765 1427 3853 qui
1474 3787 1634 3835 eum
1684 3786 1820 3834 non
1871 3764 2305 3835 mediocriter
2350 3766 2419 3834 in
2474 3765 2762 3835 Domino
2808 3780 3117 3835 amaret:

566 3852 1030 3942 asserebatque
1074 3854 1123 3923 il
1157 3854 1179 3923 i
1227 3864 1446 3925 vestes
1491 3853 1941 3935 necessariaS,
1984 3854 2205 3941 idque
2243 3865 2381 3924 tam
2416 3853 2707 3935 occulte,
2742 3864 2822 3923 ut
2852 3852 2942 3922 iis
2972 3875 3125 3924 sese

564 3942 847 4029 quidem
896 3943 1234 4026 indueret,
1288 3942 1408 4012 sed
1458 3964 1703 4014 rursus
1749 3943 1938 4034 apud
1986 3964 2144 4013 eum
2180 3964 2458 4026 exuens,
2494 3942 2596 4012 illi
2629 3965 2745 4013 eas
2776 3939 3121 4031 relinque·

566 4043 690 4101 ret.
745 4036 823 4102 Et
871 4031 1088 4102 multa
1134 4053 1302 4102 sane
1347 4031 1807 4102 admiratione
1853 4031 2146 4124 dignum
2195 4044 2319 4114 est,
2357 4033 2540 4120 quod
2573 4031 2862 4119 quidam
2896 4053 3124 4102 anno—

564 4131 799 4190 tarunt
831 4174 846 4202 ,
916 4124 981 4190 S.
1048 4120 1377 4191 Thomam
1428 4120 1498 4190 in
1547 4142 1628 4192 eo
1672 4142 1945 4191 carcere
1993 4120 2213 4191 multa
2242 4121 2314 4190 in
2363 4121 2608 4191 litteris
2659 4135 2796 4191 tam
2844 4122 3124 4213 egregie

562 4207 912 4292 calluisse,
967 4210 1108 4279 acsi
1156 4231 1237 4279 ea
1281 4210 1369 4281 ab
1416 4209 1687 4280 eximiis
1725 4210 2289 4301 praeceptoribus
2321 4209 2698 4280 didicisset.
2753 4215 2962 4279 Porro
2992 4233 3126 4280 au-

563 4310 700 4369 tem
751 4310 970 4368 matre
1016 4299 1444 4381 connivente,
1497 4299 2006 4387 subtractisque
2035 4299 2465 4381 custodibuS,
2505 4321 2627 4391 per
2667 4299 3040 4369 fenestram
3083 4320 3123 4367 e

561 4399 787 4459 castro
835 4387 1131 4459 Thomas
1178 4385 1566 4479 deponitur,
1621 4401 1687 4460 et
1732 4411 1773 4458 a
1819 4387 2150 4460 fratribus
2180 4389 2673 4472 Dominicanis,
2709 4388 2829 4476 qui
2853 4387 3008 4478 jam
3037 4410 3120 4458 eo
