3327 4999
809 350 937 420 166
1613 368 1695 417 nn
1742 367 1798 415 s.
1852 367 2164 418 onnoomo
2211 369 2375 417 rara
2876 350 3099 417 MART.
3144 351 3197 415 {2

714 452 1017 533 haberet,
1056 449 1245 523 unde
1283 449 1528 519 Christi
1570 448 1998 540 pauperibus
2032 449 2447 531 subveniret,
2483 449 2828 522 frumenta
2858 470 3197 540 comparare

719 541 1059 624 studebat,
1125 538 1319 608 nullo
1384 538 1589 608 modo
1655 537 2217 630 praetermittam.
2271 539 2374 609 Ait
2419 538 2608 608 enim
2659 539 2730 608 in
2790 538 2923 608 alia
2964 538 3198 628 epistola

717 631 942 702 eidem
992 635 1184 699 Petro
1242 627 1667 700 subdiacono
1731 629 1908 697 inter
1973 638 2275 697 caetera:
2330 649 2366 695 «
2412 628 2923 719 Quinquaginta
2967 626 3101 696 auri
3142 627 3197 694 li-

715 719 863 791 bris
896 740 1072 788 nova
1116 717 1463 786 frumenta
1509 718 1595 787 ab
1644 716 1983 787 extraneis
2021 737 2372 807 compara,
2425 729 2491 786 et
2538 717 2609 785 in
2663 717 2892 787 Sicilia
2935 716 3001 783 in
3049 715 3194 793 locis,

716 808 789 877 in
838 807 1094 895 quibus
1130 828 1266 875 non
1316 817 1619 896 pereant,
1659 826 1935 897 repone,
1981 819 2058 875 ut
2106 827 2339 875 mense
2390 806 2759 875 Februario
2807 804 2968 875 illuc
3014 826 3193 882 naves,

717 909 1012 985 quantas
1062 917 1455 986 possumus.
1493 895 1903 986 dirigamuS‚
1957 907 2033 966 ut
2079 894 2318 963 eadem
2368 894 2455 964 ad
2509 917 2635 965 nos
2684 894 3021 965 frumenta
3063 891 3197 961 defe-

718 996 984 1055 rantur.
1041 984 1167 1068 Sed
1216 984 1369 1055 etsi
1419 1006 1543 1054 nos
1590 984 2053 1054 transmittere
2081 1004 2459 1065 cessamu3‚
2517 984 2663 1075 ipse
2711 1005 2916 1053 naves
2949 981 3193 1073 provide,

718 1086 784 1145 et
820 1074 906 1145 ad
956 1095 1103 1154 nos,
1148 1072 1523 1143 auxiliante
1572 1073 1882 1154 Domine,
1922 1072 2289 1142 Februario
2337 1095 2574 1142 mense
2624 1073 2790 1142 haec
2829 1072 3053 1142 eadem
3093 1069 3196 1138 fru-

718 1175 951 1233 menta
998 1162 1407 1234 transmitte.
1447 1162 1756 1253 Exceptis
1795 1162 2149 1231 dumtaxat
2195 1160 2565 1231 frumentis
2596 1184 2774 1249 quae
2808 1182 2987 1231 nunc
3020 1180 3195 1228 mense

719 1251 1146 1343 Septembrio
1193 1250 1297 1320 vel
1340 1251 1654 1321 Octobrio
1677 1250 1878 1341 juxta
1909 1250 2482 1320 consuetudinem
2532 1251 2905 1321 transmitti
2951 1259 3195 1340 praesto-

716 1340 968 1410 lamur.
1005 1346 1106 1410 Ita
1151 1360 1313 1431 ergo
1366 1353 1480 1410 tua
1527 1339 1947 1430 experientia
1992 1338 2217 1422 faciat,
2256 1352 2334 1409 ut
2364 1339 2515 1409 sine
2562 1339 2863 1426 alicujus
2910 1337 3195 1407 vexatione

714 1429 942 1499 coloni
989 1429 1434 1499 ecclesiastici
1474 1429 1819 1498 frumenta
1869 1442 2393 1519 congregentur.
2449 1429 2625 1511 Quia
2693 1442 2835 1497 tam
2884 1427 2989 1496 hic
3034 1445 3191 1516 parva

715 1519 1037 1589 nativitas
1066 1517 1218 1599 suit,
1252 1529 1331 1586 ut
1381 1517 1512 1588 nisi
1561 1517 1938 1587 auxiliante
1990 1517 2274 1587 Domino
2322 1517 2406 1586 de
2440 1517 2674 1588 Sicilia
2714 1516 3049 1586 frumenta
3073 1535 3193 1582 con·

717 1619 1114 1699 gregantur,
1157 1605 1373 1677 sames
1421 1606 1859 1676 vehementer
1906 1605 2354 1676 immineat.»
3060 1627 3064 1631 *

806 1698 841 1783 ἓ
888 1700 1042 1768 88.
1096 1697 1320 1786 Hujus
1367 1694 1800 1765 liberalitatis
1848 1695 2363 1765 multitudinem
2428 1695 2716 1782 quidam
2783 1693 3189 1767 eremitarum,

715 1785 822 1853 vir
868 1806 1163 1876 magnae
1210 1784 1482 1854 virtutis
1529 1784 1650 1871 qui
1686 1784 1857 1853 nihil
1893 1783 1965 1852 in
2018 1783 2280 1853 mundo
2377 1783 2720 1854 ossidebat
2754 1795 3013 1875 praeter
3038 1798 3195 1849 unam

718 1884 994 1955 cattam,
1030 1895 1238 1961 quarn
1289 1872 1655 1943 blandiens
1704 1874 1943 1943 ‘crebro
1981 1873 2181 1960 quasi
2240 1894 2320 1943 co
2375 1873 2801 1943 abitatricem
2833 1874 2904 1941 in
2937 1871 3069 1940 suis
3092 1888 3196 1958 gre·

718 1962 881 2032 iniis
929 1961 1293 2043 refovebat,
1330 1984 1775 2053 cognoscem,
1820 1984 2051 2032 orasse
2099 1962 2314 2032 fertur
2359 1962 2446 2030 ad
2497 1967 2733 2042 Deum,
2775 1974 2851 2032 ut
2879 1961 3005 2031 sibi
3032 1972 3198 2028 osten-

720 2050 882 2121 dere
927 2050 995 2119 di
1054 2064 1354 2132 naretur,
1394 2074 1605 2138 quam
1655 2052 1927 2121 futurae
1987 2050 2562 2121 remunerationis
2622 2052 3046 2121 mansionem
3087 2065 3195 2134 spe-

715 2161 869 2209 rare
915 2074 1266 2210 deguisset
1310 2140 1433 2226 qui
1482 2163 1603 2232 pro
1650 2141 1843 2211 illius
1890 2161 2121 2209 amore
2148 2139 2461 2209 seculum
2497 2139 2843 2220 deserens,
2885 2138 2978 2206 nil
3003 2160 3071 2205 ex
3094 2134 3197 2231 ejas

717 2227 978 2298 divitiis
1025 2229 1425 2320 possideret.
1466 2236 1775 2317 Cumque
1824 2239 2017 2298 nocte
2049 2229 2348 2316 quadam
2380 2228 2735 2307 dormiret,
2783 2225 3083 2319 cognovit
3107 2221 3195 2290 sibi

715 2316 1092 2387 revelatum
1141 2317 1378 2399 fuisse,
1419 2332 1497 2388 ut
1544 2341 1702 2388 cum
1757 2323 1883 2387 Gre
1933 2316 2077 2386 orio
2126 2322 2434 2386 Romano
2466 2316 2795 2386 Pontifice
2832 2314 3197 2384 mansionem

715 2405 851 2474 sibi
900 2428 1062 2497 prae
1115 2407 1446 2477 arandam
1489 2428 1765 2497 sperare
1813 2405 1896 2474 de
1950 2406 2185 2476 uisset.
2221 2410 2296 2476 At
2324 2406 2438 2475 ille
2476 2404 2740 2475 fortiter
2770 2405 3190 2496 ingemiscens

712 2516 962 2586 parum
1013 2429 1147 2567 silli
1196 2493 1537 2587 profuisse
1583 2494 2044 2565 voluntariam
2095 2518 2324 2567 rerum
2375 2494 2707 2597 inopiam,
2744 2498 3059 2580 tantaque
3086 2505 3192 2581 suat}

711 2585 1113 2656 remotionis
1179 2585 1435 2674 ‘ejunia
1491 2585 1798 2674 putabat,
1856 2584 1913 2653 si
1963 2606 2126 2653 cum
2172 2606 2251 2655 eo
2298 2606 2729 2654 mansionem
2780 2585 3094 2673 reciperet
3117 2594 3186 2671 qu}

710 2674 920 2742 tantis
969 2608 1448 2743 munclialibus
1496 2672 1754 2741 divitiis
1802 2672 2242 2746 redundaret.
2281 2678 2447 2741 Cum
2488 2695 2645 2742 vero
2674 2664 3191 2765 Gregorianasdi·

708 2760 910 2832 vitias
958 2783 1124 2831 suae
1174 2762 1558 2851 paupertati
1590 2760 1704 2830 die
1740 2774 2081 2850 noctuque
2129 2762 2545 2852 suspirando
2579 2761 2942 2841 conferret,
2973 2759 3095 2829 alia
3115 2774 3191 2822 no-

709 2860 814 2919 cte
843 2849 1229 2936 quiescenS,
1266 2849 1530 2919 audivit
1558 2850 1693 2919 sibi
1725 2851 2090 2919 Dominum
2119 2850 2191 2919 in
2225 2850 2489 2921 somnis
2530 2849 2920 2920 dicentem:
2972 2839 3191 2931 Quando

708 2937 989 3007 divitem
1042 2960 1178 3008 non
1245 2938 1586 3030 possessio
1636 2938 1840 3008 faciat
1902 2939 2324 3020 divitiarum,
2371 2938 2488 3009 sed
2537 2939 2821 3027 cupid0‚
2875 2960 2999 3008 cur
3039 2930 3192 3028 audes

759 3038 1182 3118 aupertatem
1249 3039 1436 3098 tuam
1502 3028 1810 3118 Gregorii
1883 3027 2141 3098 divitiis
2205 3049 2355 3098 com
2412 3032 2647 3098 arare?
2712 3028 2845 3111 Qui
2896 3024 3098 3114 magis
3140 3015 3196 3086 ll·

737 3137 848 3215 am
897 3129 1173 3199 cattam,
1226 3139 1435 3204 quam
1469 3117 1704 3198 habes,
1741 3116 2045 3204 quotidie
2089 3116 2343 3207 palpari
2398 3139 2460 3198 o,
2495 3116 2811 3204 nullique
2840 3106 3192 3187 conferendo

707 3203 997 3295 diligere
1041 3205 1538 3297 comprobem,
1583 3228 1791 3292 quam
1841 3205 1956 3275 ille
2004 3207 2122 3293 qui
2176 3217 2398 3276 tantas
2438 3206 2712 3275 divitias
2742 3228 2881 3274 non
2928 3195 3190 3274 amando.

710 3292 828 3364 sed
863 3295 1386 3378 contemnendo,
1439 3295 1844 3381 cunctisque
1894 3293 2265 3364 liberaliter
2311 3293 2668 3385 largiendo
2717 3293 3086 3384 dispergit?
3132 3289 3197 3352 11³

708 3381 1058 3453 solit-arius
1105 3384 1525 3476 increpatuS,
1581 3388 1713 3452 Deo
1762 3383 2017 3474 gratias
2066 3383 2319 3465 retulit,
2367 3397 2432 3454 et
2488 3384 2610 3471 qui
2670 3385 2994 3453 meritum
3040 3389 3197 3474 suum

704 3470 1087 3571 decrevisse
1134 3485 1511 3563 putaverat,
1553 3472 1610 3543 si
1668 3472 1991 3562 Gregorio
2038 3472 2486 3555 conferretur,
2532 3494 2727 3542 orare
2776 3474 3196 3542 vehementms

704 3573 950 3649 coepit,
1009 3574 1085 3631 ut
1154 3583 1314 3631 cum
1371 3583 1449 3631 eo
1500 3559 1930 3630 mansionem
1979 3561 2398 3648 quandoque
2446 3560 2801 3652 percipere
2852 3566 3191 3629 mereretur.

709 3646 837 3716 Sed
886 3648 1088 3719 istius
1123 3650 1272 3740 jam
1304 3649 1595 3720 secundi
1642 3648 1804 3719 libri
1855 3649 2016 3719 finis
2054 3649 2394 3733 adveniat,
2433 3664 2509 3721 ut
2532 3672 2711 3739 quae
2741 3662 3055 3720 secutura
3075 3644 3196 3713 sunt

708 3736 1083 3809 auxiliante
1132 3739 1443 3819 Domin0,
1483 3739 1725 3808 tertius
1757 3751 2238 3828 prosequatur.
2383 3755 2391 3763 ·
3133 3816 3143 3827 ‚

796 3831 987 3896 Lunna
1036 3833 1156 3897 III.
1210 3830 1246 3914 ξ
1310 3834 1388 3900 1.
1443 3827 1722 3897 Talibus
1780 3827 2191 3898 venerabilis
2239 3833 2423 3918 Papa
2487 3828 2861 3920 Gregorius
2923 3833 3197 3896 commis·

707 3934 855 3984 sam
906 3916 1039 3987 sibi
1086 3916 1419 3985 divinitus
1468 3915 1842 3986 Ecclesiam
1879 3917 2129 3989 studiis
2174 3915 2543 3987 efficaciter
2589 3916 3033 4009 gubernabat.
3080 3912 3200 3976 Jam
3254 3920 3257 3977 i

706 4005 1013 4093 LigureS,
1067 4009 1374 4086 VenetOS‚
1419 4004 1731 4085 Hibero&
1769 4002 2076 4093 aliosque
2124 4028 2165 4075 a
2215 4004 2588 4077 schismate
2634 4007 2763 4076 sub
2814 4003 3035 4076 libello
3075 4012 3200 4094 0911‘
3254 4000 3257 4075 ἶ

705 4090 944 4173 fessos,
985 4093 1607 4164 chalcedonensem
1649 4091 1993 4183 synodum
2031 4094 2340 4164 venerari
2386 4094 2835 4185 compellens,
2887 4092 2969 4163 ad
3013 4093 3200 4157 unita·
3256 4098 3257 4103 ’

707 4191 844 4251 tem
892 4195 1168 4253 sanctae
1197 4182 1537 4254 Ecclesiae
1566 4192 1939 4251 revocarat.
1970 4188 2124 4253 Jam
2166 4184 2643 4253 Barbaricinos
2678 4182 2923 4252 Sardos
2966 4190 3027 4249 et
3051 4177 3199 4243 Cam·

704 4269 953 4362 paniae
991 4272 1309 4354 rusticOS,
1364 4285 1504 4341 tam
1542 4270 2175 4362 praedicationibus
2222 4294 2432 4359 quam
2481 4272 2878 4342 verberibus
2922 4258 3197 4337 emenda·
3256 4270 3257 4273 ’

705 4372 832 4441 tm,
869 4382 909 4430 a
956 4359 1418 4452 paganizandi
1468 4360 1764 4429 vanitate
1813 4373 2230 4432 removerat:
2274 4361 2422 4452 jam
2471 4360 2969 4431 Donatistarum
3010 4353 3196 4422 haere·

704 4448 838 4518 sim
887 4470 1098 4540 penes
1170 4448 1464 4519 Africam
1496 4504 1511 4531 ,
1556 4448 2116 4521 Manichaeorum
2165 4472 2376 4541 penes
2421 4449 2750 4531 Siciliam,
2803 4445 3192 4518 Arrianorum
