3327 4999
215 335 462 401 MART.
910 349 1114 409 saauo
1161 352 1240 398 nn
1287 350 1801 401 assumamus
1847 350 2073 400 nomm
2547 334 2676 402 577
2712 400 2713 403 ,

216 438 375 505 bene
422 435 818 525 complacui.
865 433 1029 501 Nam
1080 453 1237 502 cum
1275 432 1487 502 Filius
1518 432 1829 524 ejusdem
1880 433 2304 503 substantiae
2336 434 2425 504 sit
2455 457 2615 504 cum
2646 441 2768 505 Pa-

219 538 343 607 tre,
398 525 468 593 in
521 536 767 592 natura
816 520 1095 607 quidem
1148 520 1504 611 humana,
1546 544 1757 611 quarn
1819 521 1951 593 sibi
1998 522 2450 613 personaliter
2515 524 2763 606 univit,

221 614 522 705 postulat
571 633 692 702 pro
731 610 952 691 nobis,
990 607 1094 678 vel
1144 608 1394 701 allegat
1443 611 1819 701 propitium
1842 612 2152 702 judicem
2193 622 2257 681 et
2292 613 2623 702 propositi
2658 614 2770 683 sui

217 701 539 772 desiderii
577 700 774 769 nobis
822 699 1124 768 fructum
1174 712 1497 787 reportat.
1533 704 1665 770 Nec
1713 700 2095 791 incongrue
2127 705 2393 771 Patrem
2434 701 2765 784 dicimus,

134 800 144 813 ⁸
218 814 379 861 cum
430 792 501 862 in
538 811 828 881 persona
879 787 1029 856 Filii
1061 788 1396 878 Propheta
1442 788 1648 858 dicat:
1682 790 1951 871 Judica,
1983 791 2279 875 Domine,
2314 801 2618 860 nocentes
2641 814 2770 872 me,

219 905 544 971 empuqna
599 882 1073 969 impugnantes
1123 899 1228 945 me
1262 876 1292 966 (
1323 882 1428 946 Ps.
1497 882 1579 947 34
1611 877 1661 967 ).
1708 883 1786 948 Et
1833 878 1982 968 ipse
2042 878 2289 950 Filius:
2332 885 2477 951 Non
2523 903 2775 971 quaero

215 972 512 1061 plor-iam
567 992 806 1048 meam,
857 977 953 1035 est
1006 966 1130 1056 qui
1171 976 1458 1056 quaerat
1514 978 1577 1035 et
1630 968 1911 1057 judicet.

306 1061 342 1146 ξ
389 1063 481 1130 3.
536 1062 614 1127 In
666 1055 1010 1146 plerisque
1043 1075 1278 1123 sacrae
1326 1056 1719 1144 Scripturae
1761 1055 1929 1126 locis
1958 1056 2126 1125 ordo
2164 1055 2447 1142 quidem
2469 1056 2775 1146 judicio-

218 1169 376 1217 rum
426 1147 512 1215 ab
560 1147 712 1235 ipso
764 1150 892 1213 Deo
942 1143 1239 1212 instituti
1305 1143 1577 1214 videtur
1619 1155 1687 1214 et
1747 1145 2027 1214 servari.
2103 1144 2399 1228 Quidam
2451 1146 2553 1214 vir
2601 1146 2770 1216 sim-

221 1235 375 1326 plex
421 1247 489 1305 et
536 1247 783 1315 rectus,
841 1255 920 1301 ac
969 1232 1219 1303 timens
1268 1236 1515 1314 Deum,
1584 1254 1746 1301 cum
1793 1232 2059 1325 expleto
2105 1232 2330 1303 officio
2390 1235 2768 1316 matutin0‚

221 1324 658 1416 egrederetur
703 1321 1014 1402 ecclesia,
1068 1333 1132 1390 et
1178 1342 1220 1389 a
1274 1320 1640 1411 discipulis
1701 1334 2088 1412 rogaretur:
2155 1321 2329 1405 Quid
2394 1323 2652 1393 audisti
2700 1324 2773 1393 in

219 1413 532 1492 ecclesia,
594 1415 835 1480 Pater?
894 1408 1287 1499 respondit:
1347 1413 1653 1492 Quatuor
1698 1410 1956 1492 audivi,
2019 1432 2135 1480 sex
2188 1412 2439 1481 notavi.
2487 1413 2775 1483 Subtilis

225 1503 431 1595 plane
480 1500 834 1592 responsio
865 1497 994 1567 fuit
1038 1510 1104 1567 et
1134 1496 1385 1567 fidelis,
1418 1499 1736 1581 Quatuor
1764 1521 2064 1587 namque
2111 1500 2489 1571 versiculos
2517 1501 2773 1572 Psalmi

223 1589 698 1662 decimioctavi
744 1587 1079 1667 audierat,
1114 1587 1398 1671 scilicet,
1453 1592 1582 1657 Lex
1631 1588 1901 1658 Domini
1966 1588 2436 1671 immaculata,
2490 1612 2774 1660 conver-

223 1692 373 1752 tens
420 1679 691 1749 animas
745 1691 811 1746 et
858 1688 994 1746 tres
1041 1675 1214 1744 alios
1260 1675 1383 1762 qui
1422 1689 1831 1763 sequuntur,
1877 1677 1949 1746 in
1981 1678 2238 1764 quibus
2287 1699 2399 1748 sex
2449 1692 2777 1749 notantur

224 1792 401 1858 quae
451 1781 635 1839 sunt:
691 1772 842 1844 Lex,
898 1764 1408 1845 testimonium,
1452 1765 1745 1855 justitia,
1800 1779 2270 1857 praeceptum,
2323 1767 2549 1849 timor,
2583 1769 2776 1858 judi-

225 1860 355 1928 cia.
401 1863 475 1928 In
529 1857 637 1925 his
680 1856 931 1944 partim
981 1875 1314 1944 personae
1359 1875 1535 1940 quae
1592 1856 1659 1924 in
1695 1856 1853 1943 jure
1902 1868 2064 1924 sunt
2112 1857 2563 1937 necessariae,
2622 1880 2777 1947 par-

227 1948 350 2019 tim
391 1959 582 2015 actus
614 1967 853 2014 eorum
887 1944 1394 2033 exprimuntur.
1432 1949 1596 2012 Nam
1634 1957 1702 2012 et
1754 1945 2084 2014 Dominus
2133 1945 2255 2031 qui
2297 1944 2512 2032 judex
2550 1959 2653 2015 est
2710 1958 2775 2015 et

226 2036 358 2117 lex,
412 2035 796 2104 secundum
829 2052 1037 2119 quam
1077 2031 1458 2122 judicatur:
1512 2045 1576 2101 et
1612 2032 1920 2103 officium
1972 2035 2248 2103 testium
2297 2033 2428 2103 sub
2474 2034 2601 2104 hoc
2650 2056 2778 2104 no-

227 2125 416 2192 mine
451 2122 943 2193 testimonium.
998 2120 1250 2190 actoris
1289 2143 1564 2208 quoque
1602 2134 1667 2190 et
1718 2122 1812 2192 rei
1863 2122 2107 2193 merita
2171 2144 2290 2212 per
2351 2123 2481 2191 hoc
2521 2144 2774 2193 nomen

221 2211 531 2303 justitiae
593 2211 1067 2301 designantur.
1120 2215 1286 2280 Nam
1336 2223 1402 2279 et
1451 2212 1694 2280 merita
1755 2233 2127 2281 causarum
2200 2212 2498 2302 partium
2551 2234 2776 2282 asser-

229 2302 413 2370 tione
451 2300 871 2390 panduntur.
927 2298 1273 2368 Sententia
1314 2299 1575 2386 judicis
1623 2301 1754 2370 sub
1794 2299 1922 2369 hoc
1972 2300 2252 2369 nomine
2303 2313 2769 2401 praeceptum,

230 2389 652 2460 accusatoris
699 2401 764 2458 et
795 2387 1176 2457 executoris
1223 2386 1470 2468 officia,
1510 2388 1784 2457 duobus
1818 2388 2084 2459 ultimis
2133 2389 2535 2459 nominibus
2596 2411 2777 2476 quae

232 2490 397 2550 sunt
431 2478 634 2548 timor
671 2490 736 2548 et
776 2477 1069 2564 judicia,
1109 2476 1529 2546 indicantur.
1571 2478 1888 2565 Quinque
1921 2478 2145 2569 priora
2180 2477 2363 2548 binis
2400 2477 2777 2549 accidenti-

229 2569 365 2638 bus
399 2568 813 2648 innituntur,
867 2579 1131 2637 sextum
1168 2567 1554 2654 quadriniS.
1609 2573 1737 2636 Lex
1778 2568 2048 2637 Domini
2092 2567 2562 2650 immaculata,
2609 2589 2776 2637 con-

229 2669 500 2728 vertens
548 2657 842 2726 animas,
898 2657 1393 2726 Testimonium
1463 2656 1735 2725 Domini
1794 2656 2047 2737 fidele,
2120 2657 2528 2745 sapientiam
2580 2678 2779 2746 prae-

231 2759 423 2817 stans
475 2746 801 2837 parvulis.
853 2746 1173 2815 Justitiae
1203 2745 1474 2815 Domini
1511 2758 1753 2826 rectae,
1809 2745 2256 2815 laetificantes
2297 2745 2527 2814 corda.
2582 2752 2780 2815 Prae-

230 2850 506 2926 ceptum
544 2836 812 2904 Domini
866 2834 1204 2914 lucidum,
1272 2834 1683 2904 illuminans
1731 2834 1991 2905 oculos.
2029 2835 2259 2904 Timor
2292 2835 2564 2903 Domini
2613 2855 2778 2903 san-

231 2937 384 2995 ctus
449 2937 802 3013 permanet
847 2924 919 2991 in
969 2923 1282 2992 seculum
1333 2922 1575 2993 seculi.
1625 2924 1902 2993 Judicia
1962 2923 2231 2993 Domini
2283 2945 2462 3004 vera,
2520 2923 2781 3010 justifi-

234 3027 382 3084 cata
414 3014 483 3083 in
513 3013 902 3101 semetipsa.
945 3011 1433 3081 Desiderabilia
1459 3035 1670 3101 super
1697 3035 1949 3082 aurum
1978 3026 2044 3083 et
2071 3012 2367 3102 lapidem
2400 3013 2779 3102 pretiosum

233 3103 534 3171 multum
566 3115 632 3170 et
678 3101 992 3169 dulciora
1048 3122 1258 3189 super
1316 3100 1448 3169 mel
1497 3113 1562 3170 et
1608 3100 1864 3171 savum.
1920 3101 2223 3171 Praesata
2271 3122 2438 3171 sane
2497 3101 2772 3170 Domini

233 3191 567 3259 dicuntur
611 3211 782 3258 esse.
846 3194 960 3258 Est
1006 3188 1255 3256 etenim
1291 3189 1416 3270 lex,
1455 3211 1631 3276 quae
1674 3212 1808 3259 non
1855 3202 1958 3260 est
2002 3191 2305 3271 Domini,
2362 3203 2429 3259 at
2489 3190 2775 3282 peccati,

235 3278 322 3347 de
367 3299 504 3363 qua
563 3277 728 3347 dicit
775 3277 1176 3367 Apostolus:
1230 3277 1437 3347 Video
1493 3277 1702 3347 aliam
1769 3278 1987 3369 legem
2047 3281 2118 3348 in
2172 3279 2502 3348 membris
2550 3279 2723 3349 meis
2758 3334 2774 3359 ,

234 3378 736 3456 repugnantem
777 3366 912 3457 legi
948 3366 1198 3435 mentis
1247 3387 1459 3446 meae,
1498 3379 1563 3436 et
1591 3367 2050 3457 captivantem
2086 3388 2196 3436 me
2230 3368 2297 3436 in
2333 3367 2394 3437 le
2444 3390 2482 3437 e
2517 3368 2781 3459 peccati

235 3476 414 3541 quae
460 3465 560 3523 est
610 3455 676 3522 in
729 3455 1293 3526 membris‘meiS.
1333 3459 1506 3523 Sunt
1532 3467 1599 3524 et
1634 3454 1947 3544 justitiae
1994 3456 2365 3536 humanae,
2399 3392 2486 3525 ge
2514 3457 2778 3542 quibus

236 3543 525 3613 dicitur:
564 3547 815 3615 Omnes
853 3544 1164 3632 justitiae
1213 3555 1505 3623 nostrae,
1556 3555 1884 3629 tanquam
1945 3566 2223 3635 pannus
2289 3558 2774 3614 menstruatae.

239 3638 415 3703 Sunt
443 3643 509 3701 et
547 3645 905 3723 praecepta
958 3632 1284 3712 humana,
1337 3632 1595 3718 quibus
1634 3638 1872 3701 Petrus
1918 3631 2382 3702 obediendum
2447 3655 2582 3702 non
2632 3656 2783 3704 esse

235 3721 443 3791 dicit:
483 3722 778 3801 obedire,
821 3721 1167 3808 inquienS,
1221 3731 1474 3812 oportet
1504 3724 1727 3810 maqls
1772 3726 1926 3800 Dec,
1971 3744 2177 3811 quam
2228 3722 2628 3791 hominibus.
2675 3722 2781 3792 Ti-

237 3833 391 3880 mor
417 3831 691 3897 quoque
720 3810 1071 3880 humanus
1100 3832 1140 3879 a
1163 3809 1447 3878 Domino
1470 3809 1900 3900 reprobatur.
1929 3809 2120 3879 Unde
2151 3809 2267 3878 ait:
2300 3812 2519 3880 Nolite
2546 3813 2779 3881 timere

236 3921 368 3978 eOS,
414 3901 537 3990 qui
563 3899 871 3967 occidunt
912 3922 1171 4000 corpu&
1204 3901 1505 3967 ani-mam
1545 3909 1773 3967 autem
1814 3923 1946 3968 non
1969 3909 2249 3999 possunt
2276 3900 2596 3969 occidere.

333 3988 369 4074 ξ
431 3993 515 4060 4.
570 3992 647 4057 111
701 3987 1069 4088 propositis
1116 4000 1345 4057 autem
1396 3987 1756 4057 versiculis
1795 4009 2032 4057 omnia
2076 3987 2407 4057 dicuntur
2455 4009 2606 4058 esse
2637 3989 2778 4059 Dei.

241 4076 575 4158 Primum,
620 4077 883 4146 scilicet
928 4076 1057 4158 lex,
1112 4077 1277 4147 bina
1309 4077 1512 4146 habet
1543 4077 1928 4147 accidentia
1974 4099 2152 4164 quae
2199 4089 2384 4158 sunt,
2441 4078 2785 4147 immacu-

243 4162 402 4247 lata,
457 4169 861 4238 convertens
899 4166 1192 4246 animas,
1238 4165 1378 4235 sive
1410 4165 1494 4235 de
1527 4165 1676 4257 lege
1715 4165 2061 4256 intelligas
2107 4165 2430 4248 naturali,
2466 4167 2570 4237 vel
2621 4167 2790 4238 scri-

295 4265 383 4334 ta,
438 4277 561 4325 seu
609 4255 669 4324 le
721 4278 756 4324 e
804 4256 1086 4347 gratiae.
1128 4255 1511 4342 Unicuique
1557 4256 1744 4325 enim
1802 4255 2048 4327 harum
2093 4255 2301 4326 trium
2353 4256 2609 4348 legum,
2655 4256 2789 4325 sci-

249 4342 403 4442 ·icet
448 4356 693 4415 natura
727 4346 771 4426 i,
825 4345 1122 4435 scriptae
1168 4356 1233 4414 et
1266 4344 1397 4436 legi
1426 4345 1709 4436 gratiae,
1753 4343 1922 4415 haec
1952 4344 2092 4416 duo
2138 4346 2579 4417 conveniunt:
2624 4367 2784 4415 nam

243 4434 692 4504 lmmaculata
738 4434 938 4505 debet
985 4456 1133 4506 esse
1164 4445 1231 4505 et
1276 4448 1679 4506 convertens
1723 4434 2016 4506 animas.
2070 4435 2415 4508 Naturalis
2463 4435 2569 4504 lex
2620 4434 2787 4506 haec

411 4555 649 4612 surius
690 4583 716 4600 ·
753 4554 917 4616 Vitae
953 4554 1062 4618 HS.
1118 4588 1140 4600 -
1181 4553 1308 4614 Vol.
1351 4553 1453 4616 111.
2475 4559 2553 4620 37
