3327 4999
269 349 516 413 MART.
575 348 657 412 42
1244 367 1323 414 m:
1371 368 1425 414 s.
1481 367 1860 417 THEOPHANR
2615 352 2747 418 253

269 445 590 519 dominos
637 444 870 535 adepti
919 444 1301 516 fuissentet
1327 469 1559 518 amore
1607 462 1837 520 essent
1866 472 1904 517 a
1955 448 2052 518 ud
2085 448 2241 518 illos
2272 448 2507 520 liberis
2534 449 2839 541 propriis

268 546 333 604 et
380 533 709 625 ingenuis
759 555 896 603 non
950 533 1345 618 inferiore8‚
1400 538 1653 626 probra
1701 551 1766 608 et
1812 562 1851 607 a
1933 537 2330 619 ictationes,
2387 559 2511 628 pro
2585 539 2838 628 pietate

269 623 678 712 corporibus
733 621 1116 712 impositas,
1173 646 1348 694 nova
1393 636 1459 694 et
1506 626 1924 716 multiplicia
1987 626 2228 696 mortis
2343 648 2551 695 enera
2597 639 2839 696 contra

267 711 457 801 ipsos
502 711 904 800 excogitata,
960 735 991 782 s
1047 710 1464 782 lendidiores
1493 736 1730 783 revera
1776 714 2263 786 existimarunt
2355 714 2575 784 ivitias
2624 735 2836 801 quam

268 798 587 890 gloriam,
641 820 850 885 quam
902 799 985 868 de
1019 800 1227 882 iciaS,
1296 802 1557 887 quibus
1612 803 1977 873 hominum
2035 803 2171 871 vita
2236 801 2449 872 soleat
2496 802 2833 872 diffluere.

268 893 552 958 Mortem
603 887 624 956 i
681 888 817 957 itur
862 888 1077 958 unius
1123 910 1204 958 ex
1253 889 1535 960 illorum
1585 912 1899 972 numero,
1953 890 2184 976 qualis
2234 890 2485 971 fuerit,
2538 912 2841 961 comme-

268 997 539 1046 morare
587 999 631 1064 p
662 988 833 1057 acet,
886 998 1179 1064 eamque
1211 977 1585 1048 lectoribus
1618 979 2066 1070 spectandam
2102 977 2515 1066 relinquere,
2553 991 2629 1047 ut
2675 978 2842 1047 inde

268 1086 445 1151 quae
492 1064 781 1164 reliquis
835 1066 1041 1135 etiam
1101 1066 1252 1167 ejus
1301 1067 1659 1138 sodalibus
1717 1069 2151 1158 contigerint,
2191 1067 2646 1137 animadverti
2681 1088 2842 1157 pos-

271 1153 380 1223 sit.
445 1153 741 1235 Quidam
793 1152 1074 1224 illorum
1131 1178 1201 1223 in
1252 1156 1522 1226 civitate
1569 1179 1785 1246 supra
1831 1168 2373 1226 commemorata
2421 1177 2655 1225 coram
2709 1160 2843 1224 Im-

271 1241 707 1341 peratoribus
754 1264 929 1328 quos
963 1243 1293 1327 diximus,
1341 1246 1410 1314 in
1456 1245 1761 1314 medium
1799 1245 2209 1315 adducitur:
2245 1244 2369 1331 qui
2401 1266 2561 1314 cum
2595 1244 2843 1332 jussus

270 1329 476 1401 idolis
526 1331 924 1410 immolare,
995 1332 1281 1402 omnino
1348 1346 1701 1405 recusaret
1771 1332 2195 1402 mandarunt
2262 1332 2533 1402 nudum
2595 1332 2667 1400 in
2720 1353 2842 1399 su-

269 1416 485 1487 blime
519 1417 688 1500 tolli,
742 1442 822 1489 ac
857 1420 1150 1509 flagellis
1199 1443 1503 1508 eousque
1538 1434 1671 1492 toto
1719 1444 2004 1512 corpore
2036 1421 2363 1490 dilaniari
2396 1421 2625 1507 quoad
2679 1441 2845 1510 sup-

270 1507 482 1597 plicio
531 1506 814 1588 evictus,
880 1509 1088 1576 etiam
1161 1510 1396 1579 animo
1447 1511 1686 1591 invit0,
1742 1509 1928 1597 quod
1978 1522 2124 1579 erat
2171 1510 2592 1610 imperatum
2643 1529 2844 1598 prae-

270 1606 502 1665 staret.
560 1595 686 1664 Sed
721 1596 842 1665 ubi
876 1596 1007 1665 ista
1037 1618 1432 1687 perpessuS,
1471 1611 1800 1668 constans
1829 1611 1894 1669 et
1927 1597 2386 1668 immutabilis
2419 1596 2839 1687 persisteret,

270 1684 353 1752 de
402 1683 671 1770 reliquo
719 1684 999 1755 ossibus
1046 1685 1199 1774 ejus
1260 1686 1409 1775 jam
1460 1709 1670 1757 carne
1718 1686 2113 1767 denudatiS,
2166 1699 2438 1756 acetum
2491 1686 2634 1754 sale
2692 1706 2846 1775 per-

271 1772 584 1854 mistum,
640 1773 712 1840 in
761 1774 1074 1864 corporis
1124 1776 1462 1855 membra,
1489 1776 1806 1846 cruciatu
1835 1786 2185 1845 attenuata
2231 1786 2297 1844 et
2345 1796 2559 1864 prope
2604 1785 2846 1842 conta-

273 1860 587 1941 befacta,
635 1860 1067 1931 infuderunt.
1119 1866 1334 1949 Atque
1375 1875 1451 1932 ut
1498 1864 1666 1933 istos
1734 1862 2005 1933 dolores
2065 1862 2474 1953 protriverat
2521 1875 2586 1931 et
2635 1859 2847 1930 veluti

274 1948 575 2104 pedibus
621 1948 1085 2030 conculcarat,
1141 1950 1303 2020 inde
1334 1952 1668 2021 craticula
1715 1964 1781 2020 et
1827 1951 2012 2041 ignis
2061 1973 2203 2021 una
2252 1952 2322 2020 in
2361 1949 2670 2019 medium
2711 1961 2847 2017 tra-

326 2050 545 2123 untur
589 2037 1033 2123 et'reliquiae
1064 2038 1214 2126 ejus
1262 2040 1597 2129 corporis,
1655 2052 2013 2125 tamquam
2053 2061 2297 2109 carnes
2336 2038 2424 2107 ad
2474 2036 2846 2108 comeden-

273 2124 443 2194 dum
497 2135 796 2214 paratae,
850 2127 1037 2217 ignis
1086 2127 1430 2208 incendio,
1489 2149 1626 2196 non
1679 2128 1958 2217 raptim,
2011 2139 2088 2197 ut
2136 2127 2325 2197 brevi
2371 2148 2408 2194 e
2455 2126 2594 2193 vita
2642 2125 2843 2194 dece-

273 2212 469 2294 denS,
512 2214 706 2281 omni
752 2214 986 2284 dolore
1036 2215 1466 2297 liberaretur,
1519 2216 1638 2285 sed
1682 2215 2018 2305 paulatim
2068 2215 2480 2304 absumptae
2528 2212 2836 2282 fuerunt.

274 2305 507 2387 Neque
544 2302 674 2388 'qui
721 2323 880 2371 eum
945 2305 1424 2395 imposuerant
1468 2305 1539 2372 in
1608 2326 1883 2405 rogum,
1936 2302 2145 2372 etiam
2213 2313 2369 2392 post
2417 2314 2512 2371 tot
2567 2314 2847 2386 tamque

270 2391 511 2546 lgravia
579 2391 1098 2473 cruciamenta,
1152 2392 1217 2461 ei
1262 2392 1488 2462 ullum
1541 2392 1936 2493 respirandi
1987 2391 2222 2460 locum
2270 2390 2436 2459 dare
2484 2391 2554 2457 in
2607 2389 2845 2458 animo

322 2478 640 2560 abebant,
700 2480 834 2552 nisi
880 2480 1077 2581 prius
1144 2504 1217 2551 se
1265 2481 1575 2572 ipsorum
1651 2492 1992 2571 lmperata
2067 2479 2417 2549 facturum
2474 2488 2838 2548 annueret.

273 2568 396 2637 Sed
451 2567 566 2637 ille
615 2582 966 2659 proposito
1001 2591 1128 2640 suo
1155 2571 1507 2641 mordicus
1537 2570 2063 2650 adhae1·escenS‚
2107 2569 2321 2637 victor
2370 2567 2438 2636 in
2485 2566 2845 2636 tormentis

271 2656 578 2725 animam
613 2657 886 2727 efflavit.
929 2658 1087 2727 Tale
1120 2660 1333 2728 unius
1383 2659 1733 2749 regiorum
1782 2657 2210 2727 famulorum
2261 2655 2676 2744 martyrium
2725 2676 2844 2723 ex-

272 2744 422 2826 titit,
454 2745 917 2836 appellatione
950 2768 1078 2818 sua
1099 2746 1372 2836 (Petrus
1397 2749 1586 2817 enim
1624 2747 2028 2816 nominatus
2065 2744 2226 2835 fuit)
2245 2766 2481 2814 revera
2510 2743 2832 2833 dignum.

792 3038 874 3138 S.
928 3036 1612 3147 THEOPHANIS.
1682 3036 1914 3138 SIVE
1979 3036 2316 3137 lSAACl

885 3276 1163 3325 ELOGIUM
1210 3278 1288 3324 Ex
1336 3276 1609 3325 SIMEONE
1654 3276 2132 3324 METAPHRASTE.
2185 3253 2220 3290 ῃ

1256 3452 1445 3510 Obiit
1498 3454 1699 3510 Anno
1741 3455 1881 3510 818.

355 3637 393 3722 ἓ
462 3638 534 3705 Ι.
574 3640 762 3718 Quae
809 3636 1352 3716 mercatoribus,
1409 3635 1656 3704 mundi
1705 3634 1995 3726 pelagus
2057 3646 2124 3704 et
2173 3633 2557 3724 longinqua
2619 3633 2845 3705 maria

266 3724 549 3813 majoris
580 3724 758 3793 lucri
805 3725 1028 3814 gratia
1076 3723 1606 3814 trajicientibuS,
1649 3724 1872 3794 solent
1918 3723 2255 3802 accidere,
2297 3723 2469 3793 dum
2503 3745 2667 3792 cum
2732 3723 2841 3791 in-

264 3812 462 3881 victis
510 3813 838 3882 fluctibus
885 3826 1090 3899 atque
1137 3812 1348 3882 undis
1395 3834 1575 3898 quae
1626 3823 1774 3881 tum
1814 3812 1992 3881 inter
2035 3833 2148 3894 se,
2204 3823 2351 3881 tum
2399 3832 2562 3880 cum
2617 3811 2843 3880 ventis

264 3898 657 3971 furentibus
705 3900 1102 3982 decertant,
1157 3901 1291 3990 ipsi
1345 3900 1702 3970 luctantur
1748 3912 1814 3970 et
1862 3900 2163 3971 tenebris
2212 3899 2481 3980 obruti,
2536 3920 2616 3969 ac
2680 3921 2846 3990 pro-

264 3988 438 4060 cella
474 3989 740 4078 jactati,
808 4012 930 4080 pro
985 4011 1020 4058 e
1075 3990 1438 4079 desperata
1486 3989 1745 4070 salute,
1802 3987 2247 4080 naufragium
2311 3998 2722 4078 expectant:
2780 3987 2843 4057 si

264 4098 521 4167 parvus
570 4077 805 4147 stellae
854 4101 929 4149 sa
962 4078 1181 4147 utaris
1236 4077 1570 4168 splendor
1616 4077 2172 4167 periclitantibus
2222 4076 2396 4166 ipsis
2451 4075 2835 4157 affulserit,

266 4166 415 4255 ejus
448 4165 604 4235 luce
651 4168 1011 4257 perspecta
1052 4166 1419 4258 respirant,
1474 4166 1933 4255 animumque
1962 4166 2333 4257 recipiunt,
2371 4186 2453 4235 ac
2501 4177 2841 4235 rectorem

321 4308 349 4335 ⁸
377 4310 515 4358 Quod
530 4310 880 4359 metaphrastes
899 4311 1186 4360 conscripsit
1205 4310 1382 4352 habent
1404 4312 1442 4351 2.
1463 4312 1569 4352 loco
1590 4311 1913 4355 nouandi-nt:
1934 4310 2024 4355 hoc
2045 4310 2340 4361 probabilius
2367 4295 2619 4350 Theodoro
2638 4307 2857 4349 studitae

272 4359 502 4403 Batonius
522 4365 687 4404 censet
707 4364 1026 4405 tribuendum.
1056 4366 1191 4404 Circa
1211 4363 1356 4405 finem
1377 4365 1397 4414 5
1417 4368 1442 4404 3
1464 4366 1695 4406 asterisco
1725 4367 1946 4407 notamus
1976 4375 2085 4406 cum
2115 4365 2254 4405 Surio
2283 4363 2516 4404 nonnulla
2543 4363 2645 4402 illic
2672 4362 2857 4402 deside·

275 4416 390 4459 nri:
420 4418 475 4456 nt
490 4420 711 4456 nostrum
732 4419 849 4462 erat,
868 4427 988 4466 quac
1010 4418 1061 4456 in
1081 4418 1297 4458 surianis
1316 4419 1604 4460 edttiontbns
1625 4420 1814 4465 desunt,
1832 4429 1888 4460 ex
1911 4420 2063 4460 altera
2083 4417 2285 4459 historia
2304 4416 2430 4466 apud
2451 4415 2786 4457 Bolltndianon
2808 4415 2857 4455 et

276 4473 331 4508 ex
348 4469 543 4510 Graecis
563 4470 770 4511 Menaeis
794 4472 1063 4520 supplenda
1082 4472 1376 4513 curavimus.
2487 4476 2489 4479 ’
