3327 4999
664 315 797 380 428
1419 329 1499 376 nr.
1546 330 1602 377 s.
1657 327 2000 376 annumero
2046 328 2287 375 Anum:
2735 309 2983 375 MART.
3038 310 3124 375 2«

573 433 777 481 suam
808 411 940 480 sub
989 409 1269 478 habitus
1316 408 1425 477 sui
1457 407 1648 477 freno
1699 408 2207 487 restrinxerant,
2242 417 2308 475 et
2338 405 2665 476 eumdem
2713 406 3131 496 religiosum

571 499 800 569 virum
848 498 972 584 qui
1002 497 1089 565 ad
1138 495 1471 565 exteriora
1529 496 1913 565 necessaria
1959 495 2059 564 eis
2107 495 2517 580 obsequium
2572 494 2962 584 praebebat,
3017 495 3133 562 in-

570 586 793 656 cautis
841 607 955 654 sae
1007 606 1043 652 e
1109 584 1547 653 sermonibus
1592 583 1681 651 ad
1730 583 2165 652 iracundiam
2226 583 2709 672 provocabant.
2764 583 2894 666 Qui
2944 581 3126 651 dum

572 674 696 743 diu
729 675 859 744 ista
891 685 955 742 to
986 684 1226 751 eraret,
1268 671 1562 761 perrexit
1591 670 1678 740 ad
1716 671 1827 739 Dei
1855 671 2249 739 hominem:
2301 684 2735 756 quantasque
2775 682 3133 759 pateretur

573 763 941 831 verborum
985 760 1460 839 contumeliaS,
1505 759 1871 827 enarravit.
1908 758 2021 827 Vir
2066 772 2294 827 autem
2337 758 2446 826 Dei
2497 758 2664 826 haec
2697 758 2784 826 de
2832 756 2973 828 illis
3002 780 3134 827 au·

573 849 798 928 dienS,
839 848 938 917 eis
972 847 1285 937 protinus
1322 846 1692 927 mandavit,
1728 846 2003 916 dicens:
2041 846 2420 936 «corrigite
2452 844 2762 933 linguam
2795 858 3125 915 vestram:

570 936 739 1022 quia
787 936 846 1006 si
906 956 1040 1004 non
1089 934 2213 1014 emendaveritissexcommunico
2265 955 2404 1003 vos.
2436 957 2470 999 »
2521 938 2738 1014 Quam
2804 932 3129 1002 videlicet

574 1022 1311 1092 excommunicationis
1368 1022 1777 1093 sententiam
1846 1044 1980 1091 non
2054 1020 2458 1111 proferendo
2508 1020 2763 1100 intulit,
2825 1019 2945 1090 sed
2999 1021 3130 1089 mi-

546 1110 831 1180 ·uando,
871 1110 1037 1179 Illae
1069 1122 1293 1179 autem
1348 1132 1387 1178 a
1437 1110 1751 1199 pristinis
1799 1110 2110 1179 moribus
2145 1108 2314 1177 nihil
2368 1122 2691 1188 mutatae,
2731 1109 2914 1176 intra
2948 1130 3124 1196 pau-

581 1220 700 1268 cos
745 1198 893 1267 dies
940 1197 1300 1267 defunctae
1348 1211 1533 1278 sunt,
1589 1210 1656 1266 at
1710 1219 1795 1268 ue
1841 1198 1909 1264 in
1960 1196 2249 1267 ecclesia
2310 1196 2640 1285 sepultae.
2696 1202 3007 1281 Cumque
3052 1196 3124 1264 in

572 1285 812 1363 eadem
844 1285 1131 1355 ecclesia
1182 1287 1543 1354 Missarum
1593 1290 1668 1354 so
1699 1285 1931 1353 emnia
1977 1286 2512 1364 celebrarentur,
2567 1295 2773 1369 atque
2818 1304 2900 1351 ex
2935 1305 3126 1353 more

579 1373 920 1442 diaconus
967 1373 1315 1453 clamaret,
1373 1374 1437 1442 Si
1488 1373 1646 1458 quis
1697 1394 1830 1440 non
1881 1374 2370 1452 communicat,
2423 1372 2536 1440 det
2566 1371 2837 1440 locum:
2893 1372 3126 1440 nutrix

571 1483 840 1541 earum,
879 1482 1055 1547 quae
1104 1484 1226 1550 pro
1259 1462 1359 1530 eis
1391 1460 1805 1530 oblationem
1861 1460 2146 1528 Domino
2193 1462 2436 1529 offerre
2483 1473 2954 1538 consueverat,
3007 1482 3126 1529 eas

573 1548 659 1618 de
704 1548 1043 1639 sepulcris
1091 1550 1239 1617 suis
1287 1547 1609 1639 progredi
1656 1560 1722 1616 et
1767 1548 1951 1615 exire
2001 1548 2296 1617 videbat.
2359 1548 2559 1627 Quod
2608 1547 2776 1615 dum
2841 1546 3123 1636 saepius

570 1649 902 1715 cerneret,
958 1636 1122 1722 quia
1180 1635 1267 1704 ad
1330 1658 1558 1704 vocem
1609 1634 1884 1703 diaconi
1918 1634 2285 1704 clamantis
2330 1635 2608 1704 exibant
2654 1634 2860 1713 sorem,
2916 1647 3122 1720 atque

572 1724 754 1793 intra
805 1723 1165 1793 ecclesiam
1222 1744 1620 1812 permanere
1662 1743 1799 1791 non
1852 1735 2183 1812 poterant,
2257 1721 2342 1790 ad
2396 1722 2798 1790 memoriam
2849 1722 3123 1791 reduxit

569 1833 747 1897 quae
781 1812 884 1879 vir
924 1812 1037 1880 Dei
1090 1810 1225 1881 illis
1256 1811 1483 1879 adhuc
1535 1809 1920 1878 viventibus
1953 1809 2326 1878 mandavit.
2379 1815 2506 1880 Eas
2535 1810 2795 1900 quippe
2824 1831 2896 1878 se
2930 1831 3124 1879 com-

573 1898 906 1968 munione
955 1900 1223 1987 privare
1270 1898 1554 1976 dixerat,
1611 1896 1748 1967 nisi
1800 1918 2024 1966 mores
2072 1920 2234 1966 suos
2297 1909 2362 1965 et
2420 1898 2623 1964 verba
2672 1897 3119 1987 corrigerent.

570 1991 760 2055 Tunc
810 2008 1003 2056 servo
1055 1986 1166 2055 Dei
1215 2007 1373 2054 cum
1439 1985 1630 2074 gravi
1701 2007 2006 2055 moerore
2066 1985 2450 2054 indicatum
2511 1997 2651 2054 est:
2723 1985 2843 2070 qui
2895 2006 3115 2053 manu

581 2095 708 2145 sua
758 2075 1072 2162 protinus
1103 2073 1517 2143 oblationem
1553 2072 1764 2154 dedit,
1818 2072 2092 2142 dicens:
2138 2078 2318 2156 «Ite,
2370 2085 2434 2141 et
2483 2072 2661 2141 hanc
2695 2072 3120 2142 oblationem

571 2181 697 2250 pro
745 2161 845 2230 eis
898 2162 1128 2230 offerri
1179 2162 1465 2230 Domino
1530 2159 1771 2241 facite,
1837 2172 1901 2228 ct
1948 2160 2242 2231 ulterius
2288 2160 2925 2229 excommunicatae
2974 2182 3115 2228 non

572 2261 798 2317 erunt.
830 2273 864 2315 »
914 2254 1100 2331 Quae
1139 2248 1306 2317 dum
1358 2247 1612 2317 oblatio
1663 2271 1786 2339 pro
1816 2249 1916 2317 eis
1948 2246 2188 2319 suisset
2235 2248 2609 2327 immolata,
2647 2261 2712 2316 et
2757 2270 2797 2316 a
2827 2248 3123 2317 diacono

563 2335 763 2425 juxta
803 2357 1060 2405 morem
1110 2335 1485 2405 clamatum
1535 2348 1658 2416 est,
1721 2348 1798 2404 ut
1854 2357 1989 2404 non
2038 2335 2655 2415 communicante5‚
2695 2335 2783 2403 ab
2830 2335 3124 2404 ecclesia

569 2423 854 2504 exirent,
896 2424 1052 2492 illae
1092 2424 1275 2492 exire
1308 2425 1395 2493 ab
1442 2422 1727 2493 ecclesia
1778 2422 2070 2494 ulterius
2117 2424 2302 2492 visae
2353 2445 2485 2491 non
2528 2433 2713 2492 sunt.
2754 2423 2910 2505 Qua
2936 2445 3017 2492 ex
3047 2445 3123 2491 re

571 2511 1045 2582 indubitanter
1094 2513 1335 2603 patuit,
1380 2512 1546 2598 quia
1593 2512 1761 2580 dum
1799 2512 1977 2580 inter
2021 2533 2137 2580 eos
2183 2512 2305 2598 qui
2352 2513 2841 2581 communione
2870 2513 3122 2600 privati

570 2610 755 2679 sunt,
810 2601 1095 2670 minime
1147 2600 1560 2677 recederent,
1626 2599 2193 2668 communionem
2241 2622 2282 2668 a
2331 2599 2616 2668 Domino
2667 2621 2788 2689 per
2837 2620 3118 2669 servum

569 2687 845 2757 Domini
894 2689 1388 2778 recepissent...
2343 2707 2348 2714 ·

656 2778 694 2861 ξ
747 2782 908 2846 ⁶39.
963 2774 1272 2857 Quadam
1331 2795 1604 2860 quoque
1651 2772 1786 2854 die,
1824 2774 1991 2843 dum
2043 2774 2328 2860 quidam
2378 2776 2529 2866 ejus
2578 2775 2917 2865 puerulus
2967 2797 3121 2846 mo-

569 2863 838 2931 nachus
890 2874 1203 2951 parentes
1251 2884 1412 2930 suos
1444 2862 1649 2942 ultra,
1688 2883 1899 2946 quam
1949 2862 2245 2942 deberet,
2282 2862 2603 2951 diligenS,
2650 2875 2855 2949 atque
2879 2863 2965 2932 ad
3000 2886 3121 2932 eo-

466 2945 471 2950 ’
568 2971 727 3018 rum
761 2949 1235 3019 habitaculum
1285 2949 1594 3025 tendens.
1650 2949 1801 3018 sine
1850 2950 2322 3019 benedictione
2355 2950 2440 3021 de
2472 2952 2885 3020 monasterio
2908 2952 3120 3030 exiis-

569 3047 694 3116 set,
748 3036 987 3104 eodem
1038 3036 1148 3104 die
1198 3058 1376 3114 mox,
1427 3049 1505 3105 ut
1541 3037 1626 3105 ad
1679 3059 1795 3105 eos
1847 3039 2170 3126 pervenit,
2215 3038 2584 3108 defunctus
2644 3050 2768 3108 est.
2808 3044 3121 3125 Cumque

568 3134 749 3193 esset
789 3123 1125 3214 sepultus,
1164 3124 1275 3192 die
1323 3124 1535 3193 altero
1584 3127 1960 3214 projectum
2018 3125 2200 3194 foras
2246 3147 2499 3214 corpus
2546 3127 2696 3213 ejus
2759 3127 3120 3196 inventum

568 3221 711 3279 est:
765 3211 948 3297 quod
1002 3233 1245 3280 rursus
1285 3212 1551 3280 tradere
1590 3213 1984 3302 sepulturae
2010 3225 2449 3283 curaverunt.
2487 3214 2612 3283 Sed
2658 3213 2966 3299 sequenti
3002 3214 3120 3285 die

570 3298 818 3367 iterum
865 3298 1240 3388 projectum
1304 3299 1603 3369 exterius
1650 3314 1856 3387 atque
1905 3302 2371 3382 inhumatum,
2426 3301 2605 3370 sicut
2654 3303 2872 3392 priuS,
2929 3301 3121 3371 inve-

567 3398 842 3455 nerunt.
879 3392 1069 3456 Tunc
1102 3387 1365 3456 concite
1412 3387 1498 3457 ad
1549 3389 1896 3457 Benedicti
1936 3390 2151 3478 patris
2204 3390 2367 3457 vesti
2425 3390 2486 3458 ia
2533 3403 2912 3469 currentes»,
2949 3411 3115 3458 cum

568 3496 693 3572 ma·
738 3496 821 3543 no
870 3476 1037 3544 fletu
1088 3475 1473 3564 petierunt,
1527 3487 1608 3544 ut
1671 3475 1733 3544 ei
1783 3498 1978 3546 suam
2033 3476 2321 3566 gratiam
2409 3478 2622 3568 argiri
2678 3478 3108 3567 dignaretur.

566 3565 699 3642 Qut
751 3585 835 3632 us
882 3564 1149 3632 vir“Dei
1194 3585 1405 3632 manu
1436 3585 1564 3632 sua
1600 3563 1916 3653 protinus
1962 3564 2522 3635 communionem
2578 3565 2917 3634 Dominici
2964 3587 3117 3635 cor-

564 3649 756 3738 poris
811 3650 1018 3732 dedit,
1081 3652 1355 3720 dicens:
1417 3675 1443 3714 «
1485 3654 1604 3731 Ite,
1672 3664 1876 3737 atque
1925 3651 2055 3721 hoc
2115 3652 2544 3722 Dominicum
2594 3676 2850 3743 corpus
2898 3674 3113 3743 super

563 3749 805 3826 pectus
836 3739 987 3826 ejus
1032 3760 1192 3806 cum
1231 3761 1482 3829 magna
1532 3740 1908 3808 reverentia
1944 3740 2198 3828 ponite,
2241 3752 2308 3809 et
2354 3742 2455 3811 sic
2503 3741 2903 3830 sepulturae
2948 3762 3114 3810 eum

562 3824 834 3893 tradite.
865 3853 889 3887 ι
944 3826 1136 3908 Quod
1173 3826 1341 3895 dum
1392 3825 1649 3895 sactum
1687 3827 1947 3906 fuisset,
1987 3841 2387 3917 susceptum
2439 3850 2693 3919 corpus
2738 3830 2892 3916 ejus
2932 3840 3114 3898 terra

563 3912 803 3994 tenuit,
849 3935 974 3983 nec
1024 3913 1203 3982 ultra
1238 3914 1543 4004 projecit.
1598 3914 1970 4003 Perpendis
2019 3921 2230 3994 Petre‚
2270 3916 2457 4006 apud
2482 3922 2719 3987 Jesum
2755 3915 3104 3987 Christum

562 4000 932 4069 Dominum
980 4001 1184 4089 cujus
1234 4002 1458 4070 meriti
1491 4002 1616 4072 iste
1653 4002 1754 4071 vir
1781 4002 2009 4083 fuerit,
2046 4016 2123 4073 ut
2167 4004 2319 4092 ejus
2366 4026 2620 4094 corpus
2668 4005 2876 4074 etiam
2926 4017 3109 4073 terra

562 4088 923 4178 proiecerit
952 4089 1073 4174 qui
1109 4089 1454 4158 Benedicti
1488 4090 1778 4180 gratiam
1815 4112 1952 4159 non
2003 4092 2330 4160 haberet?

649 4179 686 4262 ξ
745 4180 918 4247 8⁰.
973 4177 1263 4258 Quidam
1298 4190 1526 4246 autem
1576 4178 1728 4268 ejus
1780 4178 2162 4248 monachus
2211 4178 2574 4248 mobilitati
2618 4179 2865 4250 mentis
2914 4178 3111 4249 dedi-

563 4275 674 4332 tus
728 4276 894 4344 erat,
938 4276 1005 4332 et
1053 4287 1453 4354 permanere
1503 4266 1572 4333 in
1628 4267 2040 4336 monasterio
2088 4266 2386 4336 nolebat.
2432 4271 2741 4354 Cumque
2795 4289 2952 4335 eum
3008 4268 3111 4336 vir

563 4351 681 4420 Dei
728 4352 1008 4423 assidue
1053 4353 1449 4444 corriperet,
1485 4364 1551 4421 et
1608 4352 1998 4440 frequenter
2044 4354 2467 4436 admoneret,
2505 4355 2653 4444 ipse
2703 4376 2857 4423 vero
2914 4355 3110 4423 nullo
