3327 4999
198 352 431 416 MART.
487 353 571 417 46
898 373 976 419 DE
1026 373 1082 419 s.
1136 372 1486 419 namneum
1535 370 1760 418 COLON.
1809 369 2008 419 EPISC.
2521 355 2649 420 323

197 470 329 517 non
386 450 716 519 sustinuit
763 451 1081 521 virtutem
1133 450 1403 521 virtutis
1451 449 1777 520 fortitudo
1835 450 2105 518 inimici
2152 450 2274 535 qui
2321 450 2406 519 ad
2459 451 2740 521 sinoeuta

197 536 393 617 dicta,
450 549 775 624 tanquam
827 540 914 607 ad
964 539 1243 608 totidem
1293 541 1611 620 verbera,
1667 538 2141 606 vehementius
2188 538 2513 628 ejulabat,
2617 562 2743 609 en-

193 625 507 711 tibusque
558 626 929 696 miserrimi
991 628 1296 697 hominis
1353 640 1683 715 tanquam
1734 627 1881 695 suis
1938 627 2007 694 in
2073 628 2442 717 semetipso
2490 628 2741 698 stride-

192 713 326 793 bat,
362 714 654 783 audiens
703 715 882 796 illas,
933 715 1191 802 quibus
1237 739 1276 785 a
1325 716 1591 787 Christo
1638 716 1860 783 victus
1893 715 2328 795 narrabatur,
2387 715 2733 788 historias.

191 805 421 888 Itaque
467 803 586 887 qui
613 803 763 891 jam
814 814 1018 873 notus
1065 804 1288 873 fuerat
1335 804 1575 874 multis
1624 804 1830 872 homo
1877 803 2215 892 captivuS,
2254 804 2581 873 omnibus
2631 805 2738 874 in-

192 890 430 969 notuit,
486 891 656 959 dum
719 890 1143 961 clamoribus
1208 906 1616 962 cunctorum
1682 890 1953 961 silentia
2011 892 2348 971 turbaret,
2401 904 2606 977 atque
2655 893 2741 962 ad

187 977 612 1047 audiendum
687 981 801 1047 Dei
852 980 1137 1049 verbum
1206 980 1539 1050 intentam
1601 979 1806 1050 totius
1867 979 2169 1069 regionis
2219 980 2745 1049 multitudinem

186 1065 371 1135 solus
423 1067 854 1152 inquietaret.
899 1068 991 1136 Ad
1044 1068 1383 1138 clamores
1428 1070 1578 1158 ejus
1614 1068 1934 1144 maxime,
1990 1068 2093 1135 vir
2138 1066 2256 1136 ille
2314 1068 2732 1149 misericorS,

187 1164 362 1225 totus
402 1154 736 1224 intendit:
781 1170 846 1224 et
893 1178 1282 1225 sermonem
1316 1179 1522 1243 quem
1574 1156 1871 1225 habebat
1918 1157 1985 1223 in
2023 1177 2162 1236 ore,
2218 1158 2545 1245 prosequi
2604 1178 2743 1226 non

188 1242 626 1330 praevalens,
691 1245 1024 1329 quoniam
1096 1245 1577 1335 magnitudine
1642 1243 2149 1332 compassionis
2214 1245 2737 1333 occupabatur,

184 1331 412 1400 orabat
467 1332 669 1399 tacita
716 1347 965 1412 mente,
1004 1343 1081 1402 ut
1127 1333 1197 1401 in
1259 1356 1399 1403 uno
1451 1332 2008 1402 manifestaretur
2054 1332 2336 1401 homine
2385 1334 2602 1403 virtus
2653 1332 2741 1400 li-

181 1416 510 1487 beratoris
557 1419 678 1504 qui
720 1432 933 1488 totum
985 1422 1330 1489 mundum
1380 1421 1716 1490 liberavit.
1771 1426 1951 1488 Haec
2008 1420 2253 1489 tacitus
2302 1442 2549 1501 oranS,
2608 1422 2737 1489 ite-

180 1527 328 1575 rum
354 1520 561 1593 atque
596 1508 841 1575 iterum
871 1507 958 1576 de
991 1509 1333 1578 industria
1371 1511 1717 1600 repetebat
1747 1508 2158 1596 capitulum,
2182 1509 2458 1578 victoris
2491 1508 2743 1578 Christi

184 1594 469 1682 gloriam
506 1607 571 1663 et
617 1596 774 1664 victi
825 1596 1085 1666 diaboli
1116 1598 1417 1667 referens
1468 1599 1781 1666 ruinam:
1825 1596 1914 1665 ita
1966 1609 2042 1664 ut
2093 1608 2317 1665 mente
2366 1598 2742 1668 excessisse

180 1683 558 1763 videretur,
639 1705 853 1752 unam
904 1685 1357 1771 eamdemque
1414 1687 1609 1755 toties
1688 1684 1997 1754 iterando
2057 1685 2507 1767 seutentiam,
2563 1687 2737 1755 flens

182 1772 451 1860 pariter,
504 1784 570 1839 et
616 1772 972 1852 uberibus,
1025 1772 1205 1859 quod
1264 1775 1759 1863 perpulchrum
1808 1786 1931 1853 est,
1975 1773 2303 1859 lacrymis
2354 1794 2738 1864 perornans

181 1859 314 1928 oris
359 1860 850 1945 eloquentiam.
914 1866 1056 1930 Non
1107 1883 1268 1950 ergo
1328 1863 1682 1941 sustinuit,
1758 1874 1835 1930 ut
1873 1862 2036 1950 ,jam
2086 1861 2351 1930 dictum
2419 1873 2560 1942 est,
2616 1863 2735 1930 ille

180 1946 391 2016 hostis
439 1949 806 2034 antiquuS,
863 1948 979 2018 sed
1032 1949 1279 2018 virtute
1326 1951 1513 2019 verbi
1579 1949 2073 2038 omnipotentis
2120 1960 2400 2018 coactus
2448 1951 2731 2040 effugit,

181 2033 610 2121 liberumque
657 2057 861 2122 quern
913 2037 1038 2104 diu
1072 2037 1488 2126 possederat,
1530 2039 1880 2106 hominem
1933 2036 2232 2123 reliquit.
2273 2037 2398 2105 Illo
2432 2058 2736 2124 namque

181 2126 554 2201 exturbat0‚
608 2124 669 2192 is
714 2125 835 2210 qui
884 2125 1155 2194 vinctus
1203 2147 1243 2193 a
1292 2126 1530 2194 multis
1579 2125 1972 2205 tenebatur,
2031 2124 2301 2215 placido
2352 2146 2720 2193 sermone:

179 2212 532 2290 «Obsecro,
588 2212 834 2298 inquit.
889 2213 1126 2281 solvite
1181 2234 1311 2291 me,
1360 2226 1437 2282 ut
1482 2236 1563 2282 ea
1589 2236 1766 2299 quae
1818 2215 2058 2282 beatus
2106 2213 2223 2282 ille
2267 2212 2570 2302 pontifex
2631 2213 2729 2281 lo-

180 2298 434 2384 quitur,
471 2300 728 2388 possim
779 2313 843 2369 et
889 2323 1015 2391 ego
1062 2302 1338 2388 quietus
1387 2302 1695 2371 audire.»
1735 2307 1902 2370 Cum
1953 2301 2122 2369 haec
2172 2302 2397 2391 primo
2447 2301 2724 2382 diceret,

174 2388 543 2541 putabatur
610 2389 839 2457 adhuc
891 2390 959 2457 in
1010 2390 1130 2459 illo
1180 2411 1479 2476 nequam
1543 2390 1760 2458 hostis
1824 2388 2096 2458 fallere:
2152 2389 2269 2458 sed
2325 2389 2739 2476 loquebatur

206 2496 380 2544 nomo
436 2478 907 2558 constantim,
960 2478 1208 2548 iterum
1274 2490 1478 2566 atque
1547 2479 1794 2548 iterum
1863 2499 1934 2548 se
1996 2477 2362 2548 liberatum
2412 2499 2728 2547 asserens

175 2563 351 2632 beati
401 2567 746 2655 pontificis
825 2567 1086 2636 meritis
1132 2579 1197 2636 et
1246 2590 1413 2637 sana
1476 2570 1679 2638 verba
1755 2566 2078 2659 proferre.
2136 2567 2496 2635 Solverunt
2561 2588 2725 2656 ergo

173 2651 366 2721 illum
419 2666 484 2723 et
534 2654 754 2723 stabat
802 2677 970 2724 sana
1004 2669 1284 2737 mente,
1338 2679 1500 2726 cum
1562 2656 2010 2725 audientibus
2072 2655 2340 2742 reliqua
2387 2657 2732 2723 sermonis

173 2740 506 2812 intentius
554 2743 867 2811 audiens,
923 2748 1149 2813 Testes
1210 2756 1414 2831 atque
1476 2746 1835 2815 miratores
1897 2744 2168 2813 virtutis
2233 2765 2398 2832 erga
2446 2744 2729 2812 beatum

172 2829 392 2898 virum
426 2832 602 2899 tanti
650 2831 1038 2910 extiterunt,
1094 2834 1334 2917 quanti
1394 2833 1594 2901 illum
1658 2832 2237 2902 sermocinantem
2288 2831 2408 2900 tali
2455 2831 2529 2899 in
2582 2831 2731 2900 loco

173 2917 737 2999 circumstabant,
773 2919 892 3006 qui
933 2920 1383 3006 etdilifrenter
1413 2921 2020 3010 attenderantejus
2052 2921 2379 2990 intuitum
2425 2930 2736 3010 gestum-

170 3026 301 3090 que
351 3007 845 3095 lacrymosum,
883 3030 1040 3076 cum
1089 2973 1258 3076 nihil
1296 3009 1578 3095 quidem
1630 3010 1834 3079 labiis
1869 3031 1992 3100 pro
2025 3008 2430 3078 liberatione
2477 3007 2733 3098 captivi

169 3094 423 3249 §liceret
470 3106 538 3163 et.
580 3107 806 3164 tamen
859 3095 1333 3172 liberationem
1381 3098 1532 3187 ejus
1583 3099 1825 3167 tacitae
1895 3097 2227 3167 orationis
2277 3096 2524 3167 virtute
2573 3117 2732 3186 per-

194 3196 420 3252 iceret.

251 3275 286 3357 §
338 3277 479 3343 14.
536 3271 733 3340 Aliud
783 3272 915 3341 sub
963 3273 1199 3341 eodem
1253 3284 1558 3362 tempore
1603 3284 1836 3342 actum
1884 3282 1986 3343 est
2045 3274 2382 3341 virtutum
2421 3272 2573 3362 ejus
2623 3272 2733 3339 in-

165 3357 453 3439 dicium,
496 3359 566 3426 in
599 3382 735 3446 quo
769 3360 1074 3449 amplius
1124 3362 1476 3450 splenduit
1523 3362 1893 3431 desursum
1942 3361 2067 3448 qui
2115 3361 2532 3429 humilitatis
2581 3372 2732 3428 stu-

164 3445 275 3514 dio
306 3447 499 3537 apud
551 3469 623 3515 se
673 3450 1113 3537 premebatur
1160 3450 1507 3517 deorsum.
1563 3454 1727 3518 Tres
1775 3471 2076 3536 namque
2108 3471 2188 3518 ex
2235 3450 2334 3518 eis
2382 3450 2503 3535 qui
2547 3448 2727 3516 male

163 3533 535 3615 habebant,
590 3536 676 3605 ob
740 3537 965 3606 meriti
1031 3537 1183 3626 ejus
1261 3538 1732 3606 testimonium
1800 3538 2056 3607 caelica
2104 3537 2275 3606 visio
2344 3536 2593 3606 direxit
2641 3535 2729 3604 ad

161 3621 385 3702 illum,
436 3637 766 3712 tanquam
825 3626 906 3692 ad
962 3624 1205 3694 salutis
1257 3625 1632 3695 medicum.
1689 3626 1961 3696 Primus
2017 3625 2336 3708 illorum,
2382 3624 2721 3707 coenobii,

158 3732 371 3801 supra
392 3714 544 3802 jam
599 3714 953 3781 memorati
1004 3714 1186 3800 quod
1238 3714 1421 3782 idem
1471 3727 1754 3784 sanctus
1801 3725 2297 3794 construxerat,
2338 3714 2565 3782 Abbas
2597 3733 2724 3781 no-

157 3801 343 3870 mine
384 3801 746 3870 volbertus
807 3802 1062 3881 extitit,
1118 3803 1220 3870 vir
1280 3803 1695 3873 venerabilis
1742 3803 1862 3889 qui
1925 3802 2173 3891 capitis
2223 3801 2727 3886 oculorumque

161 3886 338 3958 duro
389 3912 472 3957 ac
516 3889 786 3958 diutino
836 3890 1207 3959 vexabatur
1250 3892 1716 3960 lncommodO.
1775 3890 1950 3959 Huic
1997 3894 2142 3959 una
2190 3889 2498 3958 noctium
2552 3889 2732 3958 divi-

163 3978 355 4047 nitus
402 4000 526 4067 per
557 3978 783 4046 visum
818 3979 1215 4048 intimatum
1265 3991 1389 4061 est,
1427 3994 1505 4048 ut
1549 4002 1629 4049 ex
1662 4002 1841 4065 aqua
1880 4000 2016 4065 qua
2067 3989 2348 4048 sanctus
2400 3978 2515 4047 Dei
2555 3999 2734 4068 pon-

164 4064 322 4134 tifex
374 4078 533 4157 post
582 4066 948 4136 Missarum
979 4067 1508 4135 celebrationem
1547 4090 1797 4136 manus
1820 4067 1903 4134 de
1954 4087 2139 4134 more
2182 4066 2481 4146 lavisset,
2519 4077 2733 4156 caput

162 4152 446 4223 sibimet
477 4154 853 4240 oculosque
894 4154 1372 4245 perfundendo
1405 4156 1678 4234 foveret,
1715 4154 2187 4224 indubitanter
2219 4154 2509 4223 credens
2542 4153 2733 4240 quod

163 4243 492 4330 protinus
543 4243 902 4312 sanitatem
967 4256 1373 4333 recepturus
1421 4244 1612 4312 foret.
1691 4242 1990 4311 Credidit
2043 4242 2193 4320 ille,
2274 4243 2533 4332 quippe
2609 4241 2734 4326 qui

164 4350 332 4416 prae
383 4329 625 4401 multis
674 4331 833 4401 aliis
880 4331 1313 4400 familiariter
1342 4332 1663 4402 conscius
1711 4342 1855 4399 erat
1907 4331 2076 4399 vitae
2127 4330 2319 4400 illius
2377 4328 2734 4398 sanctissi-

164 4437 340 4488 mae.
400 4421 597 4488 Venit
642 4441 847 4509 ergo,
928 4420 1126 4510 prius
1193 4432 1420 4488 tamen
1484 4420 1860 4489 abeodem
1933 4423 2330 4500 accersitus,
2401 4431 2479 4488 ut
2529 4435 2734 4505 saepe
