3327 4999
205 308 310 376 EX
357 307 576 375 SEPT.
634 309 677 374 3
1031 326 1110 374 ns
1158 324 1214 373 s.
1268 324 1553 375 nancto
1598 324 1896 374 smscoro
2514 308 2641 374 639

203 407 604 478 adducebat.
657 413 736 478 Et
779 426 935 478 ecce
979 406 1239 477 festuca
1289 406 1440 497 ejus
1483 407 1685 477 oculo
1732 407 1967 490 infixa,
2005 405 2280 479 luscum
2329 407 2554 479 reddit
2602 408 2727 477 ho-

203 497 483 568 minem:
526 508 731 586 atque
774 519 857 568 ex
901 518 980 567 eo
1027 495 1291 579 dolore,
1343 495 1547 566 etiam
1597 495 1881 567 alterius
1927 498 2106 569 oculi
2159 497 2394 568 lumen
2442 497 2719 568 amittit.

201 587 495 658 Tandem
530 586 614 657 de
662 584 1133 658 misericordia
1166 586 1282 655 Dei
1314 590 1644 677 concepta
1694 585 1972 670 fiducia,
2007 586 2291 659 alterius
2324 587 2540 658 ductu
2572 609 2730 679 per-

200 676 418 747 multa
463 676 605 747 obit
650 687 1042 747 sanctorum
1094 674 1267 756 loca,
1319 696 1560 746 eorum
1611 676 1944 766 suffragia
1988 675 2397 769 implorans.
2436 676 2727 746 Interim

201 766 499 854 quadam
548 778 742 837 nocte
789 764 1005 846 audit,
1058 764 1117 835 si
1163 765 1324 835 velit
1361 764 1545 835 effici
1593 765 1983 848 incolumis,
2036 777 2113 836 ut
2171 765 2256 836 ad
2325 766 2729 836 memoriam

199 856 578 926 beatissimi
631 854 1041 926 confessoris
1110 854 1415 925 Remacli
1464 856 1802 948 properet.
1883 859 2127 926 Laetus
2173 854 2397 947 surgit
2440 875 2480 924 e
2526 854 2724 936 lecto,

197 945 574 1033 multisque
622 944 999 1037 peragratis
1046 943 1239 1025 locis,
1297 943 1573 1014 tandem
1621 945 1907 1016 sabbato
1955 945 2139 1016 venit
2181 966 2263 1015 eo
2308 964 2449 1034 quo
2485 944 2733 1036 jussus

195 1046 361 1106 erat.
416 1039 620 1106 Nocte
656 1034 968 1123 sequenti
1014 1032 1341 1105 fratribus
1372 1034 1796 1125 vespertinos
1828 1034 2126 1125 hymnos
2171 1034 2728 1116 concinentibuS,

198 1124 313 1195 ille
363 1124 785 1196 clamoribus
831 1118 1074 1215 implet
1118 1122 1504 1197 ecclesiam.
1561 1128 1826 1195 Fratres
1857 1124 2226 1196 sentientes
2254 1125 2575 1196 virtutem
2610 1122 2736 1193 ad-

195 1236 347 1286 esse
395 1213 728 1296 divinam,
770 1235 1022 1304 magna
1070 1235 1315 1285 vocum
1348 1212 1781 1285 contentione
1830 1213 2117 1284 laudant
2166 1219 2406 1284 Deum.
2454 1212 2737 1285 Absolu-

196 1303 280 1374 tis
320 1304 667 1396 precibus,
724 1303 1008 1373 veniunt
1053 1302 1140 1372 ad
1189 1302 1542 1373 hominem
1582 1302 1732 1391 jam
1778 1303 1961 1374 clare
1996 1302 2361 1386 videntem,
2397 1302 2730 1374 audiunt-

192 1414 327 1480 que
373 1416 456 1464 ex
501 1416 603 1475 e0,
645 1416 686 1463 a
717 1391 1067 1463 mausoleo
1102 1391 1282 1463 beati
1312 1391 1440 1462 viri
1488 1393 1706 1464 instar
1753 1393 2105 1464 radiorum
2157 1392 2324 1465 solis
2369 1393 2731 1464 lucernam

191 1493 670 1565 coruscantem
706 1537 721 1563 ‚
781 1503 982 1552 omne
1050 1481 1273 1573 ipsius
1343 1492 1552 1573 caput
1623 1482 2056 1556 concussisse
2088 1538 2104 1565 ,
2167 1482 2542 1571 lumenque
2599 1480 2737 1573 ipsi

192 1572 478 1643 redisse.
556 1576 698 1643 Non
759 1570 883 1641 diu
929 1581 1082 1662 post
1130 1592 1237 1642 res
1282 1583 1475 1663 gesta
1517 1571 1820 1643 innotuit
1876 1571 2216 1643 Ludovico
2274 1571 2737 1643 invictissimo

192 1660 498 1752 principi
529 1672 594 1732 et
642 1659 1040 1752 proceribus
1072 1659 1245 1748 ejus.
1307 1660 1824 1750 Perductusque
1871 1662 1957 1733 ad
1990 1684 2153 1732 eum
2185 1682 2456 1745 caecus,
2494 1683 2738 1732 narra-

190 1750 284 1822 vit
314 1751 379 1822 ei
411 1750 651 1821 ordine
682 1771 825 1821 rem
858 1771 1159 1820 omnem.
1226 1754 1605 1842 Imperator
1633 1750 2013 1825 immensas
2042 1756 2176 1822 Deo
2202 1751 2456 1843 gratias
2489 1772 2729 1843 agens,

192 1841 634 1928 multumque
679 1839 1018 1922 exultanS,
1057 1838 1279 1931 ipsius
1313 1840 1740 1932 temporibus
1788 1852 1978 1912 tanta
2025 1840 2175 1911 fieri
2220 1840 2585 1924 miracula,
2624 1839 2738 1910 lu-

192 1930 387 2000 mina
433 1951 632 2001 caeco
679 1928 1011 2000 divinitus
1060 1928 1369 1999 restituta
1415 1928 1858 2003 deosculatus
1903 1941 2029 2004 est.
2096 1932 2257 2001 Jam
2324 1928 2739 2001 adventabat

190 2017 410 2091 festus
476 2018 623 2089 dies
672 2018 969 2110 piissimi
1025 2017 1324 2089 doctoris
1385 2020 1601 2091 nostri
1662 2019 2010 2101 Remacli,
2084 2031 2150 2091 et
2224 2019 2537 2091 Monachi
2596 2018 2734 2089 loci

190 2129 403 2196 quem
453 2113 743 2179 Dervum
792 2108 1128 2179 vocabant
1158 2131 1199 2177 a
1230 2109 1483 2179 nostris
1530 2109 1614 2179 de
1645 2109 1798 2200 ejus
1830 2108 2036 2182 rebus
2069 2109 2281 2202 gestis
2312 2109 2561 2191 edocti,
2597 2118 2736 2178 sta-

194 2209 405 2270 tuunt
440 2210 707 2269 noctem
753 2197 946 2268 illam
986 2196 1243 2288 vigiliis
1288 2198 1624 2270 celebrem
1675 2200 1948 2270 ducere.
2003 2203 2171 2271 Ecce
2218 2211 2446 2271 autem
2485 2218 2738 2290 oppor-

195 2299 358 2359 tune
401 2288 594 2359 adest
637 2287 921 2376 quidam
962 2286 1293 2360 membris
1337 2288 1665 2360 omnibus
1711 2299 2128 2371 contractuS,
2188 2288 2394 2378 cujus
2460 2288 2736 2380 plantae

194 2376 440 2449 femori
485 2377 848 2479 adjunctae
876 2376 1295 2449 visebantur.
1335 2382 1401 2448 Is
1434 2377 1571 2459 ait,
1612 2378 1945 2450 divinitus
1979 2379 2114 2449 sibi
2144 2378 2410 2450 dictum
2437 2432 2452 2460 ‚
2490 2399 2730 2448 mona-

193 2466 362 2540 chos
412 2468 592 2539 beati
638 2465 943 2539 Remacli
1008 2464 1150 2536 illic
1197 2465 1578 2550 adfuturOS,
1631 2480 1698 2539 et
1742 2490 1822 2540 ea
1869 2479 2067 2540 nocte
2114 2467 2389 2570 vigilias
2425 2465 2730 2539 celebra-

195 2569 412 2639 turos,
466 2580 671 2647 seque
717 2557 861 2627 illic
911 2568 1230 2628 sanatum
1279 2555 1389 2625 iri.
1432 2558 1854 2630 Permissum
1903 2568 2006 2630 est
2052 2557 2253 2627 illim
2297 2557 2551 2648 templo
2583 2579 2737 2649 per-

195 2668 501 2718 manere:
555 2669 756 2740 porro
805 2644 1220 2735 simulatque
1265 2666 1506 2717 omnes
1551 2647 1766 2735 quieti
1817 2669 1888 2719 se
1934 2646 2298 2730 dederunt,
2342 2646 2460 2718 ille
2492 2667 2740 2738 repen-

193 2735 358 2807 tinis
407 2736 827 2808 clamoribus
873 2757 1112 2807 eorum
1159 2736 1460 2823 quietem
1509 2736 1945 2810 interturbat.
1986 2742 2297 2828 Surgunt
2322 2757 2399 2807 er
2446 2759 2510 2818 o,
2547 2748 2613 2808 et
2647 2734 2734 2805 ad

192 2825 687 2897 celebrandum
717 2825 1032 2896 divinum
1085 2826 1304 2896 noctis
1336 2825 1641 2898 officium
1676 2838 2068 2920 properant.
2120 2832 2212 2897 Eo
2258 2826 2424 2899 abso
2454 2836 2596 2896 uto
2624 2846 2738 2895 ac·

191 2915 448 2986 cedunt
494 2915 869 2998 hominem,
911 2937 1210 3003 eumque
1258 2914 1524 2988 salvum
1573 2917 2037 3009 conspiciunt.
2073 2915 2424 2987 Laudatur
2453 2915 2768 3007 magnis*

193 3005 480 3077 vocibus
544 3010 760 3083 Deus,
811 3004 996 3092 quod
1071 3005 1278 3075 etiarn
1326 3005 1498 3096 ipsis
1552 3006 1792 3099 procul
1852 3006 2263 3099 degentibus
2315 3004 2538 3077 sancti
2590 3026 2738 3074 me-

194 3094 418 3164 moria
464 3114 600 3163 non
641 3093 837 3163 desit.
891 3093 1145 3164 Deinde
1193 3106 1685 3185 percontantur
1729 3118 1962 3179 exeo,
2006 3118 2144 3184 quo
2204 3108 2403 3186 pacto
2447 3106 2737 3166 curatus

193 3182 307 3252 sit:
370 3182 758 3273 respondet,
811 3182 1063 3253 vidisse
1119 3205 1190 3255 se
1250 3183 1643 3285 pontificem
1677 3241 1692 3267 ‚
1753 3185 1949 3256 vultu
2004 3185 2324 3276 Angelico
2375 3195 2441 3257 et
2506 3184 2738 3276 splen-

194 3269 363 3339 dida
410 3271 674 3362 specie,
730 3271 801 3341 in
864 3271 1195 3363 templum
1245 3273 1745 3363 ingredientem
1777 3330 1792 3356 ,
1846 3274 2119 3376 ipsique
2167 3297 2452 3346 manum
2513 3272 2738 3365 porri-

195 3370 497 3452 gentem:
558 3381 850 3449 moxque
898 3360 1206 3432 membra
1261 3362 1497 3432 omnia
1558 3363 1705 3435 suis
1771 3364 1938 3436 locis
1989 3374 2055 3434 et
2099 3362 2348 3434 officiis
2395 3363 2735 3434 restituta.

282 3451 322 3537 ξ
369 3453 455 3522 4.
531 3453 747 3520 Homo
810 3448 1095 3537 quidam
1168 3451 1528 3543 improbus
1581 3474 1797 3523 ausus
1852 3452 1984 3523 fuit
2044 3452 2227 3522 beati
2284 3452 2415 3522 viri
2476 3463 2730 3522 terram

192 3538 332 3611 sibi
390 3538 770 3610 vendicare.
832 3538 1251 3610 Admonetur
1304 3563 1346 3610 a
1405 3540 1659 3612 nostris
1702 3540 1981 3611 blandis
2028 3540 2278 3621 verbis,
2325 3562 2460 3612 non
2492 3540 2735 3612 decere

190 3628 423 3710 illum,
476 3642 554 3700 ut
601 3650 724 3720 per
754 3627 889 3698 vim
940 3640 1227 3719 usurpet
1273 3651 1380 3702 res
1420 3630 1588 3699 tanti
1628 3630 1866 3721 patris.
1933 3628 2057 3700 Ille
2117 3630 2289 3699 nihil
2341 3641 2731 3712 cunctatus,

189 3740 358 3789 cum
406 3740 574 3789 suae
620 3718 834 3810 partis
879 3716 1356 3790 defensoribus
1403 3719 1588 3789 venit
1624 3718 1711 3789 ad
1754 3718 1982 3790 locum
2018 3717 2243 3788 illum:
2287 3718 2575 3789 adducit
2604 3718 2734 3789 fal-

193 3830 309 3879 sos
359 3818 584 3890 testeS‚
635 3808 756 3896 qui
811 3817 1043 3878 sancte
1076 3808 1315 3900 jurare
1371 3831 1504 3878 non
1555 3808 1896 3890 dubitant,
1940 3829 2093 3879 eam
2143 3819 2394 3879 terram
2441 3809 2592 3899 ejus
2627 3808 2733 3877 di·

193 3896 367 3968 tioni
401 3897 629 3990 potius
657 3913 827 3979 esse,
862 3919 1071 3984 quam
1118 3897 1448 3969 ecclesiae
1486 3909 1782 3970 nostrae.
1837 3898 1959 3968 Ille
2003 3919 2160 3968 vero
2197 3898 2403 3969 etiam
2438 3897 2628 3969 hunc
2664 3900 2737 3967 in

191 3986 484 4058 modum
531 3986 804 4079 sibiipsi
851 3987 1294 4079 imprecatur:
1325 3993 1427 4058 Ita
1466 3988 1638 4058 mihi
1679 3988 1859 4059 adsit
1883 3988 1952 4058 in
1985 3987 2260 4059 afflictis
2307 3987 2515 4058 rebus
2565 3987 2737 4058 meis

191 4077 416 4147 sancti
463 4076 677 4166 hujus
729 4076 1078 4160 meritum,
1122 4089 1188 4147 et
1231 4077 1303 4149 in
1353 4078 1576 4171 capite
1626 4089 1695 4148 et
1754 4078 1972 4149 barba
2024 4098 2178 4147 mea
2210 4077 2335 4180 pili
2381 4088 2730 4158 maneant,

189 4165 781 4252 quemadmodum
830 4190 868 4238 e
1004 4179 1183 4238 recte
1230 4189 1543 4240 assevero
1575 4179 1828 4238 terram
1864 4166 2043 4238 hanc
2079 4189 2187 4237 me
2205 4189 2368 4259 Jure
2398 4166 2730 4239 obtinere.

194 4254 450 4324 Eadem
499 4269 699 4329 nocte
730 4279 885 4328 acer
935 4279 976 4328 a
1024 4258 1364 4349 premitur
1408 4257 1721 4349 corporis
1766 4256 2182 4338 valetudine,
2217 4275 2627 4348 unguesque
2673 4266 2739 4324 et

194 4343 323 4433 pili
392 4345 541 4437 ejus
597 4369 640 4417 a
691 4347 914 4439 capite
963 4357 1030 4418 et
1081 4347 1297 4419 barba
1366 4368 1657 4439 prorsus
1730 4345 2144 4418 avelluntur.
2222 4345 2523 4416 Territus
2598 4355 2737 4414 tam

194 4432 351 4501 dira
409 4436 899 4526 omnipotentis
946 4436 1060 4508 Dei
1108 4436 1593 4529 castigatione,
1651 4459 1783 4509 non
1839 4435 2064 4509 solum
2117 4434 2302 4523 quod
2360 4432 2737 4505 abstulerat
