3327 4999
723 315 807 379 60
1564 329 1642 374 nn
1692 328 1746 374 s.
1801 327 2034 376 COLETA
2080 328 2250 375 viae.
2837 308 3076 374 MART.
3126 310 3163 374 6
3259 258 3262 269 ⁴

631 415 857 485 noluit
881 414 1190 493 adorare,
1234 412 1537 482 sentiens
1564 412 1633 481 in
1668 411 1939 503 spiritu,
1981 434 2115 481 non
2152 434 2300 482 esse
2339 412 2431 481 ibi
2467 432 2701 481 verum
2731 411 2983 482 Christi
3016 434 3162 482 san-

629 505 939 595 guinem.
977 508 1181 572 Porro
1212 499 1605 590 complures
1638 514 1782 570 tum
1817 501 2142 592 religiosi,
2176 514 2322 570 tum
2357 502 2698 572 seculares
2729 522 3156 590 summopere

634 592 863 663 conati
901 602 1085 672 sunt,
1128 599 1246 659 aut
1277 589 1517 659 saltem
1566 590 1994 680 expetierunt
2021 612 2168 659 esse
2189 591 2384 680 juxta
2424 590 2524 660 vel
2559 591 2733 659 intra
2766 591 3156 669 oratorium,

632 682 757 752 ubi
808 680 1082 751 Missam
1132 678 1253 747 illa
1301 678 1645 757 audiebat,
1701 691 1777 748 ut
1825 680 2047 769 reipsa
2097 678 2556 769 comperirent
2603 677 2976 748 ferventem
3024 679 3160 768 ejus

629 781 696 839 et
741 769 1181 837 humilimam
1234 767 1702 839 Eucharistiae
1750 768 2244 849 adorationem,
2282 767 2737 854 audirentque
2783 768 3084 868 suspiria
3109 779 3166 835 et

637 858 1015 937 clamores,
1068 878 1243 944 quos
1314 856 1576 927 Christo
1626 856 1770 926 illic
1822 870 2175 947 praesente
2223 857 2487 926 edebat.
2562 855 2685 926 Sed
2739 856 2863 925 illa
2912 856 2980 924 1d
3030 877 3169 945 per·
3259 930 3262 939 Α

634 947 903 1016 mittere
951 945 1493 1032 haudquaquam
1547 945 1781 1027 voluit,
1828 947 1961 1016 nisi
2009 945 2109 1015 vel
2153 946 2530 1015 admodum
2582 945 2889 1035 religiosi
2926 957 3159 1023 essent,
3261 954 3262 1019 ζ

636 1036 739 1105 vel
789 1035 925 1125 ipsi
974 1034 1169 1104 valde
1216 1033 1614 1105 familiares.
1671 1035 1863 1117 Quod
1916 1035 1973 1104 si
2022 1034 2237 1122 aliqui
2286 1034 2463 1104 clam
2499 1034 2884 1103 latitassent
2916 1035 2982 1103 in
3021 1033 3167 1101 locis
3261 1042 3262 1133 ᾗ

630 1123 920 1194 occultis
967 1122 1260 1193 oratorio
1303 1123 1736 1213 propinquiS‚
1804 1146 1941 1193 non
2008 1124 2257 1193 latebat
2305 1124 2626 1214 spiritum
2676 1124 2855 1210 ejuS,
2921 1123 3162 1192 Christo
3259 1142 3262 1233 ᾗ

632 1213 703 1282 id
741 1212 803 1281 oi
839 1212 1199 1281 revelante.
1236 1216 1473 1298 Itaque
1522 1212 1607 1280 de
1655 1211 1910 1282 talibus
1962 1213 2290 1281 moerenti
2340 1213 2573 1282 animo
2622 1212 3160 1299 conquerebatur

635 1302 950 1393 patribus
997 1314 1063 1369 et
1110 1300 1435 1369 fratribus
1484 1300 1653 1382 suis,
1707 1301 1890 1388 quod
1943 1323 2076 1370 non
2121 1302 2627 1391 permitteretur
2674 1324 2800 1391 pro
2863 1301 2973 1370 sui
3021 1320 3162 1368 con-

637 1390 970 1461 solatione
1017 1390 1303 1459 adorare
1352 1389 1719 1458 Dominum
1776 1395 1986 1459 Deum
2037 1412 2268 1470 suum,
2317 1404 2589 1480 propter
2636 1390 2981 1469 homines,
3023 1387 3168 1455 insi-

634 1480 824 1549 diose
873 1478 1094 1569 ipsius
1141 1499 1394 1547 arcana
1440 1479 1734 1547 scrutari
1784 1479 2103 1549 volentes.
2169 1484 2589 1569 Interrogata
2648 1502 2832 1559 vem,
2873 1501 3003 1548 cur
3042 1490 3155 1545 tam

634 1568 772 1638 alta
819 1567 1046 1637 ederet
1094 1566 1390 1656 suspiria
1440 1578 1504 1635 et
1550 1567 1852 1655 ejulatus
1901 1568 2031 1636 sub
2077 1568 2472 1649 elevatione,
2525 1567 2876 1638 blanditer
2908 1585 3165 1657 respon-

636 1656 864 1738 debat,
918 1677 990 1724 se
1041 1654 1448 1745 plerumque
1496 1655 1693 1725 aliter
1739 1655 1960 1726 facere
2009 1679 2145 1726 non
2197 1679 2438 1746 posse,
2495 1656 2767 1726 etiamsi
2820 1670 3003 1727 totus
3061 1651 3165 1723 ad-

632 1757 812 1815 esset
861 1744 1191 1813 mundus.
1263 1743 1606 1814 Sentiebat
1653 1745 1838 1814 enim
1893 1745 2298 1815 immensam
2354 1746 2779 1836 majestatem
2830 1759 2897 1815 et
2946 1757 3163 1834 poten-

637 1834 800 1903 tiam
831 1833 1034 1923 Regis
1063 1854 1328 1921 regum,
1355 1832 1558 1922 eujus
1583 1834 2096 1924 comparatione
2124 1834 2294 1902 nihil
2318 1848 2419 1903 est
2448 1835 2753 1904 mundus
2781 1834 3156 1904 universus.
3261 1900 3262 1907 χ

719 1924 756 2009 ἓ
786 1927 940 1994 4².
987 1927 1133 2005 Qua
1163 1933 1391 1990 autem
1424 1922 1639 1990 animi
1668 1922 2023 1992 devotione
2057 1923 2561 1992 Eucharistiam
2613 1923 3016 2014 sumpserit,
3063 1940 3161 1987 ne·

635 2011 891 2079 minem
939 2010 1233 2079 arbitror
1266 2009 1363 2079 vel
1395 2011 1559 2081 satis
1584 2010 1914 2080 admirari
1947 2034 2167 2102 posse:
2208 2012 2324 2082 sed
2358 2026 2423 2082 et
2456 2012 2580 2091 illi,
2624 2012 2747 2099 qui
2780 2012 3156 2081 ministrare

633 2100 695 2168 ei
746 2099 1076 2179 solebant,
1135 2122 1256 2190 pro
1304 2099 1635 2190 dignitate
1683 2101 1752 2169 id
1800 2101 2141 2191 explicare
2192 2102 2300 2171 vix
2334 2113 2633 2191 possent.
2674 2106 2845 2170 Nam
2907 2093 3155 2170 tametsi

638 2187 859 2257 multa
895 2189 961 2258 ei
1007 2189 1227 2258 inerat
1260 2188 1718 2258 conscientiae
1762 2190 2050 2281 puritas,
2090 2190 2346 2280 gratiae
2393 2190 2831 2260 exhuberans
2876 2188 3084 2277 eopia.
3102 2192 3154 2250 et

634 2276 919 2347 virtutes
1014 2276 1329 2358 lurimae,
1362 2288 1430 2347 at
1480 2277 1697 2348 nihilo
1747 2278 1982 2348 minus
2028 2301 2262 2348 coram
2298 2280 2422 2349 hoc
2474 2278 2915 2348 sanctissimo
2948 2282 3161 2345 Sacra-

638 2378 892 2446 mento,
925 2388 963 2434 a
997 2378 1062 2434 ta
1092 2388 1254 2437 voce
1283 2366 1617 2447 clamans,
1657 2367 1956 2455 seipsam
1994 2390 2207 2458 supra
2231 2391 2439 2455 quam
2481 2367 2618 2437 dici
2659 2381 2870 2454 queat
2912 2362 3162 2455 dejicie-

637 2454 1013 2537 bat,vilem,
1061 2454 1525 2526 immundam,
1578 2454 2158 2538 abominabilem,
2201 2458 2555 2547 indignam
2607 2456 2961 2528 dictitans,
3001 2460 3163 2523 Post-

634 2567 844 2632 quam
893 2556 1124 2614 autern
1174 2543 1678 2613 Eucharistiam
1728 2558 2137 2635 sumpserat,
2177 2568 2330 2614 mox
2384 2546 2777 2635 rapiebatur
2832 2548 2904 2614 in
2937 2551 3153 2614 Deum,

635 2634 1095 2720 manebatque
1133 2634 1419 2702 immota
1451 2644 1515 2701 et
1550 2644 1859 2702 mortuae
1891 2656 2025 2702 non
2061 2634 2401 2704 absimilis
2428 2634 2509 2703 ad
2551 2634 2753 2703 horas
2779 2636 3041 2725 plures,
3076 2627 3162 2697 ni-

634 2722 732 2791 hil
784 2723 1042 2792 interea
1087 2722 1389 2790 sentiens
1436 2721 1884 2793 extrinsecus.
1923 2723 2014 2791 Ad
2049 2745 2120 2793 se
2168 2737 2395 2793 autem
2446 2745 2737 2803 reversa,
2793 2724 2991 2794 vultu
3034 2727 3158 2787 erat

636 2833 920 2901 prorsus
968 2809 1302 2900 angelicO,
1347 2809 1653 2891 amabili,
1700 2812 1998 2892 coelesti,
2053 2833 2403 2882 sermones
2452 2833 2607 2881 vero
2662 2823 2863 2882 erant
2911 2827 3156 2882 suaves,

637 2898 987 2987 profundi,
1038 2898 1386 2979 eoelesteS,
1428 2898 2004 2988 perfectissimum
2058 2901 2172 2968 Dei
2222 2900 2788 2970 commendantes
2839 2914 3147 2970 amorem·

634 2992 856 3088 Por-ro.
888 2987 1155 3073 quoties
1203 2986 1444 3068 ardua,
1498 2987 1813 3057 difficilia
1859 3002 1923 3058 et
1970 2989 2266 3059 obscura
2314 2990 2578 3081 negotia
2612 2990 2724 3079 (id
2757 2989 2948 3076 quod
2982 2999 3158 3071 saepe

636 3075 945 3164 accidit)
989 3088 1476 3158 occurrerent,
1530 3077 1616 3146 ad
1668 3076 1795 3147 hoc
1860 3077 2378 3148 sanctissimum
2454 3083 2976 3149 Sacramentum
3043 3082 3156 3141 tota

639 3163 1105 3255 confugiebat.

727 3261 764 3334 ἓ
813 3257 969 3325 cm.
1026 3253 1093 3322 Si
1131 3252 1299 3340 quid
1331 3252 1633 3323 arduum
1681 3266 1743 3324 et
1793 3254 2064 3345 insigne
2099 3255 2429 3327 Dominus
2478 3277 2601 3346 per
2639 3277 2787 3324 eam
2841 3253 3152 3343 conficere

637 3341 856 3422 vellet,
901 3354 966 3411 et
998 3341 1150 3431 ipsa
1189 3364 1352 3431 prae
1382 3341 1602 3412 multa
1640 3343 1857 3412 animi
1893 3343 2281 3413 humilitate
2314 3366 2450 3413 non
2499 3345 2782 3414 auderet
2831 3337 3150 3416 assentiri.
3255 3361 3256 3396 ;

638 3430 888 3500 timens
911 3452 994 3499 ne
1022 3430 1368 3520 praeclare
1397 3445 1753 3522 propterea
1774 3431 1858 3500 de
1889 3454 1963 3500 ea
1996 3433 2310 3502 homines
2342 3434 2691 3514 sentirent,
2721 3442 3156 3524 putarentque

636 3519 708 3587 in
742 3540 822 3588 ea
850 3519 1112 3606 aliquid
1149 3518 1355 3589 latere
1394 3519 1663 3590 virtutis
1696 3534 1761 3591 et
1793 3521 2072 3610 gratiae,
2112 3522 2445 3590 Dominus
2480 3545 2599 3612 per
2649 3523 2776 3591 hoc
2825 3528 3160 3623 praestan·-

638 3607 986 3677 tissimum
1036 3613 1555 3677 Sacramentum
1602 3609 2057 3699 compellebat
2103 3632 2256 3679 eam
2293 3610 2510 3680 facere
2550 3612 2649 3680 vel
2700 3611 3009 3681 invitam.
3049 3606 3158 3672 Ne-

636 3719 769 3784 que
816 3697 1002 3765 enim
1053 3697 1248 3797 prius
1294 3696 1635 3788 deglutire
1686 3699 1905 3788 potuit
1951 3720 2219 3768 sacram
2270 3695 2589 3776 hos'tiam.
2695 3723 2853 3770 uam
2905 3693 3157 3766 divinae
3253 3771 3254 3780 ἵ

636 3784 1076 3875 inspirationi
1113 3787 1399 3876 pareret.
1440 3791 1532 3855 Ea
1563 3808 1672 3856 res
1713 3808 2216 3874 nonnunquam
2264 3809 2342 3857 eo
2391 3788 2619 3879 adegit
2648 3789 2672 3857 i
2704 3788 2866 3869 lam,
2905 3797 2981 3856 ut
3013 3794 3157 3850 cum
3251 3797 3254 3858 l

637 3874 971 3945 assentire
1005 3873 1425 3953 formidaret,
1467 3895 1591 3943 nec
1640 3887 1866 3945 tamen
1915 3898 2180 3945 sacram
2228 3875 2519 3946 hostiam
2553 3878 2893 3967 deglutire
2923 3874 3153 3965 posset,

640 3962 917 4033 consilii
961 3963 1283 4054 capiendi
1329 3966 1541 4033 causa
1580 3986 1787 4034 suum
1821 3965 2034 4034 adiret
2077 3964 2602 4035 confessarium.
2637 3966 2765 4036 Illo
2816 3987 2969 4034 vero
3013 3975 3161 4026 con-

639 4050 928 4132 sulente,
990 4065 1068 4122 ut
1123 4051 1411 4122 Domino
1458 4074 1660 4123 suam
1758 4054 2128 4123 ermitteret
2178 4053 2622 4137 voluntatem,
2675 4066 2741 4125 et
2797 4054 2914 4123 illa
2962 4047 3028 4118 id
3075 4041 3159 4110 sa·

638 4140 880 4222 ciente,
915 4140 1274 4211 confestim
1315 4141 1536 4210 hostia
1577 4163 1649 4212 se
1732 4142 2199 4233 eglutiendam
2244 4143 2576 4233 permisit.
2618 4144 2840 4215 Voluit
2870 4129 3160 4229 quando·

640 4251 775 4387 gne
814 4229 1107 4299 solemni
1151 4230 1456 4317 quodam
1503 4230 1616 4301 die
1654 4244 2165 4302 sacrosanctam
2196 4232 2697 4302 Eucharistiam
2731 4255 2891 4302 cum
2927 4235 3156 4323 magna
3251 4289 3252 4324 ¹

696 4318 1005 4388 evotione
1052 4320 1427 4410 percipere.
1482 4323 1718 4407 Itaque
1765 4318 1937 4388 dixit
1964 4319 2402 4402 confessario,
2440 4332 2519 4391 ut
2550 4343 2673 4412 pro
2709 4323 2860 4412 ipsa
2889 4320 3160 4388 hostiam
3251 4327 3252 4380 l

643 4420 1097 4478 consecraret.
1148 4411 1225 4478 At
1272 4407 1388 4477 ille
1433 4407 1536 4476 vel
1587 4430 1724 4478 non
1775 4407 2189 4500 intelligens,
2243 4408 2343 4480 vel
2397 4431 2533 4479 non
2582 4411 2748 4481 satis
2795 4409 3151 4481 advertens,
3251 4427 3252 4504 χ
