3327 4999
164 324 385 391 MART.
439 325 520 390 ⁴2
1023 341 1103 388 nn
1150 341 1206 389 s.
1260 336 1575 388 caesonio
1624 335 1788 386 mm
2475 319 2602 384 ⁴77

163 425 529 496 hominibus
574 424 964 496 venalitatis
997 425 1433 510 relinquatur
1461 422 1758 492 occasio.
1786 419 2184 490 visitatores
2208 418 2686 502 ecclesiarum,

161 514 368 585 clerici
421 536 694 601 quoque
757 534 997 583 eorum
1046 511 1168 600 qui
1217 532 1378 580 cum
1433 511 1604 601 ipsis
1654 532 1778 600 per
1827 530 1963 578 non
2015 530 2182 577 suae
2228 508 2525 578 civitatis
2575 530 2697 598 pa-

160 604 394 673 roecias
439 602 838 693 fatigantur,
876 600 1157 687 aliquod
1196 599 1456 670 laboris
1485 599 1595 668 sui
1627 597 1931 688 capiant,
1970 609 2032 667 te
2063 596 2495 687 disponente,
2534 596 2699 666 sub-

161 690 413 759 sidium.
463 697 745 760 Justum
797 711 1098 776 namque
1158 701 1284 769 est,
1343 699 1420 757 ut
1476 687 1619 756 illic
1670 698 2188 772 consequantur
2236 683 2689 776 stipendium,

159 799 276 863 quo
322 800 435 868 pro
481 791 791 868 tempore
832 799 1036 848 suum
1066 775 1512 846 commodare
1543 775 1990 864 reperiuntur
2013 773 2501 859 obsequium.»
2531 777 2699 863 Leqe

165 869 338 935 ctiam
379 869 592 958 Epist.
646 871 718 936 L.
775 871 837 947 l,
896 871 977 934 64
1028 876 1092 934 et
1142 870 1225 933 45
1272 870 1341 933 L.
1398 869 1461 932 4.
1517 864 1695 932 Hinc
1744 876 1846 931 est
1892 861 2079 948 quod
2132 861 2504 961 Gregorius
2554 860 2699 949 epi-

164 975 493 1044 scoporum
542 954 889 1024 neminem
939 952 1023 1022 ad
1080 954 1328 1023 Urbem
1361 950 1652 1041 fatigare
1699 950 2074 1030 delectanS,
2114 949 2526 1018 Maximiano
2577 954 2699 1038 Sy-

163 1062 462 1112 racusano
511 1042 839 1132 episcopo
887 1041 1070 1110 vices
1119 1063 1284 1112 suas
1334 1061 1458 1129 per
1492 1039 1799 1109 Siciliam
1835 1051 2044 1108 totam
2087 1038 2458 1117 commisit,
2496 1059 2697 1137 prae-

161 1130 417 1221 cipiens,
461 1142 543 1201 ut
568 1152 808 1200 omnes
834 1129 1143 1220 episcopi
1174 1127 1385 1198 semel
1423 1127 1492 1197 in
1524 1126 2007 1214 quinquennio
2035 1131 2322 1195 Romam
2358 1137 2693 1195 venirent.

163 1220 327 1288 Unde
371 1218 713 1309 cypriano
744 1218 1036 1287 diacono
1066 1218 1402 1296 scribens,
1442 1217 1559 1285 ait:
1598 1215 1835 1285 «Novit
1865 1214 2142 1283 dilectio
2175 1227 2289 1282 tua
2322 1214 2501 1283 hanc
2528 1213 2698 1283 olim

162 1308 704 1378 consuetudinem
754 1306 1082 1386 tenuisse,
1137 1319 1215 1374 ut
1262 1304 1506 1373 fratres
1565 1317 1630 1372 et
1679 1302 2073 1393 coepiscopi
2136 1302 2353 1372 nostri
2404 1308 2694 1372 Romam

162 1395 339 1465 semel
388 1396 457 1464 in
513 1395 813 1465 triennio
872 1394 957 1463 de
1015 1393 1248 1464 Sicilia
1310 1392 1780 1472 convenirent,
1841 1391 1960 1460 sed
2012 1412 2139 1459 nos
2186 1412 2425 1460 eorum
2478 1388 2702 1458 labori

160 1483 594 1565 consulentes,
650 1484 830 1552 scias
869 1482 1334 1559 constituisse,
1375 1492 1452 1550 ut
1491 1503 1689 1550 suam
1724 1479 1836 1548 hic
1863 1479 2074 1548 semel
2111 1479 2181 1546 in
2215 1478 2697 1565 quinquennio

157 1575 591 1661 praesentiam
630 1572 1070 1641 exhiberent»
1110 1582 1239 1640 etc.
1284 1569 1408 1639 Ubi
1453 1568 1864 1649 notandum,
1898 1568 2064 1654 quia
2115 1567 2172 1637 si
2213 1573 2285 1636 Β.
2326 1566 2700 1656 Gregorius

157 1661 330 1730 xenia
369 1662 550 1748 quod
606 1660 790 1730 credi
844 1658 1036 1728 nefas
1083 1671 1206 1739 est,
1244 1657 1624 1738 anhelaret,
1663 1679 1799 1726 non
1835 1656 2321 1746 episcoporum
2366 1655 2702 1724 adventus

157 1770 192 1816 a
234 1750 514 1819 triennio
549 1749 625 1818 in
672 1748 1236 1834 quinquennium
1287 1746 1676 1837 protelaret,
1711 1746 1930 1814 imino
1977 1768 2018 1815 a
2067 1744 2365 1814 triennio
2397 1744 2469 1812 in
2507 1743 2701 1813 bien-

159 1836 332 1906 nium
381 1837 844 1928 proculdubio
893 1835 1269 1904 festinaret.

228 1928 263 2012 ἓ
320 1932 448 1999 12.
506 1925 640 1996 Sed
688 1924 968 2012 quando
1017 1923 1216 1992 xenia
1265 1933 1456 2013 grate
1504 1920 1888 2010 susciperet
1914 1919 2036 2008 qui
2067 1920 2387 2007 quamvis
2417 1919 2701 2009 dispen-

159 2014 388 2083 sandas
434 2013 725 2084 alterius
772 2014 1247 2100 eleemosynas
1315 2031 1636 2080 recusare
1702 2009 1992 2087 timeret,
2052 2030 2170 2078 eas
2223 2020 2448 2076 tamen
2504 2020 2572 2076 et
2619 2007 2705 2076 ti-

157 2103 386 2173 mendo
426 2103 879 2192 suscipiebat,
917 2112 982 2170 et
1013 2099 1415 2170 cautissime
1445 2097 1917 2188 dispensabat.
1973 2097 2103 2177 Qui
2143 2096 2313 2165 adeo
2345 2118 2470 2165 sua
2511 2094 2698 2176 dare,

158 2202 216 2257 et
256 2192 472 2261 aliena
523 2212 666 2260 non
716 2190 1028 2279 accipere
1075 2198 1548 2266 consueverat,
1600 2198 1680 2254 ut
1726 2185 1929 2253 etiam
1967 2206 2199 2252 rerum
2235 2181 2703 2269 quarumdam

159 2279 356 2378 pretia
404 2279 688 2370 penitus
736 2278 1083 2347 refutaret.
1160 2276 1351 2347 Unde
1415 2273 1706 2363 Eulogio
1759 2271 2186 2361 patriarchae
2247 2271 2705 2341 Alexandrino

157 2380 318 2436 mter
359 2383 630 2438 caetera
665 2366 989 2437 scribit...
1033 2367 1191 2435 Vide
1224 2369 1292 2434 L.
1334 2373 1394 2444 7,
1427 2369 1548 2453 Ep.
1585 2368 1696 2431 29.
1742 2367 1884 2430 Non
1938 2360 2222 2439 mirum,
2261 2360 2317 2430 si
2369 2358 2707 2429 liberalis·

155 2453 355 2528 simus
403 2455 713 2548 pontifex
762 2455 992 2525 nullas
1039 2453 1578 2524 consuetudines
1639 2473 1677 2520 a
1747 2449 1893 2520 suis
1942 2448 2447 2539 suffraganeis,
2507 2447 2705 2518 nulla

151 2547 332 2615 xenia
360 2547 705 2636 capiebat,
740 2545 1002 2631 quibus
1042 2544 1212 2632 ipse,
1255 2542 1314 2612 si
1361 2564 1500 2628 qua
1553 2540 1940 2609 necessaria
1975 2538 2226 2606 habere
2262 2537 2699 2617 videbantur,

153 2634 300 2704 satis
333 2634 650 2705 hilariter
701 2632 1136 2703 ministrabat
1180 2631 1422 2721 (Epist.
1477 2638 1587 2709 54,
1624 2633 1694 2697 L.
1740 2639 1817 2697 {0
1862 2637 1926 2695 ec
1974 2636 2082 2704 46,
2136 2631 2205 2695 L.
2246 2625 2339 2713 8).
2380 2624 2523 2695 Tali
2584 2647 2707 2714 pa-

154 2733 329 2793 trono
377 2738 547 2794 tunc
601 2720 792 2791 illius
840 2721 1171 2810 temporis
1220 2718 1580 2809 pontifices
1628 2714 1969 2806 ampliati,
2036 2726 2174 2783 tam
2226 2735 2438 2784 novas
2486 2712 2706 2782 eccle-

155 2809 279 2881 sias
332 2834 371 2881 a
430 2809 915 2880 fundamentis
963 2819 1441 2878 construentes
1506 2827 1794 2885 ornare,
1848 2825 2057 2890 quam
2125 2814 2383 2872 veteres
2432 2821 2709 2888 quoque

153 2898 702 2988 splendidissime
759 2919 1083 2968 renovare
1112 2905 1512 2987 coeperunt.
1551 2899 1718 2964 Nam
1769 2892 2141 2992 Gregorius
2194 2889 2368 2958 nihil
2421 2889 2491 2958 in
2554 2889 2707 2958 suis

159 2988 571 3088 coepiscopis
621 2988 870 3078 magiS‚
909 3009 1119 3073 quam
1151 2984 1607 3063 sanctitatem,
1641 3004 1714 3051 sa
1775 2981 2054 3049 ienuam
2098 2992 2162 3048 et
2195 2978 2705 3059 liberalitatem,
2750 3022 2755 3028 -

159 3078 618 3149 curiosissime
657 3075 1110 3162 quaeritabat.
1156 3072 1350 3155 Quod
1403 3084 1480 3141 ut
1528 3070 1708 3160 signi
1770 3068 2043 3138 cantius
2093 3067 2459 3148 elucescat,
2498 3087 2713 3153 quas-

161 3161 300 3233 dam
349 3165 808 3257 epistolarum
859 3164 1012 3254 ejus
1058 3162 1376 3241 adhibeo,
1441 3180 1745 3246 quarum
1806 3155 2200 3225 testimonio
2251 3155 2466 3225 lector
2516 3175 2717 3222 meus

159 3254 613 3338 quorumdam
664 3252 1161 3342 Episcoporum
1232 3250 1396 3318 vitia
1453 3247 1873 3337 reprehensa
1920 3255 2310 3334 cognoscat.
2374 3244 2478 3312 Ait
2523 3242 2716 3310 enim

162 3340 222 3409 in
266 3342 560 3431 epistola
594 3340 988 3410 Secundino
1036 3360 1228 3408 servo
1263 3338 1379 3406 Dei
1420 3336 1599 3405 inter
1645 3347 1945 3404 caetera:
2000 3338 2364 3402 «Fratrem
2399 3341 2717 3400 nostrum

161 3431 613 3500 Marinianum
664 3429 1080 3519 Episcopum
1131 3425 1358 3496 verbis
1420 3424 1682 3511 quibus
1751 3422 1959 3501 valeS,
2028 3421 2270 3501 excita,
2343 3420 2508 3505 quia
2554 3439 2717 3487 eum

162 3518 583 3588 obdormisse
631 3517 969 3607 suspicor.
1015 3520 1183 3585 Nam
1235 3514 1480 3582 venere
1509 3511 1793 3599 quidam
1843 3509 1927 3578 ad
1964 3531 2092 3587 me,
2135 3510 2205 3577 in
2233 3509 2493 3594 quibus
2523 3515 2721 3575 erant

161 3606 428 3693 quidam
482 3627 687 3678 senes
737 3605 1234 3674 mendicantes.
1290 3601 1419 3683 Qui
1480 3621 1519 3670 a
1595 3621 1706 3670 me
1754 3597 2056 3669 discussi
2105 3608 2291 3676 sunt,
2359 3619 2400 3665 a
2460 3596 2719 3682 quibus

161 3695 312 3779 quid
359 3694 799 3786 acceperint:
853 3706 918 3762 et
965 3714 1089 3783 per
1136 3690 1416 3780 singula
1450 3688 1860 3767 retulerunt,
1916 3698 2178 3771 quanta
2225 3684 2326 3754 eis
2374 3698 2440 3753 et
2487 3707 2527 3753 a
2561 3681 2718 3769 qui-

162 3779 283 3852 bus
328 3784 397 3852 in
450 3783 699 3853 itinere
727 3782 889 3850 data
935 3791 1122 3850 sunt.
1163 3784 1348 3862 Quos
1375 3777 1543 3846 dum
1579 3776 1843 3847 solicite
1875 3775 1961 3843 de
1996 3772 2342 3863 praedicto
2373 3773 2581 3841 fratre
2616 3792 2721 3839 re-

167 3871 524 3956 quirerem,
552 3870 716 3959 quid
747 3871 847 3940 eis
874 3868 1197 3948 dedisset,
1226 3866 1736 3956 responderunt
1762 3886 1835 3934 se
1864 3884 2025 3933 eum
2059 3883 2361 3952 rogasse,
2393 3861 2507 3930 sed
2534 3860 2623 3929 ab
2644 3879 2724 3927 eo

171 3960 325 4029 nihil
374 3982 539 4030 acce
593 3960 771 4029 isse:
825 3959 918 4027 ita
955 3970 1031 4027 ut
1069 3978 1295 4043 neque
1326 3976 1574 4044 panem
1620 3952 1835 4021 invia
1879 3952 2294 4039 acceperint,
2321 3949 2503 4037 quod
2559 3948 2727 4016 dare

174 4050 481 4120 omnibus
520 3982 626 4117 illi
676 4045 1005 4117 ecclesiae
1039 4066 1314 4135 semper
1343 4041 1686 4111 familiare
1734 4040 1888 4109 fuit.
1946 4040 2275 4109 Dixerunt
2323 4038 2555 4107 enim:
2598 4042 2728 4105 Re-

176 4138 431 4225 spondit
473 4134 700 4213 nobis,
741 4134 1024 4205 dicens:
1081 4139 1222 4203 Non
1277 4133 1496 4202 habeo
1527 4129 1712 4216 quo'd
1752 4128 1944 4197 vobis
1974 4127 2177 4197 dem:
2234 4139 2300 4197 et
2331 4126 2547 4195 miror
2577 4124 2634 4195 si
2670 4123 2730 4191 is

179 4225 279 4378 gui
310 4240 529 4295 vestes
567 4223 789 4304 habet,
828 4235 1188 4312 argentum
1219 4221 1447 4298 habet,
1483 4217 1767 4306 cellaria
1806 4218 2031 4286 habet:
2070 4216 2255 4304 quod
2300 4214 2731 4306 pauperibus

222 4316 404 4384 abeat
451 4313 643 4392 dare,
683 4334 817 4382 non
869 4311 1094 4380 habet.
1135 4309 1251 4379 Dic
1298 4331 1460 4399 ergo
1492 4307 1618 4388 illi,
1653 4319 1730 4376 ut
1758 4327 1920 4376 curn
1963 4306 2112 4374 loco
2144 4316 2360 4374 mutet
2399 4314 2725 4372 mentem.

182 4401 308 4471 Non
378 4402 520 4472 sibi
589 4401 822 4471 credat
886 4398 1102 4470 solam
1184 4398 1541 4468 lectionem
1624 4408 1691 4465 et
1764 4394 2144 4465 orationem
2219 4392 2582 4468 sufficere,
2655 4397 2734 4458 ut

326 4527 570 4585 surius
596 4555 621 4571 -
664 4522 818 4587 Vitae
841 4522 952 4586 SS.
981 4553 1006 4569 -
1031 4522 1161 4583 Vol.
1201 4521 1305 4581 111.
1904 4511 1949 4563 ’θ
2472 4515 2545 4572 12
