<?xml version="1.0" encoding="UTF-8"?>
<!DOCTYPE html PUBLIC "-//W3C//DTD XHTML 1.0 Transitional//EN"
    "http://www.w3.org/TR/xhtml1/DTD/xhtml1-transitional.dtd">
<html xmlns="http://www.w3.org/1999/xhtml" xml:lang="en" lang="en">
 <head>
  <title>
</title>
<meta http-equiv="Content-Type" content="text/html;charset=utf-8" />
  <meta name='ocr-system' content='tesseract 3.04.00' />
  <meta name='ocr-capabilities' content='ocr_page ocr_carea ocr_par ocr_line ocrx_word'/>
</head>
<body>
  <div class='ocr_page' id='page_1' title='image "./historiaeseuvit04lippgoog_0321.png"; bbox 0 0 3327 4999; ppageno 0'>
   <div class='ocr_carea' id='block_1_1' title="bbox 188 369 2625 443">
    <p class='ocr_par' dir='ltr' id='par_1_1' title="bbox 188 369 2625 443">
     <span class='ocr_line' id='line_1_1' title="bbox 188 369 2625 443; baseline 0.003 -8"><span class='ocrx_word' id='word_1_1' title='bbox 188 369 409 436; x_wconf 78' lang='lat' dir='ltr'>MART.</span> <span class='ocrx_word' id='word_1_2' title='bbox 464 371 547 436; x_wconf 73' lang='grc'>46</span> <span class='ocrx_word' id='word_1_3' title='bbox 945 390 1024 437; x_wconf 75' lang='grc' dir='ltr'>ΒΕ</span> <span class='ocrx_word' id='word_1_4' title='bbox 1072 391 1127 438; x_wconf 87' lang='lat' dir='ltr'>s.</span> <span class='ocrx_word' id='word_1_5' title='bbox 1182 390 1462 439; x_wconf 61' lang='lat' dir='ltr'>Annum</span> <span class='ocrx_word' id='word_1_6' title='bbox 1510 391 1908 441; x_wconf 66' lang='lat' dir='ltr'>conrnssona</span> <span class='ocrx_word' id='word_1_7' title='bbox 2497 376 2625 443; x_wconf 90' lang='lat'>307</span> 
     </span>
    </p>
   </div>
   <div class='ocr_carea' id='block_1_2' title="bbox 136 469 2701 4557">
    <p class='ocr_par' dir='ltr' id='par_1_2' title="bbox 182 469 2701 817">
     <span class='ocr_line' id='line_1_2' title="bbox 185 469 2701 564; baseline 0.002 -26"><span class='ocrx_word' id='word_1_8' title='bbox 185 490 388 541; x_wconf 76' lang='lat' dir='ltr'>cessas</span> <span class='ocrx_word' id='word_1_9' title='bbox 426 469 702 538; x_wconf 80' lang='lat' dir='ltr'><strong>assidue</strong></span> <span class='ocrx_word' id='word_1_10' title='bbox 748 471 847 538; x_wconf 89' lang='lat' dir='ltr'>eis</span> <span class='ocrx_word' id='word_1_11' title='bbox 893 471 1212 542; x_wconf 84' lang='lat' dir='ltr'>exhibere</span> <span class='ocrx_word' id='word_1_12' title='bbox 1261 472 1748 542; x_wconf 56' lang='lat' dir='ltr'>molestiami»</span> <span class='ocrx_word' id='word_1_13' title='bbox 1798 471 1921 541; x_wconf 91' lang='lat' dir='ltr'>Ille</span> <span class='ocrx_word' id='word_1_14' title='bbox 1968 483 2200 541; x_wconf 89' lang='lat' dir='ltr'>autem</span> <span class='ocrx_word' id='word_1_15' title='bbox 2252 475 2701 564; x_wconf 87' lang='lat' dir='ltr'>respondens,</span> 
     </span>
     <span class='ocr_line' id='line_1_3' title="bbox 183 557 2697 644; baseline 0.004 -20"><span class='ocrx_word' id='word_1_16' title='bbox 183 557 275 625; x_wconf 84' lang='lat' dir='ltr'>vel</span> <span class='ocrx_word' id='word_1_17' title='bbox 321 559 568 627; x_wconf 90' lang='lat' dir='ltr'>invitus</span> <span class='ocrx_word' id='word_1_18' title='bbox 634 581 830 628; x_wconf 88' lang='lat' dir='ltr'>suam</span> <span class='ocrx_word' id='word_1_19' title='bbox 888 560 1253 630; x_wconf 88' lang='lat' dir='ltr'>confitetur</span> <span class='ocrx_word' id='word_1_20' title='bbox 1310 561 1669 642; x_wconf 89' lang='lat' dir='ltr'>malitiam,</span> <span class='ocrx_word' id='word_1_21' title='bbox 1723 573 1788 630; x_wconf 91' lang='lat' dir='ltr'>et</span> <span class='ocrx_word' id='word_1_22' title='bbox 1835 561 2037 631; x_wconf 88' lang='lat' dir='ltr'>dicit:</span> <span class='ocrx_word' id='word_1_23' title='bbox 2111 585 2145 627; x_wconf 88' lang='lat'>«</span> <span class='ocrx_word' id='word_1_24' title='bbox 2191 564 2532 644; x_wconf 82' lang='lat' dir='ltr'><strong>Quoniam</strong></span> <span class='ocrx_word' id='word_1_25' title='bbox 2580 586 2697 636; x_wconf 87' lang='lat' dir='ltr'>eos</span> 
     </span>
     <span class='ocr_line' id='line_1_4' title="bbox 182 645 2701 745; baseline 0.004 -32"><span class='ocrx_word' id='word_1_26' title='bbox 182 645 413 745; x_wconf 79' lang='lat' dir='ltr'>bonum</span> <span class='ocrx_word' id='word_1_27' title='bbox 461 669 772 717; x_wconf 83' lang='lat' dir='ltr'>exercere</span> <span class='ocrx_word' id='word_1_28' title='bbox 828 647 1045 730; x_wconf 87' lang='lat' dir='ltr'>video,</span> <span class='ocrx_word' id='word_1_29' title='bbox 1083 671 1207 719; x_wconf 90' lang='lat' dir='ltr'>nec</span> <span class='ocrx_word' id='word_1_30' title='bbox 1268 671 1554 739; x_wconf 90' lang='lat' dir='ltr'>possum</span> <span class='ocrx_word' id='word_1_31' title='bbox 1620 650 1764 740; x_wconf 89' lang='lat' dir='ltr'>pati</span> <span class='ocrx_word' id='word_1_32' title='bbox 1814 649 1882 720; x_wconf 89' lang='lat' dir='ltr'>id</span> <span class='ocrx_word' id='word_1_33' title='bbox 1934 649 2183 720; x_wconf 89' lang='lat' dir='ltr'>videre.</span> <span class='ocrx_word' id='word_1_34' title='bbox 2227 674 2262 717; x_wconf 90' lang='lat'>»</span> <span class='ocrx_word' id='word_1_35' title='bbox 2311 654 2489 721; x_wconf 91' lang='lat' dir='ltr'>Haec</span> <span class='ocrx_word' id='word_1_36' title='bbox 2539 673 2701 721; x_wconf 88' lang='lat' dir='ltr'>cum</span> 
     </span>
     <span class='ocr_line' id='line_1_5' title="bbox 187 733 970 817; baseline 0.006 -16"><span class='ocrx_word' id='word_1_37' title='bbox 187 733 461 817; x_wconf 78' lang='lat' dir='ltr'>dixisset,</span> <span class='ocrx_word' id='word_1_38' title='bbox 502 736 729 806; x_wconf 84' lang='lat' dir='ltr'>statim</span> <span class='ocrx_word' id='word_1_39' title='bbox 779 736 970 806; x_wconf 89' lang='lat' dir='ltr'>abiit.</span> 
     </span>
    </p>

    <p class='ocr_par' dir='ltr' id='par_1_3' title="bbox 160 824 2701 2071">
     <span class='ocr_line' id='line_1_6' title="bbox 261 824 2701 914; baseline 0 -16"><span class='ocrx_word' id='word_1_40' title='bbox 261 827 292 911; x_wconf 71' lang='grc' dir='ltr'>ἓ</span> <span class='ocrx_word' id='word_1_41' title='bbox 343 829 476 898; x_wconf 64' lang='lat'>12.</span> <span class='ocrx_word' id='word_1_42' title='bbox 532 824 845 894; x_wconf 86' lang='lat' dir='ltr'>Nondum</span> <span class='ocrx_word' id='word_1_43' title='bbox 897 837 1124 895; x_wconf 87' lang='lat' dir='ltr'>autem</span> <span class='ocrx_word' id='word_1_44' title='bbox 1175 826 1482 914; x_wconf 90' lang='lat' dir='ltr'>quinque</span> <span class='ocrx_word' id='word_1_45' title='bbox 1511 827 1659 896; x_wconf 91' lang='lat' dir='ltr'>dies</span> <span class='ocrx_word' id='word_1_46' title='bbox 1693 827 2239 908; x_wconf 82' lang='lat' dir='ltr'>intercesserant,</span> <span class='ocrx_word' id='word_1_47' title='bbox 2278 849 2435 899; x_wconf 92' lang='lat' dir='ltr'>cum</span> <span class='ocrx_word' id='word_1_48' title='bbox 2470 828 2701 899; x_wconf 89' lang='lat' dir='ltr'>denuo</span> 
     </span>
     <span class='ocr_line' id='line_1_7' title="bbox 184 913 2696 1011; baseline 0.002 -30"><span class='ocrx_word' id='word_1_49' title='bbox 184 933 320 1011; x_wconf 80' lang='lat' dir='ltr'>eum</span> <span class='ocrx_word' id='word_1_50' title='bbox 363 913 761 1005; x_wconf 79' lang='lat' dir='ltr'>aggreditur</span> <span class='ocrx_word' id='word_1_51' title='bbox 808 913 921 984; x_wconf 94' lang='lat' dir='ltr'>hic</span> <span class='ocrx_word' id='word_1_52' title='bbox 961 934 1205 985; x_wconf 89' lang='lat' dir='ltr'>saevus</span> <span class='ocrx_word' id='word_1_53' title='bbox 1253 916 1469 985; x_wconf 85' lang='lat' dir='ltr'>hostis</span> <span class='ocrx_word' id='word_1_54' title='bbox 1515 939 1679 985; x_wconf 90' lang='lat' dir='ltr'>cum</span> <span class='ocrx_word' id='word_1_55' title='bbox 1735 916 2041 1007; x_wconf 87' lang='lat' dir='ltr'>maligna</span> <span class='ocrx_word' id='word_1_56' title='bbox 2093 938 2270 1003; x_wconf 89' lang='lat' dir='ltr'>quae</span> <span class='ocrx_word' id='word_1_57' title='bbox 2316 929 2462 985; x_wconf 89' lang='lat' dir='ltr'>erat</span> <span class='ocrx_word' id='word_1_58' title='bbox 2506 917 2696 987; x_wconf 87' lang='lat' dir='ltr'>circa</span> 
     </span>
     <span class='ocr_line' id='line_1_8' title="bbox 174 1003 2688 1157; baseline 0 -85"><span class='ocrx_word' id='word_1_59' title='bbox 174 1023 404 1157; x_wconf 50' lang='lat' dir='ltr'>(lipsani,</span> <span class='ocrx_word' id='word_1_60' title='bbox 444 1007 735 1085; x_wconf 73' lang='lat' dir='ltr'>caterva,</span> <span class='ocrx_word' id='word_1_61' title='bbox 780 1016 844 1071; x_wconf 90' lang='lat' dir='ltr'>et</span> <span class='ocrx_word' id='word_1_62' title='bbox 891 1005 1237 1075; x_wconf 90' lang='lat' dir='ltr'>consuetis</span> <span class='ocrx_word' id='word_1_63' title='bbox 1283 1005 1430 1074; x_wconf 89' lang='lat' dir='ltr'>suis</span> <span class='ocrx_word' id='word_1_64' title='bbox 1474 1003 1815 1074; x_wconf 89' lang='lat' dir='ltr'>machinis</span> <span class='ocrx_word' id='word_1_65' title='bbox 1862 1018 1927 1075; x_wconf 87' lang='lat' dir='ltr'>et</span> <span class='ocrx_word' id='word_1_66' title='bbox 1974 1005 2515 1094; x_wconf 76' lang='lat' dir='ltr'>importunitate.</span> <span class='ocrx_word' id='word_1_67' title='bbox 2574 1005 2688 1074; x_wconf 90' lang='lat' dir='ltr'>Vi-</span> 
     </span>
     <span class='ocr_line' id='line_1_9' title="bbox 215 1090 2691 1183; baseline 0.002 -25"><span class='ocrx_word' id='word_1_68' title='bbox 215 1090 488 1162; x_wconf 77' lang='lat' dir='ltr'>cbantur</span> <span class='ocrx_word' id='word_1_69' title='bbox 526 1104 753 1162; x_wconf 88' lang='lat' dir='ltr'>autem</span> <span class='ocrx_word' id='word_1_70' title='bbox 786 1090 1071 1163; x_wconf 85' lang='lat' dir='ltr'>funibus</span> <span class='ocrx_word' id='word_1_71' title='bbox 1110 1093 1606 1164; x_wconf 85' lang='lat' dir='ltr'>domunculam</span> <span class='ocrx_word' id='word_1_72' title='bbox 1638 1094 1832 1162; x_wconf 91' lang='lat' dir='ltr'>omni</span> <span class='ocrx_word' id='word_1_73' title='bbox 1877 1116 1956 1163; x_wconf 83' lang='lat' dir='ltr'>ex</span> <span class='ocrx_word' id='word_1_74' title='bbox 2005 1106 2195 1183; x_wconf 86' lang='lat' dir='ltr'>parte</span> <span class='ocrx_word' id='word_1_75' title='bbox 2227 1095 2691 1183; x_wconf 87' lang='lat' dir='ltr'>comprehen-</span> 
     </span>
     <span class='ocr_line' id='line_1_10' title="bbox 171 1177 2697 1263; baseline 0.002 -17"><span class='ocrx_word' id='word_1_76' title='bbox 171 1177 354 1261; x_wconf 87' lang='lat' dir='ltr'>disse,</span> <span class='ocrx_word' id='word_1_77' title='bbox 408 1192 474 1250; x_wconf 89' lang='lat' dir='ltr'>et</span> <span class='ocrx_word' id='word_1_78' title='bbox 524 1180 677 1249; x_wconf 89' lang='lat' dir='ltr'>totis</span> <span class='ocrx_word' id='word_1_79' title='bbox 727 1181 1049 1250; x_wconf 88' lang='lat' dir='ltr'>manibus</span> <span class='ocrx_word' id='word_1_80' title='bbox 1096 1204 1256 1252; x_wconf 90' lang='lat' dir='ltr'>eum</span> <span class='ocrx_word' id='word_1_81' title='bbox 1288 1182 1575 1263; x_wconf 87' lang='lat' dir='ltr'>trahere,</span> <span class='ocrx_word' id='word_1_82' title='bbox 1626 1194 1693 1251; x_wconf 89' lang='lat' dir='ltr'>et</span> <span class='ocrx_word' id='word_1_83' title='bbox 1739 1204 1811 1251; x_wconf 92' lang='lat' dir='ltr'>se</span> <span class='ocrx_word' id='word_1_84' title='bbox 1859 1182 2153 1263; x_wconf 82' lang='lat' dir='ltr'>invicem</span> <span class='ocrx_word' id='word_1_85' title='bbox 2203 1182 2577 1262; x_wconf 89' lang='lat' dir='ltr'>adhortari,</span> <span class='ocrx_word' id='word_1_86' title='bbox 2621 1194 2697 1252; x_wconf 92' lang='lat' dir='ltr'>ut</span> 
     </span>
     <span class='ocr_line' id='line_1_11' title="bbox 166 1266 2697 1361; baseline 0.002 -26"><span class='ocrx_word' id='word_1_87' title='bbox 166 1266 301 1337; x_wconf 86' lang='lat' dir='ltr'>fieri</span> <span class='ocrx_word' id='word_1_88' title='bbox 330 1269 501 1339; x_wconf 90' lang='lat' dir='ltr'>solet</span> <span class='ocrx_word' id='word_1_89' title='bbox 548 1269 619 1338; x_wconf 91' lang='lat' dir='ltr'>in</span> <span class='ocrx_word' id='word_1_90' title='bbox 670 1269 1149 1340; x_wconf 89' lang='lat' dir='ltr'>multitudine:</span> <span class='ocrx_word' id='word_1_91' title='bbox 1202 1270 1455 1353; x_wconf 88' lang='lat' dir='ltr'>Videte,</span> <span class='ocrx_word' id='word_1_92' title='bbox 1488 1270 1815 1351; x_wconf 81' lang='lat' dir='ltr'>dicenteS,</span> <span class='ocrx_word' id='word_1_93' title='bbox 1855 1284 1932 1341; x_wconf 91' lang='lat' dir='ltr'>ut</span> <span class='ocrx_word' id='word_1_94' title='bbox 1978 1293 2139 1341; x_wconf 90' lang='lat' dir='ltr'>eum</span> <span class='ocrx_word' id='word_1_95' title='bbox 2187 1270 2272 1339; x_wconf 89' lang='lat' dir='ltr'>de</span> <span class='ocrx_word' id='word_1_96' title='bbox 2303 1271 2697 1361; x_wconf 90' lang='lat' dir='ltr'>propinquo</span> 
     </span>
     <span class='ocr_line' id='line_1_12' title="bbox 167 1357 2693 1450; baseline 0.001 -25"><span class='ocrx_word' id='word_1_97' title='bbox 167 1357 603 1449; x_wconf 80' lang='lat' dir='ltr'>projiciamus</span> <span class='ocrx_word' id='word_1_98' title='bbox 643 1358 1064 1449; x_wconf 89' lang='lat' dir='ltr'>praecipitio.</span> <span class='ocrx_word' id='word_1_99' title='bbox 1102 1359 1223 1429; x_wconf 90' lang='lat' dir='ltr'>Ille</span> <span class='ocrx_word' id='word_1_100' title='bbox 1254 1371 1478 1430; x_wconf 89' lang='lat' dir='ltr'>autem</span> <span class='ocrx_word' id='word_1_101' title='bbox 1527 1360 1609 1450; x_wconf 89' lang='grc' dir='ltr'>(Ο</span> <span class='ocrx_word' id='word_1_102' title='bbox 1641 1360 2028 1429; x_wconf 89' lang='lat' dir='ltr'>interritum</span> <span class='ocrx_word' id='word_1_103' title='bbox 2078 1359 2416 1440; x_wconf 88' lang='lat' dir='ltr'>animum,</span> <span class='ocrx_word' id='word_1_104' title='bbox 2472 1364 2521 1429; x_wconf 94' lang='grc' dir='ltr'><strong>Ο</strong></span> <span class='ocrx_word' id='word_1_105' title='bbox 2571 1381 2693 1448; x_wconf 87' lang='lat' dir='ltr'>ge-</span> 
     </span>
     <span class='ocr_line' id='line_1_13' title="bbox 163 1447 2693 1539; baseline 0.001 -25"><span class='ocrx_word' id='word_1_106' title='bbox 163 1466 471 1516; x_wconf 88' lang='lat' dir='ltr'>nerosum</span> <span class='ocrx_word' id='word_1_107' title='bbox 510 1447 863 1538; x_wconf 89' lang='lat' dir='ltr'>spiritum)</span> <span class='ocrx_word' id='word_1_108' title='bbox 912 1470 996 1517; x_wconf 91' lang='lat' dir='ltr'>ne</span> <span class='ocrx_word' id='word_1_109' title='bbox 1041 1448 1140 1518; x_wconf 87' lang='lat' dir='ltr'>sic</span> <span class='ocrx_word' id='word_1_110' title='bbox 1186 1448 1468 1535; x_wconf 89' lang='lat' dir='ltr'>quidem</span> <span class='ocrx_word' id='word_1_111' title='bbox 1520 1449 1872 1539; x_wconf 86' lang='lat' dir='ltr'>pertimuit</span> <span class='ocrx_word' id='word_1_112' title='bbox 1931 1448 2409 1538; x_wconf 88' lang='lat' dir='ltr'>importunum</span> <span class='ocrx_word' id='word_1_113' title='bbox 2452 1448 2693 1516; x_wconf 90' lang='lat' dir='ltr'>inven-</span> 
     </span>
     <span class='ocr_line' id='line_1_14' title="bbox 164 1536 2697 1627; baseline 0 -25"><span class='ocrx_word' id='word_1_114' title='bbox 164 1546 332 1603; x_wconf 88' lang='lat' dir='ltr'>tum:</span> <span class='ocrx_word' id='word_1_115' title='bbox 384 1536 503 1606; x_wconf 88' lang='lat' dir='ltr'>sed</span> <span class='ocrx_word' id='word_1_116' title='bbox 553 1536 844 1617; x_wconf 88' lang='lat' dir='ltr'>dicebat,</span> <span class='ocrx_word' id='word_1_117' title='bbox 884 1536 1495 1607; x_wconf 87' lang='lat' dir='ltr'>Circumdederunt</span> <span class='ocrx_word' id='word_1_118' title='bbox 1524 1559 1652 1620; x_wconf 90' lang='lat' dir='ltr'>me,</span> <span class='ocrx_word' id='word_1_119' title='bbox 1692 1537 1870 1608; x_wconf 88' lang='lat' dir='ltr'>sicut</span> <span class='ocrx_word' id='word_1_120' title='bbox 1895 1558 2057 1627; x_wconf 88' lang='lat' dir='ltr'>apes</span> <span class='ocrx_word' id='word_1_121' title='bbox 2083 1536 2354 1605; x_wconf 85' lang='lat' dir='ltr'>favum:</span> <span class='ocrx_word' id='word_1_122' title='bbox 2404 1547 2469 1605; x_wconf 91' lang='lat' dir='ltr'>et</span> <span class='ocrx_word' id='word_1_123' title='bbox 2499 1558 2697 1606; x_wconf 85' lang='lat' dir='ltr'>exar-</span> 
     </span>
     <span class='ocr_line' id='line_1_15' title="bbox 162 1624 2680 1715; baseline 0.001 -24"><span class='ocrx_word' id='word_1_124' title='bbox 162 1637 386 1694; x_wconf 86' lang='lat' dir='ltr'>serunt</span> <span class='ocrx_word' id='word_1_125' title='bbox 416 1625 598 1695; x_wconf 88' lang='lat' dir='ltr'>sicut</span> <span class='ocrx_word' id='word_1_126' title='bbox 642 1625 664 1692; x_wconf 87' lang='lat' dir='ltr'>i</span> <span class='ocrx_word' id='word_1_127' title='bbox 721 1626 825 1694; x_wconf 89' lang='lat' dir='ltr'>nis</span> <span class='ocrx_word' id='word_1_128' title='bbox 871 1625 941 1693; x_wconf 94' lang='lat' dir='ltr'>in</span> <span class='ocrx_word' id='word_1_129' title='bbox 978 1626 1229 1715; x_wconf 87' lang='lat' dir='ltr'>spinis:</span> <span class='ocrx_word' id='word_1_130' title='bbox 1282 1639 1347 1696; x_wconf 89' lang='lat' dir='ltr'>et</span> <span class='ocrx_word' id='word_1_131' title='bbox 1378 1626 1446 1694; x_wconf 90' lang='lat' dir='ltr'>in</span> <span class='ocrx_word' id='word_1_132' title='bbox 1499 1626 1776 1695; x_wconf 90' lang='lat' dir='ltr'>nomine</span> <span class='ocrx_word' id='word_1_133' title='bbox 1827 1626 2095 1694; x_wconf 89' lang='lat' dir='ltr'>Domini</span> <span class='ocrx_word' id='word_1_134' title='bbox 2129 1624 2318 1695; x_wconf 89' lang='lat' dir='ltr'>ultus</span> <span class='ocrx_word' id='word_1_135' title='bbox 2349 1647 2506 1693; x_wconf 90' lang='lat' dir='ltr'>sum</span> <span class='ocrx_word' id='word_1_136' title='bbox 2540 1647 2680 1694; x_wconf 81' lang='lat' dir='ltr'>eos,</span> 
     </span>
     <span class='ocr_line' id='line_1_16' title="bbox 160 1648 2696 1805; baseline 0 -24"><span class='ocrx_word' id='word_1_137' title='bbox 160 1716 330 1782; x_wconf 89' lang='lat' dir='ltr'>Haec</span> <span class='ocrx_word' id='word_1_138' title='bbox 376 1713 496 1782; x_wconf 89' lang='lat' dir='ltr'>ille</span> <span class='ocrx_word' id='word_1_139' title='bbox 543 1648 824 1800; x_wconf 43' lang='lat' dir='ltr'>quidem</span> <span class='ocrx_word' id='word_1_140' title='bbox 873 1715 1057 1805; x_wconf 89' lang='lat' dir='ltr'>apud</span> <span class='ocrx_word' id='word_1_141' title='bbox 1099 1738 1170 1786; x_wconf 89' lang='lat' dir='ltr'>se</span> <span class='ocrx_word' id='word_1_142' title='bbox 1203 1715 1495 1785; x_wconf 86' lang='lat' dir='ltr'>dicebat.</span> <span class='ocrx_word' id='word_1_143' title='bbox 1551 1713 1660 1783; x_wconf 92' lang='lat' dir='ltr'>Illi</span> <span class='ocrx_word' id='word_1_144' title='bbox 1709 1727 1935 1784; x_wconf 87' lang='lat' dir='ltr'>autem</span> <span class='ocrx_word' id='word_1_145' title='bbox 1986 1736 2147 1783; x_wconf 91' lang='lat' dir='ltr'>cum</span> <span class='ocrx_word' id='word_1_146' title='bbox 2192 1735 2442 1804; x_wconf 89' lang='lat' dir='ltr'>magno</span> <span class='ocrx_word' id='word_1_147' title='bbox 2476 1712 2696 1804; x_wconf 83' lang='lat' dir='ltr'>fugati</span> 
     </span>
     <span class='ocr_line' id='line_1_17' title="bbox 162 1802 2694 1894; baseline 0.001 -27"><span class='ocrx_word' id='word_1_148' title='bbox 162 1817 314 1873; x_wconf 87' lang='lat' dir='ltr'>sunt</span> <span class='ocrx_word' id='word_1_149' title='bbox 360 1803 626 1880; x_wconf 86' lang='lat' dir='ltr'>timore,</span> <span class='ocrx_word' id='word_1_150' title='bbox 666 1816 991 1889; x_wconf 84' lang='lat' dir='ltr'>tanquam</span> <span class='ocrx_word' id='word_1_151' title='bbox 1041 1803 1297 1894; x_wconf 84' lang='lat' dir='ltr'>egregii</span> <span class='ocrx_word' id='word_1_152' title='bbox 1329 1803 1625 1892; x_wconf 88' lang='lat' dir='ltr'>alicujus</span> <span class='ocrx_word' id='word_1_153' title='bbox 1655 1802 2125 1894; x_wconf 77' lang='lat' dir='ltr'>Imperatoris,</span> <span class='ocrx_word' id='word_1_154' title='bbox 2167 1824 2251 1871; x_wconf 91' lang='lat' dir='ltr'>ne</span> <span class='ocrx_word' id='word_1_155' title='bbox 2282 1802 2508 1873; x_wconf 89' lang='lat' dir='ltr'>minas</span> <span class='ocrx_word' id='word_1_156' title='bbox 2538 1803 2694 1889; x_wconf 86' lang='lat' dir='ltr'>qui-</span> 
     </span>
     <span class='ocr_line' id='line_1_18' title="bbox 162 1888 2696 1979; baseline 0.001 -22"><span class='ocrx_word' id='word_1_157' title='bbox 162 1888 309 1958; x_wconf 88' lang='lat' dir='ltr'>dem</span> <span class='ocrx_word' id='word_1_158' title='bbox 367 1890 550 1961; x_wconf 87' lang='lat' dir='ltr'>solas</span> <span class='ocrx_word' id='word_1_159' title='bbox 599 1891 1036 1961; x_wconf 76' lang='lat' dir='ltr'>sustinentes,</span> <span class='ocrx_word' id='word_1_160' title='bbox 1082 1898 1292 1979; x_wconf 83' lang='lat' dir='ltr'>Atque</span> <span class='ocrx_word' id='word_1_161' title='bbox 1339 1892 1437 1961; x_wconf 91' lang='lat' dir='ltr'>sic</span> <span class='ocrx_word' id='word_1_162' title='bbox 1485 1892 1767 1979; x_wconf 88' lang='lat' dir='ltr'>quidem</span> <span class='ocrx_word' id='word_1_163' title='bbox 1820 1902 2298 1963; x_wconf 87' lang='lat' dir='ltr'>sacrosanctus</span> <span class='ocrx_word' id='word_1_164' title='bbox 2332 1890 2696 1963; x_wconf 80' lang='lat' dir='ltr'>Abramius</span> 
     </span>
     <span class='ocr_line' id='line_1_19' title="bbox 161 1978 2570 2071; baseline 0 -25"><span class='ocrx_word' id='word_1_165' title='bbox 161 1978 275 2064; x_wconf 90' lang='lat' dir='ltr'>qui</span> <span class='ocrx_word' id='word_1_166' title='bbox 321 1980 405 2048; x_wconf 88' lang='lat' dir='ltr'>ad</span> <span class='ocrx_word' id='word_1_167' title='bbox 456 1979 789 2070; x_wconf 89' lang='lat' dir='ltr'>spiritalis</span> <span class='ocrx_word' id='word_1_168' title='bbox 840 1981 1315 2071; x_wconf 89' lang='lat' dir='ltr'>philosophiae</span> <span class='ocrx_word' id='word_1_169' title='bbox 1354 1992 1612 2051; x_wconf 89' lang='lat' dir='ltr'>tantam</span> <span class='ocrx_word' id='word_1_170' title='bbox 1662 1980 2062 2049; x_wconf 87' lang='lat' dir='ltr'>ascenderat</span> <span class='ocrx_word' id='word_1_171' title='bbox 2108 1979 2570 2049; x_wconf 80' lang='lat' dir='ltr'>altitudinem.</span> 
     </span>
    </p>

    <p class='ocr_par' dir='ltr' id='par_1_4' title="bbox 143 2067 2700 3738">
     <span class='ocr_line' id='line_1_20' title="bbox 246 2067 2700 2156; baseline -0.002 -16"><span class='ocrx_word' id='word_1_172' title='bbox 246 2071 281 2152; x_wconf 67' lang='grc' dir='ltr'>ξ</span> <span class='ocrx_word' id='word_1_173' title='bbox 336 2072 474 2140; x_wconf 77' lang='grc'>18.</span> <span class='ocrx_word' id='word_1_174' title='bbox 528 2074 733 2138; x_wconf 87' lang='lat' dir='ltr'>Porro</span> <span class='ocrx_word' id='word_1_175' title='bbox 766 2082 994 2139; x_wconf 88' lang='lat' dir='ltr'>autem</span> <span class='ocrx_word' id='word_1_176' title='bbox 1044 2069 1113 2137; x_wconf 90' lang='lat' dir='ltr'>in</span> <span class='ocrx_word' id='word_1_177' title='bbox 1164 2070 1248 2139; x_wconf 90' lang='lat' dir='ltr'>iis</span> <span class='ocrx_word' id='word_1_178' title='bbox 1286 2091 1462 2156; x_wconf 90' lang='lat' dir='ltr'>quae</span> <span class='ocrx_word' id='word_1_179' title='bbox 1508 2068 1594 2137; x_wconf 90' lang='lat' dir='ltr'>de</span> <span class='ocrx_word' id='word_1_180' title='bbox 1641 2067 1759 2138; x_wconf 89' lang='lat' dir='ltr'>illo</span> <span class='ocrx_word' id='word_1_181' title='bbox 1792 2079 2182 2149; x_wconf 89' lang='lat' dir='ltr'>narrantur,</span> <span class='ocrx_word' id='word_1_182' title='bbox 2225 2068 2393 2137; x_wconf 90' lang='lat' dir='ltr'>haec</span> <span class='ocrx_word' id='word_1_183' title='bbox 2423 2088 2700 2155; x_wconf 89' lang='lat' dir='ltr'>quoque</span> 
     </span>
     <span class='ocr_line' id='line_1_21' title="bbox 166 2155 2700 2244; baseline 0 -21"><span class='ocrx_word' id='word_1_184' title='bbox 166 2155 407 2225; x_wconf 89' lang='lat' dir='ltr'>addere</span> <span class='ocrx_word' id='word_1_185' title='bbox 451 2179 494 2226; x_wconf 93' lang='lat' dir='ltr'>o</span> <span class='ocrx_word' id='word_1_186' title='bbox 545 2170 750 2227; x_wconf 89' lang='lat' dir='ltr'>ortet:</span> <span class='ocrx_word' id='word_1_187' title='bbox 803 2180 979 2244; x_wconf 91' lang='lat' dir='ltr'>quae</span> <span class='ocrx_word' id='word_1_188' title='bbox 1007 2158 1191 2244; x_wconf 90' lang='lat' dir='ltr'>quod</span> <span class='ocrx_word' id='word_1_189' title='bbox 1240 2158 1477 2227; x_wconf 85' lang='lat' dir='ltr'>attinet</span> <span class='ocrx_word' id='word_1_190' title='bbox 1505 2157 1591 2226; x_wconf 90' lang='lat' dir='ltr'>ad</span> <span class='ocrx_word' id='word_1_191' title='bbox 1623 2157 2175 2237; x_wconf 85' lang='lat' dir='ltr'>admirationem,</span> <span class='ocrx_word' id='word_1_192' title='bbox 2216 2156 2394 2225; x_wconf 90' lang='lat' dir='ltr'>nulli</span> <span class='ocrx_word' id='word_1_193' title='bbox 2441 2155 2700 2225; x_wconf 89' lang='lat' dir='ltr'>cedunt</span> 
     </span>
     <span class='ocr_line' id='line_1_22' title="bbox 162 2180 2692 2335; baseline 0.001 -25"><span class='ocrx_word' id='word_1_194' title='bbox 162 2264 239 2311; x_wconf 81' lang='lat' dir='ltr'>ex</span> <span class='ocrx_word' id='word_1_195' title='bbox 284 2180 626 2333; x_wconf 49' lang='lat' dir='ltr'>prioribus</span> <span class='ocrx_word' id='word_1_196' title='bbox 672 2247 853 2333; x_wconf 91' lang='lat' dir='ltr'>quod</span> <span class='ocrx_word' id='word_1_197' title='bbox 913 2246 1172 2317; x_wconf 86' lang='lat' dir='ltr'>scilicet</span> <span class='ocrx_word' id='word_1_198' title='bbox 1220 2268 1353 2316; x_wconf 90' lang='lat' dir='ltr'>non</span> <span class='ocrx_word' id='word_1_199' title='bbox 1404 2245 1629 2316; x_wconf 87' lang='lat' dir='ltr'>solum</span> <span class='ocrx_word' id='word_1_200' title='bbox 1690 2244 1944 2315; x_wconf 84' lang='lat' dir='ltr'>laetum</span> <span class='ocrx_word' id='word_1_201' title='bbox 1996 2245 2268 2315; x_wconf 87' lang='lat' dir='ltr'>radium</span> <span class='ocrx_word' id='word_1_202' title='bbox 2318 2266 2590 2335; x_wconf 89' lang='lat' dir='ltr'>semper</span> <span class='ocrx_word' id='word_1_203' title='bbox 2649 2267 2692 2313; x_wconf 92' lang='lat' dir='ltr'>e</span> 
     </span>
     <span class='ocr_line' id='line_1_23' title="bbox 164 2331 2693 2430; baseline 0.002 -32"><span class='ocrx_word' id='word_1_204' title='bbox 164 2331 355 2400; x_wconf 86' lang='lat' dir='ltr'>vultu</span> <span class='ocrx_word' id='word_1_205' title='bbox 391 2335 742 2413; x_wconf 84' lang='lat' dir='ltr'>emitteret,</span> <span class='ocrx_word' id='word_1_206' title='bbox 798 2335 925 2408; x_wconf 88' lang='lat' dir='ltr'>etsi</span> <span class='ocrx_word' id='word_1_207' title='bbox 975 2339 1333 2406; x_wconf 81' lang='lat' dir='ltr'>non‘esset</span> <span class='ocrx_word' id='word_1_208' title='bbox 1381 2335 1658 2404; x_wconf 89' lang='lat' dir='ltr'>robusto</span> <span class='ocrx_word' id='word_1_209' title='bbox 1713 2355 2020 2424; x_wconf 90' lang='lat' dir='ltr'>corpore,</span> <span class='ocrx_word' id='word_1_210' title='bbox 2086 2334 2299 2402; x_wconf 88' lang='lat' dir='ltr'>immo</span> <span class='ocrx_word' id='word_1_211' title='bbox 2346 2356 2386 2401; x_wconf 89' lang='lat' dir='ltr'>a</span> <span class='ocrx_word' id='word_1_212' title='bbox 2437 2355 2693 2430; x_wconf 87' lang='lat' dir='ltr'>magna</span> 
     </span>
     <span class='ocr_line' id='line_1_24' title="bbox 171 2419 2689 2516; baseline 0.002 -30"><span class='ocrx_word' id='word_1_213' title='bbox 171 2419 567 2492; x_wconf 84' lang='lat' dir='ltr'>abstinentia</span> <span class='ocrx_word' id='word_1_214' title='bbox 614 2424 957 2493; x_wconf 88' lang='lat' dir='ltr'>videretur</span> <span class='ocrx_word' id='word_1_215' title='bbox 1002 2436 1479 2516; x_wconf 88' lang='lat' dir='ltr'>consumptus,</span> <span class='ocrx_word' id='word_1_216' title='bbox 1510 2435 1576 2492; x_wconf 88' lang='lat' dir='ltr'>et</span> <span class='ocrx_word' id='word_1_217' title='bbox 1604 2422 2050 2509; x_wconf 87' lang='lat' dir='ltr'>liquefactus:</span> <span class='ocrx_word' id='word_1_218' title='bbox 2104 2422 2222 2491; x_wconf 91' lang='lat' dir='ltr'>sed</span> <span class='ocrx_word' id='word_1_219' title='bbox 2271 2422 2472 2491; x_wconf 90' lang='lat' dir='ltr'>etiam</span> <span class='ocrx_word' id='word_1_220' title='bbox 2502 2421 2689 2510; x_wconf 91' lang='lat' dir='ltr'>quod</span> 
     </span>
     <span class='ocr_line' id='line_1_25' title="bbox 173 2512 2695 2609; baseline 0.002 -33"><span class='ocrx_word' id='word_1_221' title='bbox 173 2520 460 2609; x_wconf 77' lang='lat' dir='ltr'>ternpore</span> <span class='ocrx_word' id='word_1_222' title='bbox 512 2514 796 2583; x_wconf 90' lang='lat' dir='ltr'>ultimae</span> <span class='ocrx_word' id='word_1_223' title='bbox 844 2513 1275 2604; x_wconf 87' lang='lat' dir='ltr'>migrationis</span> <span class='ocrx_word' id='word_1_224' title='bbox 1312 2526 1377 2583; x_wconf 91' lang='lat' dir='ltr'>et</span> <span class='ocrx_word' id='word_1_225' title='bbox 1423 2512 1885 2596; x_wconf 88' lang='lat' dir='ltr'>resolutionis,</span> <span class='ocrx_word' id='word_1_226' title='bbox 1941 2513 1998 2582; x_wconf 87' lang='lat' dir='ltr'>is</span> <span class='ocrx_word' id='word_1_227' title='bbox 2046 2513 2280 2593; x_wconf 91' lang='lat' dir='ltr'>rubor,</span> <span class='ocrx_word' id='word_1_228' title='bbox 2312 2532 2518 2599; x_wconf 90' lang='lat' dir='ltr'>quem</span> <span class='ocrx_word' id='word_1_229' title='bbox 2566 2512 2695 2580; x_wconf 91' lang='lat' dir='ltr'>ha-</span> 
     </span>
     <span class='ocr_line' id='line_1_26' title="bbox 167 2596 2693 2692; baseline 0.003 -27"><span class='ocrx_word' id='word_1_230' title='bbox 167 2596 311 2666; x_wconf 75' lang='lat' dir='ltr'>buit</span> <span class='ocrx_word' id='word_1_231' title='bbox 355 2601 415 2670; x_wconf 84' lang='lat' dir='ltr'>in</span> <span class='ocrx_word' id='word_1_232' title='bbox 443 2602 828 2689; x_wconf 87' lang='lat' dir='ltr'>juventute,</span> <span class='ocrx_word' id='word_1_233' title='bbox 875 2625 1071 2672; x_wconf 89' lang='lat' dir='ltr'>suam</span> <span class='ocrx_word' id='word_1_234' title='bbox 1134 2624 1269 2673; x_wconf 92' lang='lat' dir='ltr'>non</span> <span class='ocrx_word' id='word_1_235' title='bbox 1330 2604 1674 2692; x_wconf 83' lang='lat' dir='ltr'>ignoraret</span> <span class='ocrx_word' id='word_1_236' title='bbox 1724 2615 2065 2682; x_wconf 90' lang='lat' dir='ltr'>naturam,</span> <span class='ocrx_word' id='word_1_237' title='bbox 2103 2622 2263 2670; x_wconf 89' lang='lat' dir='ltr'>cum</span> <span class='ocrx_word' id='word_1_238' title='bbox 2314 2600 2541 2670; x_wconf 91' lang='lat' dir='ltr'>adhuc</span> <span class='ocrx_word' id='word_1_239' title='bbox 2591 2600 2693 2673; x_wconf 87' lang='lat' dir='ltr'>vi-</span> 
     </span>
     <span class='ocr_line' id='line_1_27' title="bbox 167 2688 2697 2782; baseline 0.001 -28"><span class='ocrx_word' id='word_1_240' title='bbox 167 2701 364 2775; x_wconf 79' lang='lat' dir='ltr'>geret,</span> <span class='ocrx_word' id='word_1_241' title='bbox 413 2703 482 2759; x_wconf 92' lang='lat' dir='ltr'>et</span> <span class='ocrx_word' id='word_1_242' title='bbox 530 2690 819 2762; x_wconf 86' lang='lat' dir='ltr'>floridus</span> <span class='ocrx_word' id='word_1_243' title='bbox 866 2690 935 2760; x_wconf 91' lang='lat' dir='ltr'>in</span> <span class='ocrx_word' id='word_1_244' title='bbox 985 2692 1178 2782; x_wconf 85' lang='lat' dir='ltr'>genis</span> <span class='ocrx_word' id='word_1_245' title='bbox 1227 2692 1588 2761; x_wconf 88' lang='lat' dir='ltr'>insideret:</span> <span class='ocrx_word' id='word_1_246' title='bbox 1640 2702 1706 2760; x_wconf 87' lang='lat' dir='ltr'>et</span> <span class='ocrx_word' id='word_1_247' title='bbox 1750 2690 1935 2778; x_wconf 92' lang='lat' dir='ltr'>quod</span> <span class='ocrx_word' id='word_1_248' title='bbox 1982 2700 2085 2759; x_wconf 92' lang='lat' dir='ltr'>est</span> <span class='ocrx_word' id='word_1_249' title='bbox 2129 2689 2240 2758; x_wconf 88' lang='lat' dir='ltr'>his</span> <span class='ocrx_word' id='word_1_250' title='bbox 2288 2688 2488 2780; x_wconf 90' lang='lat' dir='ltr'>longe</span> <span class='ocrx_word' id='word_1_251' title='bbox 2536 2688 2697 2778; x_wconf 91' lang='lat' dir='ltr'>pul-</span> 
     </span>
     <span class='ocr_line' id='line_1_28' title="bbox 164 2774 2694 2871; baseline 0 -28"><span class='ocrx_word' id='word_1_252' title='bbox 164 2774 406 2858; x_wconf 77' lang='lat' dir='ltr'>chriuS,</span> <span class='ocrx_word' id='word_1_253' title='bbox 478 2780 715 2871; x_wconf 90' lang='lat' dir='ltr'>panni,</span> <span class='ocrx_word' id='word_1_254' title='bbox 776 2780 1033 2866; x_wconf 88' lang='lat' dir='ltr'>quibus</span> <span class='ocrx_word' id='word_1_255' title='bbox 1079 2792 1222 2850; x_wconf 89' lang='lat' dir='ltr'>erat</span> <span class='ocrx_word' id='word_1_256' title='bbox 1267 2780 1600 2861; x_wconf 80' lang='lat' dir='ltr'>indutuS,</span> <span class='ocrx_word' id='word_1_257' title='bbox 1658 2792 1794 2849; x_wconf 86' lang='lat' dir='ltr'>toto</span> <span class='ocrx_word' id='word_1_258' title='bbox 1857 2780 1976 2848; x_wconf 89' lang='lat' dir='ltr'>illo</span> <span class='ocrx_word' id='word_1_259' title='bbox 2034 2791 2380 2869; x_wconf 88' lang='lat' dir='ltr'>tempore,</span> <span class='ocrx_word' id='word_1_260' title='bbox 2438 2799 2573 2864; x_wconf 91' lang='lat' dir='ltr'>quo</span> <span class='ocrx_word' id='word_1_261' title='bbox 2623 2797 2694 2845; x_wconf 90' lang='lat' dir='ltr'>se</span> 
     </span>
     <span class='ocr_line' id='line_1_29' title="bbox 158 2867 2697 2958; baseline 0 -25"><span class='ocrx_word' id='word_1_262' title='bbox 158 2869 449 2938; x_wconf 83' lang='lat' dir='ltr'>exercuit</span> <span class='ocrx_word' id='word_1_263' title='bbox 484 2869 586 2958; x_wconf 89' lang='lat' dir='ltr'>(in</span> <span class='ocrx_word' id='word_1_264' title='bbox 635 2868 1111 2938; x_wconf 81' lang='lat' dir='ltr'>exercitatione</span> <span class='ocrx_word' id='word_1_265' title='bbox 1143 2881 1369 2938; x_wconf 88' lang='lat' dir='ltr'>autem</span> <span class='ocrx_word' id='word_1_266' title='bbox 1419 2869 1583 2938; x_wconf 81' lang='lat' dir='ltr'>vixit</span> <span class='ocrx_word' id='word_1_267' title='bbox 1620 2868 1985 2938; x_wconf 82' lang='lat' dir='ltr'>Abramius</span> <span class='ocrx_word' id='word_1_268' title='bbox 2029 2867 2538 2958; x_wconf 88' lang='lat' dir='ltr'>quinquaginta</span> <span class='ocrx_word' id='word_1_269' title='bbox 2567 2888 2697 2934; x_wconf 88' lang='lat' dir='ltr'>an—</span> 
     </span>
     <span class='ocr_line' id='line_1_30' title="bbox 152 2955 2692 3049; baseline 0 -26"><span class='ocrx_word' id='word_1_270' title='bbox 152 2955 303 3043; x_wconf 91' lang='lat' dir='ltr'>nos)</span> <span class='ocrx_word' id='word_1_271' title='bbox 351 2979 490 3026; x_wconf 90' lang='lat' dir='ltr'>non</span> <span class='ocrx_word' id='word_1_272' title='bbox 542 2970 896 3027; x_wconf 88' lang='lat' dir='ltr'>cesserunt</span> <span class='ocrx_word' id='word_1_273' title='bbox 943 2957 1313 3048; x_wconf 84' lang='lat' dir='ltr'>prolixitati</span> <span class='ocrx_word' id='word_1_274' title='bbox 1361 2957 1710 3049; x_wconf 90' lang='lat' dir='ltr'>temporis,</span> <span class='ocrx_word' id='word_1_275' title='bbox 1752 2980 1875 3026; x_wconf 91' lang='lat' dir='ltr'>nec</span> <span class='ocrx_word' id='word_1_276' title='bbox 1908 2956 2341 3037; x_wconf 78' lang='lat' dir='ltr'>effluxerunt,</span> <span class='ocrx_word' id='word_1_277' title='bbox 2378 2955 2496 3024; x_wconf 90' lang='lat' dir='ltr'>sed</span> <span class='ocrx_word' id='word_1_278' title='bbox 2537 2976 2692 3045; x_wconf 91' lang='lat' dir='ltr'>per-</span> 
     </span>
     <span class='ocr_line' id='line_1_31' title="bbox 151 3046 2687 3136; baseline -0.001 -23"><span class='ocrx_word' id='word_1_279' title='bbox 151 3057 350 3133; x_wconf 81' lang='lat' dir='ltr'>petuo</span> <span class='ocrx_word' id='word_1_280' title='bbox 398 3046 637 3115; x_wconf 89' lang='lat' dir='ltr'>floridi</span> <span class='ocrx_word' id='word_1_281' title='bbox 701 3069 780 3116; x_wconf 88' lang='lat' dir='ltr'>ac</span> <span class='ocrx_word' id='word_1_282' title='bbox 846 3060 1150 3116; x_wconf 87' lang='lat' dir='ltr'>recentes</span> <span class='ocrx_word' id='word_1_283' title='bbox 1217 3059 1277 3116; x_wconf 90' lang='lat' dir='ltr'>te</span> <span class='ocrx_word' id='word_1_284' title='bbox 1326 3046 1532 3116; x_wconf 88' lang='lat' dir='ltr'>ebant</span> <span class='ocrx_word' id='word_1_285' title='bbox 1579 3047 1800 3116; x_wconf 87' lang='lat' dir='ltr'>sancti</span> <span class='ocrx_word' id='word_1_286' title='bbox 1866 3067 2143 3136; x_wconf 89' lang='lat' dir='ltr'>corpus.</span> <span class='ocrx_word' id='word_1_287' title='bbox 2205 3050 2399 3115; x_wconf 88' lang='lat' dir='ltr'>Nunc</span> <span class='ocrx_word' id='word_1_288' title='bbox 2459 3056 2687 3113; x_wconf 90' lang='lat' dir='ltr'>autem</span> 
     </span>
     <span class='ocr_line' id='line_1_32' title="bbox 149 3134 2695 3224; baseline -0.001 -22"><span class='ocrx_word' id='word_1_289' title='bbox 149 3143 417 3224; x_wconf 87' lang='lat' dir='ltr'>tempus</span> <span class='ocrx_word' id='word_1_290' title='bbox 467 3146 572 3205; x_wconf 90' lang='lat' dir='ltr'>est</span> <span class='ocrx_word' id='word_1_291' title='bbox 632 3135 1034 3208; x_wconf 88' lang='lat' dir='ltr'>transeundi</span> <span class='ocrx_word' id='word_1_292' title='bbox 1081 3135 1166 3204; x_wconf 89' lang='lat' dir='ltr'>ad</span> <span class='ocrx_word' id='word_1_293' title='bbox 1215 3158 1252 3203; x_wconf 90' lang='lat' dir='ltr'>a</span> <span class='ocrx_word' id='word_1_294' title='bbox 1309 3134 1696 3204; x_wconf 90' lang='lat' dir='ltr'>mirabilem</span> <span class='ocrx_word' id='word_1_295' title='bbox 1744 3135 1933 3204; x_wconf 89' lang='lat' dir='ltr'>illam</span> <span class='ocrx_word' id='word_1_296' title='bbox 1987 3134 2450 3203; x_wconf 89' lang='lat' dir='ltr'>narrationem</span> <span class='ocrx_word' id='word_1_297' title='bbox 2518 3153 2695 3219; x_wconf 90' lang='lat' dir='ltr'>quae</span> 
     </span>
     <span class='ocr_line' id='line_1_33' title="bbox 149 3220 2696 3314; baseline -0.001 -23"><span class='ocrx_word' id='word_1_298' title='bbox 149 3222 292 3312; x_wconf 80' lang='lat' dir='ltr'>ejus</span> <span class='ocrx_word' id='word_1_299' title='bbox 338 3246 419 3293; x_wconf 80' lang='lat' dir='ltr'>ex</span> <span class='ocrx_word' id='word_1_300' title='bbox 470 3229 607 3293; x_wconf 93' lang='lat' dir='ltr'>Deo</span> <span class='ocrx_word' id='word_1_301' title='bbox 652 3223 803 3305; x_wconf 88' lang='lat' dir='ltr'>zeli,</span> <span class='ocrx_word' id='word_1_302' title='bbox 855 3236 920 3293; x_wconf 91' lang='lat' dir='ltr'>et</span> <span class='ocrx_word' id='word_1_303' title='bbox 967 3223 1500 3314; x_wconf 90' lang='lat' dir='ltr'>apostolicorum</span> <span class='ocrx_word' id='word_1_304' title='bbox 1555 3224 1921 3303; x_wconf 91' lang='lat' dir='ltr'>viscerum,</span> <span class='ocrx_word' id='word_1_305' title='bbox 1991 3235 2058 3291; x_wconf 88' lang='lat' dir='ltr'>et</span> <span class='ocrx_word' id='word_1_306' title='bbox 2120 3222 2339 3291; x_wconf 90' lang='lat' dir='ltr'>bonae</span> <span class='ocrx_word' id='word_1_307' title='bbox 2395 3220 2696 3290; x_wconf 82' lang='lat' dir='ltr'>affectio-</span> 
     </span>
     <span class='ocr_line' id='line_1_34' title="bbox 149 3310 2691 3403; baseline -0.001 -24"><span class='ocrx_word' id='word_1_308' title='bbox 149 3312 253 3383; x_wconf 88' lang='lat' dir='ltr'>nis</span> <span class='ocrx_word' id='word_1_309' title='bbox 299 3327 403 3382; x_wconf 88' lang='lat' dir='ltr'>est</span> <span class='ocrx_word' id='word_1_310' title='bbox 442 3312 743 3381; x_wconf 83' lang='lat' dir='ltr'>maxime</span> <span class='ocrx_word' id='word_1_311' title='bbox 805 3312 1098 3403; x_wconf 88' lang='lat' dir='ltr'>insigne.</span> <span class='ocrx_word' id='word_1_312' title='bbox 1159 3312 1234 3381; x_wconf 92' lang='lat' dir='ltr'>Id</span> <span class='ocrx_word' id='word_1_313' title='bbox 1296 3324 1522 3381; x_wconf 89' lang='lat' dir='ltr'>autem</span> <span class='ocrx_word' id='word_1_314' title='bbox 1578 3312 1916 3402; x_wconf 88' lang='lat' dir='ltr'>principio</span> <span class='ocrx_word' id='word_1_315' title='bbox 1964 3310 2245 3397; x_wconf 91' lang='lat' dir='ltr'>quidem</span> <span class='ocrx_word' id='word_1_316' title='bbox 2304 3310 2578 3380; x_wconf 74' lang='lat' dir='ltr'>tristitia</span> <span class='ocrx_word' id='word_1_317' title='bbox 2625 3319 2691 3377; x_wconf 91' lang='lat' dir='ltr'>et</span> 
     </span>
     <span class='ocr_line' id='line_1_35' title="bbox 150 3399 2693 3491; baseline -0 -24"><span class='ocrx_word' id='word_1_318' title='bbox 150 3399 377 3472; x_wconf 87' lang='lat' dir='ltr'>dolore</span> <span class='ocrx_word' id='word_1_319' title='bbox 427 3400 680 3470; x_wconf 87' lang='lat' dir='ltr'>afficiet</span> <span class='ocrx_word' id='word_1_320' title='bbox 726 3401 1110 3472; x_wconf 87' lang='lat' dir='ltr'>auditores:</span> <span class='ocrx_word' id='word_1_321' title='bbox 1164 3414 1506 3491; x_wconf 88' lang='lat' dir='ltr'>postremo</span> <span class='ocrx_word' id='word_1_322' title='bbox 1539 3412 1769 3470; x_wconf 88' lang='lat' dir='ltr'>autem</span> <span class='ocrx_word' id='word_1_323' title='bbox 1819 3399 2037 3469; x_wconf 91' lang='lat' dir='ltr'>multa</span> <span class='ocrx_word' id='word_1_324' title='bbox 2084 3399 2451 3490; x_wconf 91' lang='lat' dir='ltr'>voluptate,</span> <span class='ocrx_word' id='word_1_325' title='bbox 2505 3409 2569 3468; x_wconf 94' lang='lat' dir='ltr'>et</span> <span class='ocrx_word' id='word_1_326' title='bbox 2617 3420 2693 3466; x_wconf 88' lang='lat' dir='ltr'>a-</span> 
     </span>
     <span class='ocr_line' id='line_1_36' title="bbox 147 3488 2694 3581; baseline -0.001 -25"><span class='ocrx_word' id='word_1_327' title='bbox 147 3488 317 3560; x_wconf 90' lang='lat' dir='ltr'>nimi</span> <span class='ocrx_word' id='word_1_328' title='bbox 367 3489 869 3576; x_wconf 87' lang='lat' dir='ltr'>tranquillitate</span> <span class='ocrx_word' id='word_1_329' title='bbox 917 3491 1186 3560; x_wconf 87' lang='lat' dir='ltr'>animas</span> <span class='ocrx_word' id='word_1_330' title='bbox 1225 3489 1568 3581; x_wconf 90' lang='lat' dir='ltr'>implebit:</span> <span class='ocrx_word' id='word_1_331' title='bbox 1623 3502 1689 3558; x_wconf 92' lang='lat' dir='ltr'>et</span> <span class='ocrx_word' id='word_1_332' title='bbox 1784 3488 2178 3560; x_wconf 90' lang='lat' dir='ltr'>ersuadebit</span> <span class='ocrx_word' id='word_1_333' title='bbox 2213 3511 2296 3557; x_wconf 91' lang='lat' dir='ltr'>ne</span> <span class='ocrx_word' id='word_1_334' title='bbox 2326 3488 2694 3577; x_wconf 76' lang='lat' dir='ltr'>desperent</span> 
     </span>
     <span class='ocr_line' id='line_1_37' title="bbox 147 3576 2697 3668; baseline -0 -24"><span class='ocrx_word' id='word_1_335' title='bbox 147 3576 489 3659; x_wconf 78' lang='lat' dir='ltr'>homineS,</span> <span class='ocrx_word' id='word_1_336' title='bbox 546 3579 816 3651; x_wconf 87' lang='lat' dir='ltr'>etiamsi</span> <span class='ocrx_word' id='word_1_337' title='bbox 865 3579 951 3648; x_wconf 90' lang='lat' dir='ltr'>ad</span> <span class='ocrx_word' id='word_1_338' title='bbox 1000 3601 1347 3649; x_wconf 88' lang='lat' dir='ltr'>summam</span> <span class='ocrx_word' id='word_1_339' title='bbox 1397 3577 1676 3648; x_wconf 90' lang='lat' dir='ltr'>deducti</span> <span class='ocrx_word' id='word_1_340' title='bbox 1750 3578 1978 3648; x_wconf 89' lang='lat' dir='ltr'>uerint</span> <span class='ocrx_word' id='word_1_341' title='bbox 2019 3576 2552 3668; x_wconf 87' lang='lat' dir='ltr'>improbitatem.</span> <span class='ocrx_word' id='word_1_342' title='bbox 2595 3580 2697 3644; x_wconf 89' lang='lat' dir='ltr'>Ita</span> 
     </span>
     <span class='ocr_line' id='line_1_38' title="bbox 143 3668 670 3738; baseline -0.004 -4"><span class='ocrx_word' id='word_1_343' title='bbox 143 3678 365 3738; x_wconf 88' lang='lat' dir='ltr'>autem</span> <span class='ocrx_word' id='word_1_344' title='bbox 419 3668 670 3737; x_wconf 87' lang='lat' dir='ltr'>habet:</span> 
     </span>
    </p>

    <p class='ocr_par' dir='ltr' id='par_1_5' title="bbox 136 3753 2696 4557">
     <span class='ocr_line' id='line_1_39' title="bbox 226 3753 2689 3844; baseline -0.003 -15"><span class='ocrx_word' id='word_1_345' title='bbox 226 3759 262 3844; x_wconf 65' lang='grc' dir='ltr'>ξ</span> <span class='ocrx_word' id='word_1_346' title='bbox 327 3762 485 3830; x_wconf 73' lang='lat'>19.</span> <span class='ocrx_word' id='word_1_347' title='bbox 545 3761 848 3825; x_wconf 88' lang='lat' dir='ltr'>Mortuus</span> <span class='ocrx_word' id='word_1_348' title='bbox 894 3768 995 3824; x_wconf 91' lang='lat' dir='ltr'>est</span> <span class='ocrx_word' id='word_1_349' title='bbox 1041 3755 1342 3825; x_wconf 81' lang='lat' dir='ltr'>Abramii</span> <span class='ocrx_word' id='word_1_350' title='bbox 1391 3755 1772 3825; x_wconf 86' lang='lat' dir='ltr'>secundum</span> <span class='ocrx_word' id='word_1_351' title='bbox 1839 3776 2117 3825; x_wconf 89' lang='lat' dir='ltr'>carnem</span> <span class='ocrx_word' id='word_1_352' title='bbox 2185 3753 2430 3822; x_wconf 87' lang='lat' dir='ltr'>frater:</span> <span class='ocrx_word' id='word_1_353' title='bbox 2507 3774 2689 3822; x_wconf 90' lang='lat' dir='ltr'>mor-</span> 
     </span>
     <span class='ocr_line' id='line_1_40' title="bbox 145 3841 2694 3933; baseline -0.001 -21"><span class='ocrx_word' id='word_1_354' title='bbox 145 3854 299 3916; x_wconf 85' lang='lat' dir='ltr'>tuus</span> <span class='ocrx_word' id='word_1_355' title='bbox 348 3857 454 3916; x_wconf 90' lang='lat' dir='ltr'>est</span> <span class='ocrx_word' id='word_1_356' title='bbox 504 3857 758 3926; x_wconf 89' lang='lat' dir='ltr'>autem,</span> <span class='ocrx_word' id='word_1_357' title='bbox 799 3846 1007 3914; x_wconf 90' lang='lat' dir='ltr'>unica</span> <span class='ocrx_word' id='word_1_358' title='bbox 1055 3845 1286 3914; x_wconf 83' lang='lat' dir='ltr'>relicta</span> <span class='ocrx_word' id='word_1_359' title='bbox 1333 3844 1500 3914; x_wconf 78' lang='lat' dir='ltr'>fitia.</span> <span class='ocrx_word' id='word_1_360' title='bbox 1540 3850 1631 3912; x_wconf 90' lang='lat' dir='ltr'>Ea</span> <span class='ocrx_word' id='word_1_361' title='bbox 1678 3866 1835 3913; x_wconf 88' lang='lat' dir='ltr'>vero</span> <span class='ocrx_word' id='word_1_362' title='bbox 1874 3856 2017 3932; x_wconf 85' lang='lat' dir='ltr'>erat</span> <span class='ocrx_word' id='word_1_363' title='bbox 2067 3843 2272 3933; x_wconf 90' lang='lat' dir='ltr'>plane</span> <span class='ocrx_word' id='word_1_364' title='bbox 2319 3841 2572 3923; x_wconf 88' lang='lat' dir='ltr'>infans,</span> <span class='ocrx_word' id='word_1_365' title='bbox 2626 3852 2694 3910; x_wconf 90' lang='lat' dir='ltr'>et</span> 
     </span>
     <span class='ocr_line' id='line_1_41' title="bbox 145 3933 2681 4023; baseline 0 -24"><span class='ocrx_word' id='word_1_366' title='bbox 145 3935 485 4005; x_wconf 88' lang='lat' dir='ltr'>ambobus</span> <span class='ocrx_word' id='word_1_367' title='bbox 543 3934 945 4023; x_wconf 89' lang='lat' dir='ltr'>parentibus</span> <span class='ocrx_word' id='word_1_368' title='bbox 992 3934 1194 4003; x_wconf 90' lang='lat' dir='ltr'>orba:</span> <span class='ocrx_word' id='word_1_369' title='bbox 1260 3947 1474 4003; x_wconf 87' lang='lat' dir='ltr'>mater</span> <span class='ocrx_word' id='word_1_370' title='bbox 1536 3933 1723 4003; x_wconf 88' lang='lat' dir='ltr'>enim</span> <span class='ocrx_word' id='word_1_371' title='bbox 1781 3934 1928 4023; x_wconf 88' lang='lat' dir='ltr'>jam</span> <span class='ocrx_word' id='word_1_372' title='bbox 1978 3944 2135 4001; x_wconf 89' lang='lat' dir='ltr'>ante</span> <span class='ocrx_word' id='word_1_373' title='bbox 2194 3942 2339 4000; x_wconf 87' lang='lat' dir='ltr'>erat</span> <span class='ocrx_word' id='word_1_374' title='bbox 2386 3944 2681 4000; x_wconf 90' lang='lat' dir='ltr'>mortua.</span> 
     </span>
     <span class='ocr_line' id='line_1_42' title="bbox 146 4020 2684 4113; baseline 0 -24"><span class='ocrx_word' id='word_1_375' title='bbox 146 4020 333 4092; x_wconf 88' lang='lat' dir='ltr'>Illam</span> <span class='ocrx_word' id='word_1_376' title='bbox 398 4044 567 4112; x_wconf 84' lang='lat' dir='ltr'>ergo</span> <span class='ocrx_word' id='word_1_377' title='bbox 615 4023 1026 4113; x_wconf 89' lang='lat' dir='ltr'>accipientes</span> <span class='ocrx_word' id='word_1_378' title='bbox 1081 4023 1202 4109; x_wconf 90' lang='lat' dir='ltr'>qui</span> <span class='ocrx_word' id='word_1_379' title='bbox 1250 4023 1335 4092; x_wconf 89' lang='lat' dir='ltr'>ad</span> <span class='ocrx_word' id='word_1_380' title='bbox 1385 4024 1609 4112; x_wconf 88' lang='lat' dir='ltr'>ipsam</span> <span class='ocrx_word' id='word_1_381' title='bbox 1657 4021 2055 4100; x_wconf 89' lang='lat' dir='ltr'>attinebant,</span> <span class='ocrx_word' id='word_1_382' title='bbox 2099 4021 2245 4110; x_wconf 86' lang='lat' dir='ltr'>jam</span> <span class='ocrx_word' id='word_1_383' title='bbox 2310 4021 2684 4111; x_wconf 87' lang='lat' dir='ltr'>septimum</span> 
     </span>
     <span class='ocr_line' id='line_1_43' title="bbox 147 4109 2696 4200; baseline 0 -23"><span class='ocrx_word' id='word_1_384' title='bbox 147 4131 404 4182; x_wconf 88' lang='lat' dir='ltr'>annum</span> <span class='ocrx_word' id='word_1_385' title='bbox 457 4123 773 4200; x_wconf 81' lang='lat' dir='ltr'>agentem</span> <span class='ocrx_word' id='word_1_386' title='bbox 840 4112 1107 4182; x_wconf 90' lang='lat' dir='ltr'>ducunt</span> <span class='ocrx_word' id='word_1_387' title='bbox 1153 4111 1239 4181; x_wconf 90' lang='lat' dir='ltr'>ad</span> <span class='ocrx_word' id='word_1_388' title='bbox 1288 4124 1637 4200; x_wconf 89' lang='lat' dir='ltr'>patruum,</span> <span class='ocrx_word' id='word_1_389' title='bbox 1694 4132 1938 4200; x_wconf 91' lang='lat' dir='ltr'>nempe</span> <span class='ocrx_word' id='word_1_390' title='bbox 1985 4109 2071 4178; x_wconf 91' lang='lat' dir='ltr'>ad</span> <span class='ocrx_word' id='word_1_391' title='bbox 2121 4109 2433 4178; x_wconf 87' lang='lat' dir='ltr'>divinum</span> <span class='ocrx_word' id='word_1_392' title='bbox 2486 4109 2696 4178; x_wconf 83' lang='lat' dir='ltr'>Abra-</span> 
     </span>
     <span class='ocr_line' id='line_1_44' title="bbox 146 4198 2694 4290; baseline -0 -23"><span class='ocrx_word' id='word_1_393' title='bbox 146 4200 383 4270; x_wconf 91' lang='lat' dir='ltr'>mium.</span> <span class='ocrx_word' id='word_1_394' title='bbox 423 4201 559 4284; x_wconf 84' lang='lat' dir='ltr'>Qui</span> <span class='ocrx_word' id='word_1_395' title='bbox 606 4213 669 4269; x_wconf 90' lang='lat' dir='ltr'>et</span> <span class='ocrx_word' id='word_1_396' title='bbox 718 4199 947 4269; x_wconf 87' lang='lat' dir='ltr'>fratris</span> <span class='ocrx_word' id='word_1_397' title='bbox 984 4201 1327 4290; x_wconf 88' lang='lat' dir='ltr'>jacturam</span> <span class='ocrx_word' id='word_1_398' title='bbox 1379 4199 1768 4279; x_wconf 89' lang='lat' dir='ltr'>consolans,</span> <span class='ocrx_word' id='word_1_399' title='bbox 1812 4213 1877 4267; x_wconf 88' lang='lat' dir='ltr'>et</span> <span class='ocrx_word' id='word_1_400' title='bbox 1916 4198 2241 4270; x_wconf 89' lang='lat' dir='ltr'>misertus</span> <span class='ocrx_word' id='word_1_401' title='bbox 2291 4198 2561 4288; x_wconf 88' lang='lat' dir='ltr'>puellae</span> <span class='ocrx_word' id='word_1_402' title='bbox 2600 4209 2694 4267; x_wconf 90' lang='lat' dir='ltr'>te-</span> 
     </span>
     <span class='ocr_line' id='line_1_45' title="bbox 138 4286 2684 4378; baseline -0.001 -22"><span class='ocrx_word' id='word_1_403' title='bbox 138 4310 338 4359; x_wconf 84' lang='lat' dir='ltr'>nerae</span> <span class='ocrx_word' id='word_1_404' title='bbox 373 4289 622 4358; x_wconf 87' lang='lat' dir='ltr'>aetatis</span> <span class='ocrx_word' id='word_1_405' title='bbox 654 4300 718 4358; x_wconf 92' lang='lat' dir='ltr'>et</span> <span class='ocrx_word' id='word_1_406' title='bbox 763 4289 1097 4370; x_wconf 88' lang='lat' dir='ltr'>orbitatis,</span> <span class='ocrx_word' id='word_1_407' title='bbox 1144 4289 1416 4378; x_wconf 90' lang='lat' dir='ltr'>supinis</span> <span class='ocrx_word' id='word_1_408' title='bbox 1448 4311 1598 4357; x_wconf 88' lang='lat' dir='ltr'>eam</span> <span class='ocrx_word' id='word_1_409' title='bbox 1626 4289 1879 4378; x_wconf 88' lang='lat' dir='ltr'>accipit</span> <span class='ocrx_word' id='word_1_410' title='bbox 1907 4287 2268 4357; x_wconf 87' lang='lat' dir='ltr'>manibus:</span> <span class='ocrx_word' id='word_1_411' title='bbox 2307 4298 2372 4356; x_wconf 95' lang='lat' dir='ltr'>et</span> <span class='ocrx_word' id='word_1_412' title='bbox 2396 4287 2456 4356; x_wconf 91' lang='lat' dir='ltr'>ei</span> <span class='ocrx_word' id='word_1_413' title='bbox 2492 4286 2684 4355; x_wconf 88' lang='lat' dir='ltr'>attri-</span> 
     </span>
     <span class='ocr_line' id='line_1_46' title="bbox 136 4375 2689 4465; baseline -0.001 -21"><span class='ocrx_word' id='word_1_414' title='bbox 136 4375 287 4448; x_wconf 91' lang='lat' dir='ltr'>buit</span> <span class='ocrx_word' id='word_1_415' title='bbox 318 4378 826 4446; x_wconf 88' lang='lat' dir='ltr'>domunculam</span> <span class='ocrx_word' id='word_1_416' title='bbox 867 4400 1042 4464; x_wconf 88' lang='lat' dir='ltr'>quae</span> <span class='ocrx_word' id='word_1_417' title='bbox 1089 4389 1232 4446; x_wconf 85' lang='lat' dir='ltr'>erat</span> <span class='ocrx_word' id='word_1_418' title='bbox 1264 4389 1451 4446; x_wconf 80' lang='lat' dir='ltr'>extra</span> <span class='ocrx_word' id='word_1_419' title='bbox 1490 4377 1774 4447; x_wconf 88' lang='lat' dir='ltr'>cellam:</span> <span class='ocrx_word' id='word_1_420' title='bbox 1827 4399 2117 4463; x_wconf 78' lang='lat' dir='ltr'>eamque</span> <span class='ocrx_word' id='word_1_421' title='bbox 2144 4377 2496 4446; x_wconf 82' lang='lat' dir='ltr'>decaetero</span> <span class='ocrx_word' id='word_1_422' title='bbox 2536 4397 2689 4465; x_wconf 89' lang='lat' dir='ltr'>pro-</span> 
     </span>
     <span class='ocr_line' id='line_1_47' title="bbox 137 4465 2688 4557; baseline -0.002 -22"><span class='ocrx_word' id='word_1_423' title='bbox 137 4467 481 4557; x_wconf 88' lang='lat' dir='ltr'>spiciebat</span> <span class='ocrx_word' id='word_1_424' title='bbox 514 4488 591 4535; x_wconf 81' lang='lat' dir='ltr'>ex</span> <span class='ocrx_word' id='word_1_425' title='bbox 640 4465 974 4538; x_wconf 78' lang='lat' dir='ltr'>fenestra:</span> <span class='ocrx_word' id='word_1_426' title='bbox 1026 4479 1091 4536; x_wconf 91' lang='lat' dir='ltr'>et</span> <span class='ocrx_word' id='word_1_427' title='bbox 1137 4488 1289 4536; x_wconf 89' lang='lat' dir='ltr'>eam</span> <span class='ocrx_word' id='word_1_428' title='bbox 1324 4489 1552 4536; x_wconf 87' lang='lat' dir='ltr'>sacras</span> <span class='ocrx_word' id='word_1_429' title='bbox 1587 4466 1873 4536; x_wconf 80' lang='lat' dir='ltr'>docebat</span> <span class='ocrx_word' id='word_1_430' title='bbox 1915 4465 2165 4548; x_wconf 80' lang='lat' dir='ltr'>literaS,</span> <span class='ocrx_word' id='word_1_431' title='bbox 2216 4465 2688 4557; x_wconf 88' lang='lat' dir='ltr'>optimamque</span> 
     </span>
    </p>
   </div>
  </div>
 </body>
</html>
