3327 4999
735 340 821 405 62
1587 355 1666 400 nn
1714 354 1771 401 s.
1824 353 2058 401 (201,er
2104 350 2274 401 vmo.
2844 334 3076 400 MART.
3122 335 3155 399 6

642 443 850 527 Atque
877 435 975 508 sic
1007 433 1204 506 tertio
1228 435 1316 506 ab
1343 434 1461 503 illa
1494 433 1828 505 remissus
1858 433 2074 504 estad
2106 431 2631 515 confessarium,
2675 433 2894 503 donec
2926 433 3162 524 integre

643 526 880 595 omnia
927 524 1321 616 explicaret.
1376 524 1838 606 Quamobrem
1888 522 2118 615 palam
2168 521 2285 591 ille
2317 521 2645 613 deinceps
2684 522 3069 603 testabatur,
3102 542 3160 592 se
3251 614 3252 617 Ἴ

642 636 767 715 per
812 635 965 684 eam
1013 627 1079 683 et
1123 612 1432 704 corporis
1479 623 1546 682 et
1591 612 1866 681 animae
1913 612 2047 681 vita
2081 610 2328 700 potiri:
2374 611 2814 712 multumque
2844 611 2993 699 ejus
3022 633 3160 700 erga

639 702 834 772 1llam
883 722 1078 773 amor
1123 715 1370 772 auctus
1418 713 1556 781 est,
1612 701 1919 787 adeoque
1965 721 2117 770 eam
2169 701 2560 783 verebatur,
2613 714 2692 770 ut
2739 701 2914 770 mhi}
2964 720 3159 799 neque

638 790 991 883 cogitaret,
1044 811 1265 892 neque
1312 789 1589 870 diceret,
1644 811 1869 878 neque
1907 789 2179 871 faceret,
2224 789 2392 877 quin
2424 788 2614 859 illam
2653 811 2929 881 semper
2954 809 3159 857 omma
3251 844 3252 869 ᾖ

636 903 869 951 coram
918 880 1174 949 intueri
1222 878 1663 949 existimaret.

682 971 761 1070 ,ξ
807 974 959 1041 45.
1012 973 1358 1038 Venerunt
1403 967 1820 1055 quandoque
1849 966 1937 1037 ad
1978 966 2273 1037 Coletam
2308 966 2448 1037 duo
2481 990 2644 1059 prae
2696 978 2958 1039 otentes
2988 966 3157 1058 prin-

634 1078 848 1148 cipes,
903 1057 1018 1149 pia
1064 1078 1229 1149 erga
1277 1056 1466 1126 illam
1520 1056 1738 1126 animi
1799 1056 2157 1126 affectione
2219 1054 2434 1125 ducti.
2515 1057 2646 1138 Qui
2697 1080 2784 1127 us
2852 1056 2969 1126 illa
3032 1064 3157 1145 post

633 1147 894 1217 multas
942 1146 1280 1216 salutares
1327 1144 1795 1215 institutiones
1822 1198 1837 1222 ,
1891 1167 1933 1214 a
1979 1144 2405 1215 Confessario
2452 1167 2582 1216 suo
2625 1145 2965 1234 quasdam
3013 1141 3155 1213 scri·

638 1246 880 1326 pturas
927 1234 1413 1305 memorabiles
1459 1234 1725 1304 curavit
1772 1232 2291 1325 praelegendas.
2363 1234 2493 1304 Sed
2540 1234 2713 1305 alter
2767 1257 3006 1305 eorum
3061 1252 3156 1300 eas

639 1345 774 1393 non
823 1324 1208 1406 attendens,
1261 1322 1572 1393 volvebat
1617 1324 1853 1392 animo
1900 1335 2136 1413 turpes
2183 1322 2653 1413 cogitationes,
2694 1323 2873 1393 nihil
2910 1321 3151 1392 interim

638 1412 808 1484 foris
852 1413 1095 1500 quovis
1145 1412 1348 1482 modo
1382 1412 1722 1493 indicanS,
1767 1411 1955 1481 unde
1986 1412 2055 1481 id
2089 1423 2316 1503 posset
2347 1411 2829 1482 animadverti.
2884 1417 3155 1496 Cumque

628 1502 779 1593 jam
827 1501 1033 1571 etiam
1085 1501 1171 1571 iis
1220 1500 1804 1592 perniciosissime
1850 1500 2174 1572 delectari
2223 1501 2576 1591 inciperet,
2633 1502 2862 1572 Coleta
2910 1501 2974 1569 id
3025 1518 3153 1569 sen-

638 1590 815 1661 tiens
863 1590 1138 1680 spiritu,
1195 1590 1393 1660 vertit
1440 1610 1513 1660 se
1559 1590 1642 1659 ad
1695 1590 1919 1671 illum,
1972 1590 2343 1659 clamorem
2392 1590 2603 1659 edens
2651 1585 3149 1661 vehementissi-

635 1700 830 1748 mum
878 1690 946 1749 et
991 1699 1225 1748 vocem
1274 1677 1758 1748 admirandam
1797 1690 2036 1748 contra
2067 1678 2290 1748 illum.
2327 1683 2531 1766 Isque
2561 1679 2828 1749 clamor
2859 1679 3024 1749 adeo
3060 1696 3155 1773 pt}-

636 1766 928 1836 netravit
975 1787 1093 1837 cor
1137 1766 1353 1848 illius,
1404 1778 1483 1835 ut
1527 1779 1593 1836 et
1640 1777 1787 1836 tum
1837 1767 2181 1837 videretur
2225 1779 2290 1836 et
2334 1767 2715 1837 etiamnum
2750 1769 3059 1838 videatur
3080 1785 3149 1840 et,

635 1856 1000 1947 perspicue
1048 1878 1250 1926 nosse
1295 1867 1361 1925 et
1406 1854 1661 1925 intueri
1710 1855 2002 1925 Coletam
2037 1855 2266 1926 cordis
2299 1856 2408 1925 sui
2437 1856 2889 1947 cogitationes
2921 1870 3151 1945 turpes:

636 1965 812 2031 quas
859 1944 1064 2014 etiam
1116 1944 1302 2014 illico
1334 1967 1374 2013 a
1407 1965 1478 2013 se
1511 1944 1766 2034 rejecit,
1812 1956 1877 2014 et
1909 1945 2224 2014 animum
2265 1943 2556 2015 advertit
2586 1946 2670 2015 ad
2713 1969 2913 2017 sacra
2951 1943 3147 2018 verba,

633 2054 812 2121 quae
860 2033 1005 2103 illic
1053 2033 1542 2105 recitabantur.

718 2124 757 2210 ξ
802 2126 963 2195 46.
1017 2122 1308 2204 Quidam
1359 2122 1563 2191 etiam
1614 2122 2018 2212 Episcopus,
2073 2121 2177 2190 vir
2209 2123 2518 2212 prudens
2548 2135 2678 2193 ets
2730 2120 3057 2199 ectabilis‚
3092 2117 3150 2184 in

631 2210 802 2280 urbe
849 2233 975 2282 sua
1020 2211 1255 2281 invisit
1301 2211 1620 2291 Coletam,
1679 2210 1775 2280 ibi
1824 2223 1973 2279 tum
2008 2223 2423 2294 manentem,
2467 2234 2628 2281 cum
2670 2236 2691 2281 1
2728 2211 2794 2282 la
2825 2208 3152 2282 conferens

629 2299 715 2368 de
762 2298 999 2369 multis
1049 2300 1252 2369 rebus
1298 2299 1499 2370 bonis
1528 2353 1545 2378 ,
1616 2299 1702 2369 ad
1753 2299 1869 2368 Dei
1918 2300 2247 2369 honorem
2307 2312 2372 2371 et
2427 2302 2829 2370 animarum
2888 2298 3148 2370 salutem

630 2388 1154 2478 pertinentibus.
1208 2394 1284 2458 At
1331 2387 1451 2457 illa
1496 2388 1582 2456 de
1631 2387 1907 2458 duobus
1939 2409 2100 2457 eum
2135 2389 2530 2459 admonuit:
2575 2412 2610 2456 «
2653 2390 2888 2460 Primo
2918 2386 3153 2458 caveret

628 2477 786 2560 sibi,
841 2499 926 2547 ne
972 2489 1249 2569 propter
1293 2475 1663 2569 dignitates
1698 2488 2001 2549 terrenas
2038 2490 2314 2549 aeterna
2351 2501 2422 2549 se
2453 2479 2790 2569 dignitate
2820 2491 2885 2550 et
2917 2477 3145 2547 honore

626 2567 946 2658 privaret.
982 2572 1399 2658 Cognoverat
1429 2566 1639 2648 enim,
1680 2567 1966 2636 Domino
1997 2588 2149 2636 eam
2181 2567 2485 2649 docente,
2525 2569 2946 2669 Episcopum
2971 2564 3143 2634 illum
3249 2623 3250 2666 3

630 2678 768 2726 non
817 2668 1217 2726 contentum
1267 2654 1523 2724 honore
1556 2677 1682 2724 suo
1713 2710 1728 2737 ‚
1767 2656 1885 2725 sed
1926 2656 2012 2725 ad
2055 2657 2383 2747 majorem
2417 2679 2745 2748 aspirare.
2813 2650 3142 2727 Secundo.

626 2757 705 2813 ut
751 2746 1078 2835 cogitaret
1125 2744 1300 2814 vitae
1348 2743 1559 2835 hujus
1607 2744 2029 2826 brevitatem,
2084 2745 2522 2832 studeretque
2570 2768 2712 2817 sem
2766 2768 2845 2815 er
2875 2765 3019 2816 esse
3048 2759 3148 2830 pa·

628 2845 867 2913 ratuS,
922 2832 1504 2920 quandocumque
1551 2833 1840 2902 Domino
1889 2835 2109 2903 visum
2159 2846 2338 2904 esset
2382 2857 2541 2904 eum
2589 2857 2670 2904 ex
2768 2857 2853 2907 ac
2907 2834 3036 2902 vita
3090 2847 3148 2894 e·

627 2942 894 2990 vocare.
950 2944 986 2987 »
1020 2921 1139 2990 His
1179 2920 1558 3013 Episcopus
1591 2922 1870 3000 auditis,
1917 2922 2114 2991 valde
2155 2923 2557 2993 mirabatur.
2616 2924 2801 2993 Clam
2839 2923 3020 2993 enim
3050 2915 3147 2984 da·

627 3009 746 3079 bat
774 3030 1079 3101 operam,
1114 3021 1192 3079 ut
1221 3021 1447 3100 posset
1475 3009 1654 3080 effici
1686 3010 2089 3092 CardinaliS‚
2127 3013 2402 3081 nemine
2433 3013 2502 3081 id
2536 3012 2816 3084 sciente.
2852 3019 3143 3098 Attamen

630 3097 837 3188 paulo
887 3109 1040 3189 post
1087 3103 1374 3168 Romam
1427 3098 1770 3190 profectus
1817 3113 1939 3180 est,
1985 3114 2063 3170 ut
2101 3113 2328 3189 posset
2360 3113 2511 3171 voto
2550 3102 2753 3192 potiri
2795 3124 2944 3173 suo:
2988 3098 3142 3166 brev!

628 3199 882 3266 autem,
935 3198 1014 3256 ut
1060 3186 1282 3257 Coleta
1330 3187 1779 3277 praeviderat,
1832 3210 1870 3258 e
1918 3189 2053 3258 vita
2100 3189 2414 3262 decessit.

714 3278 753 3362 ξ
797 3279 938 3348 42.
994 3275 1279 3345 Visontii
1326 3276 1496 3346 civis
1545 3277 1797 3346 nobilis
1844 3275 1995 3356 fuit,
2046 3283 2349 3348 Joannes
2395 3302 2435 3348 a
2476 3280 2792 3360 Colonia,
2841 3279 3138 3348 mercator

625 3363 940 3445 celebris,
995 3368 1207 3434 Deum
1256 3366 1590 3435 ferventer
1637 3387 1906 3434 amans,
1962 3366 2247 3436 Putabat
2293 3368 2354 3438 is
2401 3390 2474 3438 se
2505 3368 2843 3438 valentem
2883 3362 3136 3434 viribus,

622 3465 689 3522 et
735 3453 805 3522 in
857 3475 1112 3554 magna
1158 3453 1503 3524 victurum
1553 3454 2026 3544 prosperitate.
2106 3457 2489 3527 Accersitus
2535 3470 2763 3528 autem
2815 3480 2854 3525 a
2904 3451 3136 3522 colem.

622 3541 888 3611 audivit
934 3555 1107 3611 vitae
1155 3541 1364 3611 finem
1415 3541 1547 3613 sibi
1598 3543 1995 3633 propediem
2049 3544 2488 3636 impendere:
2542 3545 2772 3632 itaque
2821 3545 3056 3615 debere
3083 3549 3142 3601 se

619 3652 1030 3789 coffssonere
1078 3652 1184 3700 res
1233 3652 1438 3712 suas,
1493 3642 1560 3701 et
1608 3632 1895 3701 Domino
1941 3633 2239 3704 venienti
2289 3634 2784 3707 conscientiam
2835 3624 3141 3701 mundam

616 3742 695 3789 ex
750 3742 772 3787 ι

616 3808 1155 3899 procrastinans,
1209 3808 1369 3880 fecit
1414 3821 1492 3879 ut
1519 3822 1662 3879 erat
1710 3808 2131 3892 admonitus,
2173 3834 2466 3898 moxque
2505 3809 2864 3902 correptus
2898 3801 3138 3877 morbo,

616 3910 836 3968 morte
882 3902 1010 3970 sua
1058 3899 1293 3968 docuit
1342 3920 1497 3968 vera
1537 3898 1962 3989 praedixisse
1991 3899 2309 3970 Coletam.
2350 3901 2540 3970 Alius
2576 3900 2862 3987 quidam
2896 3897 2964 3966 in
2993 3896 3142 3961 Bur-

613 3985 879 4077 gundia
926 3986 1056 4057 fuit
1102 3987 1204 4056 vir
1251 3986 1528 4067 nobilis,
1585 3998 1828 4078 potens
1875 4001 1939 4058 et
1985 3988 2323 4071 erudituS‚
2367 3990 2643 4080 justitia
2687 4005 2959 4077 quoque
3002 3993 3141 4048 con·

611 4075 924 4165 spicuuS.
980 4076 1056 4145 Ei
1103 4089 1168 4145 et
1211 4077 1525 4177 cognatis
1572 4076 1727 4163 ejus
1777 4088 1977 4147 notae
2021 4089 2217 4148 erant
2247 4100 2354 4148 res
2394 4091 2622 4170 gestae
2656 4077 2937 4154 Coletae‚
2971 4081 3139 4155 eam?

610 4185 747 4252 que
793 4186 929 4234 non
982 4163 1419 4235 mediocriter
1465 4166 1743 4235 amabat
1788 4188 1951 4236 cum
2000 4166 2170 4248 suis,
2223 4177 2288 4236 et
2338 4167 2760 4258 permultum
2808 4160 3048 4235 fidebat
3084 4167 3137 4215 el

612 4252 683 4322 in
733 4253 940 4323 rebus
985 4265 1051 4323 et
1096 4253 1388 4344 negotiis
1437 4254 1606 4336 suis,
1661 4253 2039 4342 multisque
2084 4277 2236 4324 eam
2270 4256 2628 4329 beneficiis
2661 4253 3010 4346 afficiebat..
3067 4240 3140 4306 Ε·

611 4342 1004 4414 xistimante
1050 4354 1280 4413 autem
1330 4341 1449 4413 illo
1496 4365 1770 4430 quoque
1820 4366 1891 4414 se
1939 4343 2140 4414 firma
2187 4366 2337 4416 esse
2381 4345 2800 4425 valetudine,
2853 4352 2916 4411 et
2947 4344 3113 4423 snm}

611 4442 839 4503 tamen
890 4433 975 4504 de
1021 4432 1295 4503 animae
1326 4453 1494 4503 suae
1531 4430 1752 4502 salute
1789 4432 2154 4520 cogitante,
2197 4434 2421 4505 Coleta
2461 4447 2607 4505 tum
2651 4435 2721 4504 in
2766 4427 3135 4520 longinqfflS

3235 176 3252 197 Ο

3249 354 3252 385 l

823 3742 958 3790 ere.
1039 3720 1345 3792 Assensit
1391 3719 1507 3790 ille
1553 3734 1872 3811 prompto
1920 3722 2203 3802 animo,
2258 3745 2383 3792 nec
2438 3724 2819 3810 quicquam
2877 3711 3138 3790 omnino
3247 3769 3248 3784 ,
