3327 4999
222 346 466 412 MART.
521 346 605 410 26
1104 366 1184 412 nr,
1232 365 1287 413 s.
1343 365 1628 415 LUDGERO
1677 365 1876 414 muse.
2551 349 2668 413 50⁴

220 444 563 514 idolorum
634 443 1010 515 simulacra
1056 444 1427 515 auferenda
1506 444 1896 517 destinavit.
1974 444 2213 516 Plures
2286 444 2472 515 enim
2538 445 2769 516 adhuc

219 533 317 602 ibi
352 532 717 623 gentilium
766 532 980 603 dediti
1028 535 1635 622 superstitionibus
1682 547 1898 605 erant.
1938 539 2084 617 Quo
2133 534 2250 603 ille
2298 534 2553 616 statim,
2593 535 2766 604 nihil

219 634 622 702 cunctatim,
677 643 1099 709 quamquam
1151 644 1310 692 cum
1361 624 1469 693 sui
1534 624 1781 714 capitis
1829 623 2161 715 periculo,
2217 622 2526 714 perrexit.
2602 625 2771 693 Mira

221 712 339 781 Dei
373 710 616 801 gratia,
670 709 845 779 mira
882 711 951 778 in
1006 711 1148 779 viro
1201 712 1314 781 Dei
1360 713 1769 794 constantia,
1813 734 1972 781 eum
2024 712 2173 781 sine
2220 711 2452 799 aliqua
2500 724 2771 781 contra-

220 801 520 869 dictione
567 820 800 868 coram
850 799 1237 870 cultoribus
1284 801 1432 870 suis
1478 816 1542 872 et
1589 800 1881 870 delubra
1940 800 2384 881 destruxisse,
2460 812 2526 869 et
2578 799 2764 870 idola

219 887 614 958 abstulisse.
668 892 759 955 Eo
801 888 1156 978 Ludgerus
1208 902 1509 978 tempore
1556 889 1858 959 diaconii
1907 889 2135 958 adhue
2166 888 2394 958 officio
2433 888 2767 979 fungeba-

222 992 357 1047 tur.
402 982 646 1046 Verum
682 974 953 1046 Albrico
1003 977 1443 1065 pontificatus
1492 978 1804 1047 ordinem
1844 978 2186 1058 sortiente,
2228 978 2458 1067 ipsum
2494 999 2768 1064 quoque

272 1064 630 1154 resbyterii
680 1086 913 1133 secum
977 1064 1134 1135 fecit
1185 1066 1532 1155 percipere
1579 1066 1902 1157 gradum.
1956 1071 2033 1134 Et
2079 1065 2244 1153 quia
2294 1065 2610 1135 Frisones
2644 1066 2767 1134 ad-

223 1090 361 1225 iiuc
409 1153 617 1223 rudes
665 1165 861 1220 erant
919 1153 987 1220 in
1047 1154 1206 1234 fide,
1269 1155 1657 1245 Ludgerum
1714 1154 2028 1224 Albricus
2091 1167 2227 1224 tam
2289 1166 2565 1243 propter
2606 1154 2767 1223 fidei

222 1243 590 1334 puritatem
640 1251 705 1308 et
755 1241 1003 1310 mentis
1051 1243 1548 1322 constantiam,
1596 1265 1805 1330 quarn
1869 1256 2145 1333 propter
2203 1264 2366 1311 suos
2417 1255 2759 1331 parenteS,

222 1331 354 1419 quiv
390 1329 576 1420 apud
618 1350 732 1397 eos
768 1330 1224 1417 potentissimi
1266 1331 1722 1412 habebantur,
1764 1331 2111 1400 doctorem
2145 1330 2475 1399 ecclesiae
2508 1331 2765 1400 consti-

223 1420 350 1491 tuit
400 1420 470 1487 in
522 1440 698 1510 pago
748 1419 1096 1500 Ostrache,
1135 1418 1204 1486 in
1261 1418 1430 1500 1000,
1472 1441 1608 1506 quo
1666 1434 1946 1489 sanctus
1996 1418 2390 1488 Bonifacius
2442 1420 2767 1507 martyrio

222 1520 326 1578 est
354 1518 745 1577 coronatus.
777 1506 1038 1595 Dignus
1079 1506 1283 1607 plane
1324 1508 1427 1576 vel
1472 1508 1587 1577 tali
1640 1509 1789 1578 loco
1839 1508 2180 1589 sacerdos,
2222 1507 2323 1576 vel
2360 1518 2544 1577 tanto
2575 1508 2768 1578 locus

221 1596 599 1667 sacerdote.
645 1599 808 1663 Nam
863 1607 929 1664 et
978 1594 1132 1664 talis
1172 1596 1489 1667 sacerdos
1522 1618 1655 1665 non
1702 1596 1959 1685 injuria
1987 1596 2185 1666 illum
2220 1596 2470 1665 meruit
2501 1596 2759 1677 locum,

272 1686 348 1755 ui
397 1684 567 1754 tanti
616 1683 941 1772 martyris
997 1685 1336 1773 sanguine
1388 1698 1566 1754 esset
1613 1684 1995 1755 dedicatus:
2030 1697 2095 1754 et
2150 1684 2341 1753 locus
2394 1683 2548 1754 talis
2581 1696 2768 1755 tanto

277 1775 485 1874 ignus
523 1783 668 1841 erat
714 1771 1087 1853 sacerdote,
1141 1773 1264 1859 qui
1311 1773 1478 1863 ipsi,
1516 1774 1720 1864 cujus
1773 1786 1949 1843 mart
2004 1773 2102 1843 rio
2158 1772 2351 1841 locus
2400 1774 2548 1863 ipse
2595 1773 2768 1843 insi-

227 1885 385 1953 gnis
418 1862 731 1942 habetur,
770 1883 903 1929 non
941 1860 1282 1930 immerito
1329 1861 1827 1948 adaequandus
1862 1862 1925 1930 vi
1978 1874 2227 1932 eretur.

309 1952 345 2037 ἓ
404 1956 535 2022 11.
583 1954 758 2019 Sane
807 1949 1162 2050 Ludgerus
1213 1950 1282 2017 in
1334 1951 1576 2019 ordine
1623 1950 1792 2019 vicis
1843 1971 2006 2020 suae
2063 1950 2120 2019 si
2168 1948 2449 2036 quando
2497 1949 2768 2036 aliquas

157 2081 161 2085 -
225 2059 401 2126 quae
448 2060 606 2108 eum
659 2038 728 2106 in
777 2037 1090 2107 doctrina
1137 2049 1202 2107 et
1248 2038 1437 2107 curis
1494 2037 2027 2109 commissorum
2088 2037 2506 2120 detinebant,
2560 2059 2769 2107 occu—

231 2127 580 2217 pationum
622 2139 724 2198 est
757 2125 960 2195 ferias
1007 2126 1321 2216 adeptuS,
1365 2149 1522 2196 mox
1555 2139 1675 2196 aut
1705 2127 1978 2195 lectioni
2025 2125 2376 2207 insudare,
2430 2138 2551 2196 aut
2582 2126 2769 2218 psal-

228 2215 498 2284 modiae
545 2215 858 2285 insistere
907 2215 1151 2305 coepit,
1209 2215 1575 2305 praecipue
1627 2216 2003 2285 nocturnis
2032 2215 2459 2305 temporibus
2489 2214 2769 2301 quando

225 2303 551 2374 secretius
597 2304 658 2371 ei
704 2302 886 2391 quod
939 2325 1209 2393 semper
1255 2316 1621 2384 amaverat,
1675 2304 1963 2373 orationi
2001 2325 2242 2373 vacare
2266 2303 2582 2373 dabatur.
2615 2308 2772 2374 Erat

228 2392 323 2462 ibi
371 2392 742 2461 oratorium
794 2392 975 2479 quod
1014 2403 1294 2462 sanctus
1328 2393 1492 2462 olim
1541 2391 1847 2462 antistes·
1874 2391 2368 2462 willebrordus
2410 2392 2478 2460 in
2510 2392 2769 2462 honore

225 2479 447 2551 sancti
482 2479 844 2551 Salvatoris
890 2492 954 2550 et
1002 2482 1383 2553 construxit
1428 2493 1493 2551 et
1531 2480 1893 2551 dedicavit.
1948 2481 2051 2551 Ibi
2100 2492 2250 2571 post
2310 2480 2765 2572 psalmodiam

224 2581 289 2639 et
337 2569 668 2660 speciales
713 2592 885 2657 quas
947 2593 1239 2662 semper,
1293 2570 1568 2641 amabat
1615 2571 1987 2650 orationeS‚
2049 2570 2406 2661 Ludgerus
2454 2572 2765 2640 membra

226 2659 389 2728 dare
420 2659 635 2746 quieti
682 2659 1055 2729 consuevit.
1113 2659 1414 2747 Denique
1461 2659 1555 2728 ita
1586 2659 1828 2728 deince
1883 2682 1914 2730 s
1960 2658 2101 2728 illis
2150 2659 2218 2726 in
2283 2658 2452 2728 locis
2501 2658 2770 2750 praedi-

222 2748 473 2818 cationi
523 2748 835 2817 insistere
900 2748 1167 2839 coepit,
1221 2748 1363 2817 acsi
1421 2753 1621 2818 antea
1668 2747 1817 2817 nihi
1910 2747 2182 2837 egisset.
2228 2747 2536 2817 Timebat
2581 2748 2768 2816 enim

224 2837 325 2905 vir
357 2838 615 2916 beatus,
671 2858 742 2904 se
791 2834 983 2926 prius
1031 2859 1072 2905 a
1119 2836 1492 2908 commissa
1545 2836 1740 2926 plebe
1797 2836 2032 2922 aliqua
2080 2835 2436 2907 occasione
2498 2836 2770 2905 subtra-

224 2924 530 2994 hendum
601 2945 807 3012 quam
882 2946 1030 2992 eam
1102 2926 1485 2995 secundum
1553 2924 1955 2995 intentionis
2029 2937 2286 3006 votum,
2356 2923 2458 2992 vel
2510 2924 2579 2992 in
2632 2924 2769 2993 fide

228 3012 426 3103 plene
473 3013 834 3093 instruere,
899 3011 1001 3081 vel
1055 3013 1477 3083 Christianae
1539 3013 1657 3082 reli
1713 3013 1893 3084 ionis
1976 3012 2282 3082 moribus
2343 3011 2771 3082 assuefacere

225 3114 473 3191 posset.
530 3106 630 3169 Ita
680 3122 799 3190 per
847 3111 1102 3190 septem
1181 3100 1318 3170 fere
1366 3123 1585 3172 annos
1651 3103 1673 3170 i
1725 3102 1747 3169 i
1795 3103 1868 3169 in
1930 3100 2281 3170 doctrinae
2342 3101 2571 3171 studio
2621 3122 2772 3190 per-

215 3191 499 3282 mansit.
555 3194 820 3257 Interea
866 3210 902 3255 a
954 3190 1361 3269 Saxonibus,
1415 3201 1616 3345 gente
1662 3202 1729 3259 et
1777 3189 2081 3280 agilitate
2128 3200 2193 3260 et
2225 3189 2473 3259 virtute
2521 3211 2658 3258 non
2710 3189 2767 3257 i-

224 3277 512 3367 gnobili,
551 3275 953 3345 Christianis
987 3276 1109 3363 qui
1148 3276 1286 3348 illis
1326 3277 1392 3344 in
1456 3278 1599 3347 ocis
1631 3290 1848 3359 erant,
1888 3278 2361 3368 persecutione
2393 3290 2761 3359 commota,

226 3364 479 3432 Frisiae
529 3386 689 3453 pars
737 3365 955 3453 maj0r
1002 3387 1039 3433 a
1088 3364 1228 3439 fide,
1271 3365 1538 3435 defecit.
1870 3371 1875 3376 ’

313 3461 350 3533 ἓ
400 3458 548 3525 12.
604 3457 694 3520 Ea
744 3463 1137 3542 tempestate
1171 3453 1311 3522 dux
1342 3459 1686 3523 Saxonum
1723 3453 2232 3524 Windekindus
2264 3465 2430 3535 erat,
2485 3456 2611 3535 vir,
2640 3454 2769 3526 etsi

225 3563 543 3630 paganus
589 3552 655 3608 et
703 3541 1076 3630 sapientiae
1124 3541 1308 3611 fama
1354 3554 1418 3611 et
1456 3542 1884 3629 eloquentiae
1917 3541 2281 3632 splendore
2313 3554 2375 3610 et
2424 3543 2767 3613 bellorum

223 3629 564 3699 exercitiis
639 3651 772 3697 non
850 3629 1190 3700 immerito
1264 3631 1441 3698 inter
1501 3631 1798 3719 optimos
1851 3631 2062 3700 duces
2127 3630 2624 3700 numerandus.
2682 3637 2772 3699 Eo

223 3717 421 3796 duce,
465 3716 750 3786 Frisiam
806 3718 1111 3807 aggressi
1163 3723 1460 3788 Saxones
1524 3731 1589 3787 et
1634 3718 1960 3788 ecclesias
2023 3716 2475 3787 incenderunt
2542 3731 2608 3787 et
2655 3721 2771 3789 Dei

223 3805 521 3875 famulos
567 3804 978 3894 expulerunt
1005 3819 1070 3876 et
1115 3821 1366 3876 cuncta
1416 3807 1766 3887 caedibUS,
1805 3805 2147 3875 incendiis
2176 3817 2242 3874 et
2289 3806 2553 3892 rapinis
2584 3829 2771 3876 com-

225 3892 508 3983 plentes,
566 3895 879 3964 Frisones
931 3916 1150 3982 usque
1198 3895 1281 3964 ad
1336 3895 1491 3962 Flea
1565 3895 1858 3963 fluvium
1929 3894 2136 3962 fidem
2186 3893 2661 3981 derelinquere
2709 3909 2773 3964 et

223 3983 608 4052 secundum
683 4005 944 4052 morem
1003 3984 1255 4053 erroris
1306 3983 1580 4072 pristini
1632 3983 1833 4052 idolis
1896 3981 2251 4050 immolare
2309 3982 2638 4053 fecerunt.
2695 3989 2769 4051 In

222 4070 349 4139 bac
386 4070 920 4161 perturbatione,
975 4094 1133 4141 cum
1178 4077 1241 4141 S.
1283 4072 1640 4162 Ludgerus
1690 4093 1910 4158 neque
1960 4070 2370 4158 martyrium
2419 4071 2603 4158 quod
2653 4094 2774 4162 op-

226 4159 431 4242 tabat,
499 4171 921 4240 mereretur,
979 4183 1199 4247 neque
1249 4160 1469 4229 ullum
1523 4182 1689 4228 suae
1741 4158 2232 4248 praedicationi
2283 4159 2535 4239 locum,
2593 4183 2766 4229 cun—

224 4248 353 4317 ctis
400 4248 826 4318 unanimiter
896 4250 1422 4330 resistentibus,
1477 4249 1626 4317 dari
1676 4247 1977 4328 videret,
2040 4247 2427 4318 cedendum
2480 4249 2771 4337 tempori

225 4348 417 4405 ratus
478 4348 544 4406 et
607 4359 678 4406 se
757 4338 1352 4424 tranquillioribus
1425 4336 1851 4428 temporibus
1921 4336 2409 4407 reservandum
2488 4336 2767 4425 putavit.

226 4425 561 4506 Quocirca
592 4425 757 4512 quia
804 4428 936 4496 sub
986 4427 1167 4496 idem
1201 4431 1494 4518 ‘tempus
1542 4449 1714 4499 suus
1764 4425 2049 4497 antistes
2082 4424 2399 4495 Albricus
2448 4423 2763 4506 decessit,
