3327 4999
164 358 407 426 MART.
461 360 504 425 3
981 382 1061 428 nn
1110 382 1166 429 s.
1212 380 1580 431 CALUPPANO
1630 378 1907 429 fluctuso
2545 360 2631 425 25

158 455 529 540 interiisse,
580 459 976 546 usqueadeo
1010 471 1085 531 ut
1134 461 1408 532 nullum
1459 462 1528 530 in
1569 472 1919 551 posterum
1952 458 2025 527 in
2061 479 2141 527 eo
2176 457 2325 528 loco
2354 480 2433 528 ex
2464 484 2544 530 ea
2568 478 2719 527 om-

160 544 322 614 nino
368 546 692 617 ederetur
740 548 1184 619 miraculum.
1254 555 1600 621 Hactenus
1648 571 1729 619 ex
1788 548 2101 617 versione
2155 546 2541 620 doctissimi
2594 546 2723 615 viri

157 634 449 703 Joannis
498 636 1122 726 christophorsoni,
1177 638 1458 729 Angliae
1505 643 1554 707 E
1610 637 1851 727 iscopi,
1897 657 1979 705 ex
2023 657 2164 722 qua
2211 636 2507 736 ‘quidem
2574 637 2725 709 ani-

160 721 499 793 madverti
533 745 669 794 non
766 736 938 795 otest
984 726 1322 796 Asterium
1362 748 1484 816 pro
1583 726 1670 795 de
1697 724 1945 795 Christi
1976 736 2386 814 martyrium
2438 728 2716 799 obiisse:

160 810 273 878 sed
324 811 394 880 id
450 835 535 882 ex
582 818 689 882 Ru
770 815 840 883 ni
884 815 1198 885 versione
1246 814 1502 885 habent
1551 812 2017 884 vetustissima
2067 815 2552 907 Martyrologia
2600 821 2718 885 Be-

159 897 306 979 dae,
385 900 707 982 Usuardi,
760 901 1015 972 Adonis
1060 916 1189 972 etc.
1252 903 1359 973 Ibi
1406 903 1592 973 enim
1662 902 1762 971 sic
1825 901 2109 991 legitur:
2182 905 2368 971 Inter
2416 918 2718 975 caeteros

159 988 432 1057 cunctis
480 988 755 1071 clarior,
808 999 874 1060 et
922 992 1185 1061 meritis
1234 990 1394 1060 fidei
1445 1013 1656 1080 supra
1706 1001 2009 1060 caeteros
2052 988 2349 1080 insignis
2383 1015 2726 1063 memora-

159 1086 268 1144 tur
312 1077 647 1158 AsteriuS,
684 1079 791 1147 vir
821 1082 1171 1149 Romanae
1219 1080 1416 1149 urbis
1466 1085 1771 1160 Senator,
1826 1077 2173 1168 patritiuS‚
2212 1078 2589 1163 nobilitate,
2622 1081 2725 1151 sa-

155 1163 559 1246 cultatibuS,
600 1166 1108 1257 propinquitate
1154 1168 1361 1237 etiam
1394 1168 1582 1258 regia
1615 1177 1682 1236 et
1713 1166 1906 1234 omni
1955 1166 2293 1236 bonorum
2327 1167 2512 1239 fama
2553 1171 2720 1241 satis

155 1250 413 1322 clarus.
468 1253 602 1336 Qui
647 1278 810 1324 cum
859 1254 1241 1345 supradicti
1277 1255 1597 1346 martyris
1629 1255 1952 1325 extremis
1985 1254 2345 1325 interesset
2378 1262 2710 1347 exequiiS,

154 1350 217 1409 et
262 1341 495 1430 eapite
542 1364 819 1412 caesum
872 1344 1161 1414 cadaver
1194 1344 1523 1434 subjectis
1571 1343 1884 1412 humeris
1934 1343 2105 1424 suis,
2141 1354 2205 1411 et
2235 1344 2577 1418 substrata
2612 1371 2723 1418 ve-

153 1439 275 1510 ste,
327 1452 473 1516 qua
529 1429 970 1513 induebatur,
1027 1432 1389 1522 exciperet,
1449 1434 1803 1512 honorem,
1842 1453 2047 1518 quem
2096 1434 2380 1522 martyri
2444 1437 2713 1519 detulit,

149 1518 488 1588 continuo
519 1518 666 1609 ipse
700 1533 961 1609 martyr
992 1522 1406 1608 assequitur.
1448 1521 1589 1591 Sub
1639 1518 1956 1609 Martyris
2004 1519 2202 1589 titulo
2251 1520 2638 1597 celebratur
2675 1548 2718 1596 a

153 1606 438 1678 Graecis
471 1609 590 1676 Die
629 1630 716 1676 vu
750 1612 919 1698 Aug.

394 1881 720 1982 vl'rA
813 1842 2477 1991 S.CAL1JPPAN1RECLU'SI

696 2119 978 2169 AUCTORE
1024 2122 1089 2168 D.
1143 2121 1458 2171 GREGottlo
1514 2120 1831 2170 TURONEN.
1884 2120 2183 2170 Erlscopo

786 2301 1059 2358 Floruit
1099 2316 1276 2361 saec.
1321 2303 1440 2358 VI.
1489 2332 1570 2342 —
1608 2302 1770 2361 Nat.
1818 2302 2088 2358 Gallus.

240 2484 278 2569 ξ
324 2487 406 2555 1.
461 2486 751 2571 Semper
799 2495 1167 2574 paupertas
1242 2482 1459 2553 seculi
1519 2506 1734 2575 regna
1794 2484 2050 2554 reserat
2096 2482 2318 2565 coeli,
2373 2496 2577 2572 atque
2637 2510 2721 2555 u-

157 2581 376 2639 tentes
421 2592 496 2640 se
544 2591 685 2638 non
729 2571 931 2640 modo
980 2582 1346 2663 praeparat
1394 2571 1576 2662 polo,
1615 2572 2062 2641 verumetiam
2166 2571 2535 2643 lorificatos
2584 2574 2720 2643 mi-

156 2658 442 2739 raculis,
512 2657 820 2729 illustres
877 2681 1026 2729 esse
1081 2659 1386 2730 declarat
1433 2660 1505 2729 in
1567 2660 1854 2730 mundo,
1909 2667 2055 2743 Quo
2157 2673 2203 2743 t,
2255 2673 2334 2731 ut
2387 2661 2556 2730 dum
2604 2661 2723 2731 illa

154 2746 612 2838 ergastularis
672 2747 1104 2818 contritionis
1153 2749 1482 2819 revinctio
1530 2749 1838 2840 paradisi
1894 2749 2191 2836 januam
2243 2749 2587 2840 patefacit,
2644 2771 2721 2819 a-

156 2836 348 2904 nima
396 2834 734 2926 angelicis
810 2837 1041 2907 choris
1089 2836 1369 2918 inserta,
1455 2837 1526 2905 in
1577 2836 1813 2925 requie
1879 2839 2300 2929 sempiterna
2347 2838 2716 2928 persultet:

156 2923 340 2994 sicut
387 2944 577 2992 nunc
625 2923 711 2993 de
747 2924 945 2994 beato
993 2924 1393 3016 Caluppano
1427 2925 1699 2996 recluso
1738 2924 1924 3013 quod
1951 2948 2188 2996 verum
2238 2926 2716 3018 cognovimus,

155 3033 445 3102 prorsus
492 3011 698 3081 silere
743 3011 1138 3099 nequimus.

239 3102 278 3187 ξ
330 3104 420 3170 2.
474 3100 601 3169 Hic
640 3112 870 3172 autem
915 3101 1003 3170 ab
1051 3100 1336 3171 ineunte
1383 3113 1600 3171 aetate
1649 3123 1923 3193 semper
1976 3101 2333 3192 religionis
2381 3101 2722 3172 Ecclesia-

156 3187 369 3257 sticae
400 3188 661 3258 bonum
712 3189 1050 3276 quaesivit
1079 3201 1143 3258 et
1176 3189 1450 3281 reperit,
1489 3189 1762 3279 etapud
1814 3191 2311 3260 monasterium
2361 3191 2723 3260 Meletense

157 3276 437 3344 termini
493 3278 774 3346 Arverni
821 3289 1308 3359 con'versatuS,
1361 3278 1433 3346 in
1489 3300 1743 3368 magna
1807 3277 2199 3348 humilitate
2262 3300 2336 3347 se
2383 3278 2716 3349 fratribus

162 3364 501 3453 praebuit.
556 3369 714 3434 Erat
759 3366 1012 3435 etenim
1056 3387 1373 3435 summae
1420 3366 1898 3447 abstinentiae,
1951 3366 2045 3435 ita
2076 3378 2153 3436 ut
2200 3366 2288 3436 ab
2338 3365 2571 3436 inedia
2607 3366 2717 3435 ni-

159 3451 381 3520 mium
429 3452 744 3534 attrituS,
811 3453 1288 3540 quotidianam
1339 3475 1501 3523 cum
1553 3454 1839 3541 reliquis
1896 3452 2227 3524 fratribus
2275 3476 2551 3544 operam
2606 3476 2719 3524 ex-

162 3539 349 3629 plere
382 3540 715 3627 nequiret.
772 3541 986 3623 Unde,
1040 3554 1119 3612 ut
1151 3563 1302 3611 mos
1350 3556 1452 3612 est
1484 3542 2009 3623 monachorum,
2071 3565 2405 3632 magnum
2458 3543 2719 3632 impro-

160 3628 425 3717 perium
477 3628 897 3710 inferebant,
949 3629 1220 3700 dicente
1277 3630 1412 3700 sibi
1513 3630 1866 3702 raesertim
1915 3631 2348 3722 Praeposito:
2402 3631 2533 3713 Qui
2581 3651 2721 3700 non

161 3715 503 3790 deliberat.
536 3716 876 3798 laborare,
929 3718 1076 3787 indi
1133 3740 1216 3788 ne
1266 3729 1470 3809 postu
1500 3728 1569 3787 at
1618 3718 2069 3789 manducare.

244 3806 283 3891 ξ
344 3807 436 3876 2.
492 3809 668 3875 Dum
730 3817 964 3875 autem
1032 3806 1078 3876 it
1114 3828 1151 3876 e
1227 3807 1508 3877 assidue
1564 3818 1875 3877 uteretur
1924 3807 2032 3878 his
2102 3805 2714 3897 exprobrationum

164 3891 405 3973 verbis,
457 3892 710 3965 vallem
750 3893 939 3964 haud
992 3894 1227 3985 procul
1286 3918 1327 3964 a
1377 3896 1796 3966 monasterio
1845 3896 2330 3986 conspicatur,
2376 3894 2461 3964 de
2509 3894 2721 3982 cujus

168 3979 385 4049 medio
433 3981 635 4073 lapis,
694 3995 944 4053 natura
990 3983 1384 4073 praebente,
1436 4005 1891 4075 consurgenS,
1935 3983 2335 4073 provehitur
2375 3984 2449 4052 in
2505 3981 2723 4052 excel-

170 4085 341 4150 sum,
380 4071 585 4157 quasi
630 4071 1057 4162 quingentis,
1109 4084 1230 4141 aut
1273 4093 1353 4142 eo
1402 4071 1709 4163 amplius
1758 4072 2079 4162 pedibus,
2119 4071 2384 4142 nullam
2439 4071 2719 4163 penitus

170 4151 420 4256 babens
465 4181 627 4229 cum
678 4158 966 4247 reliquis
1000 4160 1354 4233 montibus
1400 4159 1916 4251 circumpositis
1963 4160 2547 4250 conjunctionem.
2592 4162 2721 4229 Cu-

170 4261 277 4329 Jus
320 4246 519 4319 vallis
553 4247 865 4317 medium
914 4247 1170 4319 fluvius
1217 4248 1419 4318 alluit
1511 4248 1585 4319 ui
1635 4249 1826 4320 hunc
1882 4260 2185 4319 montem
2234 4247 2505 4339 placide
2552 4268 2717 4318 con-

178 4329 432 4424 tingens
477 4334 841 4407 dilabitur.
887 4339 964 4405 In
1018 4337 1223 4426 hujus
1270 4358 1433 4428 ergo
1462 4270 1747 4427 tlapidis
1795 4337 2170 4409 scissuram
2213 4337 2399 4425 quod
2468 4335 2718 4428 priscis

180 4423 507 4506 quondam
559 4436 843 4517 propter
872 4425 1241 4496 transitum
1276 4425 1581 4496 hostium
1630 4425 2149 4517 receptaculum
2206 4425 2378 4506 fuit,
2428 4424 2717 4494 eremita
