3327 4999
226 319 470 388 MART.
522 322 609 387 25
1182 396 1185 401 ,
1230 342 1310 389 niz
1357 343 1414 390 s.
1470 339 1755 391 LATRONE
2551 328 2669 392 474

226 425 505 494 termini
567 445 705 495 non
755 425 1063 517 capiunt,
1120 426 1418 518 Virginis
1483 439 1723 497 uterus
1770 427 2334 517 comprehendat.
2388 430 2768 514 QuomodO,

222 513 450 601 inquit
496 514 878 597 Dominus,
945 538 1055 585 me
1127 516 1651 588 tabernaculum
1725 516 2031 586 Abrahae
2097 517 2317 607 potuit
2379 519 2777 589 continere?

224 602 561 702 Quoniam
600 657 617 684 ,
672 603 897 690 inquit
952 605 1297 695 Angelus,
1370 604 1862 694 hospitalitatis
1929 605 2218 696 pelagus
2281 605 2600 678 habebat.
2657 614 2777 678 Ve-

220 712 381 760 rum
430 690 614 773 illic,
668 715 708 761 o
757 692 1086 774 Domine,
1158 707 1221 764 te
1294 693 1753 784 conspicuum
1804 694 2112 764 Abrahae
2165 694 2539 785 praebuisti
2589 696 2657 765 in
2701 720 2777 767 o-

222 779 354 851 stio
395 779 820 850 tabernaculi
886 794 949 851 et
1025 781 1456 882 pertransisti
1521 783 1643 870 qui
1718 782 1954 852 omnia
2017 783 2348 874 comples.
2403 785 2776 867 Quomodo

220 879 454 937 autem
505 868 669 939 feret
722 870 933 940 Maria
981 870 1357 940 divinitatis
1407 871 1687 961 ignem?
1736 871 1996 941 Solium
2059 884 2253 942 tuum
2304 871 2498 942 ardet
2545 874 2780 962 splen-

220 957 389 1026 dore
436 957 884 1040 illustratum,
938 971 1004 1029 et
1051 959 1243 1049 virgo
1291 972 1354 1030 te
1401 959 1576 1029 ferre
1625 959 1894 1051 poterit,
1950 971 2028 1029 ut
2092 981 2228 1030 non
2279 961 2779 1032 comburatur?

222 1046 291 1116 Si
342 1045 561 1127 laesit,
615 1046 843 1134 inquit
884 1048 1238 1128 Dominus,
1294 1047 1546 1117 rubum
1585 1047 1771 1137 ignis
1819 1049 1887 1116 in
1922 1048 2318 1130 solitudine,
2375 1048 2594 1119 laedet
2627 1072 2774 1120 om-

222 1135 394 1204 nino
460 1135 744 1205 Mariam
803 1157 1079 1222 quoque
1144 1136 1529 1226 praesentia
1589 1158 1778 1206 mea:
1831 1137 1939 1206 sin
1997 1136 2180 1227 ignis
2228 1136 2345 1207 ille
2389 1138 2511 1224 qui
2558 1138 2777 1208 divini

220 1223 407 1313 ignis
456 1222 594 1293 mei
644 1224 1100 1314 praesentiam
1138 1224 1594 1313 significabat,
1649 1224 1904 1293 rubum
1939 1226 2169 1315 potius
2216 1226 2526 1317 irrigavit
2561 1248 2773 1313 quam

220 1311 606 1382 combussit
650 1312 816 1399 quid
854 1313 939 1382 dc
992 1312 1269 1383 veritate
1315 1312 1527 1395 diceS,
1583 1334 1720 1381 non
1770 1313 1840 1382 in
1891 1313 2053 1403 igne
2115 1315 2461 1396 flammae,
2519 1315 2636 1384 sed
2702 1315 2773 1385 in

218 1400 498 1491 pluviae
536 1400 765 1490 specie
796 1401 1252 1471 descendente
1280 1404 1312 1470 ‘f

311 1491 349 1575 ἓ
406 1492 493 1560 5.
547 1494 735 1560 Tunc
764 1489 1062 1580 Angelus
1096 1490 1211 1559 Del
1251 1490 1451 1580 jussa
1500 1489 1868 1572 facessens,
1901 1490 2248 1581 Virginem
2282 1491 2452 1561 adiit
2491 1503 2556 1561 et
2588 1491 2776 1562 clara

221 1599 416 1647 voce:
470 1581 629 1660 Ave,
684 1577 932 1665 inquit,
987 1580 1220 1668 qratia
1242 1583 1482 1670 ple-na:
1515 1581 1835 1648 Dominus
1866 1590 2106 1649 tecum.
2145 1585 2286 1649 Non
2323 1592 2426 1649 est
2473 1581 2777 1680 amplius

222 1665 545 1735 diabolus
619 1678 857 1736 contra
906 1678 990 1735 te.
1050 1667 1173 1735 Ubi
1220 1667 1403 1735 enim
1457 1667 1650 1758 prius
1731 1668 1944 1738 hostis
2002 1667 2117 1736 ille
2166 1667 2418 1740 vulnus
2468 1667 2766 1749 inflixit,

218 1753 365 1824 illic
416 1753 726 1824 medicus
766 1755 1047 1825 adhibet
1078 1755 1685 1826 medicamentum.
1741 1755 1930 1825 Unde
1961 1777 2147 1825 mors
2195 1756 2552 1846 ingressus
2585 1758 2774 1846 prin-

216 1842 479 1933 cipium
534 1843 776 1914 habuit
809 1898 824 1926 ,
905 1843 1066 1912 inde
1118 1844 1256 1913 vita
1303 1843 1437 1913 sibi
1508 1844 1774 1915 aditum
1835 1843 2175 1933 patefacit.
2230 1849 2354 1913 Per
2411 1845 2769 1915 mulierem

223 1931 411 2000 mala
463 1932 832 2013 fluxerunt,
886 1954 1009 2022 per
1043 1932 1405 2002 mulierem
1456 1935 1783 2001 emanant
1814 1932 2018 2002 bona.
2072 1936 2223 2012 Ave,
2269 1934 2489 2022 gratia
2538 1933 2765 2023 plena.

218 2026 315 2090 Ne
348 2031 412 2088 te
462 2020 715 2110 pudeat
761 2021 942 2107 quod
998 2020 1250 2090 mulier
1295 2042 1505 2090 causa
1551 2020 2019 2091 damnationis
2068 2021 2380 2091 extiterit.
2440 2026 2539 2090 Tu
2585 2023 2773 2090 enim

216 2107 491 2180 Judicis
538 2120 603 2178 et
664 2108 1139 2199 Redemptoris
1206 2119 1423 2178 mater
1476 2108 1746 2180 existes.
1810 2112 1962 2190 Ave,
2018 2109 2238 2199 gratia
2288 2109 2490 2199 plena
2523 2164 2538 2191 ,
2590 2131 2769 2197 quae

222 2195 470 2266 mundi
518 2197 748 2288 paries
796 2197 1236 2267 Salvatorein.
1289 2204 1442 2279 Ave,
1496 2197 1716 2287 gratia
1754 2196 1978 2287 plena,
2033 2197 2322 2287 genitrix
2370 2197 2546 2267 vitae
2590 2220 2769 2285 quae

219 2295 513 2356 mortem
563 2285 839 2356 delebit.
892 2290 1042 2365 Ave,
1091 2284 1476 2355 animatum
1526 2286 1642 2354 Dei
1687 2297 1816 2354 tem
1877 2285 2047 2355 lum.
2086 2290 2238 2368 Ave,
2291 2285 2464 2356 coeli
2521 2297 2769 2356 terrae-

215 2394 353 2461 que
425 2375 679 2463 pariter
752 2374 1212 2444 domicilium.
1265 2379 1395 2443 Ave
1454 2385 1742 2443 naturae
1801 2309 1992 2445 iilius
2040 2396 2218 2461 quae
2277 2375 2770 2465 comprehendi

219 2484 356 2533 non
403 2472 642 2553 potest,
705 2462 1220 2555 amplissimum
1270 2461 1773 2534 habitaculum.
1829 2467 1952 2533 Per
1999 2462 2180 2533 hanc
2229 2462 2451 2545 adest,
2506 2462 2769 2535 charis-

217 2551 425 2632 simi,
504 2553 1020 2643 aegrotantibus
1082 2551 1416 2632 medicuS,
1472 2554 1542 2621 in
1613 2552 1913 2623 tenebris
1970 2551 2492 2622 considentibus
2541 2552 2768 2622 illuxit

205 2640 519 2731 justitiae
568 2641 693 2721 sol,
736 2651 1129 2741 tempestate
1178 2641 1453 2740 ,jactatis
1511 2639 1733 2711 factus
1780 2662 2031 2711 ancora
2063 2697 2078 2722 ,
2145 2653 2520 2731 portusque
2569 2642 2768 2711 tutis-

216 2729 462 2808 simus,
515 2733 649 2798 Deo
691 2729 932 2798 invisis
990 2739 1055 2799 et
1102 2729 1405 2800 inimicis
1454 2729 1941 2809 reconciliatio,
1998 2730 2286 2820 captivis
2340 2729 2761 2830 redemptiO,

216 2819 283 2886 in
322 2818 500 2886 bello
548 2817 979 2888 versantibus
1027 2818 1575 2887 munitissimum
1609 2818 2241 2909 propugnaculum:
2275 2817 2390 2886 ille
2424 2819 2760 2887 nimirum

212 2906 333 2995 qui
374 2918 476 2975 est
524 2928 653 2996 pax
704 2919 958 2974 nostra.
1012 2911 1158 2988 Qua
1206 2905 1486 2993 quidem
1550 2928 1720 2996 pace
1768 2907 2034 2976 utinam
2086 2907 2288 2977 detur
2336 2907 2538 2977 nobis
2597 2906 2761 2986 frui,

214 3017 338 3085 per
386 2994 677 3084 gratiam
720 2994 1028 3084 ejusdem
1083 2994 1196 3062 Dei
1246 2994 1462 3063 nostri
1492 3000 1659 3065 Jesu
1707 2995 1979 3065 Christi.

416 3276 542 3375 DE
609 3275 686 3374 S.
756 3273 1231 3374 LATRONE
1300 3271 1507 3373 CUM
1579 3273 1963 3374 DOMINO
2034 3273 2583 3376 CRUClFlXO

212 3517 329 3563 rna
379 3516 576 3563 mvtm
623 3514 989 3563 Annnosmn
1036 3512 1234 3561 nrrsc.
1307 3511 1648 3560 ΜΕοιοιΑΝ.
1715 3511 1994 3560 scmrrA.
2059 3490 2218 3579 (Est
2264 3494 2493 3561 Sermo
2542 3502 2622 3561 44
2645 3492 2694 3580 ).
2734 3491 2767 3524 ⁴*

301 3710 338 3793 ξ
385 3713 462 3779 1.
519 3706 883 3776 Videamus
929 3705 1089 3792 quis
1146 3705 1293 3795 ipse
1342 3704 1513 3773 latro
1562 3704 1649 3773 sit
1700 3704 1820 3791 qui
1871 3703 1938 3770 in
2005 3707 2217 3772 Cruce
2266 3703 2556 3771 Domino
2603 3725 2768 3773 con-

211 3797 473 3875 stituto,
519 3816 655 3863 non
707 3794 930 3863 solum
983 3806 1417 3884 peccatorum
1468 3812 1752 3861 suorum
1797 3792 2066 3860 veniam
2121 3791 2593 3878 consequitur,
2647 3791 2766 3860 sed

211 3884 415 3955 etiam
457 3883 762 3972 paradisi
809 3882 1218 3952 amoenitate
1272 3881 1592 3962 donatur,
1646 3892 1725 3949 ut
1771 3879 1889 3967 qui
1943 3890 2220 3969 propter
2266 3879 2524 3948 scelera
2572 3879 2771 3948 dam-

211 3985 418 4042 natus
466 3970 686 4041 fuerat
731 3971 815 4040 ad
870 3992 1187 4060 poenam,
1225 3982 1503 4060 propter
1535 3969 1743 4038 fidem
1794 3968 2280 4038 transferretur
2318 3967 2405 4035 ad
2439 3967 2759 4056 gloriam,

214 4060 558 4147 fueritque
609 4059 711 4128 illi
759 4082 927 4128 crux
989 4080 1199 4145 quam
1268 4057 1597 4148 pertulit,
1654 4079 1790 4126 non
1841 4069 1981 4126 tam
2037 4055 2366 4146 supplicii
2414 4055 2769 4124 damnatio

211 4171 422 4238 quam
475 4147 718 4220 salutis
750 4147 1042 4218 occasio.
1098 4151 1174 4216 In
1210 4167 1415 4215 cruce
1446 4145 1633 4214 enim
1670 4145 1956 4236 posituS‚
2003 4144 2347 4215 Christum
2391 4143 2766 4213 Dominum

266 4296 293 4322 ³⁸
322 4293 450 4342 Quae
470 4302 600 4342 seqq.
620 4302 676 4333 ex
697 4293 773 4333 SS.
792 4293 916 4333 Eccl.
935 4290 1155 4332 Patribus
1177 4291 1233 4330 de
1256 4292 1388 4331 Bono
1406 4290 1613 4330 Latrone
1632 4290 1913 4329 Sermonum
1933 4289 2196 4339 fragmenta
2214 4290 2444 4338 optimum
2463 4288 2682 4329 «luximus
2713 4298 2769 4327 ex

210 4348 340 4393 surii
358 4348 380 4387 1
401 4348 522 4387 Edit.
542 4345 615 4399 (tn
633 4346 786 4388 altera
803 4346 1147 4391 desiderantur)
1166 4344 1259 4383 huc
1278 4343 1476 4389 adferre,
1494 4353 1602 4383 cum
1621 4352 1718 4383 non
1737 4352 1830 4382 uno
1858 4342 1957 4382 sint
1985 4344 2174 4383 nomine
2203 4341 2473 4390 legentibus
2499 4341 2786 4391 protutura:

213 4401 402 4451 egregia
424 4401 549 4440 enim
568 4400 794 4449 praebent
822 4399 949 4438 cii-ca
976 4396 1330 4446 Redemptionis
1359 4397 1663 4444 mysterium.
1689 4396 1857 4436 miram
1886 4396 2161 4436 miserentis
2199 4396 2282 4435 Det
2311 4395 2535 4444 gratiam.
2562 4394 2611 4434 et
2643 4395 2767 4444 piam

214 4455 306 4498 fide
324 4463 380 4495 ac
397 4462 483 4504 spe
500 4455 685 4504 partam
702 4452 966 4503 peccatoris
986 4451 1333 4495 contessionem
1353 4451 1401 4492 et
1418 4449 1496 4491 his
1514 4448 1704 4493 elmint-
1732 4447 1841 4502 (vid
1857 4449 2139 4490 MAnrYaox..
2158 4449 2391 4494 musra..
2409 4448 2498 4489 hac
2521 4447 2627 4495 die).
