3327 4999
2235 258 2280 311 *b

230 386 474 450 MART.
528 387 613 451 25
1031 402 1108 451 nr.
1156 405 1210 451 s.
1268 402 1685 455 HERMELANDO
1735 406 1974 453 Anum:
2555 390 2669 456 tot

227 484 342 554 sed
398 495 621 553 tamen
664 506 880 572 aequo
929 484 1152 554 ferens
1192 487 1446 569 anime,
1487 487 1570 555 ad
1623 486 1823 557 solita
1868 487 2258 557 orationum
2310 488 2653 579 praesidia
2701 512 2773 559 se

227 574 506 665 recepit.
553 596 804 664 rogans
859 575 1248 657 Dominum,
1299 588 1376 645 ut
1426 577 1630 645 boves
1679 576 1903 647 abacti
1969 577 2509 647 restituerentur.
2563 584 2775 649 Tanta

227 686 385 732 vero
435 662 566 732 fuit
613 686 854 733 earum
907 687 1188 754 precum
1240 666 1365 746 viS,
1418 678 1494 735 ut
1544 666 1753 735 miser
1799 665 1913 735 ille
1943 666 2060 753 qui
2112 667 2315 737 boves
2353 669 2591 758 procul
2626 669 2775 738 abi-

228 775 387 842 gere
437 752 872 835 moliebatur,
931 754 1145 824 multo
1185 754 1534 824 consectus
1567 755 1819 837 labore,
1876 778 2077 825 mane
2106 756 2189 825 ad
2240 756 2549 826 coenobii
2598 757 2775 827 sores

229 865 344 911 eos
395 842 782 912 adduxerit.
837 844 1121 913 Gavisus
1153 843 1256 912 vir
1297 843 1434 926 Dei,
1492 846 1743 935 recepit
1780 846 1982 915 boves
2032 868 2233 915 suos:
2295 868 2495 933 porro
2545 845 2768 916 furem

227 931 487 1013 blande
529 934 966 1023 castigatum,
1002 932 1384 1015 admonuit,
1422 956 1505 1002 ne
1554 933 1836 1024 posthac
1886 957 1956 1003 se
1990 934 2074 1003 ab
2110 935 2394 1005 inimico
2442 935 2774 1005 daemone

235 1021 304 1089 in
362 1021 700 1111 flagitium
755 1021 1017 1112 impelli
1055 1036 1432 1113 pateretur:
1472 1045 1556 1091 ne
1601 1035 1666 1092 et
1712 1022 1825 1093 hic
1872 1023 2208 1094 obnoxius
2256 1025 2557 1107 crimini,
2614 1048 2774 1116 poe-

231 1133 361 1178 nas
410 1110 601 1179 daret
649 1124 712 1179 et
761 1123 992 1200 postea
1027 1111 1209 1203 apud
1262 1111 1517 1181 inferos
1565 1125 1919 1182 aeternum
1967 1112 2412 1183 cruciaretur.

317 1202 352 1285 ξ
409 1206 553 1272 15.
605 1200 948 1290 Agatheus
979 1201 1079 1269 vir
1128 1201 1448 1289 inclytus,
1503 1203 1950 1271 Nannetensis
1981 1216 2185 1290 atque
2235 1204 2617 1273 Redonieae
2648 1226 2769 1297 ur-

227 1289 334 1357 bis
388 1289 422 1320 ’
469 1310 743 1369 comeS,
803 1290 1164 1377 utriusque
1231 1289 1358 1359 loci
1417 1292 1885 1382 episcopatum
1937 1314 2307 1382 occupatiS,
2362 1298 2767 1363 Anti-ensem

226 1376 528 1447 insulam
582 1392 725 1448 tum
763 1379 1112 1468 precandi,
1149 1392 1293 1449 tum
1329 1380 1765 1468 colloquendi
1804 1403 1961 1449 cum
2006 1381 2146 1451 viro
2181 1383 2294 1450 Dei
2329 1385 2539 1454 causa
2568 1383 2766 1452 adiit.

223 1472 555 1558 Acceptus
603 1480 702 1536 est
750 1481 974 1537 autem
1026 1492 1062 1538 a
1114 1480 1346 1539 sancto
1408 1474 1549 1539 viro
1614 1492 1748 1539 non
1807 1470 2297 1540 inhumaniter.
2354 1476 2551 1541 Facta
2615 1495 2775 1561 ora-

225 1557 427 1637 tione,
468 1557 571 1625 vir
619 1557 884 1625 Domini
934 1558 1081 1647 ejus
1128 1559 1464 1644 quaedam
1516 1559 1691 1630 faeta
1719 1560 2176 1650 reprehendit,
2222 1561 2764 1650 hortabaturque

222 1658 298 1715 ut
332 1645 782 1737 resipisceret.
827 1647 1077 1715 Deinde
1128 1648 1192 1716 in
1240 1648 1696 1730 refectorium,
1756 1662 1832 1719 ut
1882 1662 2145 1731 vocant,
2200 1672 2357 1720 eum
2461 1652 2760 1733 erduxit,

213 1735 561 1824 jussitque
614 1736 748 1804 vini
779 1736 1060 1805 calicem
1098 1736 1199 1805 illi
1251 1739 1582 1826 praeberi.
1628 1739 1836 1829 Cujus
1882 1761 2039 1807 cum
2095 1754 2356 1826 partem
2444 1740 2757 1810 imidiam

221 1824 668 1903 exhausisset,
723 1825 1054 1913 velletque
1104 1826 1386 1895 calicem
1450 1828 1731 1897 reddere
1780 1829 1993 1909 fratri,
2052 1829 2150 1897 vir
2200 1843 2481 1899 sanctus
2532 1830 2762 1898 horta-

223 1914 426 1983 batur
473 1928 547 1984 ut
593 1914 927 1983 ebiberet:
993 1915 1442 2003 attollensque
1491 1917 1832 1986 dexteram
1888 1940 2197 1999 manum,
2258 1918 2484 1988 denuo
2535 1919 2768 1988 crucis

225 2003 504 2091 signum
550 2026 757 2095 supra
792 2003 1071 2073 calicem
1125 2004 1320 2073 illum
1372 2007 1725 2096 expressit.
1787 2008 2084 2076 Necdum
2131 2030 2414 2077 manum
2466 2021 2770 2077 retraxe-

227 2104 355 2169 rat,
399 2105 462 2161 et
509 2114 664 2161 ecce
705 2093 933 2164 subito
971 2095 1309 2163 intantum
1362 2095 1659 2185 repletus
1707 2110 1808 2165 est
1856 2096 2052 2176 calix,
2091 2108 2167 2166 ut
2218 2099 2451 2167 vinum
2506 2097 2767 2166 redun-

231 2180 407 2249 dans
455 2181 524 2249 in
578 2182 858 2251 brachia
912 2183 1181 2252 comitis
1227 2183 1551 2254 efflueret.
1607 2190 1777 2253 Tum
1842 2208 1995 2255 vero
2044 2185 2159 2255 ille
2199 2208 2270 2256 se
2320 2187 2488 2256 tanti
2540 2208 2770 2256 sacer-

233 2268 412 2339 dotis
457 2291 782 2342 consessu
829 2272 1198 2363 indignum
1237 2273 1588 2363 judicans,
1642 2274 1996 2343 celerrime
2045 2275 2126 2346 ad
2194 2276 2398 2366 pedes
2446 2276 2598 2365 ejus
2633 2287 2769 2345 tre-

233 2359 625 2428 mebundus
687 2362 988 2441 corruit,
1059 2362 1428 2431 obsecrans
1477 2375 1551 2432 ut
1599 2385 1723 2453 pro
1771 2363 1993 2454 ipsius
2043 2366 2343 2455 peccatis
2396 2366 2767 2435 Dominum

229 2447 735 2539 deprecaretur.
797 2455 894 2520 Ita
945 2450 1058 2521 ille
1113 2465 1388 2522 externo
1436 2452 1841 2544 compulsus
1887 2466 1988 2524 est
2038 2454 2398 2536 miraeum,
2455 2455 2630 2547 ejus,
2686 2454 2772 2524 de

225 2560 362 2624 qua
415 2539 670 2609 infidus
716 2540 1107 2621 dubitabat,
1177 2564 1546 2633 agnoscere
1602 2544 2055 2614 sanctitatem.
2112 2550 2240 2614 Nec
2290 2544 2583 2614 dubium
2638 2559 2764 2626 est,

225 2626 503 2718 signum
557 2629 704 2710 hoc,
757 2629 988 2701 divina
1036 2631 1478 2722 dispensante
1527 2633 1999 2724 providentia,
2055 2633 2312 2704 idcirco
2361 2634 2759 2724 contigisse,

223 2730 299 2786 ut
357 2717 557 2787 bruta
620 2741 812 2788 mens
860 2741 1035 2807 quae
1081 2733 1356 2791 sanctae
1387 2721 1876 2792 exhortationis
1925 2723 2149 2793 verbis
2207 2723 2378 2793 nihil
2444 2723 2765 2793 moveba-

226 2821 355 2888 tur,
398 2808 493 2875 vel
549 2808 787 2878 timore
837 2810 1175 2900 perculsa,
1233 2812 1317 2880 ad
1366 2812 1717 2881 meliorem
1769 2835 1838 2881 se
1888 2811 2153 2901 frugem
2209 2813 2509 2913 recipere
2562 2835 2765 2902 coge-

221 2910 430 2965 retur.
472 2902 545 2966 Et
577 2921 656 2966 ex
708 2898 821 2967 illo
869 2899 1149 2985 quidem
1200 2913 1500 2991 tempore
1536 2924 1668 2969 non
1714 2924 1958 2991 parum
1994 2902 2106 2970 ille
2137 2902 2221 2970 de
2273 2903 2564 2993 pristina
2599 2924 2763 2972 cru·

220 2985 492 3054 delitate
529 2987 810 3055 remisit.

309 3077 344 3161 ξ
406 3080 554 3146 16.
611 3075 950 3144 Invisebat
995 3076 1292 3163 quodam
1347 3091 1647 3167 tempore
1697 3093 1976 3150 sanctus
2060 3093 2204 3150 ater
2250 3080 2568 3151 utilitatis
2604 3102 2765 3171 gra-

222 3163 316 3230 tia
360 3165 821 3251 possessiones
870 3166 1423 3236 monasteriisui.
1465 3170 1652 3238 Venit
1679 3181 1905 3239 autem
1942 3194 1978 3237 a
2065 3170 2461 3240 Pauliacum
2495 3169 2763 3238 villam:

223 3250 344 3318 ubi
393 3272 550 3318 cum
602 3266 872 3332 cuncta,
931 3266 1130 3343 prout
1179 3276 1285 3324 res
1335 3279 1610 3345 poscere
1661 3258 2041 3340 videbatur,
2088 3259 2566 3349 expedivisset,
2613 3259 2770 3348 jam

225 3349 420 3406 nocte
468 3339 926 3429 impendente,
982 3365 1105 3413 suo
1142 3364 1328 3411 more
1388 3346 1668 3437 pervigil
1734 3347 1799 3415 in
1862 3348 2255 3417 divinarum
2308 3370 2541 3418 rerum
2596 3370 2768 3416 con-

223 3426 663 3517 templatione
715 3433 1111 3520 permansit,
1167 3446 1570 3521 noctemque
1610 3436 1805 3505 duxit
1852 3437 2265 3505 insomnem.
2306 3438 2589 3505 Interim
2631 3437 2770 3506 sub

225 3518 370 3607 ipsa
401 3516 794 3587 coelestium
821 3521 1284 3610 speculatione
1313 3522 1478 3591 vidit
1511 3525 1577 3592 in
1600 3525 1997 3611 Aquitaniae
2029 3526 2338 3616 partibus
2369 3526 2434 3594 in
2467 3531 2771 3595 Creaene

222 3605 401 3674 Cella
450 3606 588 3676 sive
652 3610 1059 3678 monasterio
1119 3633 1243 3678 suo
1297 3612 1479 3697 qnod
1543 3613 1604 3680 ei
1654 3614 1908 3703 scripto
1973 3615 2300 3683 traditum
2365 3614 2632 3694 fuerat,
2706 3628 2771 3684 et
2822 3645 2841 3652 -

220 3696 307 3764 ab
354 3717 432 3764 eo
481 3695 649 3774 loce,
687 3698 805 3766 ubi
857 3711 998 3768 tum
1043 3699 1188 3788 ipse
1236 3700 1545 3800 degebat,
1582 3702 1667 3770 ad
1718 3708 1802 3771 80
1851 3703 2083 3771 aberat
2128 3702 2476 3784 milliaria,
2522 3705 2771 3793 cujus-

219 3785 378 3853 dam
434 3786 839 3857 venerabilis
889 3788 1206 3858 monachi
1239 3811 1542 3859 animam
1594 3792 1711 3877 qui
1762 3791 2158 3879 ejusl'uerat
2204 3792 2769 3863 institutionibus

224 3873 550 3954 imbutus,
624 3887 826 3963 atque
884 3883 964 3946 est
1011 3881 1218 3946 causa
1273 3878 1410 3947 illic
1458 3881 1545 3949 ab
1604 3903 1682 3949 eo
1735 3880 2173 3963 constitutus,
2229 3893 2302 3949 ut
2352 3894 2497 3951 tum
2553 3882 2762 3962 illud,

222 3977 363 4032 tum
408 3962 778 4033 Colonense
825 3988 1097 4054 quoque
1146 3980 1415 4036 curaret
1455 3969 1949 4039 monasterium
2001 3970 2139 4039 sive
2190 3970 2466 4051 Cellam,
2522 3996 2557 4039 e
2615 3994 2769 4041 cor-

219 4073 382 4142 pore
433 4053 866 4143 migrantem,
907 4069 1109 4142 atque
1143 4055 1474 4148 angelicis
1511 4057 1750 4127 fultam
1792 4059 2176 4149 praesidiiS,
2213 4064 2395 4130 recta
2426 4060 2511 4129 ad
2541 4061 2766 4130 coelos

221 4141 635 4211 tendentem.
692 4150 837 4213 Mox
877 4145 1058 4214 edito
1107 4146 1327 4235 sigim,
1374 4145 1703 4216 fratribus
1738 4148 1957 4217 visum
2004 4149 2244 4240 aperit.
2285 4154 2426 4219 Non
2486 4149 2770 4219 deerant

223 4241 367 4298 tum
420 4231 486 4299 in
539 4231 625 4300 iis
677 4233 845 4323 ipsis
876 4235 1159 4322 quidam
1213 4248 1427 4304 aetate
1472 4236 1786 4323 juniores
1818 4238 1939 4325 qui
1976 4252 2289 4309 sanctum
2344 4239 2593 4319 virum,
2637 4240 2767 4307 'am

221 4319 440 4388 multo
488 4320 875 4392 confectum
931 4325 1146 4399 senio,
1191 4324 1484 4394 delirare
1540 4339 1879 4417 putarent.
1912 4332 1987 4396 At
2024 4328 2137 4397 ille
2189 4329 2474 4397 Domino
2524 4262 2774 4397 adline-

223 4430 404 4489 renS,
457 4431 534 4477 eo
583 4412 855 4501 spiritu,
924 4436 1061 4500 quo
1127 4414 1360 4504 procul
1432 4415 1689 4486 viderat
1750 4416 2053 4487 animam
2107 4417 2336 4488 fratris
2390 4439 2425 4486 e
2487 4439 2771 4509 corpore

279 4534 301 4560 ¹*
334 4535 514 4574 Hennes.
