3327 4999
658 319 786 384 650
1275 332 1357 382 ΒΕ
1404 335 1458 383 s.
1503 336 1868 384 nsmuwno
1908 335 2078 384 nuc.
2113 337 2189 383 m
2229 335 2412 386 conr.
2693 319 2797 385 EX
2846 319 3027 385 OCT.
3090 322 3136 384 5

567 415 832 487 visione
904 427 1314 507 conspectae
1381 428 1646 498 essent,
1702 428 1986 487 sanctus
2056 415 2501 506 Meinulphus
2566 428 2712 487 tum
2781 417 3140 507 majestati

569 504 867 586 divinae,
923 516 1070 575 tum
1110 505 1515 595 Imperatori
1564 527 1839 593 quoque
1933 516 2158 575 ratum
2206 505 2349 574 fore
2398 505 2508 596 pie
2555 504 2689 574 sibi
2749 505 3140 596 persuade-

568 593 706 676 bat,
753 594 914 665 siin
969 593 1117 663 loco
1166 607 1545 663 memorato
1592 596 1859 682 ejusmo
1913 594 2460 664 icanonicarum
2509 615 2586 663 ex
2620 595 2820 665 bonis
2860 595 3011 665 suis
3060 605 3136 665 et

569 682 973 772 patrimonii
1022 682 1130 751 sui
1184 681 1633 754 facultatibus
1683 682 2176 755 monasterium
2247 682 2591 763 conderet,
2644 695 2723 753 ut
2765 682 2908 753 illic
2955 706 3136 754 con-

569 771 865 841 tinenter
901 772 1227 853 viventes,
1272 772 1593 841 devotum
1646 776 1781 841 Deo
1829 772 2304 873 impenderent
2343 770 2777 842 famulatum.

661 862 698 947 §
746 866 833 932 ὅ.
879 858 1032 928 Adit
1064 858 1277 950 igitur
1309 866 1409 929 Im
1466 873 1826 942 eratorem,
1931 882 2074 931 lum
2145 859 2362 930 animi
2412 861 2521 931 sui
2578 860 2997 931 desiderium
3053 883 3131 930 a-

567 948 789 1103 perit:
835 953 1216 1038 Imperator
1263 947 1391 1018 illu
1487 961 1762 1039 gratum
1799 948 1889 1018 ha
1938 962 2026 1029 et,
2067 949 2357 1038 ejusque
2405 948 2727 1039 precibus
2769 971 3126 1031 annuens,

597 1035 803 1105 iteras
850 1036 914 1105 ei
964 1058 1089 1106 suo
1136 1037 1536 1126 obsignatas
1565 1037 1828 1107 annulo
1858 1038 2185 1128 impertit.
2240 1038 2408 1108 Inde
2453 1050 2798 1107 revertens
2837 1037 3134 1107 Meinul-

568 1125 773 1214 phuS‚
828 1124 899 1192 in
951 1126 1103 1213 ipso
1151 1124 1394 1196 itinere
1457 1148 1631 1195 nova
1695 1125 1997 1214 quadam
2071 1125 2384 1197 coelestis
2440 1126 2756 1197 beneficii
2805 1126 3132 1198 consola-

567 1212 753 1281 tione
831 1212 1151 1284 afficitur.
1213 1214 1439 1283 Cernit
1484 1213 1671 1284 enim
1720 1236 2001 1306 capsam
2035 1270 2050 1296 ‚
2117 1214 2332 1286 sacris
2363 1215 2744 1285 condendis
2809 1215 3128 1303 reliquiis

566 1313 822 1391 aptam,
861 1302 1036 1372 inter
1082 1304 1366 1375 arbusta
1403 1304 1600 1392 juxta
1652 1303 1830 1372 viam
1878 1303 2300 1372 haerentem:
2352 1325 2505 1373 eam
2553 1303 2839 1391 quidam
2886 1326 2968 1375 ex
3007 1303 3114 1373 fa-

566 1389 958 1462 miliaribus
1004 1391 1155 1481 ejus
1202 1390 1503 1483 deponit,
1557 1392 1887 1478 offertque
1927 1391 2031 1460 illi
2077 1392 2609 1483 inspiciendam.
2647 1396 2723 1461 At
2769 1391 2886 1462 illc
2920 1392 3120 1483 prius

564 1479 1107 1566 circumquaque
1136 1480 1334 1570 jubet
1379 1481 1662 1567 inquiri,
1710 1501 1878 1549 num
1926 1481 2084 1567 quis
2113 1481 2263 1571 ejus
2295 1480 2622 1551 dominus
2669 1482 2797 1551 sit:
2839 1481 3122 1551 nemine

565 1579 794 1637 autem
841 1567 1105 1655 aliquid
1166 1569 1350 1658 juris
1400 1570 1465 1637 in
1518 1592 1598 1638 ea
1666 1568 1799 1638 sibi
1849 1568 2272 1650 vendicante,
2326 1569 2600 1639 divinae
2662 1570 3125 1660 benignitatis,

566 1656 838 1725 muneri
886 1677 1029 1726 rem
1073 1668 1279 1727 totam
1316 1670 1662 1747 acceptam
1710 1658 1955 1739 serenS,
1991 1679 2142 1727 eam
2193 1657 2327 1727 sibi
2359 1658 2691 1730 divinitus
2739 1659 3107 1729 transmis-

564 1766 711 1813 sam
763 1744 876 1835 pia
913 1746 1214 1832 quadam
1242 1745 1500 1816 fiducia
1532 1745 1928 1816 arbitratur:
1975 1768 2098 1815 nec
2133 1758 2361 1816 tamen
2400 1768 2576 1828 cam,
2613 1746 2749 1816 nisi
2777 1748 3118 1837 Episcopo

564 1848 921 1922 praesente
951 1844 1154 1921 atque
1190 1835 1500 1924 Jubente,
1561 1833 2006 1924 aperiendam
2054 1847 2306 1904 censet.
2347 1840 2492 1905 Mox
2540 1836 2753 1926 igitur
2796 1847 3120 1927 apportat

563 1943 713 1991 eam
763 1921 848 1991 ad
883 1923 1322 2012 Episcopum,
1380 1923 1575 2009 isque
1608 1944 1759 1991 eam
1809 1935 2193 1993 reverenter
2255 1924 2596 2013 aperiens,
2652 1923 2909 1994 multas
2957 1947 3119 1993 san-

563 2022 835 2079 ctorum
887 2011 1213 2098 reliquias
1271 2012 1703 2081 veneratione
1775 2011 2268 2100 dignissimas,
2326 2012 2394 2080 in
2446 2034 2528 2081 ea
2573 2012 3110 2102 contemplatur.

564 2098 731 2168 Inde
785 2121 943 2168 vero
1002 2099 1088 2169 ad
1139 2100 1676 2170 construendam
1726 2104 1858 2168 Deo
1922 2122 2189 2169 sacram
2249 2099 2485 2170 aedem
2538 2100 2778 2171 beatus
2829 2101 3119 2171 Meinul·

564 2187 749 2278 phus
781 2187 1107 2258 fidentius
1141 2189 1636 2259 inflammatur.
1678 2192 1986 2279 Cumque
2025 2211 2270 2259 rursus
2300 2188 2530 2259 locum
2564 2189 2972 2280 diligentius
3009 2190 3119 2258 iu-

562 2288 966 2365 specturuS,
1020 2275 1209 2348 solus
1262 2299 1342 2346 eo
1389 2298 1461 2349 se
1506 2276 1865 2359 conferret,
1939 2290 2015 2347 ut
2068 2277 2219 2367 ejus
2287 2277 2737 2367 capacitatem
2786 2291 2852 2347 et
2899 2279 3118 2347 totius

560 2375 945 2434 structurae
1015 2365 1350 2436 rationem
1424 2365 1819 2435 accuratius
1887 2366 2319 2456 expenderet,
2374 2365 2510 2435 alia
2548 2366 2611 2435 ei
2662 2365 2830 2437 visio
2878 2365 3117 2437 oblata

561 2464 685 2523 est.
740 2458 817 2522 In
869 2452 1111 2524 eodem
1159 2455 1344 2525 enim
1402 2453 1586 2537 loc0‚
1630 2454 1754 2524 ubi
1802 2468 2001 2525 antea
2049 2454 2309 2525 viderat
2368 2476 2602 2526 cervas
2649 2454 2956 2526 motibus
3001 2456 3116 2525 in-

563 2542 887 2623 stabileS,
942 2564 1218 2613 cervum
1292 2543 1666 2643 praestanti
1736 2565 2059 2634 corpore,
2115 2544 2443 2614 cornibus
2491 2544 2558 2612 in
2611 2543 2911 2615 sublime
2958 2566 3113 2615 ere-

560 2630 711 2711 ctis,
766 2632 1218 2701 accubantem
1250 2632 1453 2702 videt:
1498 2635 1663 2701 mox'
1702 2654 1856 2703 vero
1889 2633 1975 2702 ad
2008 2633 2187 2702 beati
2239 2632 2362 2701 viri
2403 2645 2875 2722 conspectum,
2929 2645 3111 2703 tam-

563 2740 776 2805 quam
810 2720 967 2802 sibi,
1006 2720 1126 2789 illo
1172 2719 1603 2802 adventante,
1642 2723 1981 2792 accubare
2032 2743 2168 2790 non
2210 2721 2465 2803 liceret,
2521 2741 2668 2791 sese
2699 2721 3108 2813 erigentem.

562 2812 720 2897 Ipso
766 2820 993 2878 autem
1043 2808 1127 2876 ad
1163 2808 1343 2877 cervi
1389 2820 1835 2898 conspectum
1877 2809 2051 2878 nihil
2104 2810 2358 2891 territ0,
2405 2809 2522 2881 sed
2561 2809 2853 2901 propius
2899 2810 3113 2880 etiam

562 2895 947 2976 accedente,
1001 2917 1245 2965 cervus
1294 2896 1492 2964 humi
1538 2919 1611 2966 se
1655 2898 2036 2974 prosternit.
2077 2903 2251 2967 Eum
2301 2898 2656 2969 insolitum
2719 2897 2904 2969 bruti
2956 2898 3113 2967 ani-

563 2983 769 3052 malis
816 2996 1087 3071 gestum
1135 2984 1238 3051 vir
1299 2996 1581 3053 sanctus
1629 2984 1863 3053 divino
1924 2986 2197 3055 muneri
2244 2986 2648 3066 attribuen5‚
2702 2987 2772 3054 in
2825 3008 3109 3057 cervum

563 3092 727 3140 suos
774 3069 1011 3161 defigit
1057 3071 1378 3152 obtutuS,
1442 3071 1757 3159 videtque
1803 3072 1982 3141 inter
2025 3074 2175 3163 ejus
2225 3096 2485 3144 cornua
2543 3074 2814 3145 radiare
2872 3077 3116 3145 Crucis

563 3158 956 3227 Dominicae
1002 3158 1308 3248 signum,
1365 3160 1555 3228 omni
1594 3183 1766 3231 auro
1816 3161 2236 3248 rutilantius.
2291 3168 2382 3232 Eo
2412 3173 2801 3252 conspecto,
2852 3163 3115 3233 intelli-

562 3268 730 3347 gens
777 3246 1016 3316 adesse
1064 3248 1430 3319 Dominum
1474 3259 1712 3330 suum,
1769 3250 2205 3338 multumque
2263 3273 2342 3320 ea
2384 3273 2452 3321 re
2502 3251 2814 3334 laetatus,
2853 3252 2923 3320 iu
2979 3252 3114 3322 hu-

551 3334 865 3426 jusmodi
905 3337 1293 3427 prorumpit
1320 3337 1565 3407 verba:
1601 3345 1798 3407 <clam
1834 3338 2002 3408 mihi
2034 3361 2192 3429 spes
2220 3351 2404 3409 certa
2451 3339 2754 3430 affulget,
2792 3361 2954 3410 eum
2986 3340 3114 3426 qui

561 3424 912 3511 quondam
965 3446 1125 3495 cum
1175 3425 1303 3495 hoc
1354 3427 1596 3495 vexillo
1646 3426 2023 3497 inferorum
2073 3428 2373 3498 claustra
2424 3429 2821 3517 penetravit,
2862 3427 3111 3498 adver-

565 3536 687 3583 sus
732 3512 1109 3584 diabolicos
1180 3514 1505 3585 incursus
1566 3516 1777 3605 hujus
1835 3513 1965 3584 loci
2034 3515 2173 3584 fore
2222 3528 2744 3606 protectorem.»
2800 3521 3113 3604 Cumque

564 3601 732 3671 haec
764 3614 829 3671 et
869 3602 935 3672 id
986 3624 1206 3692 genus
1252 3602 1387 3672 alia
1435 3603 1712 3683 diceret,
1768 3625 2011 3674 cervus
2057 3604 2142 3673 ab
2189 3605 2340 3704 ejus
2388 3603 2610 3682 oculis
2643 3604 3012 3694 disparuit.

650 3691 687 3777 ξ
754 3695 847 3761 6.
902 3696 1070 3759 Tum
1124 3690 1238 3760 ille
1285 3693 1520 3761 accitis
1566 3691 1924 3782 operariis,
1977 3692 2281 3761 excindit
2325 3692 2628 3774 arboreS,
2672 3694 2964 3783 extirpat
2998 3716 3112 3764 ve-

562 3800 722 3868 pres
754 3790 819 3846 et
867 3778 1124 3868 spinas,
1182 3779 1410 3849 locum
1460 3780 1653 3850 ocius
1711 3791 2081 3870 repurgat,
2139 3781 2631 3851 monasterium
2681 3794 2747 3851 et
2792 3783 2946 3872 ejus
2993 3806 3110 3852 ec-

562 3866 845 3936 clesiam
901 3867 1173 3948 extruit,
1240 3882 1305 3937 et
1350 3880 1593 3954 quarto
1642 3867 1809 3938 Idus
1858 3869 2256 3939 Novembris
2303 3891 2454 3938 eam
2504 3882 2700 3939 curat
2766 3870 3102 3950 dedicari,

561 3955 916 4041 multaque
964 3978 1044 4024 ex
1092 3955 1397 4045 paternis
1445 3956 1647 4026 bonis
1684 3956 1746 4024 ei
1795 3955 1944 4027 loco
1994 3956 2272 4046 praedia
2323 3957 2636 4048 largitur,
2668 3958 3112 4046 instituitque

562 4043 706 4112 illic
754 4044 1354 4134 congregationem
1407 4044 1849 4125 secularium,
1882 4058 1959 4114 ut
2007 4056 2269 4126 vocant,
2308 4046 2831 4116 Canonicarum.
2867 4053 3108 4138 Ipsum

563 4153 718 4200 vero
768 4131 994 4201 locum
1060 4132 1381 4203 dixerunt
1428 4133 1669 4202 Bodek.
1724 4138 2092 4219 Postquam
2140 4145 2372 4203 autem
2421 4135 2984 4205 sanctimoniales
3036 4135 3106 4204 in

559 4243 638 4290 eo
671 4221 1084 4290 monasterio
1131 4220 1449 4291 nonnihil
1502 4221 1957 4312 profecerunt,
2051 4222 2343 4292 uaedam
2405 4223 2631 4291 ereis
2678 4222 2766 4291 ad
2814 4224 3106 4294 domum

563 4309 980 4378 monasterio
1019 4309 1315 4379 vicinam
1366 4311 1678 4391 accessit,
1706 4310 1976 4398 hyemis
2044 4311 2238 4401 rigus
2268 4332 2500 4381 arcere
2546 4310 2861 4401 cupiens».
2918 4316 3109 4395 Quae

561 4419 721 4467 cum
762 4398 848 4467 ad
899 4398 1128 4487 ignem
1183 4419 1255 4469 se
1302 4396 1743 4480 admovisset,
1798 4409 1864 4468 et
1890 4399 2147 4469 nudato
2177 4400 2422 4490 capite,
2469 4411 2734 4490 pectere
2776 4421 2846 4472 se
2878 4399 3099 4483 vellet,
