<?xml version="1.0" encoding="UTF-8"?>
<!DOCTYPE html PUBLIC "-//W3C//DTD XHTML 1.0 Transitional//EN"
    "http://www.w3.org/TR/xhtml1/DTD/xhtml1-transitional.dtd">
<html xmlns="http://www.w3.org/1999/xhtml" xml:lang="en" lang="en">
 <head>
  <title>
</title>
<meta http-equiv="Content-Type" content="text/html;charset=utf-8" />
  <meta name='ocr-system' content='tesseract 3.04.00' />
  <meta name='ocr-capabilities' content='ocr_page ocr_carea ocr_par ocr_line ocrx_word'/>
</head>
<body>
  <div class='ocr_page' id='page_1' title='image "./historiaeseuvit04lippgoog_0702.png"; bbox 0 0 3327 4999; ppageno 0'>
   <div class='ocr_carea' id='block_1_1' title="bbox 690 326 3119 399">
    <p class='ocr_par' dir='ltr' id='par_1_1' title="bbox 690 326 3119 399">
     <span class='ocr_line' id='line_1_1' title="bbox 690 326 3119 399; baseline -0.004 0"><span class='ocrx_word' id='word_1_1' title='bbox 690 332 817 399; x_wconf 78' lang='lat'><strong>672</strong></span> <span class='ocrx_word' id='word_1_2' title='bbox 1330 348 1409 395; x_wconf 75' lang='lat' dir='ltr'><strong>na</strong></span> <span class='ocrx_word' id='word_1_3' title='bbox 1456 348 1512 396; x_wconf 90' lang='lat' dir='ltr'><strong>s.</strong></span> <span class='ocrx_word' id='word_1_4' title='bbox 1564 345 1856 397; x_wconf 68' lang='lat' dir='ltr'><strong>rannone</strong></span> <span class='ocrx_word' id='word_1_5' title='bbox 1902 346 2120 397; x_wconf 67' lang='lat' dir='ltr'><strong>coion.</strong></span> <span class='ocrx_word' id='word_1_6' title='bbox 2172 346 2370 396; x_wconf 69' lang='lat' dir='ltr'><strong>muso.</strong></span> <span class='ocrx_word' id='word_1_7' title='bbox 2657 327 2758 393; x_wconf 86' lang='lat' dir='ltr'><strong>EX</strong></span> <span class='ocrx_word' id='word_1_8' title='bbox 2807 326 2981 393; x_wconf 87' lang='lat' dir='ltr'><strong>OCT.</strong></span> <span class='ocrx_word' id='word_1_9' title='bbox 3041 327 3119 390; x_wconf 77' lang='grc' dir='ltr'>Μ</span> 
     </span>
    </p>
   </div>
   <div class='ocr_carea' id='block_1_2' title="bbox 596 428 3135 4450">
    <p class='ocr_par' dir='ltr' id='par_1_2' title="bbox 596 428 3135 1950">
     <span class='ocr_line' id='line_1_2' title="bbox 599 428 3132 524; baseline -0.004 -18"><span class='ocrx_word' id='word_1_10' title='bbox 599 435 946 515; x_wconf 89' lang='lat' dir='ltr'><strong>manibus,</strong></span> <span class='ocrx_word' id='word_1_11' title='bbox 1001 433 1267 524; x_wconf 87' lang='lat' dir='ltr'><strong>agendo</strong></span> <span class='ocrx_word' id='word_1_12' title='bbox 1300 443 1372 502; x_wconf 92' lang='lat' dir='ltr'><strong>ut</strong></span> <span class='ocrx_word' id='word_1_13' title='bbox 1406 431 1563 524; x_wconf 87' lang='lat' dir='ltr'><strong>plus</strong></span> <span class='ocrx_word' id='word_1_14' title='bbox 1590 432 1892 514; x_wconf 88' lang='lat' dir='ltr'><strong>haberet,</strong></span> <span class='ocrx_word' id='word_1_15' title='bbox 1929 447 2004 503; x_wconf 87' lang='lat' dir='ltr'><strong>ut</strong></span> <span class='ocrx_word' id='word_1_16' title='bbox 2034 432 2205 503; x_wconf 90' lang='lat' dir='ltr'><strong>nihil</strong></span> <span class='ocrx_word' id='word_1_17' title='bbox 2234 432 2534 513; x_wconf 87' lang='lat' dir='ltr'><strong>haberet,</strong></span> <span class='ocrx_word' id='word_1_18' title='bbox 2568 429 2989 503; x_wconf 82' lang='lat' dir='ltr'>omnimodis</span> <span class='ocrx_word' id='word_1_19' title='bbox 3023 428 3132 498; x_wconf 86' lang='lat' dir='ltr'><strong>ef-</strong></span> 
     </span>
     <span class='ocr_line' id='line_1_3' title="bbox 599 520 3128 607; baseline -0.003 -11"><span class='ocrx_word' id='word_1_20' title='bbox 599 525 926 595; x_wconf 89' lang='lat' dir='ltr'><strong>fecerunt.</strong></span> <span class='ocrx_word' id='word_1_21' title='bbox 971 529 1231 592; x_wconf 81' lang='lat' dir='ltr'>Interea</span> <span class='ocrx_word' id='word_1_22' title='bbox 1284 534 1507 591; x_wconf 92' lang='lat' dir='ltr'><strong>tamen</strong></span> <span class='ocrx_word' id='word_1_23' title='bbox 1560 521 1782 591; x_wconf 90' lang='lat' dir='ltr'><strong>modis</strong></span> <span class='ocrx_word' id='word_1_24' title='bbox 1831 522 2181 605; x_wconf 90' lang='lat' dir='ltr'><strong>omnibus,</strong></span> <span class='ocrx_word' id='word_1_25' title='bbox 2233 544 2359 591; x_wconf 89' lang='lat' dir='ltr'><strong>nec</strong></span> <span class='ocrx_word' id='word_1_26' title='bbox 2407 520 2584 591; x_wconf 90' lang='lat' dir='ltr'><strong>dolis</strong></span> <span class='ocrx_word' id='word_1_27' title='bbox 2615 520 2871 602; x_wconf 90' lang='lat' dir='ltr'><strong>minus,</strong></span> <span class='ocrx_word' id='word_1_28' title='bbox 2905 540 3128 607; x_wconf 89' lang='lat' dir='ltr'><strong>quam</strong></span> 
     </span>
     <span class='ocr_line' id='line_1_4' title="bbox 598 608 3132 699; baseline -0.002 -16"><span class='ocrx_word' id='word_1_29' title='bbox 598 616 862 685; x_wconf 91' lang='lat' dir='ltr'><strong>viribus</strong></span> <span class='ocrx_word' id='word_1_30' title='bbox 908 624 1186 692; x_wconf 89' lang='lat' dir='ltr'><strong>certare,</strong></span> <span class='ocrx_word' id='word_1_31' title='bbox 1244 632 1464 697; x_wconf 90' lang='lat' dir='ltr'><strong>neque</strong></span> <span class='ocrx_word' id='word_1_32' title='bbox 1510 610 1656 680; x_wconf 92' lang='lat' dir='ltr'><strong>dies</strong></span> <span class='ocrx_word' id='word_1_33' title='bbox 1708 627 1936 698; x_wconf 85' lang='lat' dir='ltr'><strong>neque&#39;</strong></span> <span class='ocrx_word' id='word_1_34' title='bbox 1961 623 2192 683; x_wconf 89' lang='lat' dir='ltr'><strong>noctes</strong></span> <span class='ocrx_word' id='word_1_35' title='bbox 2225 611 2649 699; x_wconf 85' lang='lat' dir='ltr'><strong>requiescere</strong></span> <span class='ocrx_word' id='word_1_36' title='bbox 2693 608 3132 679; x_wconf 88' lang='lat' dir='ltr'><strong>adversarios</strong></span> 
     </span>
     <span class='ocr_line' id='line_1_5' title="bbox 599 697 3132 800; baseline -0.003 -25"><span class='ocrx_word' id='word_1_37' title='bbox 599 704 778 775; x_wconf 89' lang='lat' dir='ltr'><strong>inter</strong></span> <span class='ocrx_word' id='word_1_38' title='bbox 824 725 896 773; x_wconf 89' lang='lat' dir='ltr'><strong>se</strong></span> <span class='ocrx_word' id='word_1_39' title='bbox 928 710 1277 791; x_wconf 89' lang='lat' dir='ltr'><strong>suspectos</strong></span> <span class='ocrx_word' id='word_1_40' title='bbox 1308 698 1549 781; x_wconf 89' lang='lat' dir='ltr'><strong>facere,</strong></span> <span class='ocrx_word' id='word_1_41' title='bbox 1587 700 1759 769; x_wconf 91' lang='lat' dir='ltr'><strong>nihil</strong></span> <span class='ocrx_word' id='word_1_42' title='bbox 1794 700 2200 772; x_wconf 88' lang='lat' dir='ltr'><strong>intentatum</strong></span> <span class='ocrx_word' id='word_1_43' title='bbox 2236 701 2642 789; x_wconf 82' lang='lat' dir='ltr'>relinquere,</span> <span class='ocrx_word' id='word_1_44' title='bbox 2678 720 2898 786; x_wconf 90' lang='lat' dir='ltr'><strong>neque</strong></span> <span class='ocrx_word' id='word_1_45' title='bbox 2924 697 3132 800; x_wconf 84' lang='lat' dir='ltr'><strong>quic-</strong></span> 
     </span>
     <span class='ocr_line' id='line_1_6' title="bbox 599 787 3132 883; baseline -0.003 -19"><span class='ocrx_word' id='word_1_46' title='bbox 599 816 810 882; x_wconf 91' lang='lat' dir='ltr'><strong>quam</strong></span> <span class='ocrx_word' id='word_1_47' title='bbox 858 790 1052 883; x_wconf 88' lang='lat' dir='ltr'><strong>pensi</strong></span> <span class='ocrx_word' id='word_1_48' title='bbox 1111 789 1403 869; x_wconf 88' lang='lat' dir='ltr'><strong>habere,</strong></span> <span class='ocrx_word' id='word_1_49' title='bbox 1475 788 1852 860; x_wconf 90' lang='lat' dir='ltr'><strong>dummodo</strong></span> <span class='ocrx_word' id='word_1_50' title='bbox 1900 789 1969 859; x_wconf 93' lang='lat' dir='ltr'><strong>id</strong></span> <span class='ocrx_word' id='word_1_51' title='bbox 2015 790 2396 872; x_wconf 85' lang='lat' dir='ltr'><strong>efficerent,</strong></span> <span class='ocrx_word' id='word_1_52' title='bbox 2452 800 2529 860; x_wconf 92' lang='lat' dir='ltr'><strong>ut</strong></span> <span class='ocrx_word' id='word_1_53' title='bbox 2578 787 2894 858; x_wconf 84' lang='lat' dir='ltr'><strong>maximis</strong></span> <span class='ocrx_word' id='word_1_54' title='bbox 2941 798 3132 857; x_wconf 77' lang='lat' dir='ltr'><strong>intra</strong></span> 
     </span>
     <span class='ocr_line' id='line_1_7' title="bbox 600 876 3131 980; baseline -0.004 -26"><span class='ocrx_word' id='word_1_55' title='bbox 600 903 891 973; x_wconf 85' lang='lat' dir='ltr'><strong>regnum</strong></span> <span class='ocrx_word' id='word_1_56' title='bbox 939 878 1231 949; x_wconf 86' lang='lat' dir='ltr'><strong>urbibus</strong></span> <span class='ocrx_word' id='word_1_57' title='bbox 1276 891 1341 948; x_wconf 84' lang='lat' dir='ltr'><strong>et</strong></span> <span class='ocrx_word' id='word_1_58' title='bbox 1378 878 1488 948; x_wconf 89' lang='lat' dir='ltr'><strong>his</strong></span> <span class='ocrx_word' id='word_1_59' title='bbox 1524 878 2091 980; x_wconf 84' lang='lat' dir='ltr'><strong>opulentissimiS,</strong></span> <span class='ocrx_word' id='word_1_60' title='bbox 2154 899 2590 968; x_wconf 90' lang='lat' dir='ltr'><strong>quocumque</strong></span> <span class='ocrx_word' id='word_1_61' title='bbox 2633 877 2913 969; x_wconf 89' lang='lat' dir='ltr'><strong>ingenio</strong></span> <span class='ocrx_word' id='word_1_62' title='bbox 2945 876 3131 967; x_wconf 85' lang='lat' dir='ltr'><strong>poti·</strong></span> 
     </span>
     <span class='ocr_line' id='line_1_8' title="bbox 597 966 3128 1059; baseline -0.003 -17"><span class='ocrx_word' id='word_1_63' title='bbox 597 983 857 1052; x_wconf 90' lang='lat' dir='ltr'><strong>rentur,</strong></span> <span class='ocrx_word' id='word_1_64' title='bbox 903 968 1061 1039; x_wconf 91' lang='lat' dir='ltr'><strong>inde</strong></span> <span class='ocrx_word' id='word_1_65' title='bbox 1106 966 1374 1039; x_wconf 90' lang='lat' dir='ltr'><strong>cunctis</strong></span> <span class='ocrx_word' id='word_1_66' title='bbox 1408 989 1599 1059; x_wconf 76' lang='lat' dir='ltr'><strong>regni</strong></span> <span class='ocrx_word' id='word_1_67' title='bbox 1646 968 1905 1038; x_wconf 88' lang='lat' dir='ltr'><strong>finibus</strong></span> <span class='ocrx_word' id='word_1_68' title='bbox 1950 967 2149 1038; x_wconf 85' lang='lat' dir='ltr'><strong>facile</strong></span> <span class='ocrx_word' id='word_1_69' title='bbox 2178 990 2249 1040; x_wconf 89' lang='lat' dir='ltr'><strong>se</strong></span> <span class='ocrx_word' id='word_1_70' title='bbox 2277 969 2735 1059; x_wconf 81' lang='lat' dir='ltr'><strong>imperaturos</strong></span> <span class='ocrx_word' id='word_1_71' title='bbox 2781 966 3128 1037; x_wconf 88' lang='lat' dir='ltr'><strong>arbitran-</strong></span> 
     </span>
     <span class='ocr_line' id='line_1_9' title="bbox 598 1056 3127 1148; baseline -0.003 -17"><span class='ocrx_word' id='word_1_72' title='bbox 598 1074 721 1132; x_wconf 92' lang='lat' dir='ltr'><strong>tes.</strong></span> <span class='ocrx_word' id='word_1_73' title='bbox 758 1065 843 1130; x_wconf 84' lang='lat' dir='ltr'><strong>Ac</strong></span> <span class='ocrx_word' id='word_1_74' title='bbox 890 1081 975 1128; x_wconf 90' lang='lat' dir='ltr'><strong>ne</strong></span> <span class='ocrx_word' id='word_1_75' title='bbox 1020 1057 1186 1146; x_wconf 90' lang='lat' dir='ltr'><strong>quid</strong></span> <span class='ocrx_word' id='word_1_76' title='bbox 1240 1057 1510 1148; x_wconf 90' lang='lat' dir='ltr'><strong>penitus</strong></span> <span class='ocrx_word' id='word_1_77' title='bbox 1555 1056 1705 1127; x_wconf 88' lang='lat' dir='ltr'><strong>sine</strong></span> <span class='ocrx_word' id='word_1_78' title='bbox 1750 1057 1992 1127; x_wconf 86' lang='lat' dir='ltr'><strong>fraude</strong></span> <span class='ocrx_word' id='word_1_79' title='bbox 2037 1057 2248 1139; x_wconf 88' lang='lat' dir='ltr'><strong>fieret,</strong></span> <span class='ocrx_word' id='word_1_80' title='bbox 2284 1080 2442 1128; x_wconf 91' lang='lat' dir='ltr'><strong>cum</strong></span> <span class='ocrx_word' id='word_1_81' title='bbox 2486 1056 2802 1138; x_wconf 84' lang='lat' dir='ltr'><strong>ArnoldO,</strong></span> <span class='ocrx_word' id='word_1_82' title='bbox 2841 1068 3127 1127; x_wconf 89' lang='lat' dir='ltr'><strong>strenuo</strong></span> 
     </span>
     <span class='ocr_line' id='line_1_10' title="bbox 596 1146 3124 1241; baseline -0.003 -21"><span class='ocrx_word' id='word_1_83' title='bbox 596 1148 920 1241; x_wconf 85' lang='lat' dir='ltr'><strong>inprimis</strong></span> <span class='ocrx_word' id='word_1_84' title='bbox 952 1146 1117 1228; x_wconf 84' lang='lat' dir='ltr'><strong>vire,</strong></span> <span class='ocrx_word' id='word_1_85' title='bbox 1173 1146 1287 1216; x_wconf 91' lang='lat' dir='ltr'><strong>cui</strong></span> <span class='ocrx_word' id='word_1_86' title='bbox 1334 1168 1607 1216; x_wconf 90' lang='lat' dir='ltr'><strong>summa</strong></span> <span class='ocrx_word' id='word_1_87' title='bbox 1637 1168 1866 1217; x_wconf 90' lang='lat' dir='ltr'><strong>rerum</strong></span> <span class='ocrx_word' id='word_1_88' title='bbox 1922 1169 2038 1237; x_wconf 89' lang='lat' dir='ltr'><strong>per</strong></span> <span class='ocrx_word' id='word_1_89' title='bbox 2065 1146 2247 1217; x_wconf 87' lang='lat' dir='ltr'><strong>idem</strong></span> <span class='ocrx_word' id='word_1_90' title='bbox 2297 1160 2568 1237; x_wconf 91' lang='lat' dir='ltr'><strong>tempus</strong></span> <span class='ocrx_word' id='word_1_91' title='bbox 2598 1146 2667 1214; x_wconf 89' lang='lat' dir='ltr'><strong>in</strong></span> <span class='ocrx_word' id='word_1_92' title='bbox 2702 1151 3124 1216; x_wconf 88' lang='lat' dir='ltr'><strong>Bavarorum</strong></span> 
     </span>
     <span class='ocr_line' id='line_1_11' title="bbox 600 1233 3121 1329; baseline -0.003 -20"><span class='ocrx_word' id='word_1_93' title='bbox 600 1253 779 1329; x_wconf 81' lang='lat' dir='ltr'><strong>terra</strong></span> <span class='ocrx_word' id='word_1_94' title='bbox 823 1237 1191 1308; x_wconf 88' lang='lat' dir='ltr'><strong>commissa</strong></span> <span class='ocrx_word' id='word_1_95' title='bbox 1237 1233 1388 1318; x_wconf 86' lang='lat' dir='ltr'><strong>fuit,</strong></span> <span class='ocrx_word' id='word_1_96' title='bbox 1418 1235 1743 1306; x_wconf 91' lang='lat' dir='ltr'><strong>secretius</strong></span> <span class='ocrx_word' id='word_1_97' title='bbox 1793 1234 2397 1326; x_wconf 79' lang='lat' dir='ltr'><strong>pollicitationibus</strong></span> <span class='ocrx_word' id='word_1_98' title='bbox 2453 1234 2764 1317; x_wconf 84' lang='lat' dir='ltr'><strong>infinitis,</strong></span> <span class='ocrx_word' id='word_1_99' title='bbox 2817 1254 3121 1305; x_wconf 89' lang='lat' dir='ltr'><strong>comme-</strong></span> 
     </span>
     <span class='ocr_line' id='line_1_12' title="bbox 599 1321 3124 1419; baseline -0.003 -20"><span class='ocrx_word' id='word_1_100' title='bbox 599 1327 931 1399; x_wconf 88' lang='lat' dir='ltr'><strong>morando</strong></span> <span class='ocrx_word' id='word_1_101' title='bbox 978 1326 1260 1415; x_wconf 90' lang='lat' dir='ltr'><strong>insuper</strong></span> <span class='ocrx_word' id='word_1_102' title='bbox 1320 1324 1555 1395; x_wconf 88' lang='lat' dir='ltr'><strong>odium</strong></span> <span class='ocrx_word' id='word_1_103' title='bbox 1607 1336 1820 1419; x_wconf 77' lang='lat' dir='ltr'><strong>vetus,</strong></span> <span class='ocrx_word' id='word_1_104' title='bbox 1871 1327 2159 1417; x_wconf 82' lang='lat' dir='ltr'><strong>egerunt</strong></span> <span class='ocrx_word' id='word_1_105' title='bbox 2221 1337 2293 1396; x_wconf 92' lang='lat' dir='ltr'><strong>ut</strong></span> <span class='ocrx_word' id='word_1_106' title='bbox 2348 1347 2419 1394; x_wconf 91' lang='lat' dir='ltr'><strong>se</strong></span> <span class='ocrx_word' id='word_1_107' title='bbox 2481 1324 2818 1416; x_wconf 90' lang='lat' dir='ltr'><strong>primum,</strong></span> <span class='ocrx_word' id='word_1_108' title='bbox 2871 1321 3124 1393; x_wconf 90' lang='lat' dir='ltr'><strong>deinde</strong></span> 
     </span>
     <span class='ocr_line' id='line_1_13' title="bbox 599 1412 3123 1508; baseline -0.004 -19"><span class='ocrx_word' id='word_1_109' title='bbox 599 1418 844 1489; x_wconf 90' lang='lat' dir='ltr'><strong>urbem</strong></span> <span class='ocrx_word' id='word_1_110' title='bbox 896 1414 1340 1508; x_wconf 90' lang='lat' dir='ltr'><strong>praeclaram,</strong></span> <span class='ocrx_word' id='word_1_111' title='bbox 1400 1426 1737 1503; x_wconf 89' lang='lat' dir='ltr'><strong>postremo</strong></span> <span class='ocrx_word' id='word_1_112' title='bbox 1784 1425 1998 1486; x_wconf 90' lang='lat' dir='ltr'><strong>totum</strong></span> <span class='ocrx_word' id='word_1_113' title='bbox 2047 1413 2220 1485; x_wconf 90' lang='lat' dir='ltr'><strong>illud</strong></span> <span class='ocrx_word' id='word_1_114' title='bbox 2273 1435 2563 1505; x_wconf 87' lang='lat' dir='ltr'><strong>regnum</strong></span> <span class='ocrx_word' id='word_1_115' title='bbox 2614 1413 2905 1485; x_wconf 82' lang='lat' dir='ltr'><strong>Henrico</strong></span> <span class='ocrx_word' id='word_1_116' title='bbox 2953 1412 3123 1481; x_wconf 87' lang='lat' dir='ltr'><strong>Duci</strong></span> 
     </span>
     <span class='ocr_line' id='line_1_14' title="bbox 602 1502 3124 1598; baseline -0.002 -22"><span class='ocrx_word' id='word_1_117' title='bbox 602 1507 923 1598; x_wconf 87' lang='lat' dir='ltr'><strong>perjurus</strong></span> <span class='ocrx_word' id='word_1_118' title='bbox 970 1503 1355 1574; x_wconf 89' lang='lat' dir='ltr'><strong>abdicaret:</strong></span> <span class='ocrx_word' id='word_1_119' title='bbox 1424 1515 1688 1573; x_wconf 89' lang='lat' dir='ltr'><strong>tantum</strong></span> <span class='ocrx_word' id='word_1_120' title='bbox 1738 1503 1869 1573; x_wconf 90' lang='lat' dir='ltr'><strong>sibi</strong></span> <span class='ocrx_word' id='word_1_121' title='bbox 1920 1504 2182 1574; x_wconf 81' lang='lat' dir='ltr'><strong>roboris</strong></span> <span class='ocrx_word' id='word_1_122' title='bbox 2229 1503 2404 1573; x_wconf 90' lang='lat' dir='ltr'><strong>inter</strong></span> <span class='ocrx_word' id='word_1_123' title='bbox 2450 1524 2574 1584; x_wconf 60' lang='lat' dir='ltr'><strong>eos,</strong></span> <span class='ocrx_word' id='word_1_124' title='bbox 2621 1502 2880 1572; x_wconf 89' lang='lat' dir='ltr'><strong>invidia</strong></span> <span class='ocrx_word' id='word_1_125' title='bbox 2936 1512 3001 1570; x_wconf 89' lang='lat' dir='ltr'><strong>et</strong></span> <span class='ocrx_word' id='word_1_126' title='bbox 3046 1522 3124 1570; x_wconf 89' lang='lat' dir='ltr'><strong>o-</strong></span> 
     </span>
     <span class='ocr_line' id='line_1_15' title="bbox 602 1589 3135 1684; baseline -0.002 -19"><span class='ocrx_word' id='word_1_127' title='bbox 602 1597 794 1667; x_wconf 89' lang='lat' dir='ltr'><strong>dium</strong></span> <span class='ocrx_word' id='word_1_128' title='bbox 846 1592 1247 1664; x_wconf 79' lang='lat' dir='ltr'><strong>vendicavit.</strong></span> <span class='ocrx_word' id='word_1_129' title='bbox 1294 1591 1511 1662; x_wconf 90' lang='lat' dir='ltr'><strong>Simul</strong></span> <span class='ocrx_word' id='word_1_130' title='bbox 1561 1597 1945 1682; x_wconf 76' lang='lat' dir='ltr'><strong>HungarOS,</strong></span> <span class='ocrx_word' id='word_1_131' title='bbox 1981 1593 2330 1681; x_wconf 90' lang='lat' dir='ltr'><strong>antiquam</strong></span> <span class='ocrx_word' id='word_1_132' title='bbox 2371 1603 2626 1684; x_wconf 88' lang='lat' dir='ltr'><strong>pestem</strong></span> <span class='ocrx_word' id='word_1_133' title='bbox 2664 1592 2919 1684; x_wconf 81' lang='lat' dir='ltr'><strong>patriae</strong></span> <span class='ocrx_word' id='word_1_134' title='bbox 2958 1589 3135 1662; x_wconf 85' lang='lat' dir='ltr'><strong>soli--</strong></span> 
     </span>
     <span class='ocr_line' id='line_1_16' title="bbox 602 1680 3120 1782; baseline -0.003 -27"><span class='ocrx_word' id='word_1_135' title='bbox 602 1685 925 1766; x_wconf 86' lang='lat' dir='ltr'><strong>citabant,</strong></span> <span class='ocrx_word' id='word_1_136' title='bbox 987 1695 1061 1752; x_wconf 91' lang='lat' dir='ltr'><strong>ut</strong></span> <span class='ocrx_word' id='word_1_137' title='bbox 1110 1703 1395 1771; x_wconf 85' lang='lat' dir='ltr'><strong>regnum</strong></span> <span class='ocrx_word' id='word_1_138' title='bbox 1448 1681 1516 1749; x_wconf 91' lang='lat' dir='ltr'><strong>in</strong></span> <span class='ocrx_word' id='word_1_139' title='bbox 1569 1682 1873 1782; x_wconf 90' lang='lat' dir='ltr'><strong>seipsum</strong></span> <span class='ocrx_word' id='word_1_140' title='bbox 1922 1682 2220 1753; x_wconf 88' lang='lat' dir='ltr'><strong>divisum</strong></span> <span class='ocrx_word' id='word_1_141' title='bbox 2270 1681 2705 1751; x_wconf 81' lang='lat' dir='ltr'><strong>invaderent:</strong></span> <span class='ocrx_word' id='word_1_142' title='bbox 2777 1680 3120 1751; x_wconf 89' lang='lat' dir='ltr'><strong>arbitran-</strong></span> 
     </span>
     <span class='ocr_line' id='line_1_17' title="bbox 604 1769 3121 1863; baseline -0.003 -19"><span class='ocrx_word' id='word_1_143' title='bbox 604 1789 700 1845; x_wconf 85' lang='lat' dir='ltr'><strong>tes</strong></span> <span class='ocrx_word' id='word_1_144' title='bbox 750 1774 876 1843; x_wconf 87' lang='lat' dir='ltr'><strong>hoc</strong></span> <span class='ocrx_word' id='word_1_145' title='bbox 925 1771 1126 1842; x_wconf 88' lang='lat' dir='ltr'><strong>modo</strong></span> <span class='ocrx_word' id='word_1_146' title='bbox 1181 1771 1315 1842; x_wconf 87' lang='lat' dir='ltr'><strong>sibi</strong></span> <span class='ocrx_word' id='word_1_147' title='bbox 1354 1770 1883 1853; x_wconf 74' lang='lat' dir='ltr'><strong>solicitudinem,</strong></span> <span class='ocrx_word' id='word_1_148' title='bbox 1935 1794 2067 1860; x_wconf 88' lang='lat' dir='ltr'><strong>qua</strong></span> <span class='ocrx_word' id='word_1_149' title='bbox 2122 1771 2629 1863; x_wconf 85' lang='lat' dir='ltr'><strong>premebantur,</strong></span> <span class='ocrx_word' id='word_1_150' title='bbox 2683 1781 2802 1841; x_wconf 90' lang='lat' dir='ltr'><strong>aut</strong></span> <span class='ocrx_word' id='word_1_151' title='bbox 2850 1769 3121 1861; x_wconf 90' lang='lat' dir='ltr'><strong>penitus</strong></span> 
     </span>
     <span class='ocr_line' id='line_1_18' title="bbox 603 1860 2018 1950; baseline -0.004 -16"><span class='ocrx_word' id='word_1_152' title='bbox 603 1863 841 1943; x_wconf 80' lang='lat' dir='ltr'><strong>adimi,</strong></span> <span class='ocrx_word' id='word_1_153' title='bbox 897 1874 1014 1932; x_wconf 88' lang='lat' dir='ltr'><strong>aut</strong></span> <span class='ocrx_word' id='word_1_154' title='bbox 1060 1860 1147 1930; x_wconf 90' lang='lat' dir='ltr'><strong>ali</strong></span> <span class='ocrx_word' id='word_1_155' title='bbox 1203 1860 1751 1931; x_wconf 84' lang='lat' dir='ltr'><strong>uatenusminui</strong></span> <span class='ocrx_word' id='word_1_156' title='bbox 1802 1882 2018 1950; x_wconf 89' lang='lat' dir='ltr'><strong>posse.</strong></span> 
     </span>
    </p>

    <p class='ocr_par' dir='ltr' id='par_1_3' title="bbox 602 1949 3130 4450">
     <span class='ocr_line' id='line_1_19' title="bbox 690 1949 3119 2041; baseline -0.002 -16"><span class='ocrx_word' id='word_1_157' title='bbox 690 1955 727 2040; x_wconf 68' lang='grc' dir='ltr'>ξ</span> <span class='ocrx_word' id='word_1_158' title='bbox 787 1955 937 2025; x_wconf 70' lang='lat'><strong>18.</strong></span> <span class='ocrx_word' id='word_1_159' title='bbox 992 1956 1130 2021; x_wconf 91' lang='lat' dir='ltr'><strong>Hac</strong></span> <span class='ocrx_word' id='word_1_160' title='bbox 1210 1971 1246 2018; x_wconf 90' lang='lat' dir='ltr'><strong>e</strong></span> <span class='ocrx_word' id='word_1_161' title='bbox 1293 1971 1386 2030; x_wconf 90' lang='lat' dir='ltr'><strong>re,</strong></span> <span class='ocrx_word' id='word_1_162' title='bbox 1444 1960 1687 2041; x_wconf 90' lang='lat' dir='ltr'><strong>utputa</strong></span> <span class='ocrx_word' id='word_1_163' title='bbox 1719 1962 1858 2019; x_wconf 87' lang='lat' dir='ltr'><strong>tam</strong></span> <span class='ocrx_word' id='word_1_164' title='bbox 1908 1949 2135 2022; x_wconf 72' lang='lat' dir='ltr'><strong>subita</strong></span> <span class='ocrx_word' id='word_1_165' title='bbox 2182 1961 2246 2020; x_wconf 93' lang='lat' dir='ltr'><strong>et</strong></span> <span class='ocrx_word' id='word_1_166' title='bbox 2292 1949 2687 2041; x_wconf 74' lang='lat' dir='ltr'><strong>improvisa,</strong></span> <span class='ocrx_word' id='word_1_167' title='bbox 2734 1960 3119 2020; x_wconf 89' lang='lat' dir='ltr'><strong>commotus</strong></span> 
     </span>
     <span class='ocr_line' id='line_1_20' title="bbox 602 2037 3109 2133; baseline -0.002 -20"><span class='ocrx_word' id='word_1_168' title='bbox 602 2047 1004 2133; x_wconf 89' lang='lat' dir='ltr'><strong>Imperator,</strong></span> <span class='ocrx_word' id='word_1_169' title='bbox 1050 2051 1114 2109; x_wconf 88' lang='lat' dir='ltr'><strong>et</strong></span> <span class='ocrx_word' id='word_1_170' title='bbox 1164 2038 1383 2130; x_wconf 89' lang='lat' dir='ltr'><strong>magis</strong></span> <span class='ocrx_word' id='word_1_171' title='bbox 1429 2037 1710 2109; x_wconf 90' lang='lat' dir='ltr'><strong>illorum</strong></span> <span class='ocrx_word' id='word_1_172' title='bbox 1768 2039 2065 2119; x_wconf 64' lang='lat' dir='ltr'><strong>miserie,</strong></span> <span class='ocrx_word' id='word_1_173' title='bbox 2118 2061 2326 2127; x_wconf 90' lang='lat' dir='ltr'><strong>quam</strong></span> <span class='ocrx_word' id='word_1_174' title='bbox 2377 2061 2503 2109; x_wconf 92' lang='lat' dir='ltr'><strong>suo</strong></span> <span class='ocrx_word' id='word_1_175' title='bbox 2539 2037 2797 2108; x_wconf 86' lang='lat' dir='ltr'><strong>damno</strong></span> <span class='ocrx_word' id='word_1_176' title='bbox 2844 2037 3109 2117; x_wconf 90' lang='lat' dir='ltr'><strong>dolens,</strong></span> 
     </span>
     <span class='ocr_line' id='line_1_21' title="bbox 602 2127 3113 2220; baseline -0.002 -18"><span class='ocrx_word' id='word_1_177' title='bbox 602 2130 1028 2202; x_wconf 88' lang='lat' dir='ltr'><strong>obsidionem</strong></span> <span class='ocrx_word' id='word_1_178' title='bbox 1091 2128 1495 2220; x_wconf 81' lang='lat' dir='ltr'><strong>Moguntiae‚</strong></span> <span class='ocrx_word' id='word_1_179' title='bbox 1556 2140 1832 2218; x_wconf 86' lang='lat' dir='ltr'><strong>accepto</strong></span> <span class='ocrx_word' id='word_1_180' title='bbox 1881 2128 2179 2210; x_wconf 88' lang='lat' dir='ltr'><strong>tandem,</strong></span> <span class='ocrx_word' id='word_1_181' title='bbox 2231 2127 2415 2215; x_wconf 89' lang='lat' dir='ltr'><strong>quod</strong></span> <span class='ocrx_word' id='word_1_182' title='bbox 2463 2129 2838 2219; x_wconf 86' lang='lat' dir='ltr'><strong>petebatur,</strong></span> <span class='ocrx_word' id='word_1_183' title='bbox 2896 2141 3113 2220; x_wconf 91' lang='lat' dir='ltr'><strong>pacto,</strong></span> 
     </span>
     <span class='ocr_line' id='line_1_22' title="bbox 604 2216 3112 2306; baseline -0.002 -16"><span class='ocrx_word' id='word_1_184' title='bbox 604 2219 887 2301; x_wconf 87' lang='lat' dir='ltr'><strong>dimisit,</strong></span> <span class='ocrx_word' id='word_1_185' title='bbox 939 2241 975 2288; x_wconf 92' lang='lat' dir='ltr'><strong>e</strong></span> <span class='ocrx_word' id='word_1_186' title='bbox 1035 2217 1277 2289; x_wconf 89' lang='lat' dir='ltr'><strong>castris</strong></span> <span class='ocrx_word' id='word_1_187' title='bbox 1332 2216 1672 2288; x_wconf 85' lang='lat' dir='ltr'><strong>Orientem</strong></span> <span class='ocrx_word' id='word_1_188' title='bbox 1729 2239 1962 2288; x_wconf 90' lang='lat' dir='ltr'><strong>versus</strong></span> <span class='ocrx_word' id='word_1_189' title='bbox 2008 2240 2168 2287; x_wconf 88' lang='lat' dir='ltr'><strong>cum</strong></span> <span class='ocrx_word' id='word_1_190' title='bbox 2217 2216 2349 2298; x_wconf 90' lang='lat' dir='ltr'><strong>his,</strong></span> <span class='ocrx_word' id='word_1_191' title='bbox 2403 2239 2575 2306; x_wconf 90' lang='lat' dir='ltr'><strong>quos</strong></span> <span class='ocrx_word' id='word_1_192' title='bbox 2623 2217 2797 2287; x_wconf 88' lang='lat' dir='ltr'><strong>fidos</strong></span> <span class='ocrx_word' id='word_1_193' title='bbox 2847 2217 3112 2293; x_wconf 82' lang='lat' dir='ltr'><strong>habuit.</strong></span> 
     </span>
     <span class='ocr_line' id='line_1_23' title="bbox 603 2304 3118 2399; baseline -0.003 -18"><span class='ocrx_word' id='word_1_194' title='bbox 603 2308 1010 2394; x_wconf 25' lang='lat' dir='ltr'><strong>consultum·</strong></span> <span class='ocrx_word' id='word_1_195' title='bbox 1047 2307 1356 2399; x_wconf 89' lang='lat' dir='ltr'><strong>partibus</strong></span> <span class='ocrx_word' id='word_1_196' title='bbox 1385 2305 1523 2378; x_wconf 91' lang='lat' dir='ltr'><strong>illis</strong></span> <span class='ocrx_word' id='word_1_197' title='bbox 1548 2304 1789 2376; x_wconf 86' lang='lat' dir='ltr'><strong>festine</strong></span> <span class='ocrx_word' id='word_1_198' title='bbox 1825 2305 2165 2397; x_wconf 88' lang='lat' dir='ltr'><strong>proficisci</strong></span> <span class='ocrx_word' id='word_1_199' title='bbox 2195 2305 2559 2396; x_wconf 87' lang='lat' dir='ltr'><strong>disposuit,</strong></span> <span class='ocrx_word' id='word_1_200' title='bbox 2602 2305 2878 2376; x_wconf 85' lang='lat' dir='ltr'><strong>fratrem</strong></span> <span class='ocrx_word' id='word_1_201' title='bbox 2912 2329 3118 2378; x_wconf 89' lang='lat' dir='ltr'><strong>suum</strong></span> 
     </span>
     <span class='ocr_line' id='line_1_24' title="bbox 603 2395 3117 2487; baseline -0.002 -19"><span class='ocrx_word' id='word_1_202' title='bbox 603 2405 991 2469; x_wconf 89' lang='lat' dir='ltr'><strong>Brunonem</strong></span> <span class='ocrx_word' id='word_1_203' title='bbox 1040 2396 1386 2467; x_wconf 89' lang='lat' dir='ltr'><strong>Occidenti</strong></span> <span class='ocrx_word' id='word_1_204' title='bbox 1419 2408 1708 2466; x_wconf 90' lang='lat' dir='ltr'><strong>tutorem</strong></span> <span class='ocrx_word' id='word_1_205' title='bbox 1759 2408 1824 2466; x_wconf 91' lang='lat' dir='ltr'><strong>et</strong></span> <span class='ocrx_word' id='word_1_206' title='bbox 1872 2396 2310 2487; x_wconf 89' lang='lat' dir='ltr'><strong>provisorem,</strong></span> <span class='ocrx_word' id='word_1_207' title='bbox 2364 2408 2451 2477; x_wconf 89' lang='lat' dir='ltr'><strong>et,</strong></span> <span class='ocrx_word' id='word_1_208' title='bbox 2483 2409 2558 2467; x_wconf 91' lang='lat' dir='ltr'><strong>ut</strong></span> <span class='ocrx_word' id='word_1_209' title='bbox 2605 2395 2698 2465; x_wconf 89' lang='lat' dir='ltr'><strong>ita</strong></span> <span class='ocrx_word' id='word_1_210' title='bbox 2745 2395 2974 2466; x_wconf 92' lang='lat' dir='ltr'><strong>dicam</strong></span> <span class='ocrx_word' id='word_1_211' title='bbox 3005 2400 3117 2464; x_wconf 82' lang='lat' dir='ltr'><strong>Ar·</strong></span> 
     </span>
     <span class='ocr_line' id='line_1_25' title="bbox 603 2484 3120 2578; baseline -0.002 -20"><span class='ocrx_word' id='word_1_212' title='bbox 603 2487 965 2559; x_wconf 87' lang='lat' dir='ltr'><strong>chiducem</strong></span> <span class='ocrx_word' id='word_1_213' title='bbox 1016 2486 1084 2555; x_wconf 91' lang='lat' dir='ltr'><strong>in</strong></span> <span class='ocrx_word' id='word_1_214' title='bbox 1135 2497 1271 2557; x_wconf 88' lang='lat' dir='ltr'><strong>tam</strong></span> <span class='ocrx_word' id='word_1_215' title='bbox 1325 2485 1706 2578; x_wconf 90' lang='lat' dir='ltr'><strong>periculoso</strong></span> <span class='ocrx_word' id='word_1_216' title='bbox 1755 2499 2054 2577; x_wconf 81' lang='lat' dir='ltr'><strong>tempore</strong></span> <span class='ocrx_word' id='word_1_217' title='bbox 2104 2484 2329 2566; x_wconf 88' lang='lat' dir='ltr'><strong>misit,</strong></span> <span class='ocrx_word' id='word_1_218' title='bbox 2401 2485 2515 2555; x_wconf 89' lang='lat' dir='ltr'><strong>cui</strong></span> <span class='ocrx_word' id='word_1_219' title='bbox 2569 2484 2733 2555; x_wconf 90' lang='lat' dir='ltr'><strong>talia</strong></span> <span class='ocrx_word' id='word_1_220' title='bbox 2794 2484 3120 2555; x_wconf 91' lang='lat' dir='ltr'><strong>mandata</strong></span> 
     </span>
     <span class='ocr_line' id='line_1_26' title="bbox 605 2574 3121 2668; baseline -0.002 -19"><span class='ocrx_word' id='word_1_221' title='bbox 605 2577 823 2649; x_wconf 90' lang='lat' dir='ltr'><strong>dedit:</strong></span> <span class='ocrx_word' id='word_1_222' title='bbox 896 2581 1173 2647; x_wconf 86' lang='lat' dir='ltr'><strong>«Unum</strong></span> <span class='ocrx_word' id='word_1_223' title='bbox 1223 2598 1347 2647; x_wconf 87' lang='lat' dir='ltr'><strong>nos</strong></span> <span class='ocrx_word' id='word_1_224' title='bbox 1394 2598 1666 2668; x_wconf 89' lang='lat' dir='ltr'><strong>semper</strong></span> <span class='ocrx_word' id='word_1_225' title='bbox 1704 2575 2022 2664; x_wconf 90' lang='lat' dir='ltr'><strong>idemque</strong></span> <span class='ocrx_word' id='word_1_226' title='bbox 2056 2574 2373 2655; x_wconf 85' lang='lat' dir='ltr'><strong>sensisse,</strong></span> <span class='ocrx_word' id='word_1_227' title='bbox 2429 2597 2551 2644; x_wconf 85' lang='lat' dir='ltr'><strong>nec</strong></span> <span class='ocrx_word' id='word_1_228' title='bbox 2608 2596 2918 2663; x_wconf 90' lang='lat' dir='ltr'><strong>unquam</strong></span> <span class='ocrx_word' id='word_1_229' title='bbox 2972 2588 3121 2645; x_wconf 88' lang='lat' dir='ltr'><strong>vota</strong></span> 
     </span>
     <span class='ocr_line' id='line_1_27' title="bbox 603 2662 3122 2757; baseline -0.001 -21"><span class='ocrx_word' id='word_1_230' title='bbox 603 2679 835 2739; x_wconf 89' lang='lat' dir='ltr'><strong>nostra</strong></span> <span class='ocrx_word' id='word_1_231' title='bbox 866 2667 938 2735; x_wconf 91' lang='lat' dir='ltr'><strong>in</strong></span> <span class='ocrx_word' id='word_1_232' title='bbox 987 2687 1422 2754; x_wconf 89' lang='lat' dir='ltr'><strong>quocumque</strong></span> <span class='ocrx_word' id='word_1_233' title='bbox 1453 2665 1720 2757; x_wconf 89' lang='lat' dir='ltr'><strong>negotio</strong></span> <span class='ocrx_word' id='word_1_234' title='bbox 1768 2665 1989 2735; x_wconf 84' lang='lat' dir='ltr'><strong>disere</strong></span> <span class='ocrx_word' id='word_1_235' title='bbox 2041 2687 2213 2746; x_wconf 91' lang='lat' dir='ltr'><strong>asse,</strong></span> <span class='ocrx_word' id='word_1_236' title='bbox 2267 2662 2405 2732; x_wconf 92' lang='lat' dir='ltr'><strong>dici</strong></span> <span class='ocrx_word' id='word_1_237' title='bbox 2454 2686 2588 2735; x_wconf 88' lang='lat' dir='ltr'><strong>non</strong></span> <span class='ocrx_word' id='word_1_238' title='bbox 2640 2676 2880 2755; x_wconf 89' lang='lat' dir='ltr'><strong>potest,</strong></span> <span class='ocrx_word' id='word_1_239' title='bbox 2915 2665 3122 2734; x_wconf 84' lang='lat' dir='ltr'><strong>frater</strong></span> 
     </span>
     <span class='ocr_line' id='line_1_28' title="bbox 602 2752 3117 2843; baseline -0.002 -17"><span class='ocrx_word' id='word_1_240' title='bbox 602 2755 1069 2838; x_wconf 88' lang='lat' dir='ltr'><strong>dilectissime,</strong></span> <span class='ocrx_word' id='word_1_241' title='bbox 1107 2767 1441 2843; x_wconf 88' lang='lat' dir='ltr'><strong>quantum</strong></span> <span class='ocrx_word' id='word_1_242' title='bbox 1491 2753 1810 2824; x_wconf 90' lang='lat' dir='ltr'><strong>delector.</strong></span> <span class='ocrx_word' id='word_1_243' title='bbox 1866 2759 1942 2823; x_wconf 89' lang='lat' dir='ltr'><strong>Et</strong></span> <span class='ocrx_word' id='word_1_244' title='bbox 2012 2776 2117 2823; x_wconf 78' lang='lat' dir='ltr'><strong>ioc</strong></span> <span class='ocrx_word' id='word_1_245' title='bbox 2163 2766 2265 2824; x_wconf 90' lang='lat' dir='ltr'><strong>est</strong></span> <span class='ocrx_word' id='word_1_246' title='bbox 2309 2752 2490 2840; x_wconf 89' lang='lat' dir='ltr'><strong>quod</strong></span> <span class='ocrx_word' id='word_1_247' title='bbox 2527 2754 2594 2822; x_wconf 93' lang='lat' dir='ltr'><strong>in</strong></span> <span class='ocrx_word' id='word_1_248' title='bbox 2630 2754 2898 2825; x_wconf 86' lang='lat' dir='ltr'><strong>acerbis</strong></span> <span class='ocrx_word' id='word_1_249' title='bbox 2947 2753 3117 2823; x_wconf 89' lang='lat' dir='ltr'><strong>meis</strong></span> 
     </span>
     <span class='ocr_line' id='line_1_29' title="bbox 603 2841 3120 2934; baseline -0.002 -18"><span class='ocrx_word' id='word_1_250' title='bbox 603 2846 811 2917; x_wconf 88' lang='lat' dir='ltr'><strong>rebus</strong></span> <span class='ocrx_word' id='word_1_251' title='bbox 860 2866 968 2915; x_wconf 89' lang='lat' dir='ltr'><strong>me</strong></span> <span class='ocrx_word' id='word_1_252' title='bbox 1023 2844 1316 2913; x_wconf 82' lang='lat' dir='ltr'><strong>maxime</strong></span> <span class='ocrx_word' id='word_1_253' title='bbox 1362 2843 1779 2923; x_wconf 87' lang='lat' dir='ltr'><strong>consolatur,</strong></span> <span class='ocrx_word' id='word_1_254' title='bbox 1833 2864 1993 2912; x_wconf 90' lang='lat' dir='ltr'><strong>cum</strong></span> <span class='ocrx_word' id='word_1_255' title='bbox 2042 2842 2235 2912; x_wconf 89' lang='lat' dir='ltr'><strong>video</strong></span> <span class='ocrx_word' id='word_1_256' title='bbox 2286 2864 2403 2931; x_wconf 90' lang='lat' dir='ltr'><strong>per</strong></span> <span class='ocrx_word' id='word_1_257' title='bbox 2457 2841 2945 2934; x_wconf 86' lang='lat' dir='ltr'><strong>omnipotentis</strong></span> <span class='ocrx_word' id='word_1_258' title='bbox 3002 2841 3120 2912; x_wconf 89' lang='lat' dir='ltr'><strong>Dei</strong></span> 
     </span>
     <span class='ocr_line' id='line_1_30' title="bbox 604 2931 3120 3026; baseline -0.002 -21"><span class='ocrx_word' id='word_1_259' title='bbox 604 2934 893 3026; x_wconf 83' lang='lat' dir='ltr'><strong>gratiam</strong></span> <span class='ocrx_word' id='word_1_260' title='bbox 945 2943 1173 3002; x_wconf 90' lang='lat' dir='ltr'><strong>nostro</strong></span> <span class='ocrx_word' id='word_1_261' title='bbox 1222 2931 1515 3022; x_wconf 90' lang='lat' dir='ltr'><strong>Imperio</strong></span> <span class='ocrx_word' id='word_1_262' title='bbox 1560 2931 1783 3023; x_wconf 89' lang='lat' dir='ltr'><strong>regale</strong></span> <span class='ocrx_word' id='word_1_263' title='bbox 1814 2931 2270 3002; x_wconf 86' lang='lat' dir='ltr'><strong>sacerdotium</strong></span> <span class='ocrx_word' id='word_1_264' title='bbox 2298 2932 2688 3002; x_wconf 88' lang='lat' dir='ltr'><strong>accessisse.</strong></span> <span class='ocrx_word' id='word_1_265' title='bbox 2719 2938 2798 3002; x_wconf 88' lang='lat' dir='ltr'><strong>In</strong></span> <span class='ocrx_word' id='word_1_266' title='bbox 2828 2944 2891 3002; x_wconf 88' lang='lat' dir='ltr'><strong>te</strong></span> <span class='ocrx_word' id='word_1_267' title='bbox 2922 2954 3120 3001; x_wconf 90' lang='lat' dir='ltr'><strong>nam-</strong></span> 
     </span>
     <span class='ocr_line' id='line_1_31' title="bbox 605 3019 3122 3112; baseline -0.002 -18"><span class='ocrx_word' id='word_1_268' title='bbox 605 3045 738 3112; x_wconf 91' lang='lat' dir='ltr'><strong>que</strong></span> <span class='ocrx_word' id='word_1_269' title='bbox 783 3035 849 3093; x_wconf 86' lang='lat' dir='ltr'><strong>et</strong></span> <span class='ocrx_word' id='word_1_270' title='bbox 895 3019 1335 3093; x_wconf 88' lang='lat' dir='ltr'><strong>sacerdotalis</strong></span> <span class='ocrx_word' id='word_1_271' title='bbox 1383 3020 1645 3111; x_wconf 83' lang='lat' dir='ltr'><strong>religio,</strong></span> <span class='ocrx_word' id='word_1_272' title='bbox 1698 3033 1762 3091; x_wconf 89' lang='lat' dir='ltr'><strong>et</strong></span> <span class='ocrx_word' id='word_1_273' title='bbox 1815 3021 2002 3112; x_wconf 87' lang='lat' dir='ltr'><strong>regia</strong></span> <span class='ocrx_word' id='word_1_274' title='bbox 2052 3019 2255 3110; x_wconf 91' lang='lat' dir='ltr'><strong>pollet</strong></span> <span class='ocrx_word' id='word_1_275' title='bbox 2315 3019 2662 3102; x_wconf 82' lang='lat' dir='ltr'><strong>sortitudO,</strong></span> <span class='ocrx_word' id='word_1_276' title='bbox 2715 3034 2791 3090; x_wconf 90' lang='lat' dir='ltr'><strong>ut</strong></span> <span class='ocrx_word' id='word_1_277' title='bbox 2828 3034 2893 3092; x_wconf 91' lang='lat' dir='ltr'><strong>et</strong></span> <span class='ocrx_word' id='word_1_278' title='bbox 2942 3021 3122 3093; x_wconf 90' lang='lat' dir='ltr'><strong>scias</strong></span> 
     </span>
     <span class='ocr_line' id='line_1_32' title="bbox 606 3108 3126 3200; baseline -0.001 -16"><span class='ocrx_word' id='word_1_279' title='bbox 606 3135 735 3183; x_wconf 89' lang='lat' dir='ltr'><strong>sua</strong></span> <span class='ocrx_word' id='word_1_280' title='bbox 785 3110 1034 3198; x_wconf 88' lang='lat' dir='ltr'><strong>cuique</strong></span> <span class='ocrx_word' id='word_1_281' title='bbox 1081 3109 1377 3180; x_wconf 86' lang='lat' dir='ltr'><strong>tribuere</strong></span> <span class='ocrx_word' id='word_1_282' title='bbox 1423 3108 1603 3198; x_wconf 90' lang='lat' dir='ltr'><strong>quod</strong></span> <span class='ocrx_word' id='word_1_283' title='bbox 1653 3121 1756 3180; x_wconf 90' lang='lat' dir='ltr'><strong>est</strong></span> <span class='ocrx_word' id='word_1_284' title='bbox 1792 3109 2134 3200; x_wconf 76' lang='lat' dir='ltr'><strong>Justitiae:</strong></span> <span class='ocrx_word' id='word_1_285' title='bbox 2187 3122 2252 3179; x_wconf 91' lang='lat' dir='ltr'><strong>et</strong></span> <span class='ocrx_word' id='word_1_286' title='bbox 2300 3109 2522 3186; x_wconf 79' lang='lat' dir='ltr'><strong>possis</strong></span> <span class='ocrx_word' id='word_1_287' title='bbox 2570 3110 3126 3182; x_wconf 88' lang='lat' dir='ltr'><strong>adversariorum</strong></span> 
     </span>
     <span class='ocr_line' id='line_1_33' title="bbox 605 3193 3127 3291; baseline -0.001 -19"><span class='ocrx_word' id='word_1_288' title='bbox 605 3202 743 3272; x_wconf 80' lang='lat' dir='ltr'><strong>sive</strong></span> <span class='ocrx_word' id='word_1_289' title='bbox 793 3198 1053 3281; x_wconf 89' lang='lat' dir='ltr'><strong>terrori,</strong></span> <span class='ocrx_word' id='word_1_290' title='bbox 1107 3198 1247 3270; x_wconf 86' lang='lat' dir='ltr'><strong>sive</strong></span> <span class='ocrx_word' id='word_1_291' title='bbox 1292 3198 1518 3269; x_wconf 85' lang='lat' dir='ltr'><strong>fraudi</strong></span> <span class='ocrx_word' id='word_1_292' title='bbox 1568 3198 1879 3270; x_wconf 86' lang='lat' dir='ltr'><strong>resistere</strong></span> <span class='ocrx_word' id='word_1_293' title='bbox 1924 3198 2106 3288; x_wconf 91' lang='lat' dir='ltr'><strong>quod</strong></span> <span class='ocrx_word' id='word_1_294' title='bbox 2154 3208 2254 3269; x_wconf 91' lang='lat' dir='ltr'><strong>est</strong></span> <span class='ocrx_word' id='word_1_295' title='bbox 2283 3193 2704 3270; x_wconf 85' lang='lat' dir='ltr'><strong>fortitudinis</strong></span> <span class='ocrx_word' id='word_1_296' title='bbox 2731 3212 2795 3269; x_wconf 91' lang='lat' dir='ltr'><strong>et</strong></span> <span class='ocrx_word' id='word_1_297' title='bbox 2829 3199 3127 3291; x_wconf 91' lang='lat' dir='ltr'><strong>pruden-</strong></span> 
     </span>
     <span class='ocr_line' id='line_1_34' title="bbox 611 3287 3124 3380; baseline -0.002 -19"><span class='ocrx_word' id='word_1_298' title='bbox 611 3290 744 3361; x_wconf 90' lang='lat' dir='ltr'><strong>tiae</strong></span> <span class='ocrx_word' id='word_1_299' title='bbox 787 3288 843 3358; x_wconf 74' lang='lat'><strong>*.</strong></span> <span class='ocrx_word' id='word_1_300' title='bbox 896 3293 1026 3358; x_wconf 88' lang='lat' dir='ltr'><strong>Nec</strong></span> <span class='ocrx_word' id='word_1_301' title='bbox 1072 3289 1308 3360; x_wconf 89' lang='lat' dir='ltr'><strong>abesse</strong></span> <span class='ocrx_word' id='word_1_302' title='bbox 1371 3287 1494 3359; x_wconf 88' lang='lat' dir='ltr'><strong>tibi</strong></span> <span class='ocrx_word' id='word_1_303' title='bbox 1540 3288 1959 3380; x_wconf 88' lang='lat' dir='ltr'><strong>jamdudum</strong></span> <span class='ocrx_word' id='word_1_304' title='bbox 2011 3287 2338 3380; x_wconf 89' lang='lat' dir='ltr'><strong>perpendi</strong></span> <span class='ocrx_word' id='word_1_305' title='bbox 2386 3287 2610 3379; x_wconf 89' lang='lat' dir='ltr'><strong>ipsam</strong></span> <span class='ocrx_word' id='word_1_306' title='bbox 2659 3289 3124 3380; x_wconf 87' lang='lat' dir='ltr'><strong>ingenuarum</strong></span> 
     </span>
     <span class='ocr_line' id='line_1_35' title="bbox 606 3376 3123 3480; baseline -0.001 -30"><span class='ocrx_word' id='word_1_307' title='bbox 606 3378 858 3450; x_wconf 90' lang='lat' dir='ltr'><strong>artium</strong></span> <span class='ocrx_word' id='word_1_308' title='bbox 910 3390 1219 3458; x_wconf 88' lang='lat' dir='ltr'><strong>matrem,</strong></span> <span class='ocrx_word' id='word_1_309' title='bbox 1271 3389 1335 3448; x_wconf 91' lang='lat' dir='ltr'><strong>et</strong></span> <span class='ocrx_word' id='word_1_310' title='bbox 1384 3400 1575 3448; x_wconf 88' lang='lat' dir='ltr'><strong>verae</strong></span> <span class='ocrx_word' id='word_1_311' title='bbox 1622 3377 1937 3450; x_wconf 86' lang='lat' dir='ltr'><strong>virtutem</strong></span> <span class='ocrx_word' id='word_1_312' title='bbox 1990 3376 2464 3480; x_wconf 86' lang='lat' dir='ltr'><strong>philosophiae</strong></span> <span class='ocrx_word' id='word_1_313' title='bbox 2511 3398 2686 3464; x_wconf 92' lang='lat' dir='ltr'><strong>quae</strong></span> <span class='ocrx_word' id='word_1_314' title='bbox 2735 3390 2795 3448; x_wconf 90' lang='lat' dir='ltr'><strong>te</strong></span> <span class='ocrx_word' id='word_1_315' title='bbox 2825 3378 2910 3448; x_wconf 91' lang='lat' dir='ltr'><strong>ad</strong></span> <span class='ocrx_word' id='word_1_316' title='bbox 2945 3379 3123 3448; x_wconf 88' lang='lat' dir='ltr'><strong>hanc</strong></span> 
     </span>
     <span class='ocr_line' id='line_1_36' title="bbox 604 3466 3128 3560; baseline -0.001 -21"><span class='ocrx_word' id='word_1_317' title='bbox 604 3466 1009 3539; x_wconf 88' lang='lat' dir='ltr'><strong>modestiam</strong></span> <span class='ocrx_word' id='word_1_318' title='bbox 1052 3467 1734 3560; x_wconf 84' lang='lat' dir='ltr'><strong>magnitudinemque</strong></span> <span class='ocrx_word' id='word_1_319' title='bbox 1792 3467 2006 3537; x_wconf 76' lang='lat' dir='ltr'><strong>animi</strong></span> <span class='ocrx_word' id='word_1_320' title='bbox 2053 3466 2367 3536; x_wconf 89' lang='lat' dir='ltr'><strong>erudivit.</strong></span> <span class='ocrx_word' id='word_1_321' title='bbox 2424 3467 2574 3536; x_wconf 89' lang='lat' dir='ltr'><strong>Scio</strong></span> <span class='ocrx_word' id='word_1_322' title='bbox 2614 3467 2864 3555; x_wconf 89' lang='lat' dir='ltr'><strong>itaque,</strong></span> <span class='ocrx_word' id='word_1_323' title='bbox 2919 3467 3128 3538; x_wconf 86' lang='lat' dir='ltr'><strong>frater</strong></span> 
     </span>
     <span class='ocr_line' id='line_1_37' title="bbox 604 3554 3126 3649; baseline -0.001 -21"><span class='ocrx_word' id='word_1_324' title='bbox 604 3558 728 3640; x_wconf 89' lang='lat' dir='ltr'><strong>mi,</strong></span> <span class='ocrx_word' id='word_1_325' title='bbox 759 3557 921 3639; x_wconf 91' lang='lat' dir='ltr'><strong>scio,</strong></span> <span class='ocrx_word' id='word_1_326' title='bbox 952 3557 1131 3645; x_wconf 86' lang='lat' dir='ltr'><strong>quod</strong></span> <span class='ocrx_word' id='word_1_327' title='bbox 1168 3580 1369 3628; x_wconf 90' lang='lat' dir='ltr'><strong>nemo</strong></span> <span class='ocrx_word' id='word_1_328' title='bbox 1400 3557 1802 3649; x_wconf 89' lang='lat' dir='ltr'><strong>prudentiae</strong></span> <span class='ocrx_word' id='word_1_329' title='bbox 1829 3568 1980 3627; x_wconf 90' lang='lat' dir='ltr'><strong>tuae</strong></span> <span class='ocrx_word' id='word_1_330' title='bbox 2012 3554 2468 3648; x_wconf 90' lang='lat' dir='ltr'><strong>persuadebit,</strong></span> <span class='ocrx_word' id='word_1_331' title='bbox 2506 3555 2572 3625; x_wconf 92' lang='lat' dir='ltr'><strong>id</strong></span> <span class='ocrx_word' id='word_1_332' title='bbox 2602 3568 2720 3626; x_wconf 89' lang='lat' dir='ltr'><strong>tua</strong></span> <span class='ocrx_word' id='word_1_333' title='bbox 2752 3576 2890 3627; x_wconf 87' lang='lat' dir='ltr'><strong>non</strong></span> <span class='ocrx_word' id='word_1_334' title='bbox 2916 3558 3126 3628; x_wconf 90' lang='lat' dir='ltr'><strong>inter-</strong></span> 
     </span>
     <span class='ocr_line' id='line_1_38' title="bbox 605 3644 3128 3738; baseline -0.001 -20"><span class='ocrx_word' id='word_1_335' title='bbox 605 3669 777 3730; x_wconf 86' lang='lat' dir='ltr'><strong>esse,</strong></span> <span class='ocrx_word' id='word_1_336' title='bbox 811 3658 1148 3734; x_wconf 89' lang='lat' dir='ltr'><strong>quantum</strong></span> <span class='ocrx_word' id='word_1_337' title='bbox 1184 3646 1480 3738; x_wconf 90' lang='lat' dir='ltr'><strong>perversi</strong></span> <span class='ocrx_word' id='word_1_338' title='bbox 1511 3646 1595 3715; x_wconf 89' lang='lat' dir='ltr'><strong>de</strong></span> <span class='ocrx_word' id='word_1_339' title='bbox 1634 3647 1971 3716; x_wconf 90' lang='lat' dir='ltr'><strong>honorum</strong></span> <span class='ocrx_word' id='word_1_340' title='bbox 2011 3644 2308 3736; x_wconf 88' lang='lat' dir='ltr'><strong>pernicie</strong></span> <span class='ocrx_word' id='word_1_341' title='bbox 2346 3644 2747 3737; x_wconf 85' lang='lat' dir='ltr'><strong>glorientur,</strong></span> <span class='ocrx_word' id='word_1_342' title='bbox 2794 3668 3128 3735; x_wconf 89' lang='lat' dir='ltr'><strong>quacum-</strong></span> 
     </span>
     <span class='ocr_line' id='line_1_39' title="bbox 605 3732 3129 3825; baseline -0.001 -18"><span class='ocrx_word' id='word_1_343' title='bbox 605 3758 741 3825; x_wconf 90' lang='lat' dir='ltr'><strong>que</strong></span> <span class='ocrx_word' id='word_1_344' title='bbox 772 3736 840 3806; x_wconf 94' lang='lat' dir='ltr'><strong>id</strong></span> <span class='ocrx_word' id='word_1_345' title='bbox 889 3736 1070 3824; x_wconf 90' lang='lat' dir='ltr'><strong>quod</strong></span> <span class='ocrx_word' id='word_1_346' title='bbox 1110 3734 1549 3817; x_wconf 87' lang='lat' dir='ltr'><strong>intenderint,</strong></span> <span class='ocrx_word' id='word_1_347' title='bbox 1603 3735 1951 3807; x_wconf 87' lang='lat' dir='ltr'><strong>honestate</strong></span> <span class='ocrx_word' id='word_1_348' title='bbox 1999 3734 2360 3804; x_wconf 87' lang='lat' dir='ltr'><strong>verborum</strong></span> <span class='ocrx_word' id='word_1_349' title='bbox 2415 3732 2656 3804; x_wconf 91' lang='lat' dir='ltr'><strong>velent.</strong></span> <span class='ocrx_word' id='word_1_350' title='bbox 2705 3734 2939 3805; x_wconf 91' lang='lat' dir='ltr'><strong>Dicent</strong></span> <span class='ocrx_word' id='word_1_351' title='bbox 2991 3734 3129 3805; x_wconf 86' lang='lat' dir='ltr'><strong>for-</strong></span> 
     </span>
     <span class='ocr_line' id='line_1_40' title="bbox 611 3823 3129 3925; baseline -0.001 -29"><span class='ocrx_word' id='word_1_352' title='bbox 611 3839 812 3906; x_wconf 86' lang='lat' dir='ltr'><strong>tasse,</strong></span> <span class='ocrx_word' id='word_1_353' title='bbox 866 3824 1065 3895; x_wconf 90' lang='lat' dir='ltr'><strong>bellis</strong></span> <span class='ocrx_word' id='word_1_354' title='bbox 1098 3825 1263 3894; x_wconf 90' lang='lat' dir='ltr'><strong>haec</strong></span> <span class='ocrx_word' id='word_1_355' title='bbox 1310 3824 1613 3895; x_wconf 89' lang='lat' dir='ltr'><strong>sedanda</strong></span> <span class='ocrx_word' id='word_1_356' title='bbox 1657 3846 1806 3895; x_wconf 88' lang='lat' dir='ltr'><strong>esse</strong></span> <span class='ocrx_word' id='word_1_357' title='bbox 1832 3846 2008 3911; x_wconf 91' lang='lat' dir='ltr'><strong>quae</strong></span> <span class='ocrx_word' id='word_1_358' title='bbox 2032 3823 2119 3893; x_wconf 89' lang='lat' dir='ltr'><strong>ad</strong></span> <span class='ocrx_word' id='word_1_359' title='bbox 2150 3836 2212 3892; x_wconf 89' lang='lat' dir='ltr'><strong>te</strong></span> <span class='ocrx_word' id='word_1_360' title='bbox 2243 3845 2376 3891; x_wconf 92' lang='lat' dir='ltr'><strong>non</strong></span> <span class='ocrx_word' id='word_1_361' title='bbox 2414 3823 2795 3913; x_wconf 88' lang='lat' dir='ltr'><strong>pertineant</strong></span> <span class='ocrx_word' id='word_1_362' title='bbox 2822 3847 2999 3925; x_wconf 85' lang='lat' dir='ltr'><strong>quae</strong></span> <span class='ocrx_word' id='word_1_363' title='bbox 3026 3824 3129 3894; x_wconf 90' lang='lat' dir='ltr'><strong>tui</strong></span> 
     </span>
     <span class='ocr_line' id='line_1_41' title="bbox 605 3912 3129 4005; baseline -0.001 -20"><span class='ocrx_word' id='word_1_364' title='bbox 605 3913 971 3985; x_wconf 88' lang='lat' dir='ltr'><strong>ministerii</strong></span> <span class='ocrx_word' id='word_1_365' title='bbox 1018 3913 1420 4005; x_wconf 88' lang='lat' dir='ltr'><strong>dignitatem</strong></span> <span class='ocrx_word' id='word_1_366' title='bbox 1455 3935 1590 3983; x_wconf 90' lang='lat' dir='ltr'><strong>non</strong></span> <span class='ocrx_word' id='word_1_367' title='bbox 1620 3912 1925 3984; x_wconf 88' lang='lat' dir='ltr'><strong>deceant.</strong></span> <span class='ocrx_word' id='word_1_368' title='bbox 1975 3912 2380 4002; x_wconf 87' lang='lat' dir='ltr'><strong>Hujusmodi</strong></span> <span class='ocrx_word' id='word_1_369' title='bbox 2418 3912 2858 3983; x_wconf 88' lang='lat' dir='ltr'><strong>fraudulenta</strong></span> <span class='ocrx_word' id='word_1_370' title='bbox 2887 3913 3129 3984; x_wconf 91' lang='lat' dir='ltr'><strong>verbo-</strong></span> 
     </span>
     <span class='ocr_line' id='line_1_42' title="bbox 607 4000 3130 4093; baseline -0.001 -19"><span class='ocrx_word' id='word_1_371' title='bbox 607 4025 763 4074; x_wconf 86' lang='lat' dir='ltr'><strong>rum</strong></span> <span class='ocrx_word' id='word_1_372' title='bbox 780 4002 1113 4093; x_wconf 88' lang='lat' dir='ltr'><strong>jactantia</strong></span> <span class='ocrx_word' id='word_1_373' title='bbox 1131 4002 1331 4073; x_wconf 91' lang='lat' dir='ltr'><strong>istius</strong></span> <span class='ocrx_word' id='word_1_374' title='bbox 1353 4002 1747 4093; x_wconf 89' lang='lat' dir='ltr'><strong>metropolis</strong></span> <span class='ocrx_word' id='word_1_375' title='bbox 1779 4001 2048 4093; x_wconf 90' lang='lat' dir='ltr'><strong>praesul</strong></span> <span class='ocrx_word' id='word_1_376' title='bbox 2074 4000 2259 4071; x_wconf 92' lang='lat' dir='ltr'><strong>vides</strong></span> <span class='ocrx_word' id='word_1_377' title='bbox 2282 4013 2575 4088; x_wconf 81' lang='lat' dir='ltr'><strong>quantos</strong></span> <span class='ocrx_word' id='word_1_378' title='bbox 2596 4001 2888 4084; x_wconf 87' lang='lat' dir='ltr'><strong>seduxit,</strong></span> <span class='ocrx_word' id='word_1_379' title='bbox 2916 4024 3130 4090; x_wconf 89' lang='lat' dir='ltr'><strong>quan-</strong></span> 
     </span>
     <span class='ocr_line' id='line_1_43' title="bbox 607 4090 3130 4179; baseline -0.001 -15"><span class='ocrx_word' id='word_1_380' title='bbox 607 4105 710 4164; x_wconf 89' lang='lat' dir='ltr'><strong>tos</strong></span> <span class='ocrx_word' id='word_1_381' title='bbox 738 4091 823 4161; x_wconf 94' lang='lat' dir='ltr'><strong>ad</strong></span> <span class='ocrx_word' id='word_1_382' title='bbox 864 4091 1086 4161; x_wconf 90' lang='lat' dir='ltr'><strong>civilis</strong></span> <span class='ocrx_word' id='word_1_383' title='bbox 1117 4091 1333 4163; x_wconf 89' lang='lat' dir='ltr'><strong>cladis</strong></span> <span class='ocrx_word' id='word_1_384' title='bbox 1366 4092 1623 4162; x_wconf 89' lang='lat' dir='ltr'><strong>rabiem</strong></span> <span class='ocrx_word' id='word_1_385' title='bbox 1659 4091 1908 4161; x_wconf 81' lang='lat' dir='ltr'><strong>illexit:</strong></span> <span class='ocrx_word' id='word_1_386' title='bbox 1942 4090 2062 4179; x_wconf 88' lang='lat' dir='ltr'><strong>qui</strong></span> <span class='ocrx_word' id='word_1_387' title='bbox 2094 4090 2154 4161; x_wconf 92' lang='lat' dir='ltr'><strong>si</strong></span> <span class='ocrx_word' id='word_1_388' title='bbox 2184 4090 2566 4161; x_wconf 89' lang='lat' dir='ltr'><strong>subducere</strong></span> <span class='ocrx_word' id='word_1_389' title='bbox 2595 4113 2667 4161; x_wconf 92' lang='lat' dir='ltr'><strong>se</strong></span> <span class='ocrx_word' id='word_1_390' title='bbox 2695 4090 2889 4162; x_wconf 92' lang='lat' dir='ltr'><strong>vellet</strong></span> <span class='ocrx_word' id='word_1_391' title='bbox 2919 4114 2962 4161; x_wconf 92' lang='lat' dir='ltr'><strong>a</strong></span> <span class='ocrx_word' id='word_1_392' title='bbox 2989 4092 3130 4161; x_wconf 87' lang='lat' dir='ltr'><strong>dis-</strong></span> 
     </span>
     <span class='ocr_line' id='line_1_44' title="bbox 605 4179 3127 4273; baseline -0.002 -19"><span class='ocrx_word' id='word_1_393' title='bbox 605 4180 944 4259; x_wconf 67' lang='lat' dir='ltr'><strong>sensione,</strong></span> <span class='ocrx_word' id='word_1_394' title='bbox 987 4180 1570 4269; x_wconf 89' lang='lat' dir='ltr'><strong>quemadmodum</strong></span> <span class='ocrx_word' id='word_1_395' title='bbox 1619 4181 1839 4273; x_wconf 86' lang='lat' dir='ltr'><strong>fingit,</strong></span> <span class='ocrx_word' id='word_1_396' title='bbox 1871 4193 1936 4250; x_wconf 93' lang='lat' dir='ltr'><strong>et</strong></span> <span class='ocrx_word' id='word_1_397' title='bbox 1959 4180 2292 4251; x_wconf 88' lang='lat' dir='ltr'><strong>bellorum</strong></span> <span class='ocrx_word' id='word_1_398' title='bbox 2330 4179 2655 4270; x_wconf 88' lang='lat' dir='ltr'><strong>pericu10,</strong></span> <span class='ocrx_word' id='word_1_399' title='bbox 2702 4191 2775 4251; x_wconf 88' lang='lat' dir='ltr'><strong>ut</strong></span> <span class='ocrx_word' id='word_1_400' title='bbox 2806 4180 3127 4272; x_wconf 85' lang='lat' dir='ltr'><strong>religioso</strong></span> 
     </span>
     <span class='ocr_line' id='line_1_45' title="bbox 605 4268 3120 4371; baseline 0 -32"><span class='ocrx_word' id='word_1_401' title='bbox 605 4270 850 4362; x_wconf 84' lang='lat' dir='ltr'><strong>degere</strong></span> <span class='ocrx_word' id='word_1_402' title='bbox 899 4283 1125 4361; x_wconf 86' lang='lat' dir='ltr'><strong>posset</strong></span> <span class='ocrx_word' id='word_1_403' title='bbox 1171 4270 1242 4341; x_wconf 92' lang='lat' dir='ltr'><strong>in</strong></span> <span class='ocrx_word' id='word_1_404' title='bbox 1289 4270 1449 4353; x_wconf 87' lang='lat' dir='ltr'><strong>otio,</strong></span> <span class='ocrx_word' id='word_1_405' title='bbox 1505 4270 1703 4341; x_wconf 87' lang='lat' dir='ltr'><strong>nobis</strong></span> <span class='ocrx_word' id='word_1_406' title='bbox 1752 4268 2045 4361; x_wconf 84' lang='lat' dir='ltr'><strong>profecto</strong></span> <span class='ocrx_word' id='word_1_407' title='bbox 2092 4283 2156 4340; x_wconf 89' lang='lat' dir='ltr'><strong>et</strong></span> <span class='ocrx_word' id='word_1_408' title='bbox 2204 4281 2473 4339; x_wconf 90' lang='lat' dir='ltr'><strong>nostrae</strong></span> <span class='ocrx_word' id='word_1_409' title='bbox 2522 4269 2944 4371; x_wconf 88' lang='lat' dir='ltr'><strong>reipublicae</strong></span> <span class='ocrx_word' id='word_1_410' title='bbox 2975 4292 3120 4340; x_wconf 89' lang='lat' dir='ltr'><strong>me-</strong></span> 
     </span>
     <span class='ocr_line' id='line_1_46' title="bbox 604 4357 3126 4450; baseline -0.001 -20"><span class='ocrx_word' id='word_1_411' title='bbox 604 4359 744 4430; x_wconf 88' lang='lat' dir='ltr'><strong>lius</strong></span> <span class='ocrx_word' id='word_1_412' title='bbox 789 4359 884 4442; x_wconf 92' lang='lat' dir='ltr'><strong>id,</strong></span> <span class='ocrx_word' id='word_1_413' title='bbox 918 4359 1102 4448; x_wconf 90' lang='lat' dir='ltr'><strong>quod</strong></span> <span class='ocrx_word' id='word_1_414' title='bbox 1131 4359 1191 4429; x_wconf 91' lang='lat' dir='ltr'><strong>ei</strong></span> <span class='ocrx_word' id='word_1_415' title='bbox 1220 4358 1433 4450; x_wconf 87' lang='lat' dir='ltr'><strong>regali</strong></span> <span class='ocrx_word' id='word_1_416' title='bbox 1482 4358 1955 4430; x_wconf 73' lang='lat' dir='ltr'><strong>munificentia</strong></span> <span class='ocrx_word' id='word_1_417' title='bbox 2001 4357 2422 4430; x_wconf 90' lang='lat' dir='ltr'><strong>contulimus</strong></span> <span class='ocrx_word' id='word_1_418' title='bbox 2449 4357 2878 4442; x_wconf 80' lang='lat' dir='ltr'><strong>reddidisset,</strong></span> <span class='ocrx_word' id='word_1_419' title='bbox 2914 4380 3126 4448; x_wconf 90' lang='lat' dir='ltr'><strong>quam</strong></span> 
     </span>
    </p>
   </div>
   <div class='ocr_carea' id='block_1_3' title="bbox 662 4481 2259 4534">
    <p class='ocr_par' dir='ltr' id='par_1_4' title="bbox 662 4481 2259 4534">
     <span class='ocr_line' id='line_1_47' title="bbox 662 4481 2259 4534; baseline -0.003 -9"><span class='ocrx_word' id='word_1_420' title='bbox 662 4482 689 4511; x_wconf 73' lang='lat'><strong>¹·</strong></span> <span class='ocrx_word' id='word_1_421' title='bbox 718 4482 836 4527; x_wconf 65' lang='lat' dir='ltr'><strong>Not·</strong></span> <span class='ocrx_word' id='word_1_422' title='bbox 854 4482 1024 4534; x_wconf 69' lang='lat' dir='ltr'><strong>ombus</strong></span> <span class='ocrx_word' id='word_1_423' title='bbox 1045 4482 1091 4527; x_wconf 81' lang='lat' dir='ltr'><strong>S.</strong></span> <span class='ocrx_word' id='word_1_424' title='bbox 1108 4482 1381 4525; x_wconf 69' lang='lat' dir='ltr'><strong>antistitem</strong></span> <span class='ocrx_word' id='word_1_425' title='bbox 1416 4481 1673 4532; x_wconf 72' lang='lat' dir='ltr'><strong>imperator</strong></span> <span class='ocrx_word' id='word_1_426' title='bbox 1690 4482 2005 4533; x_wconf 72' lang='lat' dir='ltr'><strong>prosequatur</strong></span> <span class='ocrx_word' id='word_1_427' title='bbox 2025 4482 2259 4524; x_wconf 68' lang='lat' dir='ltr'><strong>leudibus.</strong></span> 
     </span>
    </p>
   </div>
  </div>
 </body>
</html>
