3327 4999
149 330 368 396 MART.
416 329 498 394 ⁴2
999 344 1078 390 DE
1126 344 1182 391 s.
1236 342 1548 392 caecomo
1598 343 1761 389 rArA
2447 323 2576 388 433

151 428 409 498 resilire.
449 432 614 495 Tum
665 425 819 516 piae
857 424 1228 494 memoriae
1262 423 1572 495 Tiberius
1608 420 2403 511 Constantinopolitanus
2441 427 2668 511 Impe-

151 531 332 595 rator,
370 528 622 586 secreto
671 526 1043 601 utrumque
1091 513 1479 603 suscipiens
1507 512 1673 600 quid
1714 512 1892 581 inter
1936 532 2053 581 eos
2099 509 2485 579 discordiae
2515 533 2666 579 ver-

113 619 406 688 .saretur‚
456 605 757 694 agnovit.
799 608 877 671 Et
919 603 1284 690 utriusque
1336 603 1547 693 partis
1595 600 2076 690 allegationem
2113 599 2457 669 subtiliter
2496 621 2668 689 pen-

156 717 316 776 sans,
349 694 664 764 eumdem
697 692 978 770 librum,
1016 713 1221 779 quem
1274 691 1652 782 Eutychius
1701 690 1785 759 de
1833 689 2328 761 resurrectione
2366 688 2670 758 conscri-

160 797 374 875 pserat,
398 784 546 855 suis
576 803 849 870 quoque
874 780 1406 873 allegationibus
1434 780 1821 860 destruenS,
1847 778 2247 848 deliberavit
2267 788 2343 846 ut
2364 776 2668 847 flammis

160 873 407 943 cremari
440 871 817 942 debuisset.
858 875 909 939 Α
953 892 1091 957 quo
1129 868 1446 938 videlicet
1492 868 1806 958 piissimo
1853 872 2272 956 Imperatore
2330 878 2406 935 ut
2454 863 2666 935 simul

160 963 372 1052 egressi
403 973 588 1041 sunt,
635 972 784 1051 post
817 958 1262 1051 longissimae
1307 957 1797 1049 disputationis
1829 956 2227 1027 conflictum
2266 955 2521 1046 pariter
2554 976 2669 1023 ae-

87 1055 104 1070 ·
156 1064 480 1141 grotanteS,
539 1050 609 1118 in
660 1047 990 1118 lectulum
1038 1047 1464 1117 deciderunt.
1518 1052 1693 1118 Dum
1741 1068 1904 1137 ergo
1953 1045 2319 1135 Gregorius
2390 1042 2670 1114 validis-

153 1140 319 1210 simis
363 1138 674 1209 febribus
721 1149 1083 1218 aestuaret,
1125 1136 1505 1227 Eutychius
1536 1158 1696 1205 cum
1741 1146 1955 1204 morte
1980 1135 2383 1223 coanIgens,
2418 1131 2669 1224 pellem

153 1249 368 1299 manus
392 1250 560 1299 suae
595 1228 887 1304 tenebat,
924 1247 1155 1296 coram
1188 1226 1512 1296 omnibus
1543 1225 1819 1294 dicens:
1859 1226 2203 1313 Confiteor,
2245 1224 2409 1312 quia
2447 1243 2673 1291 omnes

151 1319 208 1386 in
234 1318 345 1387 Ιιαο
389 1340 594 1388 carne
639 1338 1088 1407 resurgemus.
1128 1320 1513 1402 Postquam
1546 1314 1920 1384 catholicae
1951 1312 2113 1381 fidei
2168 1309 2670 1380 confessionem

151 1406 482 1478 defunctus
529 1418 658 1476 est.
699 1411 844 1488 Quo
893 1415 1186 1484 mortuo,
1225 1404 1390 1490 quia
1430 1425 1602 1505 pene
1650 1402 1891 1472 nullus
1937 1413 2081 1471 erat
2127 1400 2248 1486 qui
2297 1400 2447 1490 ejus
2485 1397 2670 1467 dicta

151 1509 538 1581 sequeretur,
597 1494 966 1586 Gregorius
1013 1493 1476 1563 dissimulavit
1514 1503 1755 1584 coepta
1800 1488 2143 1582 persequi,
2180 1510 2267 1557 ne
2297 1488 2369 1557 in
2403 1485 2670 1556 favillas

149 1585 459 1654 videretur
505 1585 718 1653 verba
755 1582 1078 1674 jaculari.

219 1675 252 1760 ξ
302 1681 447 1745 16.
501 1679 776 1756 Quanta
815 1685 1043 1741 autem
1093 1671 1491 1740 auctoritate
1539 1669 2004 1750 ministerium
2054 1666 2164 1736 sui
2211 1664 2671 1756 apocrisaria-

150 1774 240 1830 tus
265 1762 670 1853 impleverit,
723 1773 1020 1848 quantae
1068 1760 1483 1829 reverentiae
1514 1758 1701 1849 apud
1733 1763 2073 1848 Augustos
2101 1755 2414 1837 extiterit,
2451 1775 2673 1840 quan-

152 1852 320 1936 taqae
364 1850 811 1922 solicitudine
857 1849 1143 1918 afflictae
1176 1849 1410 1919 Italiae
1442 1848 1754 1918 succurri
1805 1846 2082 1937 saepius
2131 1844 2385 1925 fecerit,
2425 1844 2485 1912 si
2510 1841 2669 1930 quis

157 1937 388 2026 plenius
435 1962 647 2011 nosse
680 1939 1042 2018 desiderat,
1080 1937 1405 2028 epistolas
1454 1937 1904 2007 antecessoris
1943 1937 2054 2005 sui
2103 1940 2325 2024 Papae
2384 1930 2661 2022 Pelagii,

156 2026 226 2094 ad
251 2050 390 2097 eum
437 2051 660 2119 super
707 2027 1136 2098 multimodis
1182 2027 1523 2096 Ecclesiae
1557 2026 1672 2095 Dei
1722 2024 2242 2095 necessitatibus
2290 2022 2668 2092 destinatas

158 2135 304 2200 quae
327 2117 664 2189 hactenus
712 2117 780 2184 in
832 2116 1086 2187 scrinio
1149 2127 1426 2185 sanctae
1465 2115 1649 2184 sedis
1698 2113 2117 2214 Apostolicae
2165 2109 2673 2183 studiosissime

165 2220 638 2288 conservantur,
679 2218 1052 2295 percurrat.
1088 2211 1182 2274 Ex
1228 2226 1524 2291 quarum
1579 2201 2019 2271 multitudine
2051 2201 2164 2270 hic
2198 2223 2410 2269 unam
2461 2199 2674 2267 inter-

166 2311 304 2374 sero,
347 2310 693 2383 quatenus
729 2307 794 2364 et
841 2293 1031 2364 illius
1079 2293 1443 2363 ministerii
1473 2291 1794 2379 qualitaS,
1824 2303 1889 2360 et
1923 2291 2348 2376 reliquarum
2396 2307 2672 2375 quoque

161 2385 614 2470 consequentia
661 2395 1135 2474 cognoscatur.
1189 2388 1375 2465 Quae
1421 2383 1516 2450 ita
1564 2403 1633 2451 se
1683 2380 1923 2451 habet:
1979 2403 2014 2445 «
2052 2378 2368 2468 Pelagius
2406 2377 2672 2467 episco-

163 2489 284 2557 pus
317 2473 563 2545 dilecto
616 2472 762 2543 filio
808 2472 1127 2563 Gregorio
1153 2470 1526 2542 venerabili
1559 2470 1872 2540 diacono,
1906 2468 2153 2539 Omnia
2180 2466 2461 2555 quidem
2491 2486 2669 2553 quae

159 2566 502 2634 necessaria
553 2562 859 2643 suerunt,
962 2583 1037 2629 er
1083 2566 1506 2630 Honoratum
1551 2560 1896 2630 notarium
1946 2558 2069 2628 tibi
2118 2557 2516 2627 curavimus
2565 2555 2674 2623 in-

158 2646 368 2721 dicare.
423 2659 650 2736 Quem
699 2674 859 2720 cum
938 2662 1114 2719 ratre
1165 2663 1231 2719 et
1276 2650 1681 2739 coepiscopo
1747 2648 2169 2727 SebastianO,
2224 2645 2308 2715 ad
2361 2642 2675 2712 dilectio-

159 2756 280 2808 nem
319 2754 506 2811 tuam
560 2740 985 2810 direximus:
1040 2752 1113 2808 ut
1161 2739 1324 2826 quia
1371 2739 1440 2807 in
1490 2738 1629 2809 illis
1657 2737 1969 2827 partibus
1999 2736 2086 2806 ad
2120 2741 2517 2805 Ravennam
2552 2754 2672 2800 us-

153 2845 259 2910 que
302 2852 485 2900 nunc
534 2851 701 2899 cum
736 2829 880 2898 viro
927 2827 1224 2918 glorioso
1258 2827 1540 2896 domino
1589 2827 1788 2896 Decio
1843 2825 2116 2915 patritio
2164 2823 2316 2903 suit,
2347 2822 2498 2912 ipse
2547 2842 2678 2889 sua

153 2914 442 3011 relatione
493 2918 768 2989 studeat
799 2931 860 2986 te
909 2939 988 2986 ex
1021 2917 1347 2986 omnibus
1378 2916 1776 2996 informare,
1834 2914 1933 2983 vel
1983 2914 2041 2983 si
2099 2936 2238 3000 qua
2284 2908 2677 2981 necessaria

145 3004 557 3159 iudicaveriS,
605 3008 816 3097 possit
853 3006 1134 3075 domino
1167 3004 1568 3095 Imperatori
1604 3025 2007 3095 suggerere:
2063 3002 2237 3085 Quia
2285 3011 2513 3070 tantae
2560 3020 2678 3068 ca-

170 3095 459 3167 amitates
492 3119 578 3166 ac
611 3095 1088 3165 tribulationes
1126 3094 1321 3164 nobis
1367 3117 1409 3164 a
1458 3093 1751 3183 persidia
1784 3090 2392 3183 Longobardorum
2444 3087 2678 3157 illatae

149 3196 305 3264 sunt,
364 3196 613 3255 contra
661 3206 867 3253 suum
917 3182 1276 3273 proprium
1311 3182 1837 3271 jusjurandum,
1899 3193 1975 3251 ut
2034 3179 2268 3248 nullus
2322 3177 2537 3268 possit
2584 3174 2674 3245 ad

147 3268 562 3342 referendum
593 3272 929 3342 sufficere.
958 3271 1390 3342 Praedictum
1424 3283 1652 3340 autem
1687 3269 1963 3339 fratrem
2000 3266 2477 3338 Sebastianum
2510 3286 2684 3352 quo-

152 3361 324 3430 modo
363 3362 907 3451 susceperimus,
965 3361 1063 3430 vel
1115 3361 1184 3429 in
1244 3360 1433 3448 quali
1482 3359 1668 3449 apud
1730 3381 1854 3428 nos
1904 3371 1965 3427 te
2014 3368 2425 3457 suggerente
2474 3352 2682 3423 fuerit

152 3444 474 3548 charitate,
531 3451 756 3541 ipsius
803 3450 1057 3539 poteris
1089 3449 1414 3519 relatione
1460 3469 1895 3539 cognoscere.
1935 3446 2066 3529 Qui
2099 3460 2304 3515 etlam
2340 3445 2487 3531 jam
2520 3465 2677 3533 pro-

153 3539 312 3609 misit
358 3539 565 3610 nobis
613 3539 1048 3609 necessitates
1115 3539 1218 3608 vel
1270 3537 1578 3628 pericula
1627 3536 1834 3606 totius
1894 3535 2129 3606 Italiae
2179 3533 2492 3623 piissimo
2558 3532 2679 3600 do-

151 3624 313 3696 mino
362 3630 770 3719 Imperatori
839 3649 1227 3719 suggerere.
1281 3626 1672 3714 Loquirnini
1729 3647 1891 3725 ergo
1936 3637 2002 3694 et
2050 3634 2327 3693 tractate
2378 3620 2631 3711 pariter
2661 3672 2678 3699 ,

148 3717 472 3811 quomodo
523 3717 775 3787 nostris
840 3717 1149 3787 celeriter
1209 3716 1502 3807 possitis,
1541 3715 1907 3785 subvenire
1955 3711 2306 3805 periculiS.
2362 3711 2537 3793 Quia
2583 3710 2680 3778 ita

150 3797 723 3902 hiccoangustata
759 3818 862 3875 est
892 3805 1308 3895 respublica,
1347 3817 1421 3874 ut
1455 3804 1589 3873 nisi
1618 3801 2123 3893 Deuspiissimi
2159 3801 2231 3869 in
2262 3800 2466 3869 corde
2496 3798 2685 3889 prin-

153 3908 303 3988 cipis
346 3895 809 3984 inspiraverit,
865 3908 940 3964 ut
985 3895 1264 3964 insitam
1315 3894 1450 3965 sibi
1484 3892 2028 3963 misericordiam
2060 3891 2207 3961 suis
2233 3887 2516 3959 famulis
2546 3888 2682 3956 lar-

158 3992 375 4064 giatur,
411 3996 480 4053 et
509 4005 723 4074 super
769 3982 959 4052 illam
1007 3983 1433 4073 diacoposim
1485 3982 1584 4050 vel
1638 4003 1858 4051 unum
1912 3979 2324 4070 magistrum
2372 3978 2679 4048 militum

159 4076 459 4164 etunum
508 4071 759 4142 ducem
792 4072 1117 4163 dignetur
1146 4071 1543 4150 concedere,
1580 4071 1650 4139 in
1687 4069 1879 4140 omni
1918 4069 2140 4139 simus
2188 4067 2512 4159 angustia
2560 4065 2682 4134 de-

163 4159 368 4251 stituti.
435 4160 617 4243 Quia
663 4161 1001 4231 maximae
1050 4173 1277 4251 partes
1324 4166 1673 4231 Romanae
1720 4158 1910 4228 omni
1962 4157 2306 4248 praesidio
2358 4169 2684 4225 vacuatae

165 4242 470 4329 videntur,
532 4262 599 4317 et
659 4250 1006 4322 Exarchus
1055 4250 1295 4319 scribit
1327 4249 1603 4319 nullum
1653 4248 1853 4317 nobis
1903 4268 2104 4336 posse
2152 4245 2536 4316 remedium
2587 4242 2686 4311 fa-

168 4347 306 4415 cere,
354 4337 617 4427 quippe
649 4338 771 4424 qui
805 4360 926 4407 nec
974 4338 1058 4407 ad
1104 4338 1257 4409 illas
1288 4352 1516 4429 partes
1542 4335 2032 4407 custodiendas
2064 4357 2136 4405 se
2169 4340 2455 4405 teStatur
2483 4352 2685 4424 posse

172 4418 476 4495 sufficere.
514 4431 614 4495 Im
628 4438 812 4517 peret
826 4448 985 4517 ergo
1009 4426 1109 4496 illi
1131 4432 1306 4497 Deus
1326 4427 1578 4498 nostris
1598 4425 1917 4496 velociter
1936 4424 2267 4517 periculis
2289 4422 2679 4500 subvenire,
