<?xml version="1.0" encoding="UTF-8"?>
<!DOCTYPE html PUBLIC "-//W3C//DTD XHTML 1.0 Transitional//EN"
    "http://www.w3.org/TR/xhtml1/DTD/xhtml1-transitional.dtd">
<html xmlns="http://www.w3.org/1999/xhtml" xml:lang="en" lang="en">
 <head>
  <title>
</title>
<meta http-equiv="Content-Type" content="text/html;charset=utf-8" />
  <meta name='ocr-system' content='tesseract 3.04.00' />
  <meta name='ocr-capabilities' content='ocr_page ocr_carea ocr_par ocr_line ocrx_word'/>
</head>
<body>
  <div class='ocr_page' id='page_1' title='image "./historiaeseuvit04lippgoog_0279.png"; bbox 0 0 3327 4999; ppageno 0'>
   <div class='ocr_carea' id='block_1_1' title="bbox 236 313 2693 382">
    <p class='ocr_par' dir='ltr' id='par_1_1' title="bbox 236 313 2693 382">
     <span class='ocr_line' id='line_1_1' title="bbox 236 313 2693 382; baseline 0.001 -4"><span class='ocrx_word' id='word_1_1' title='bbox 236 313 480 378; x_wconf 80' lang='lat' dir='ltr'>MART.</span> <span class='ocrx_word' id='word_1_2' title='bbox 538 313 622 376; x_wconf 70' lang='lat'>⁴2</span> <span class='ocrx_word' id='word_1_3' title='bbox 1220 328 1302 376; x_wconf 75' lang='lat' dir='ltr'>nn</span> <span class='ocrx_word' id='word_1_4' title='bbox 1348 330 1402 376; x_wconf 80' lang='lat' dir='ltr'>s,</span> <span class='ocrx_word' id='word_1_5' title='bbox 1457 329 1830 378; x_wconf 63' lang='lat' dir='ltr'>rammam:</span> <span class='ocrx_word' id='word_1_6' title='bbox 2563 317 2693 382; x_wconf 69' lang='lat'>265</span> 
     </span>
    </p>
   </div>
   <div class='ocr_carea' id='block_1_2' title="bbox 222 408 2787 2630">
    <p class='ocr_par' dir='ltr' id='par_1_2' title="bbox 222 408 2787 2630">
     <span class='ocr_line' id='line_1_2' title="bbox 239 408 2779 502; baseline 0 -20"><span class='ocrx_word' id='word_1_7' title='bbox 239 411 701 482; x_wconf 78' lang='lat' dir='ltr'>trahebantur:</span> <span class='ocrx_word' id='word_1_8' title='bbox 726 419 791 479; x_wconf 90' lang='lat' dir='ltr'>et</span> <span class='ocrx_word' id='word_1_9' title='bbox 811 408 955 479; x_wconf 91' lang='lat' dir='ltr'>solo</span> <span class='ocrx_word' id='word_1_10' title='bbox 976 430 1173 481; x_wconf 84' lang='lat' dir='ltr'>arcae</span> <span class='ocrx_word' id='word_1_11' title='bbox 1199 420 1455 479; x_wconf 89' lang='lat' dir='ltr'>attactu</span> <span class='ocrx_word' id='word_1_12' title='bbox 1479 409 1749 479; x_wconf 90' lang='lat' dir='ltr'>liberati</span> <span class='ocrx_word' id='word_1_13' title='bbox 1771 410 2197 492; x_wconf 80' lang='lat' dir='ltr'>recedebant,</span> <span class='ocrx_word' id='word_1_14' title='bbox 2219 416 2374 493; x_wconf 90' lang='lat' dir='ltr'>De0‚</span> <span class='ocrx_word' id='word_1_15' title='bbox 2399 434 2521 502; x_wconf 88' lang='lat' dir='ltr'>per</span> <span class='ocrx_word' id='word_1_16' title='bbox 2548 413 2567 481; x_wconf 90' lang='lat' dir='ltr'>i</span> <span class='ocrx_word' id='word_1_17' title='bbox 2624 436 2779 485; x_wconf 91' lang='lat' dir='ltr'>sum</span> 
     </span>
     <span class='ocr_line' id='line_1_3' title="bbox 246 498 2783 591; baseline 0.001 -22"><span class='ocrx_word' id='word_1_18' title='bbox 246 513 555 569; x_wconf 87' lang='lat' dir='ltr'>sanctum</span> <span class='ocrx_word' id='word_1_19' title='bbox 608 498 925 574; x_wconf 89' lang='lat' dir='ltr'>servanti,</span> <span class='ocrx_word' id='word_1_20' title='bbox 985 498 1241 589; x_wconf 81' lang='lat' dir='ltr'>gratias</span> <span class='ocrx_word' id='word_1_21' title='bbox 1282 509 1581 587; x_wconf 81' lang='lat' dir='ltr'>agentes.</span> <span class='ocrx_word' id='word_1_22' title='bbox 1636 504 1713 568; x_wconf 87' lang='lat' dir='ltr'>Et</span> <span class='ocrx_word' id='word_1_23' title='bbox 1755 500 1873 587; x_wconf 90' lang='lat' dir='ltr'>qui</span> <span class='ocrx_word' id='word_1_24' title='bbox 1934 498 2111 569; x_wconf 90' lang='lat' dir='ltr'>clam</span> <span class='ocrx_word' id='word_1_25' title='bbox 2160 522 2238 568; x_wconf 92' lang='lat' dir='ltr'>ea</span> <span class='ocrx_word' id='word_1_26' title='bbox 2283 513 2469 591; x_wconf 90' lang='lat' dir='ltr'>peste</span> <span class='ocrx_word' id='word_1_27' title='bbox 2514 501 2576 570; x_wconf 92' lang='lat' dir='ltr'>la</span> <span class='ocrx_word' id='word_1_28' title='bbox 2630 525 2783 572; x_wconf 90' lang='lat' dir='ltr'>ora-</span> 
     </span>
     <span class='ocr_line' id='line_1_4' title="bbox 243 585 2784 680; baseline 0.002 -23"><span class='ocrx_word' id='word_1_29' title='bbox 243 588 422 659; x_wconf 82' lang='lat' dir='ltr'>bant.</span> <span class='ocrx_word' id='word_1_30' title='bbox 457 589 528 657; x_wconf 90' lang='lat' dir='ltr'>in</span> <span class='ocrx_word' id='word_1_31' title='bbox 570 585 1043 657; x_wconf 76' lang='lat' dir='ltr'>habitantibus</span> <span class='ocrx_word' id='word_1_32' title='bbox 1073 586 1528 656; x_wconf 88' lang='lat' dir='ltr'>daemonibus</span> <span class='ocrx_word' id='word_1_33' title='bbox 1565 588 1856 657; x_wconf 86' lang='lat' dir='ltr'>athletae</span> <span class='ocrx_word' id='word_1_34' title='bbox 1904 589 2111 678; x_wconf 89' lang='lat' dir='ltr'>jussu</span> <span class='ocrx_word' id='word_1_35' title='bbox 2164 590 2549 659; x_wconf 89' lang='lat' dir='ltr'>necessario</span> <span class='ocrx_word' id='word_1_36' title='bbox 2597 603 2784 680; x_wconf 87' lang='lat' dir='ltr'>pate-</span> 
     </span>
     <span class='ocr_line' id='line_1_5' title="bbox 244 675 2787 766; baseline 0.001 -19"><span class='ocrx_word' id='word_1_37' title='bbox 244 676 429 747; x_wconf 70' lang='lat' dir='ltr'>factis</span> <span class='ocrx_word' id='word_1_38' title='bbox 472 688 539 747; x_wconf 91' lang='lat' dir='ltr'>et</span> <span class='ocrx_word' id='word_1_39' title='bbox 582 675 912 766; x_wconf 81' lang='lat' dir='ltr'>expulsis,</span> <span class='ocrx_word' id='word_1_40' title='bbox 966 675 1164 744; x_wconf 88' lang='lat' dir='ltr'>liberi</span> <span class='ocrx_word' id='word_1_41' title='bbox 1210 676 1767 746; x_wconf 85' lang='lat' dir='ltr'>ostendebantur.</span> <span class='ocrx_word' id='word_1_42' title='bbox 1827 676 2196 766; x_wconf 80' lang='lat' dir='ltr'>Paralytici</span> <span class='ocrx_word' id='word_1_43' title='bbox 2244 677 2364 764; x_wconf 90' lang='lat' dir='ltr'>qui</span> <span class='ocrx_word' id='word_1_44' title='bbox 2412 679 2520 747; x_wconf 78' lang='lat' dir='ltr'>vix</span> <span class='ocrx_word' id='word_1_45' title='bbox 2573 679 2638 747; x_wconf 91' lang='lat' dir='ltr'>in</span> <span class='ocrx_word' id='word_1_46' title='bbox 2692 680 2787 749; x_wconf 91' lang='lat' dir='ltr'>le-</span> 
     </span>
     <span class='ocr_line' id='line_1_6' title="bbox 240 763 2775 855; baseline 0.001 -19"><span class='ocrx_word' id='word_1_47' title='bbox 240 766 435 836; x_wconf 88' lang='lat' dir='ltr'>ctulis</span> <span class='ocrx_word' id='word_1_48' title='bbox 466 764 615 834; x_wconf 88' lang='lat' dir='ltr'>suis</span> <span class='ocrx_word' id='word_1_49' title='bbox 645 763 896 853; x_wconf 89' lang='lat' dir='ltr'>gestari</span> <span class='ocrx_word' id='word_1_50' title='bbox 936 777 1266 855; x_wconf 84' lang='lat' dir='ltr'>poterant.</span> <span class='ocrx_word' id='word_1_51' title='bbox 1305 766 1522 834; x_wconf 86' lang='lat' dir='ltr'>sancti</span> <span class='ocrx_word' id='word_1_52' title='bbox 1570 766 1816 835; x_wconf 84' lang='lat' dir='ltr'>virtute</span> <span class='ocrx_word' id='word_1_53' title='bbox 1868 766 2178 835; x_wconf 88' lang='lat' dir='ltr'>membra</span> <span class='ocrx_word' id='word_1_54' title='bbox 2229 767 2775 848; x_wconf 82' lang='lat' dir='ltr'>corroborantes,</span> 
     </span>
     <span class='ocr_line' id='line_1_7' title="bbox 239 852 2785 945; baseline 0.001 -22"><span class='ocrx_word' id='word_1_55' title='bbox 239 854 537 924; x_wconf 89' lang='lat' dir='ltr'>humeris</span> <span class='ocrx_word' id='word_1_56' title='bbox 564 853 848 923; x_wconf 82' lang='lat' dir='ltr'>lectulos</span> <span class='ocrx_word' id='word_1_57' title='bbox 875 875 1039 924; x_wconf 90' lang='lat' dir='ltr'>suos</span> <span class='ocrx_word' id='word_1_58' title='bbox 1062 876 1222 922; x_wconf 87' lang='lat' dir='ltr'>cum</span> <span class='ocrx_word' id='word_1_59' title='bbox 1252 852 1503 921; x_wconf 85' lang='lat' dir='ltr'>divinis</span> <span class='ocrx_word' id='word_1_60' title='bbox 1530 853 1857 924; x_wconf 88' lang='lat' dir='ltr'>laudibus</span> <span class='ocrx_word' id='word_1_61' title='bbox 1899 854 2358 943; x_wconf 87' lang='lat' dir='ltr'>reportabant.</span> <span class='ocrx_word' id='word_1_62' title='bbox 2402 857 2617 938; x_wconf 83' lang='lat' dir='ltr'>Caeci,</span> <span class='ocrx_word' id='word_1_63' title='bbox 2660 857 2785 945; x_wconf 89' lang='lat' dir='ltr'>qui</span> 
     </span>
     <span class='ocr_line' id='line_1_8' title="bbox 240 941 2785 1033; baseline 0.001 -20"><span class='ocrx_word' id='word_1_64' title='bbox 240 944 418 1013; x_wconf 87' lang='lat' dir='ltr'>omni</span> <span class='ocrx_word' id='word_1_65' title='bbox 450 942 760 1033; x_wconf 89' lang='lat' dir='ltr'>corporis</span> <span class='ocrx_word' id='word_1_66' title='bbox 815 943 1081 1011; x_wconf 90' lang='lat' dir='ltr'>actione</span> <span class='ocrx_word' id='word_1_67' title='bbox 1128 941 1424 1031; x_wconf 89' lang='lat' dir='ltr'>spoliati,</span> <span class='ocrx_word' id='word_1_68' title='bbox 1477 941 1770 1012; x_wconf 90' lang='lat' dir='ltr'>aliorum</span> <span class='ocrx_word' id='word_1_69' title='bbox 1824 944 2149 1013; x_wconf 90' lang='lat' dir='ltr'>manibus</span> <span class='ocrx_word' id='word_1_70' title='bbox 2197 944 2663 1026; x_wconf 84' lang='lat' dir='ltr'>ducebantur,</span> <span class='ocrx_word' id='word_1_71' title='bbox 2719 956 2785 1015; x_wconf 92' lang='lat' dir='ltr'>et</span> 
     </span>
     <span class='ocr_line' id='line_1_9' title="bbox 239 1031 2783 1123; baseline 0.002 -25"><span class='ocrx_word' id='word_1_72' title='bbox 239 1054 422 1102; x_wconf 77' lang='lat' dir='ltr'>veros</span> <span class='ocrx_word' id='word_1_73' title='bbox 461 1032 673 1101; x_wconf 88' lang='lat' dir='ltr'>duces</span> <span class='ocrx_word' id='word_1_74' title='bbox 730 1031 965 1100; x_wconf 91' lang='lat' dir='ltr'>oculos</span> <span class='ocrx_word' id='word_1_75' title='bbox 1013 1032 1472 1116; x_wconf 84' lang='lat' dir='ltr'>requirebant,</span> <span class='ocrx_word' id='word_1_76' title='bbox 1524 1032 1659 1099; x_wconf 88' lang='lat' dir='ltr'>voti</span> <span class='ocrx_word' id='word_1_77' title='bbox 1708 1044 2056 1123; x_wconf 85' lang='lat' dir='ltr'>compotes</span> <span class='ocrx_word' id='word_1_78' title='bbox 2103 1031 2288 1112; x_wconf 85' lang='lat' dir='ltr'>facti,</span> <span class='ocrx_word' id='word_1_79' title='bbox 2343 1034 2491 1102; x_wconf 91' lang='lat' dir='ltr'>sine</span> <span class='ocrx_word' id='word_1_80' title='bbox 2550 1034 2783 1104; x_wconf 89' lang='lat' dir='ltr'>labore</span> 
     </span>
     <span class='ocr_line' id='line_1_10' title="bbox 235 1119 2779 1209; baseline 0.001 -21"><span class='ocrx_word' id='word_1_81' title='bbox 235 1120 322 1191; x_wconf 88' lang='lat' dir='ltr'>ita</span> <span class='ocrx_word' id='word_1_82' title='bbox 352 1121 690 1200; x_wconf 88' lang='lat' dir='ltr'>redibant,</span> <span class='ocrx_word' id='word_1_83' title='bbox 726 1132 801 1188; x_wconf 90' lang='lat' dir='ltr'>ut</span> <span class='ocrx_word' id='word_1_84' title='bbox 838 1119 1103 1188; x_wconf 87' lang='lat' dir='ltr'>alienae</span> <span class='ocrx_word' id='word_1_85' title='bbox 1138 1141 1385 1188; x_wconf 88' lang='lat' dir='ltr'>manus</span> <span class='ocrx_word' id='word_1_86' title='bbox 1416 1142 1693 1209; x_wconf 82' lang='lat' dir='ltr'>operam</span> <span class='ocrx_word' id='word_1_87' title='bbox 1733 1120 2019 1190; x_wconf 87' lang='lat' dir='ltr'>minime</span> <span class='ocrx_word' id='word_1_88' title='bbox 2049 1121 2497 1207; x_wconf 79' lang='lat' dir='ltr'>requirerent.</span> <span class='ocrx_word' id='word_1_89' title='bbox 2537 1122 2779 1192; x_wconf 89' lang='lat' dir='ltr'>Claudi</span> 
     </span>
     <span class='ocr_line' id='line_1_11' title="bbox 235 1209 2782 1298; baseline 0 -19"><span class='ocrx_word' id='word_1_90' title='bbox 235 1210 542 1279; x_wconf 88' lang='lat' dir='ltr'>membra</span> <span class='ocrx_word' id='word_1_91' title='bbox 590 1209 919 1298; x_wconf 88' lang='lat' dir='ltr'>corporis,</span> <span class='ocrx_word' id='word_1_92' title='bbox 972 1229 1149 1294; x_wconf 90' lang='lat' dir='ltr'>quae</span> <span class='ocrx_word' id='word_1_93' title='bbox 1196 1222 1440 1278; x_wconf 88' lang='lat' dir='ltr'>terram</span> <span class='ocrx_word' id='word_1_94' title='bbox 1494 1210 1825 1298; x_wconf 86' lang='lat' dir='ltr'>attingere</span> <span class='ocrx_word' id='word_1_95' title='bbox 1875 1232 2011 1278; x_wconf 92' lang='lat' dir='ltr'>non</span> <span class='ocrx_word' id='word_1_96' title='bbox 2058 1223 2254 1279; x_wconf 90' lang='lat' dir='ltr'>erant</span> <span class='ocrx_word' id='word_1_97' title='bbox 2300 1210 2527 1290; x_wconf 87' lang='lat' dir='ltr'>solita,</span> <span class='ocrx_word' id='word_1_98' title='bbox 2585 1210 2782 1280; x_wconf 88' lang='lat' dir='ltr'>humi</span> 
     </span>
     <span class='ocr_line' id='line_1_12' title="bbox 233 1296 2774 1381; baseline 0.001 -15"><span class='ocrx_word' id='word_1_99' title='bbox 233 1297 425 1368; x_wconf 88' lang='lat' dir='ltr'>foede</span> <span class='ocrx_word' id='word_1_100' title='bbox 472 1297 842 1377; x_wconf 87' lang='lat' dir='ltr'>trahentes,</span> <span class='ocrx_word' id='word_1_101' title='bbox 896 1311 1014 1367; x_wconf 91' lang='lat' dir='ltr'>aut</span> <span class='ocrx_word' id='word_1_102' title='bbox 1060 1297 1142 1366; x_wconf 91' lang='lat' dir='ltr'>ad</span> <span class='ocrx_word' id='word_1_103' title='bbox 1183 1297 1308 1365; x_wconf 85' lang='lat' dir='ltr'>iter</span> <span class='ocrx_word' id='word_1_104' title='bbox 1344 1296 1734 1366; x_wconf 87' lang='lat' dir='ltr'>faciendum</span> <span class='ocrx_word' id='word_1_105' title='bbox 1771 1299 2031 1367; x_wconf 87' lang='lat' dir='ltr'>alienas</span> <span class='ocrx_word' id='word_1_106' title='bbox 2068 1321 2318 1367; x_wconf 85' lang='lat' dir='ltr'>manus</span> <span class='ocrx_word' id='word_1_107' title='bbox 2358 1311 2774 1381; x_wconf 85' lang='lat' dir='ltr'>mutuantes,</span> 
     </span>
     <span class='ocr_line' id='line_1_13' title="bbox 228 1386 2779 1478; baseline 0 -21"><span class='ocrx_word' id='word_1_108' title='bbox 228 1409 638 1478; x_wconf 89' lang='lat' dir='ltr'>caprearum</span> <span class='ocrx_word' id='word_1_109' title='bbox 693 1386 759 1454; x_wconf 87' lang='lat' dir='ltr'>in</span> <span class='ocrx_word' id='word_1_110' title='bbox 814 1407 1068 1454; x_wconf 87' lang='lat' dir='ltr'>morem</span> <span class='ocrx_word' id='word_1_111' title='bbox 1120 1387 1322 1454; x_wconf 84' lang='lat' dir='ltr'>rectis</span> <span class='ocrx_word' id='word_1_112' title='bbox 1371 1386 1556 1455; x_wconf 89' lang='lat' dir='ltr'>tibiis</span> <span class='ocrx_word' id='word_1_113' title='bbox 1591 1386 1897 1455; x_wconf 82' lang='lat' dir='ltr'>saliendo</span> <span class='ocrx_word' id='word_1_114' title='bbox 1936 1387 2413 1456; x_wconf 86' lang='lat' dir='ltr'>discedebant.</span> <span class='ocrx_word' id='word_1_115' title='bbox 2466 1394 2618 1456; x_wconf 70' lang='lat' dir='ltr'>,lam</span> <span class='ocrx_word' id='word_1_116' title='bbox 2657 1388 2779 1476; x_wconf 90' lang='lat' dir='ltr'>qui</span> 
     </span>
     <span class='ocr_line' id='line_1_14' title="bbox 229 1473 2784 1566; baseline 0 -21"><span class='ocrx_word' id='word_1_117' title='bbox 229 1476 534 1553; x_wconf 89' lang='lat' dir='ltr'>aurium,</span> <span class='ocrx_word' id='word_1_118' title='bbox 570 1488 690 1545; x_wconf 90' lang='lat' dir='ltr'>aut</span> <span class='ocrx_word' id='word_1_119' title='bbox 728 1474 1005 1564; x_wconf 83' lang='lat' dir='ltr'>linguae</span> <span class='ocrx_word' id='word_1_120' title='bbox 1042 1496 1324 1542; x_wconf 85' lang='lat' dir='ltr'>munere</span> <span class='ocrx_word' id='word_1_121' title='bbox 1363 1473 1559 1565; x_wconf 85' lang='lat' dir='ltr'>fungi</span> <span class='ocrx_word' id='word_1_122' title='bbox 1593 1497 1726 1544; x_wconf 92' lang='lat' dir='ltr'>non</span> <span class='ocrx_word' id='word_1_123' title='bbox 1772 1489 2104 1565; x_wconf 88' lang='lat' dir='ltr'>poterant,</span> <span class='ocrx_word' id='word_1_124' title='bbox 2159 1487 2430 1566; x_wconf 89' lang='lat' dir='ltr'>praeter</span> <span class='ocrx_word' id='word_1_125' title='bbox 2467 1476 2784 1546; x_wconf 88' lang='lat' dir='ltr'>omnium</span> 
     </span>
     <span class='ocr_line' id='line_1_15' title="bbox 225 1562 2783 1656; baseline 0 -21"><span class='ocrx_word' id='word_1_126' title='bbox 225 1564 794 1656; x_wconf 83' lang='lat' dir='ltr'>expectationem,</span> <span class='ocrx_word' id='word_1_127' title='bbox 848 1575 914 1631; x_wconf 94' lang='lat' dir='ltr'>et</span> <span class='ocrx_word' id='word_1_128' title='bbox 959 1562 1251 1631; x_wconf 86' lang='lat' dir='ltr'>aliorum</span> <span class='ocrx_word' id='word_1_129' title='bbox 1302 1584 1653 1635; x_wconf 86' lang='lat' dir='ltr'>sermones</span> <span class='ocrx_word' id='word_1_130' title='bbox 1701 1564 2202 1656; x_wconf 84' lang='lat' dir='ltr'>intelligebant,</span> <span class='ocrx_word' id='word_1_131' title='bbox 2257 1577 2323 1633; x_wconf 92' lang='lat' dir='ltr'>et</span> <span class='ocrx_word' id='word_1_132' title='bbox 2369 1587 2505 1633; x_wconf 88' lang='lat' dir='ltr'>una</span> <span class='ocrx_word' id='word_1_133' title='bbox 2543 1588 2783 1635; x_wconf 90' lang='lat' dir='ltr'>omnes</span> 
     </span>
     <span class='ocr_line' id='line_1_16' title="bbox 225 1652 2786 1755; baseline 0.002 -35"><span class='ocrx_word' id='word_1_134' title='bbox 225 1676 390 1724; x_wconf 88' lang='lat' dir='ltr'>voce</span> <span class='ocrx_word' id='word_1_135' title='bbox 441 1653 735 1741; x_wconf 87' lang='lat' dir='ltr'>agebant</span> <span class='ocrx_word' id='word_1_136' title='bbox 783 1652 1062 1741; x_wconf 80' lang='lat' dir='ltr'>gratias,</span> <span class='ocrx_word' id='word_1_137' title='bbox 1126 1652 1506 1732; x_wconf 74' lang='lat' dir='ltr'>Foeminae,</span> <span class='ocrx_word' id='word_1_138' title='bbox 1562 1676 1740 1740; x_wconf 91' lang='lat' dir='ltr'>quae</span> <span class='ocrx_word' id='word_1_139' title='bbox 1789 1666 2116 1744; x_wconf 91' lang='lat' dir='ltr'>perpetuo</span> <span class='ocrx_word' id='word_1_140' title='bbox 2167 1654 2538 1755; x_wconf 88' lang='lat' dir='ltr'>sanguinis</span> <span class='ocrx_word' id='word_1_141' title='bbox 2592 1655 2786 1724; x_wconf 85' lang='lat' dir='ltr'>fluxu</span> 
     </span>
     <span class='ocr_line' id='line_1_17' title="bbox 226 1740 2772 1833; baseline -0 -20"><span class='ocrx_word' id='word_1_142' title='bbox 226 1742 647 1821; x_wconf 88' lang='lat' dir='ltr'>laborantes,</span> <span class='ocrx_word' id='word_1_143' title='bbox 701 1741 891 1809; x_wconf 89' lang='lat' dir='ltr'>insiti</span> <span class='ocrx_word' id='word_1_144' title='bbox 938 1740 1186 1809; x_wconf 89' lang='lat' dir='ltr'>caloris</span> <span class='ocrx_word' id='word_1_145' title='bbox 1234 1740 1545 1810; x_wconf 89' lang='lat' dir='ltr'>discessu</span> <span class='ocrx_word' id='word_1_146' title='bbox 1574 1742 1657 1810; x_wconf 92' lang='lat' dir='ltr'>ad</span> <span class='ocrx_word' id='word_1_147' title='bbox 1705 1756 1988 1813; x_wconf 89' lang='lat' dir='ltr'>mortem</span> <span class='ocrx_word' id='word_1_148' title='bbox 2022 1755 2772 1833; x_wconf 78' lang='lat' dir='ltr'>appropinquaverant,</span> 
     </span>
     <span class='ocr_line' id='line_1_18' title="bbox 226 1829 2776 1912; baseline -0 -11"><span class='ocrx_word' id='word_1_149' title='bbox 226 1854 365 1901; x_wconf 90' lang='lat' dir='ltr'>non</span> <span class='ocrx_word' id='word_1_150' title='bbox 424 1830 695 1899; x_wconf 90' lang='lat' dir='ltr'>Domini</span> <span class='ocrx_word' id='word_1_151' title='bbox 744 1829 1079 1909; x_wconf 77' lang='lat' dir='ltr'>fimbriae,</span> <span class='ocrx_word' id='word_1_152' title='bbox 1134 1829 1251 1898; x_wconf 91' lang='lat' dir='ltr'>sed</span> <span class='ocrx_word' id='word_1_153' title='bbox 1301 1829 1475 1897; x_wconf 89' lang='lat' dir='ltr'>servi</span> <span class='ocrx_word' id='word_1_154' title='bbox 1524 1852 1721 1899; x_wconf 88' lang='lat' dir='ltr'>arcae</span> <span class='ocrx_word' id='word_1_155' title='bbox 1767 1844 2108 1912; x_wconf 88' lang='lat' dir='ltr'>contactu,</span> <span class='ocrx_word' id='word_1_156' title='bbox 2151 1830 2565 1900; x_wconf 88' lang='lat' dir='ltr'>mirabiliter</span> <span class='ocrx_word' id='word_1_157' title='bbox 2594 1832 2776 1901; x_wconf 85' lang='lat' dir='ltr'>exic-</span> 
     </span>
     <span class='ocr_line' id='line_1_19' title="bbox 225 1916 2777 2010; baseline 0 -21"><span class='ocrx_word' id='word_1_158' title='bbox 225 1935 379 1990; x_wconf 87' lang='lat' dir='ltr'>cato</span> <span class='ocrx_word' id='word_1_159' title='bbox 436 1920 649 1999; x_wconf 83' lang='lat' dir='ltr'>ssuxu,</span> <span class='ocrx_word' id='word_1_160' title='bbox 755 1917 1079 1986; x_wconf 87' lang='lat' dir='ltr'>ratiarum</span> <span class='ocrx_word' id='word_1_161' title='bbox 1124 1916 1339 1987; x_wconf 85' lang='lat' dir='ltr'>fontes</span> <span class='ocrx_word' id='word_1_162' title='bbox 1371 1917 1793 1988; x_wconf 85' lang='lat' dir='ltr'>emittebant.</span> <span class='ocrx_word' id='word_1_163' title='bbox 1830 1919 2376 2009; x_wconf 90' lang='lat' dir='ltr'>Chirographum</span> <span class='ocrx_word' id='word_1_164' title='bbox 2416 1920 2777 2010; x_wconf 87' lang='lat' dir='ltr'>flagitiosis</span> 
     </span>
     <span class='ocr_line' id='line_1_20' title="bbox 225 2006 2779 2096; baseline 0 -19"><span class='ocrx_word' id='word_1_165' title='bbox 225 2006 622 2077; x_wconf 87' lang='lat' dir='ltr'>actionibus</span> <span class='ocrx_word' id='word_1_166' title='bbox 672 2029 712 2096; x_wconf 94' lang='lat' dir='ltr'>p</span> <span class='ocrx_word' id='word_1_167' title='bbox 744 2028 977 2085; x_wconf 85' lang='lat' dir='ltr'>enum,</span> <span class='ocrx_word' id='word_1_168' title='bbox 1029 2028 1187 2075; x_wconf 89' lang='lat' dir='ltr'>cum</span> <span class='ocrx_word' id='word_1_169' title='bbox 1239 2028 1437 2075; x_wconf 88' lang='lat' dir='ltr'>arcae</span> <span class='ocrx_word' id='word_1_170' title='bbox 1475 2007 1910 2096; x_wconf 84' lang='lat' dir='ltr'>obsignatum</span> <span class='ocrx_word' id='word_1_171' title='bbox 1956 2008 2453 2089; x_wconf 85' lang='lat' dir='ltr'>admoveretur,</span> <span class='ocrx_word' id='word_1_172' title='bbox 2497 2008 2595 2077; x_wconf 89' lang='lat' dir='ltr'>sic</span> <span class='ocrx_word' id='word_1_173' title='bbox 2625 2031 2779 2077; x_wconf 90' lang='lat' dir='ltr'>om-</span> 
     </span>
     <span class='ocr_line' id='line_1_21' title="bbox 225 2093 2776 2186; baseline 0.001 -22"><span class='ocrx_word' id='word_1_174' title='bbox 225 2097 445 2166; x_wconf 88' lang='lat' dir='ltr'>nibus</span> <span class='ocrx_word' id='word_1_175' title='bbox 490 2096 834 2186; x_wconf 89' lang='lat' dir='ltr'>apparuit,</span> <span class='ocrx_word' id='word_1_176' title='bbox 888 2095 1028 2163; x_wconf 89' lang='lat' dir='ltr'>acsi</span> <span class='ocrx_word' id='word_1_177' title='bbox 1080 2093 1251 2163; x_wconf 90' lang='lat' dir='ltr'>nihil</span> <span class='ocrx_word' id='word_1_178' title='bbox 1303 2116 1609 2179; x_wconf 87' lang='lat' dir='ltr'>unquam</span> <span class='ocrx_word' id='word_1_179' title='bbox 1666 2095 1732 2163; x_wconf 90' lang='lat' dir='ltr'>in</span> <span class='ocrx_word' id='word_1_180' title='bbox 1783 2117 1860 2163; x_wconf 90' lang='lat' dir='ltr'>eo</span> <span class='ocrx_word' id='word_1_181' title='bbox 1910 2093 2149 2164; x_wconf 86' lang='lat' dir='ltr'>fuisset</span> <span class='ocrx_word' id='word_1_182' title='bbox 2180 2097 2561 2186; x_wconf 86' lang='lat' dir='ltr'>scriptum:</span> <span class='ocrx_word' id='word_1_183' title='bbox 2605 2108 2671 2165; x_wconf 92' lang='lat' dir='ltr'>et</span> <span class='ocrx_word' id='word_1_184' title='bbox 2700 2119 2776 2165; x_wconf 93' lang='lat' dir='ltr'>a-</span> 
     </span>
     <span class='ocr_line' id='line_1_22' title="bbox 224 2182 2766 2276; baseline -0.001 -21"><span class='ocrx_word' id='word_1_185' title='bbox 224 2184 635 2276; x_wconf 90' lang='lat' dir='ltr'>postolicam</span> <span class='ocrx_word' id='word_1_186' title='bbox 688 2195 1110 2273; x_wconf 90' lang='lat' dir='ltr'>potestatem,</span> <span class='ocrx_word' id='word_1_187' title='bbox 1161 2205 1240 2251; x_wconf 84' lang='lat' dir='ltr'>ex</span> <span class='ocrx_word' id='word_1_188' title='bbox 1288 2182 1499 2269; x_wconf 54' lang='lat' dir='ltr'>husus</span> <span class='ocrx_word' id='word_1_189' title='bbox 1547 2204 1701 2253; x_wconf 89' lang='lat' dir='ltr'>arca</span> <span class='ocrx_word' id='word_1_190' title='bbox 1754 2196 2173 2264; x_wconf 89' lang='lat' dir='ltr'>manantem,</span> <span class='ocrx_word' id='word_1_191' title='bbox 2219 2184 2766 2253; x_wconf 89' lang='lat' dir='ltr'>admirabantur.</span> 
     </span>
     <span class='ocr_line' id='line_1_23' title="bbox 225 2271 2771 2363; baseline 0 -22"><span class='ocrx_word' id='word_1_192' title='bbox 225 2279 481 2343; x_wconf 86' lang='lat' dir='ltr'>Verum</span> <span class='ocrx_word' id='word_1_193' title='bbox 531 2273 688 2360; x_wconf 90' lang='lat' dir='ltr'>quis</span> <span class='ocrx_word' id='word_1_194' title='bbox 734 2295 812 2341; x_wconf 91' lang='lat' dir='ltr'>ea</span> <span class='ocrx_word' id='word_1_195' title='bbox 844 2327 860 2352; x_wconf 92' lang='lat'>,</span> <span class='ocrx_word' id='word_1_196' title='bbox 912 2293 1089 2358; x_wconf 90' lang='lat' dir='ltr'>quae</span> <span class='ocrx_word' id='word_1_197' title='bbox 1136 2283 1300 2341; x_wconf 89' lang='lat' dir='ltr'>tunc</span> <span class='ocrx_word' id='word_1_198' title='bbox 1348 2294 1388 2340; x_wconf 91' lang='lat' dir='ltr'>a</span> <span class='ocrx_word' id='word_1_199' title='bbox 1478 2271 1633 2360; x_wconf 83' lang='lat' dir='ltr'>ipso</span> <span class='ocrx_word' id='word_1_200' title='bbox 1683 2284 1870 2363; x_wconf 87' lang='lat' dir='ltr'>gesta</span> <span class='ocrx_word' id='word_1_201' title='bbox 1920 2285 2130 2353; x_wconf 89' lang='lat' dir='ltr'>sunt,</span> <span class='ocrx_word' id='word_1_202' title='bbox 2189 2274 2293 2342; x_wconf 89' lang='lat' dir='ltr'>sin</span> <span class='ocrx_word' id='word_1_203' title='bbox 2352 2272 2590 2341; x_wconf 89' lang='lat' dir='ltr'>ulatim</span> <span class='ocrx_word' id='word_1_204' title='bbox 2649 2284 2771 2343; x_wconf 90' lang='lat' dir='ltr'>aut</span> 
     </span>
     <span class='ocr_line' id='line_1_24' title="bbox 224 2360 2767 2451; baseline -0 -20"><span class='ocrx_word' id='word_1_205' title='bbox 224 2363 560 2443; x_wconf 87' lang='lat' dir='ltr'>oratione,</span> <span class='ocrx_word' id='word_1_206' title='bbox 613 2375 733 2431; x_wconf 87' lang='lat' dir='ltr'>aut</span> <span class='ocrx_word' id='word_1_207' title='bbox 781 2361 1055 2450; x_wconf 85' lang='lat' dir='ltr'>scriptis</span> <span class='ocrx_word' id='word_1_208' title='bbox 1105 2361 1320 2430; x_wconf 89' lang='lat' dir='ltr'>valeat</span> <span class='ocrx_word' id='word_1_209' title='bbox 1366 2360 1729 2451; x_wconf 78' lang='lat' dir='ltr'>explicare,</span> <span class='ocrx_word' id='word_1_210' title='bbox 1783 2360 2099 2447; x_wconf 89' lang='lat' dir='ltr'>quamvis</span> <span class='ocrx_word' id='word_1_211' title='bbox 2148 2360 2246 2429; x_wconf 91' lang='lat' dir='ltr'>illi</span> <span class='ocrx_word' id='word_1_212' title='bbox 2327 2362 2578 2451; x_wconf 86' lang='lat' dir='ltr'>inguae</span> <span class='ocrx_word' id='word_1_213' title='bbox 2627 2361 2767 2431; x_wconf 89' lang='lat' dir='ltr'>sint</span> 
     </span>
     <span class='ocr_line' id='line_1_25' title="bbox 222 2448 2775 2608; baseline 0 -87"><span class='ocrx_word' id='word_1_214' title='bbox 222 2464 541 2608; x_wconf 47' lang='lat' dir='ltr'>centuni}</span> <span class='ocrx_word' id='word_1_215' title='bbox 589 2453 844 2539; x_wconf 79' lang='lat' dir='ltr'>oraque</span> <span class='ocrx_word' id='word_1_216' title='bbox 892 2462 1193 2532; x_wconf 87' lang='lat' dir='ltr'>centum,</span> <span class='ocrx_word' id='word_1_217' title='bbox 1249 2471 1409 2520; x_wconf 90' lang='lat' dir='ltr'>cum</span> <span class='ocrx_word' id='word_1_218' title='bbox 1463 2472 1546 2519; x_wconf 91' lang='lat' dir='ltr'>ne</span> <span class='ocrx_word' id='word_1_219' title='bbox 1592 2472 1843 2542; x_wconf 89' lang='lat' dir='ltr'>genera</span> <span class='ocrx_word' id='word_1_220' title='bbox 1875 2448 2156 2537; x_wconf 88' lang='lat' dir='ltr'>quidem</span> <span class='ocrx_word' id='word_1_221' title='bbox 2192 2451 2541 2520; x_wconf 87' lang='lat' dir='ltr'>numerari</span> <span class='ocrx_word' id='word_1_222' title='bbox 2577 2449 2775 2522; x_wconf 85' lang='lat' dir='ltr'>facile</span> 
     </span>
     <span class='ocr_line' id='line_1_26' title="bbox 222 2552 488 2630; baseline -0.015 -19"><span class='ocrx_word' id='word_1_223' title='bbox 222 2552 488 2630; x_wconf 86' lang='lat' dir='ltr'>queant</span> 
     </span>
    </p>
   </div>
   <div class='ocr_carea' id='block_1_3' title="bbox 218 2640 2786 4504">
    <p class='ocr_par' dir='ltr' id='par_1_3' title="bbox 218 2640 2786 4239">
     <span class='ocr_line' id='line_1_27' title="bbox 309 2640 2782 2742; baseline -0.002 -27"><span class='ocrx_word' id='word_1_224' title='bbox 309 2645 349 2732; x_wconf 67' lang='grc' dir='ltr'><strong>ἓ</strong></span> <span class='ocrx_word' id='word_1_225' title='bbox 402 2646 572 2715; x_wconf 66' lang='lat'>22.</span> <span class='ocrx_word' id='word_1_226' title='bbox 625 2646 976 2731; x_wconf 87' lang='lat' dir='ltr'>Integrum</span> <span class='ocrx_word' id='word_1_227' title='bbox 1028 2640 1240 2731; x_wconf 90' lang='lat' dir='ltr'>igitur</span> <span class='ocrx_word' id='word_1_228' title='bbox 1285 2663 1546 2710; x_wconf 87' lang='lat' dir='ltr'>annum</span> <span class='ocrx_word' id='word_1_229' title='bbox 1598 2640 1669 2709; x_wconf 90' lang='lat' dir='ltr'>in</span> <span class='ocrx_word' id='word_1_230' title='bbox 1713 2640 1968 2742; x_wconf 86' lang='lat' dir='ltr'>templo</span> <span class='ocrx_word' id='word_1_231' title='bbox 2000 2640 2218 2710; x_wconf 89' lang='lat' dir='ltr'>sancti</span> <span class='ocrx_word' id='word_1_232' title='bbox 2261 2640 2583 2730; x_wconf 85' lang='lat' dir='ltr'>martyris</span> <span class='ocrx_word' id='word_1_233' title='bbox 2623 2645 2782 2710; x_wconf 93' lang='lat' dir='ltr'>Pro-</span> 
     </span>
     <span class='ocr_line' id='line_1_28' title="bbox 219 2728 2782 2823; baseline -0.002 -21"><span class='ocrx_word' id='word_1_234' title='bbox 219 2731 409 2823; x_wconf 80' lang='lat' dir='ltr'>copii</span> <span class='ocrx_word' id='word_1_235' title='bbox 467 2730 894 2807; x_wconf 88' lang='lat' dir='ltr'>commorati,</span> <span class='ocrx_word' id='word_1_236' title='bbox 950 2750 1036 2799; x_wconf 91' lang='lat' dir='ltr'>ne</span> <span class='ocrx_word' id='word_1_237' title='bbox 1084 2751 1318 2819; x_wconf 89' lang='lat' dir='ltr'>preces</span> <span class='ocrx_word' id='word_1_238' title='bbox 1366 2730 1672 2799; x_wconf 89' lang='lat' dir='ltr'>divinam</span> <span class='ocrx_word' id='word_1_239' title='bbox 1724 2731 1809 2799; x_wconf 90' lang='lat' dir='ltr'>ab</span> <span class='ocrx_word' id='word_1_240' title='bbox 1859 2751 2010 2820; x_wconf 80' lang='lat' dir='ltr'>ipso</span> <span class='ocrx_word' id='word_1_241' title='bbox 2058 2730 2347 2819; x_wconf 87' lang='lat' dir='ltr'>gratiam</span> <span class='ocrx_word' id='word_1_242' title='bbox 2401 2728 2782 2819; x_wconf 89' lang='lat' dir='ltr'>imploran-</span> 
     </span>
     <span class='ocr_line' id='line_1_29' title="bbox 221 2817 2780 2908; baseline -0.002 -17"><span class='ocrx_word' id='word_1_243' title='bbox 221 2822 400 2891; x_wconf 83' lang='lat' dir='ltr'>tium</span> <span class='ocrx_word' id='word_1_244' title='bbox 456 2819 897 2908; x_wconf 89' lang='lat' dir='ltr'>impedirent,</span> <span class='ocrx_word' id='word_1_245' title='bbox 951 2840 1125 2897; x_wconf 90' lang='lat' dir='ltr'>sero‚</span> <span class='ocrx_word' id='word_1_246' title='bbox 1178 2832 1242 2887; x_wconf 87' lang='lat' dir='ltr'>et</span> <span class='ocrx_word' id='word_1_247' title='bbox 1291 2818 1396 2887; x_wconf 84' lang='lat' dir='ltr'>vix</span> <span class='ocrx_word' id='word_1_248' title='bbox 1447 2817 1720 2888; x_wconf 85' lang='lat' dir='ltr'>tandem</span> <span class='ocrx_word' id='word_1_249' title='bbox 1767 2821 1945 2887; x_wconf 70' lang='lat' dir='ltr'>recta</span> <span class='ocrx_word' id='word_1_250' title='bbox 1987 2818 2072 2887; x_wconf 91' lang='lat' dir='ltr'>ad</span> <span class='ocrx_word' id='word_1_251' title='bbox 2106 2818 2256 2902; x_wconf 85' lang='lat' dir='ltr'>ejus</span> <span class='ocrx_word' id='word_1_252' title='bbox 2285 2817 2780 2888; x_wconf 86' lang='lat' dir='ltr'>monasterium</span> 
     </span>
     <span class='ocr_line' id='line_1_30' title="bbox 219 2906 2783 3001; baseline -0.002 -21"><span class='ocrx_word' id='word_1_253' title='bbox 219 2921 718 3001; x_wconf 88' lang='lat' dir='ltr'>pervenerunt,</span> <span class='ocrx_word' id='word_1_254' title='bbox 771 2929 930 2977; x_wconf 90' lang='lat' dir='ltr'>cum</span> <span class='ocrx_word' id='word_1_255' title='bbox 980 2907 1220 2976; x_wconf 87' lang='lat' dir='ltr'>ordine</span> <span class='ocrx_word' id='word_1_256' title='bbox 1267 2906 1712 2998; x_wconf 83' lang='lat' dir='ltr'>quadruplici</span> <span class='ocrx_word' id='word_1_257' title='bbox 1761 2907 1943 2977; x_wconf 88' lang='lat' dir='ltr'>circa</span> <span class='ocrx_word' id='word_1_258' title='bbox 1993 2907 2311 2976; x_wconf 79' lang='lat' dir='ltr'>feretrum</span> <span class='ocrx_word' id='word_1_259' title='bbox 2365 2907 2588 2997; x_wconf 88' lang='lat' dir='ltr'>ipsius</span> <span class='ocrx_word' id='word_1_260' title='bbox 2616 2928 2783 2975; x_wconf 89' lang='lat' dir='ltr'>con-</span> 
     </span>
     <span class='ocr_line' id='line_1_31' title="bbox 219 2995 2783 3086; baseline -0.002 -16"><span class='ocrx_word' id='word_1_261' title='bbox 219 2999 592 3070; x_wconf 87' lang='lat' dir='ltr'>stitissent.</span> <span class='ocrx_word' id='word_1_262' title='bbox 646 2996 942 3065; x_wconf 84' lang='lat' dir='ltr'>Medium</span> <span class='ocrx_word' id='word_1_263' title='bbox 993 2995 1177 3064; x_wconf 91' lang='lat' dir='ltr'>enim</span> <span class='ocrx_word' id='word_1_264' title='bbox 1227 2996 1405 3064; x_wconf 88' lang='lat' dir='ltr'>inter</span> <span class='ocrx_word' id='word_1_265' title='bbox 1444 3009 1671 3086; x_wconf 85' lang='lat' dir='ltr'>patres</span> <span class='ocrx_word' id='word_1_266' title='bbox 1705 2995 1929 3065; x_wconf 89' lang='lat' dir='ltr'>locum</span> <span class='ocrx_word' id='word_1_267' title='bbox 1968 2996 2350 3065; x_wconf 89' lang='lat' dir='ltr'>obtinentes</span> <span class='ocrx_word' id='word_1_268' title='bbox 2393 2995 2517 3065; x_wconf 88' lang='lat' dir='ltr'>viri</span> <span class='ocrx_word' id='word_1_269' title='bbox 2559 2995 2783 3065; x_wconf 85' lang='lat' dir='ltr'>lectis-</span> 
     </span>
     <span class='ocr_line' id='line_1_32' title="bbox 221 3083 2779 3174; baseline -0.002 -17"><span class='ocrx_word' id='word_1_270' title='bbox 221 3087 434 3168; x_wconf 88' lang='lat' dir='ltr'>simi,</span> <span class='ocrx_word' id='word_1_271' title='bbox 495 3085 804 3155; x_wconf 84' lang='lat' dir='ltr'>humeris</span> <span class='ocrx_word' id='word_1_272' title='bbox 853 3083 998 3154; x_wconf 91' lang='lat' dir='ltr'>suis</span> <span class='ocrx_word' id='word_1_273' title='bbox 1048 3083 1553 3154; x_wconf 86' lang='lat' dir='ltr'>sanctissimam</span> <span class='ocrx_word' id='word_1_274' title='bbox 1605 3107 1834 3153; x_wconf 87' lang='lat' dir='ltr'>arcam</span> <span class='ocrx_word' id='word_1_275' title='bbox 1886 3086 2279 3174; x_wconf 88' lang='lat' dir='ltr'>gestabant,</span> <span class='ocrx_word' id='word_1_276' title='bbox 2334 3083 2402 3152; x_wconf 88' lang='lat' dir='ltr'>in</span> <span class='ocrx_word' id='word_1_277' title='bbox 2454 3107 2593 3172; x_wconf 86' lang='lat' dir='ltr'>qua</span> <span class='ocrx_word' id='word_1_278' title='bbox 2644 3106 2779 3153; x_wconf 90' lang='lat' dir='ltr'>non</span> 
     </span>
     <span class='ocr_line' id='line_1_33' title="bbox 218 3171 2775 3264; baseline -0.002 -18"><span class='ocrx_word' id='word_1_279' title='bbox 218 3198 403 3246; x_wconf 87' lang='lat' dir='ltr'>urna</span> <span class='ocrx_word' id='word_1_280' title='bbox 455 3185 604 3243; x_wconf 90' lang='lat' dir='ltr'>erat</span> <span class='ocrx_word' id='word_1_281' title='bbox 651 3173 903 3264; x_wconf 85' lang='lat' dir='ltr'>ingrati</span> <span class='ocrx_word' id='word_1_282' title='bbox 951 3171 1190 3264; x_wconf 88' lang='lat' dir='ltr'>populi</span> <span class='ocrx_word' id='word_1_283' title='bbox 1219 3172 1451 3242; x_wconf 89' lang='lat' dir='ltr'>cibum</span> <span class='ocrx_word' id='word_1_284' title='bbox 1493 3195 1927 3252; x_wconf 65' lang='lat' dir='ltr'>conservam,</span> <span class='ocrx_word' id='word_1_285' title='bbox 1969 3195 2104 3242; x_wconf 89' lang='lat' dir='ltr'>non</span> <span class='ocrx_word' id='word_1_286' title='bbox 2142 3173 2449 3263; x_wconf 89' lang='lat' dir='ltr'>lapideae</span> <span class='ocrx_word' id='word_1_287' title='bbox 2485 3171 2775 3254; x_wconf 90' lang='lat' dir='ltr'>tabulae,</span> 
     </span>
     <span class='ocr_line' id='line_1_34' title="bbox 221 3260 2780 3362; baseline -0.002 -28"><span class='ocrx_word' id='word_1_288' title='bbox 221 3287 363 3334; x_wconf 89' lang='lat' dir='ltr'>non</span> <span class='ocrx_word' id='word_1_289' title='bbox 418 3263 617 3353; x_wconf 84' lang='lat' dir='ltr'>virga</span> <span class='ocrx_word' id='word_1_290' title='bbox 666 3267 927 3331; x_wconf 78' lang='lat' dir='ltr'>Aaron:</span> <span class='ocrx_word' id='word_1_291' title='bbox 982 3260 1099 3331; x_wconf 93' lang='lat' dir='ltr'>sed</span> <span class='ocrx_word' id='word_1_292' title='bbox 1149 3283 1401 3352; x_wconf 90' lang='lat' dir='ltr'>corpus</span> <span class='ocrx_word' id='word_1_293' title='bbox 1442 3261 1654 3341; x_wconf 86' lang='lat' dir='ltr'>illius,</span> <span class='ocrx_word' id='word_1_294' title='bbox 1689 3262 1808 3348; x_wconf 90' lang='lat' dir='ltr'>qui</span> <span class='ocrx_word' id='word_1_295' title='bbox 1840 3262 2157 3332; x_wconf 87' lang='lat' dir='ltr'>virtutem</span> <span class='ocrx_word' id='word_1_296' title='bbox 2194 3261 2382 3331; x_wconf 89' lang='lat' dir='ltr'>omni</span> <span class='ocrx_word' id='word_1_297' title='bbox 2414 3261 2780 3362; x_wconf 90' lang='lat' dir='ltr'>reprehen-</span> 
     </span>
     <span class='ocr_line' id='line_1_35' title="bbox 221 3349 2784 3440; baseline -0.001 -17"><span class='ocrx_word' id='word_1_298' title='bbox 221 3353 428 3423; x_wconf 88' lang='lat' dir='ltr'>sione</span> <span class='ocrx_word' id='word_1_299' title='bbox 479 3351 904 3440; x_wconf 88' lang='lat' dir='ltr'>superiorcm</span> <span class='ocrx_word' id='word_1_300' title='bbox 955 3349 1365 3419; x_wconf 79' lang='lat' dir='ltr'>ostenderat.</span> <span class='ocrx_word' id='word_1_301' title='bbox 1437 3349 1565 3432; x_wconf 84' lang='lat' dir='ltr'>Qui</span> <span class='ocrx_word' id='word_1_302' title='bbox 1615 3350 1912 3419; x_wconf 91' lang='lat' dir='ltr'>naturali</span> <span class='ocrx_word' id='word_1_303' title='bbox 1959 3349 2444 3436; x_wconf 89' lang='lat' dir='ltr'>tranquillitate</span> <span class='ocrx_word' id='word_1_304' title='bbox 2485 3350 2784 3420; x_wconf 78' lang='lat' dir='ltr'>invidiae</span> 
     </span>
     <span class='ocr_line' id='line_1_36' title="bbox 222 3438 2782 3528; baseline 0 -18"><span class='ocrx_word' id='word_1_305' title='bbox 222 3441 515 3512; x_wconf 89' lang='lat' dir='ltr'>aculeos</span> <span class='ocrx_word' id='word_1_306' title='bbox 562 3440 865 3518; x_wconf 58' lang='lat' dir='ltr'>obtusos</span> <span class='ocrx_word' id='word_1_307' title='bbox 920 3439 1330 3525; x_wconf 87' lang='lat' dir='ltr'>hebetesque</span> <span class='ocrx_word' id='word_1_308' title='bbox 1379 3438 1789 3507; x_wconf 88' lang='lat' dir='ltr'>reddiderat.</span> <span class='ocrx_word' id='word_1_309' title='bbox 1860 3439 1988 3521; x_wconf 86' lang='lat' dir='ltr'>Qui</span> <span class='ocrx_word' id='word_1_310' title='bbox 2049 3439 2401 3510; x_wconf 88' lang='lat' dir='ltr'>charitatis</span> <span class='ocrx_word' id='word_1_311' title='bbox 2459 3439 2782 3528; x_wconf 89' lang='lat' dir='ltr'>insigniis</span> 
     </span>
     <span class='ocr_line' id='line_1_37' title="bbox 222 3526 2784 3618; baseline -0.002 -18"><span class='ocrx_word' id='word_1_312' title='bbox 222 3530 486 3600; x_wconf 87' lang='lat' dir='ltr'>eximie</span> <span class='ocrx_word' id='word_1_313' title='bbox 536 3528 966 3598; x_wconf 86' lang='lat' dir='ltr'>excelluerat.</span> <span class='ocrx_word' id='word_1_314' title='bbox 1019 3528 1147 3610; x_wconf 89' lang='lat' dir='ltr'>Qui</span> <span class='ocrx_word' id='word_1_315' title='bbox 1179 3527 1336 3607; x_wconf 87' lang='lat' dir='ltr'>fide,</span> <span class='ocrx_word' id='word_1_316' title='bbox 1376 3527 1488 3596; x_wconf 85' lang='lat' dir='ltr'>cui</span> <span class='ocrx_word' id='word_1_317' title='bbox 1523 3526 1698 3595; x_wconf 87' lang='lat' dir='ltr'>nibil</span> <span class='ocrx_word' id='word_1_318' title='bbox 1728 3539 1830 3597; x_wconf 90' lang='lat' dir='ltr'>est</span> <span class='ocrx_word' id='word_1_319' title='bbox 1858 3527 2160 3609; x_wconf 85' lang='lat' dir='ltr'>difficile,</span> <span class='ocrx_word' id='word_1_320' title='bbox 2200 3528 2269 3595; x_wconf 91' lang='lat' dir='ltr'>in</span> <span class='ocrx_word' id='word_1_321' title='bbox 2307 3528 2553 3618; x_wconf 85' lang='lat' dir='ltr'>primis</span> <span class='ocrx_word' id='word_1_322' title='bbox 2587 3549 2784 3617; x_wconf 89' lang='lat' dir='ltr'>prae-</span> 
     </span>
     <span class='ocr_line' id='line_1_38' title="bbox 221 3615 2783 3708; baseline -0.002 -19"><span class='ocrx_word' id='word_1_323' title='bbox 221 3620 522 3698; x_wconf 87' lang='lat' dir='ltr'>stiterat,</span> <span class='ocrx_word' id='word_1_324' title='bbox 576 3629 641 3686; x_wconf 91' lang='lat' dir='ltr'>et</span> <span class='ocrx_word' id='word_1_325' title='bbox 687 3618 836 3708; x_wconf 85' lang='lat' dir='ltr'>ejus</span> <span class='ocrx_word' id='word_1_326' title='bbox 882 3616 1138 3686; x_wconf 88' lang='lat' dir='ltr'>auxilio</span> <span class='ocrx_word' id='word_1_327' title='bbox 1186 3615 1486 3686; x_wconf 84' lang='lat' dir='ltr'>hostium</span> <span class='ocrx_word' id='word_1_328' title='bbox 1538 3637 1729 3684; x_wconf 88' lang='lat' dir='ltr'>arces</span> <span class='ocrx_word' id='word_1_329' title='bbox 1763 3627 2111 3685; x_wconf 83' lang='lat' dir='ltr'>everterat.</span> <span class='ocrx_word' id='word_1_330' title='bbox 2176 3615 2303 3699; x_wconf 84' lang='lat' dir='ltr'>Qui</span> <span class='ocrx_word' id='word_1_331' title='bbox 2335 3638 2453 3706; x_wconf 91' lang='lat' dir='ltr'>spe</span> <span class='ocrx_word' id='word_1_332' title='bbox 2487 3617 2554 3684; x_wconf 91' lang='lat' dir='ltr'>in</span> <span class='ocrx_word' id='word_1_333' title='bbox 2590 3615 2783 3684; x_wconf 85' lang='lat' dir='ltr'>Chri-</span> 
     </span>
     <span class='ocr_line' id='line_1_39' title="bbox 221 3703 2786 3795; baseline -0.001 -18"><span class='ocrx_word' id='word_1_334' title='bbox 221 3719 412 3778; x_wconf 82' lang='lat' dir='ltr'>stum</span> <span class='ocrx_word' id='word_1_335' title='bbox 473 3705 750 3787; x_wconf 84' lang='lat' dir='ltr'>invicta,</span> <span class='ocrx_word' id='word_1_336' title='bbox 808 3727 927 3795; x_wconf 90' lang='lat' dir='ltr'>per</span> <span class='ocrx_word' id='word_1_337' title='bbox 973 3727 1245 3774; x_wconf 88' lang='lat' dir='ltr'>omnem</span> <span class='ocrx_word' id='word_1_338' title='bbox 1301 3703 1502 3773; x_wconf 89' lang='lat' dir='ltr'>vitam</span> <span class='ocrx_word' id='word_1_339' title='bbox 1555 3717 1863 3774; x_wconf 88' lang='lat' dir='ltr'>armatus</span> <span class='ocrx_word' id='word_1_340' title='bbox 1896 3705 2226 3784; x_wconf 82' lang='lat' dir='ltr'>extiterat,</span> <span class='ocrx_word' id='word_1_341' title='bbox 2265 3716 2332 3774; x_wconf 89' lang='lat' dir='ltr'>et</span> <span class='ocrx_word' id='word_1_342' title='bbox 2363 3704 2786 3774; x_wconf 88' lang='lat' dir='ltr'>adversario-</span> 
     </span>
     <span class='ocr_line' id='line_1_40' title="bbox 220 3793 2784 3876; baseline -0.002 -10"><span class='ocrx_word' id='word_1_343' title='bbox 220 3819 378 3866; x_wconf 91' lang='lat' dir='ltr'>rum</span> <span class='ocrx_word' id='word_1_344' title='bbox 458 3794 595 3863; x_wconf 87' lang='lat' dir='ltr'>tela</span> <span class='ocrx_word' id='word_1_345' title='bbox 657 3793 925 3866; x_wconf 89' lang='lat' dir='ltr'>cunctis</span> <span class='ocrx_word' id='word_1_346' title='bbox 989 3793 1220 3863; x_wconf 90' lang='lat' dir='ltr'>inania</span> <span class='ocrx_word' id='word_1_347' title='bbox 1285 3793 1808 3863; x_wconf 84' lang='lat' dir='ltr'>demonstrarat.</span> <span class='ocrx_word' id='word_1_348' title='bbox 1889 3794 2014 3876; x_wconf 85' lang='lat' dir='ltr'>Qui</span> <span class='ocrx_word' id='word_1_349' title='bbox 2065 3815 2434 3862; x_wconf 88' lang='lat' dir='ltr'>munerum</span> <span class='ocrx_word' id='word_1_350' title='bbox 2489 3797 2529 3861; x_wconf 89' lang='lat' dir='ltr'>S</span> <span class='ocrx_word' id='word_1_351' title='bbox 2584 3793 2784 3863; x_wconf 88' lang='lat' dir='ltr'>iritus</span> 
     </span>
     <span class='ocr_line' id='line_1_41' title="bbox 224 3815 2786 3972; baseline -0.002 -18"><span class='ocrx_word' id='word_1_352' title='bbox 224 3883 461 3955; x_wconf 82' lang='lat' dir='ltr'>Sancti</span> <span class='ocrx_word' id='word_1_353' title='bbox 519 3895 844 3970; x_wconf 89' lang='lat' dir='ltr'>tanquam</span> <span class='ocrx_word' id='word_1_354' title='bbox 896 3882 1151 3951; x_wconf 89' lang='lat' dir='ltr'>fluvius</span> <span class='ocrx_word' id='word_1_355' title='bbox 1197 3895 1363 3951; x_wconf 87' lang='lat' dir='ltr'>erat.</span> <span class='ocrx_word' id='word_1_356' title='bbox 1436 3881 1565 3965; x_wconf 85' lang='lat' dir='ltr'>Qui</span> <span class='ocrx_word' id='word_1_357' title='bbox 1608 3881 1877 3951; x_wconf 85' lang='lat' dir='ltr'>animos</span> <span class='ocrx_word' id='word_1_358' title='bbox 1911 3882 2222 3951; x_wconf 91' lang='lat' dir='ltr'>omnium</span> <span class='ocrx_word' id='word_1_359' title='bbox 2259 3881 2498 3972; x_wconf 88' lang='lat' dir='ltr'>gratiis</span> <span class='ocrx_word' id='word_1_360' title='bbox 2530 3815 2786 3950; x_wconf 68' lang='lat' dir='ltr'>iiilares</span> 
     </span>
     <span class='ocr_line' id='line_1_42' title="bbox 224 3969 2785 4056; baseline -0.001 -14"><span class='ocrx_word' id='word_1_361' title='bbox 224 3971 599 4042; x_wconf 86' lang='lat' dir='ltr'>efficiebat.</span> <span class='ocrx_word' id='word_1_362' title='bbox 670 3971 800 4055; x_wconf 86' lang='lat' dir='ltr'>Qui</span> <span class='ocrx_word' id='word_1_363' title='bbox 849 3969 919 4040; x_wconf 90' lang='lat' dir='ltr'>in</span> <span class='ocrx_word' id='word_1_364' title='bbox 968 3969 1310 4042; x_wconf 87' lang='lat' dir='ltr'>Ecclesiae</span> <span class='ocrx_word' id='word_1_365' title='bbox 1339 3970 1797 4049; x_wconf 82' lang='lat' dir='ltr'>firmamento,</span> <span class='ocrx_word' id='word_1_366' title='bbox 1833 3969 2032 4056; x_wconf 86' lang='lat' dir='ltr'>quasi</span> <span class='ocrx_word' id='word_1_367' title='bbox 2069 3969 2335 4039; x_wconf 89' lang='lat' dir='ltr'>nitidus</span> <span class='ocrx_word' id='word_1_368' title='bbox 2366 3969 2649 4056; x_wconf 88' lang='lat' dir='ltr'>quidam</span> <span class='ocrx_word' id='word_1_369' title='bbox 2684 3970 2785 4041; x_wconf 91' lang='lat' dir='ltr'>sol</span> 
     </span>
     <span class='ocr_line' id='line_1_43' title="bbox 226 4057 2785 4149; baseline -0.001 -19"><span class='ocrx_word' id='word_1_370' title='bbox 226 4058 543 4133; x_wconf 80' lang='lat' dir='ltr'>fulserat.</span> <span class='ocrx_word' id='word_1_371' title='bbox 616 4061 745 4144; x_wconf 88' lang='lat' dir='ltr'>Qui</span> <span class='ocrx_word' id='word_1_372' title='bbox 795 4059 1293 4131; x_wconf 89' lang='lat' dir='ltr'>haereticorum</span> <span class='ocrx_word' id='word_1_373' title='bbox 1346 4060 1583 4130; x_wconf 87' lang='lat' dir='ltr'>oculos</span> <span class='ocrx_word' id='word_1_374' title='bbox 1630 4058 1981 4129; x_wconf 89' lang='lat' dir='ltr'>doctrinae</span> <span class='ocrx_word' id='word_1_375' title='bbox 2029 4057 2394 4148; x_wconf 86' lang='lat' dir='ltr'>splendore</span> <span class='ocrx_word' id='word_1_376' title='bbox 2452 4057 2785 4149; x_wconf 90' lang='lat' dir='ltr'>perstrin-</span> 
     </span>
     <span class='ocr_line' id='line_1_44' title="bbox 229 4146 2503 4239; baseline -0.001 -21"><span class='ocrx_word' id='word_1_377' title='bbox 229 4161 459 4219; x_wconf 82' lang='lat' dir='ltr'>xerat:</span> <span class='ocrx_word' id='word_1_378' title='bbox 522 4148 793 4239; x_wconf 89' lang='lat' dir='ltr'>piorum</span> <span class='ocrx_word' id='word_1_379' title='bbox 844 4163 1071 4219; x_wconf 84' lang='lat' dir='ltr'>autem</span> <span class='ocrx_word' id='word_1_380' title='bbox 1123 4149 1399 4218; x_wconf 87' lang='lat' dir='ltr'>animos</span> <span class='ocrx_word' id='word_1_381' title='bbox 1443 4148 1784 4217; x_wconf 81' lang='lat' dir='ltr'>direxerat</span> <span class='ocrx_word' id='word_1_382' title='bbox 1831 4147 1913 4215; x_wconf 91' lang='lat' dir='ltr'>ad</span> <span class='ocrx_word' id='word_1_383' title='bbox 1964 4160 2218 4216; x_wconf 90' lang='lat' dir='ltr'>rectam</span> <span class='ocrx_word' id='word_1_384' title='bbox 2271 4146 2503 4216; x_wconf 88' lang='lat' dir='ltr'>fidem.</span> 
     </span>
    </p>

    <p class='ocr_par' dir='ltr' id='par_1_4' title="bbox 238 4233 2785 4504">
     <span class='ocr_line' id='line_1_45' title="bbox 322 4233 2785 4328; baseline -0.002 -20"><span class='ocrx_word' id='word_1_385' title='bbox 322 4239 358 4323; x_wconf 68' lang='grc' dir='ltr'><strong>ξ</strong></span> <span class='ocrx_word' id='word_1_386' title='bbox 409 4241 573 4308; x_wconf 69' lang='lat'>23.</span> <span class='ocrx_word' id='word_1_387' title='bbox 628 4242 678 4308; x_wconf 94' lang='grc' dir='ltr'><strong>Ο</strong></span> <span class='ocrx_word' id='word_1_388' title='bbox 727 4237 1227 4328; x_wconf 89' lang='lat' dir='ltr'>aegrotantium</span> <span class='ocrx_word' id='word_1_389' title='bbox 1282 4236 1567 4318; x_wconf 90' lang='lat' dir='ltr'>medice,</span> <span class='ocrx_word' id='word_1_390' title='bbox 1621 4260 1660 4305; x_wconf 96' lang='lat' dir='ltr'>o</span> <span class='ocrx_word' id='word_1_391' title='bbox 1710 4236 2118 4306; x_wconf 85' lang='lat' dir='ltr'>miserorum</span> <span class='ocrx_word' id='word_1_392' title='bbox 2173 4235 2592 4327; x_wconf 85' lang='lat' dir='ltr'>perfugium,</span> <span class='ocrx_word' id='word_1_393' title='bbox 2647 4233 2785 4303; x_wconf 87' lang='lat' dir='ltr'>lar-</span> 
     </span>
     <span class='ocr_line' id='line_1_46' title="bbox 239 4321 2785 4416; baseline 0 -24"><span class='ocrx_word' id='word_1_394' title='bbox 239 4321 383 4410; x_wconf 87' lang='lat' dir='ltr'>gire</span> <span class='ocrx_word' id='word_1_395' title='bbox 428 4323 603 4394; x_wconf 87' lang='lat' dir='ltr'>mihi</span> <span class='ocrx_word' id='word_1_396' title='bbox 656 4326 944 4396; x_wconf 89' lang='lat' dir='ltr'>celerem</span> <span class='ocrx_word' id='word_1_397' title='bbox 998 4347 1304 4396; x_wconf 89' lang='lat' dir='ltr'>mearum</span> <span class='ocrx_word' id='word_1_398' title='bbox 1359 4325 1872 4416; x_wconf 90' lang='lat' dir='ltr'>aegritudinum</span> <span class='ocrx_word' id='word_1_399' title='bbox 1924 4325 2383 4395; x_wconf 89' lang='lat' dir='ltr'>curationem:</span> <span class='ocrx_word' id='word_1_400' title='bbox 2448 4336 2525 4392; x_wconf 89' lang='lat' dir='ltr'>ut</span> <span class='ocrx_word' id='word_1_401' title='bbox 2583 4344 2785 4393; x_wconf 89' lang='lat' dir='ltr'>recu-</span> 
     </span>
     <span class='ocr_line' id='line_1_47' title="bbox 238 4410 2780 4504; baseline -0.001 -24"><span class='ocrx_word' id='word_1_402' title='bbox 238 4423 467 4500; x_wconf 89' lang='lat' dir='ltr'>perata</span> <span class='ocrx_word' id='word_1_403' title='bbox 519 4414 849 4498; x_wconf 81' lang='lat' dir='ltr'>sanitate,</span> <span class='ocrx_word' id='word_1_404' title='bbox 903 4436 1182 4486; x_wconf 88' lang='lat' dir='ltr'>rursum</span> <span class='ocrx_word' id='word_1_405' title='bbox 1233 4414 1317 4483; x_wconf 91' lang='lat' dir='ltr'>ad</span> <span class='ocrx_word' id='word_1_406' title='bbox 1373 4426 1432 4484; x_wconf 88' lang='lat' dir='ltr'>te</span> <span class='ocrx_word' id='word_1_407' title='bbox 1479 4414 1769 4504; x_wconf 83' lang='lat' dir='ltr'>supplex</span> <span class='ocrx_word' id='word_1_408' title='bbox 1815 4413 2177 4497; x_wconf 87' lang='lat' dir='ltr'>accedam,</span> <span class='ocrx_word' id='word_1_409' title='bbox 2229 4427 2293 4484; x_wconf 90' lang='lat' dir='ltr'>et</span> <span class='ocrx_word' id='word_1_410' title='bbox 2340 4412 2515 4503; x_wconf 86' lang='lat' dir='ltr'>grati</span> <span class='ocrx_word' id='word_1_411' title='bbox 2564 4410 2780 4480; x_wconf 90' lang='lat' dir='ltr'>animi</span> 
     </span>
    </p>
   </div>
  </div>
 </body>
</html>
