3327 4999
723 329 849 394 746
1427 345 1504 390 nr:
1553 344 1643 392 ss.
1700 344 1868 392 MENA
1917 342 1992 389 ΕΤ
2041 339 2239 390 sociis
2287 341 2401 389 n.
2709 322 2814 390 Ex
2864 323 3042 390 DEC.
3104 326 3187 389 40

634 430 908 500 tristitia
956 440 1181 500 motus
1213 427 1299 498 ob
1328 449 1405 498 ea
1436 450 1613 515 quae
1662 429 1956 510 videbat,
1992 448 2153 497 cum
2202 427 2331 497 hoc
2368 426 2593 498 solum
2629 426 2936 508 dixisset,
2977 431 3186 497 «Cras

636 518 979 607 reliquum
1040 517 1346 608 corporis
1405 517 1534 587 erit
1580 517 1992 586 tradendum
2039 515 2306 595 avibus,
2364 528 2441 584 ut
2499 515 2731 586 nullae
2780 515 2865 584 ad
2922 537 3186 584 memo·

633 606 807 676 riam
865 607 1215 697 supersint
1248 604 1596 693 reliquiae,
1639 629 1674 672 »
1726 618 1790 674 et
1839 626 1998 675 eum
2041 604 2140 674 sic
2188 604 2515 693 jussisset
2562 605 2842 684 servari,
2880 605 3185 675 surrexit

632 718 669 764 e
713 694 1067 766 tribunali.
2603 736 2628 752 .

723 791 760 865 ἓ
825 787 966 856 14.
1031 782 1274 853 Milites
1329 804 1482 853 vero
1533 795 1851 852 sanctum
1913 781 2140 850 adhuc
2193 780 2543 851 modicum
2604 782 2984 872 spirantem
3060 784 3186 852 ah-

633 872 921 950 ducunt,
978 884 1042 940 et
1099 871 1480 961 conjiciunt
1547 873 1612 939 in
1666 891 2034 939 carcerem.
2112 873 2322 939 Noctu
2375 882 2600 939 autem
2672 871 2839 938 bora
2906 871 3185 940 circiter

634 961 853 1041 tertia,
912 981 1071 1028 curn
1127 961 1323 1047 quasi
1357 960 1592 1050 fulgur
1644 960 2055 1029 illustrasset
2115 978 2501 1040 carcerem,
2549 959 2813 1028 accedit
2865 958 3182 1030 Christus

632 1048 716 1118 ad
772 1048 1024 1130 locum,
1086 1049 1155 1117 in
1211 1070 1348 1135 quo
1404 1048 1746 1139 projectus
1794 1047 2015 1119 fuerat
2045 1057 2367 1117 sanctus:
2415 1057 2480 1116 et
2583 1048 2837 1117 rimum
2890 1047 3176 1134 quidem

556 1143 559 1144 ’
630 1159 789 1207 eum
830 1136 1130 1227 complet
1169 1137 1425 1208 fiducia
1458 1148 1521 1207 et
1569 1136 1785 1207 animi
1830 1136 2202 1206 alacritate.
2251 1134 2503 1204 Deinde
2566 1135 2849 1225 inguam
2898 1157 3179 1224 quoque

628 1237 693 1296 et
732 1225 970 1296 oculos
1005 1226 1350 1306 reformat,
1393 1238 1468 1295 ut
1503 1226 1720 1315 prius,
1779 1224 2031 1294 Deinde
2078 1246 2238 1295 cum
2282 1223 2489 1314 pedes
2537 1245 2813 1312 quoque
2861 1238 3179 1295 sanasset

628 1327 693 1384 et
739 1326 817 1385 ut
864 1315 1074 1384 semel
1133 1315 1385 1396 dicam,
1425 1337 1580 1383 eum
1641 1313 1850 1384 veluti
1899 1325 2249 1384 mortuum
2303 1324 2520 1381 totum
2570 1313 2798 1382 denuo
2833 1313 3175 1384 vivificas·

631 1414 753 1485 set,
782 1402 1128 1484 «Attende,
1177 1403 1423 1490 inquit,
1483 1402 1767 1493 tibiipsi,
1806 1425 1846 1470 o
1878 1408 2094 1471 Mena.
2131 1408 2269 1492 Ego
2315 1401 2526 1482 enim,
2573 1401 2821 1487 inquit,
2868 1423 3029 1471 sum
3060 1408 3176 1472 Je-

629 1514 748 1562 sus
825 1491 1177 1572 ChristuS,
1298 1504 1523 1581 ropter
1589 1513 1794 1578 quem
1863 1514 1936 1561 es
1985 1512 2255 1581 passus,
2333 1490 2454 1576 qui
2504 1511 2725 1576 neque
2775 1490 2973 1580 prius
3021 1513 3064 1558 a
3118 1504 3178 1560 te

627 1579 929 1660 aberam,
972 1602 1192 1667 neque
1268 1602 1443 1670 onge
1489 1601 1675 1649 eram
1706 1602 1742 1648 a
1772 1580 1909 1648 tuis
1957 1579 2478 1648 certaminibus:
2532 1579 2646 1648 sed
2690 1579 3168 1667 expectabam,

626 1681 702 1738 ut
722 1679 892 1738 tuus
936 1668 1005 1737 in
1074 1691 1180 1738 me
1219 1690 1414 1739 amor
1459 1681 1991 1758 cognosceretur
2037 1690 2073 1735 a
2124 1667 2643 1757 magistratibus
2706 1679 2772 1735 et
2821 1668 3178 1757 potestati-

628 1758 780 1827 buS.
819 1751 1155 1839 Quoniam
1219 1769 1445 1826 autern
1496 1769 1596 1826 est
1644 1757 2000 1847 cognitus,
2054 1755 2404 1824 decaetero
2469 1777 2583 1825 ero
2632 1767 2883 1836 tecum,
2941 1768 3179 1857 aperte

628 1858 689 1915 te
737 1844 1135 1914 defendens,
1176 1850 1672 1936 Hermogenem
1728 1858 1956 1914 autem
2019 1844 2441 1913 Praefectum
2489 1845 2610 1931 qui
2663 1864 2813 1914 meo
2845 1857 2950 1913 est
2997 1845 3176 1914 mse·

630 1944 775 2005 stus
826 1934 1117 2016 nomini,
1170 1956 1325 2004 cras
1355 1934 1635 2021 quidem
1686 1933 1973 2003 habebis
2021 1955 2103 2003 su
2160 1932 2434 2021 plicem,
2481 1933 2690 2024 paulo
2758 1944 2909 2023 post
2956 1935 3174 2003 etiam

626 2022 892 2093 socium
943 2023 1362 2104 certaminis,
1414 2033 1493 2091 ut
1541 2023 1663 2092 tibi
1712 2022 1841 2091 erit
1891 2021 2074 2090 mani
2109 2032 2334 2091 estum
2384 2032 2448 2091 et
2495 2022 2614 2110 qui
2664 2043 2788 2112 pro
2845 2042 2958 2092 me
3027 2046 3175 2093 una

627 2125 851 2181 tecum
892 2111 1058 2180 feret
1090 2112 1584 2192 testimonium,
1640 2120 2095 2201 promptoque
2137 2122 2202 2179 et
2234 2109 2449 2180 alacri
2496 2111 2729 2181 animo
2763 2123 2993 2181 tecum
3049 2135 3172 2202 pa·

626 2200 829 2269 tietur
866 2210 930 2268 et
964 2200 1172 2269 simul
1221 2200 1687 2271 coronabitur.
1741 2205 1856 2270 Est
1909 2199 2093 2267 enim
2152 2220 2307 2284 mea
2345 2199 2714 2289 indignum
2763 2199 3162 2282 clementia,

625 2299 902 2378 propter
948 2288 1474 2378 ignorationem,
1527 2289 1680 2377 ejus
1729 2288 1797 2355 in
1837 2287 2229 2377 cognitione
2268 2287 2639 2357 bonitatem
2701 2298 2767 2356 et
2821 2288 3168 2359 bonorum

622 2397 907 2465 operum
956 2376 1381 2446 effectionem
1415 2377 1854 2466 praeterire.»
1889 2380 2069 2446 Haec
2117 2398 2278 2444 cum
2312 2375 2614 2445 dixisset
2647 2387 2713 2445 et
2746 2388 3066 2447 sanctum
3108 2380 3170 2448 ei

624 2464 920 2536 afflasset
967 2465 1317 2555 spiritum,
1361 2487 1518 2536 eum
1558 2465 1770 2556 replet
1817 2463 2008 2535 omni
2051 2463 2328 2534 laetitia.

709 2556 746 2641 ξ
791 2559 934 2627 15.
989 2554 1375 2624 Praefectus
1423 2566 1649 2625 autem
1703 2554 2033 2641 quoniam
2084 2565 2148 2620 et
2196 2554 2344 2643 ipse
2379 2563 2523 2621 erat
2570 2553 2800 2623 solerti
2852 2554 3164 2645 ingenio,

622 2652 686 2713 et
733 2642 836 2710 vir
884 2643 1132 2713 bonus:
1187 2657 1251 2712 et
1297 2644 1574 2713 beatum
1622 2643 1903 2730 quidem
1949 2646 2210 2710 Menam
2265 2641 2523 2713 sciebat
2568 2664 2716 2712 esse
2770 2655 2837 2712 et
2883 2643 3168 2715 doctum

621 2742 687 2800 et
734 2753 981 2821 genere
1013 2732 1280 2803 clarum
1329 2744 1395 2802 et
1440 2755 1517 2801 ex
1557 2731 1794 2801 eadem
1839 2742 2182 2821 praeterea
2218 2741 2446 2801 ortum
2486 2731 2727 2820 patria,
2782 2731 3015 2802 media
3052 2756 3170 2804 no·

621 2831 726 2889 cte
774 2842 932 2890 cum
986 2842 1307 2891 somnum
1356 2820 1791 2900 excussisset,
1844 2832 1909 2888 et
1955 2819 2042 2888 ab
2092 2819 2191 2889 ira
2239 2841 2418 2906 quae
2480 2820 2795 2890 tenebras
2840 2820 3166 2905 offundit,

620 2907 706 2976 ad
756 2930 826 2978 se
876 2905 1210 2989 rediisset,
1246 2920 1309 2977 et
1335 2908 1568 2976 animo
1605 2920 2005 2998 reputasset,
2041 2907 2275 2995 qualia
2308 2907 2590 2996 quidem
2639 2920 2876 2978 sancto
2929 2915 3169 2982 Menae

620 2995 964 3066 intulisset
1012 2996 1382 3086 supplicia:
1436 3010 1767 3083 quantam
1817 3018 1974 3066 vero
2023 2996 2172 3086 ipse
2226 3009 2466 3066 contra
2512 2997 2853 3069 attulisset
2890 2996 3170 3069 fortitu·

622 3084 852 3152 dinem
903 3097 967 3152 et
1024 3085 1238 3152 animi
1282 3085 1782 3163 constantiam,
1836 3083 2007 3152 nihil
2068 3085 2252 3171 quod
2313 3085 2648 3175 pusillum
2696 3096 2762 3154 et
2810 3086 3163 3175 abjectum

620 3170 1003 3241 ostenderet
1049 3173 1391 3252 animum,
1447 3185 1565 3242 aut
1596 3195 1867 3263 passus,
1902 3185 2021 3242 aut
2055 3172 2363 3243 locutus:
2416 3185 2481 3243 et
2505 3174 2688 3260 quod
2720 3174 2778 3243 is
2821 3174 3164 3263 periisset,

619 3259 822 3361 cujus
870 3282 944 3330 sa
998 3261 1245 3329 ientiae
1277 3273 1342 3330 et
1389 3260 1619 3330 studio
1652 3273 1816 3330 sunt
1863 3283 2102 3330 omnes
2145 3261 2502 3331 inferiores
2545 3263 2736 3352 (eum
2775 3262 2961 3331 enim
3015 3266 3167 3354 ‚jam

621 3283 1055 3420 existimabat
1104 3360 1478 3430 mortuum,
1533 3361 1611 3419 ut
1667 3351 1788 3437 qui
1842 3350 1924 3419 ad
1983 3361 2164 3419 tanta
2216 3351 2595 3421 suffecisset
2646 3350 3049 3442 supplicia),
3103 3367 3169 3424 et

622 3438 928 3529 seipsum
980 3439 1354 3521 damnanS,
1422 3438 1606 3526 quod
1672 3461 1809 3507 non
1877 3438 2232 3509 blanditiis
2301 3461 2461 3509 eum
2525 3439 2754 3529 potius
2817 3439 3172 3512 induxerit

619 3527 825 3617 (bene
861 3527 1047 3596 enim
1096 3539 1325 3598 actum
1362 3541 1560 3607 esset,
1599 3528 1658 3598 si
1708 3529 1808 3598 vel
1861 3529 1958 3599 sic
1990 3550 2148 3597 eum
2185 3527 2509 3618 cepisset)
2532 3528 2771 3598 oculos
2820 3529 3170 3602 suffundit

622 3615 971 3705 lacrymis,
1028 3629 1091 3685 et
1140 3616 1450 3706 deplorat
1486 3618 1856 3707 jacturam.
1917 3616 2217 3686 Decrevit
2261 3638 2424 3717 ergo
2477 3616 2680 3687 veluti
2732 3616 2858 3686 viri
2898 3629 3166 3688 tantam

622 3704 953 3775 reveritus
1002 3705 1346 3785 virtutem,
1406 3727 1565 3774 cum
1620 3727 1822 3774 mane
1871 3705 2301 3785 surrexisset,
2344 3704 2533 3775 illius
2582 3726 2834 3795 corpus
2889 3707 3171 3795 publice

623 3792 981 3872 honorare,
1037 3806 1112 3862 ut
1156 3807 1461 3863 mortuos
1509 3793 1848 3864 honorant
1880 3794 2000 3881 qui
2051 3806 2214 3862 sunt
2265 3794 2365 3863 eis
2409 3794 2700 3883 proximi
2755 3815 3050 3884 genere:
3104 3808 3170 3867 et

623 3880 719 3950 sic
752 3881 1037 3971 martyri
1075 3903 1198 3970 pro
1248 3882 1526 3970 injuria,
1580 3903 1789 3968 quam
1844 3883 1905 3951 ei
1949 3882 2218 3961 fecerat,
2275 3881 2686 3952 satisfacere.
2727 3885 2883 3952 Orto
2932 3895 3168 3953 autem

611 3969 754 4058 jam
809 3968 943 4049 die,
1017 3970 1347 4055 quoniam
1407 3982 1550 4039 erat
1616 3969 1954 4041 theatrum
2023 3970 2306 4058 plenum
2375 3970 2851 4040 Alexandrinis
2909 3971 3171 4061 (fuerat

619 4057 801 4126 enim
840 4069 1328 4148 congregatum
1382 4080 1421 4126 a
1470 4060 1950 4147 praeconibus,
2003 4080 2161 4126 cum
2215 4058 2313 4128 sic
2341 4058 2668 4148 jussisset
2713 4057 3160 4146 Praefectus),

619 4145 1023 4301 praesidens
1057 4145 1226 4237 ipse,
1254 4146 1466 4235 jussit
1515 4148 1815 4218 maximo
1866 4148 2122 4216 honore
2169 4168 2205 4215 e
2242 4168 2516 4217 carcere
2570 4148 2655 4216 ad
2707 4148 3017 4218 tribunal
3053 4149 3170 4219 de-

644 4255 780 4303 err1
829 4255 1081 4324 corpus
1130 4235 1476 4324 martyris.
1925 4258 1928 4261 ·

687 4324 741 4478 ἓ
805 4327 955 4394 16.
1011 4327 1175 4391 Cum
1229 4346 1384 4392 vero
1430 4324 1552 4411 qui
1601 4323 1799 4393 missi
1846 4334 2064 4403 erant,
2102 4323 2394 4414 ingressi
2444 4323 2737 4394 fuissent
2783 4345 3163 4407 carcerem,

616 4409 681 4478 vi
734 4423 936 4480 erunt
995 4410 1410 4483 miraculum
1456 4412 1643 4499 quod
1701 4421 1844 4481 erat
1894 4412 2216 4502 superius
2271 4413 2537 4483 ratione
2584 4424 2649 4484 et
2697 4412 3163 4503 cogitatione:
