3327 4999
218 316 466 386 ΜΑΒΤ.Ι
517 318 605 384 25
1226 335 1305 383 nn
1351 335 1409 382 s,
1460 331 1745 382 ursona
2541 308 2674 376 473

215 422 337 493 sed
386 420 695 492 latronis:
749 430 954 508 atque
998 417 1154 489 ideo
1186 419 1347 511 plus
1376 440 1608 490 amare
1655 417 1902 508 coepit,
2003 426 2320 503 ostquam
2355 413 2427 515 in
2474 433 2763 514 corpore

211 511 369 601 ejus
415 531 544 580 sua
589 507 876 580 vulnera
922 508 1341 599 recognovit.
1403 508 1506 578 Ait
1552 507 1739 577 enim
1790 528 1914 598 pro
2014 515 2146 585 eta,
2209 508 2548 587 Quoniam
2612 523 2764 592 ipse

213 599 652 669 infirmitates
700 609 972 668 nostras
1017 608 1238 698 portet
1283 608 1350 667 et
1396 619 1522 687 pro
1569 596 1771 666 nobis
1817 595 1905 664 do
1936 606 2024 665 et.
2076 600 2210 666 Nos
2239 604 2483 693 ’autem
2533 590 2765 662 existi-

211 688 583 758 mabamus
629 708 788 756 eum
835 706 984 758 esse
1016 707 1088 755 m
1136 685 1391 760 dolore.
1431 684 1641 755 livore
1673 686 1827 774 eJus
1875 705 2002 754 nos
2034 693 2257 754 sanatl
2292 701 2560 751 sumus,
2599 680 2764 750 Plus

209 798 290 846 er
336 797 377 845 o
424 775 494 845 in
530 795 736 845 cruce
783 774 1071 865 posituS‚
1117 773 1397 843 livorem
1447 774 1599 864 ejus
1644 794 1960 854 cernens,
2013 773 2187 842 latro
2243 768 2470 860 diligit
2519 773 2757 838 Deum.

405 867 494 935 4.
548 863 719 933 Mira
766 884 897 943 reS,
939 862 1098 952 plus
1129 862 1203 931 in
1249 883 1457 932 cruce
1505 862 1677 933 latro
1725 862 2071 932 Christum
2105 858 2333 950 diligit
2378 878 2589 946 quam
2636 862 2761 957 Ju-

212 953 344 1022 das
391 951 629 1022 dilexit
674 952 744 1020 in
780 972 1016 1021 coena.
1084 950 1209 1021 Ille
1258 972 1381 1041 per
1426 950 1661 1021 cibum
1712 950 2113 1041 supplantat
2159 946 2596 1047 magistrum,
2652 945 2768 1014 hic

210 1039 509 1112 credidit
554 1039 923 1110 Dominum
980 1061 1099 1129 per
1144 1038 1491 1120 dolorem,
1565 1037 1746 1108 sicut
1783 1038 1880 1108 ait
1923 1037 2290 1128 propheta,
2345 1040 2474 1118 Qui
2522 1032 2766 1103 edebat

211 1150 431 1221 panes
478 1149 691 1209 meos,
736 1127 1186 1218 adampliavit
1212 1127 1580 1197 adversum
1628 1147 1740 1196 me
1786 1125 2459 1223 supplantationem..
2499 1127 2588 1193 Co
2638 1144 2765 1191 no-

210 1218 309 1288 vit
347 1217 562 1306 igitur
592 1216 704 1286 hic
753 1216 926 1286 latro
973 1238 1248 1285 omnem
1301 1215 1418 1286 Dei
1514 1214 1860 1285 assionem
1915 1236 1995 1284 ex
2043 1214 2266 1306 ipsius
2314 1211 2463 1280 fieri
2520 1232 2600 1279 vo
2630 1231 2765 1280 un-

210 1317 346 1376 tate
391 1316 458 1375 et
502 1305 573 1374 in
625 1316 952 1395 potestate
989 1303 1142 1396 ejus
1188 1326 1361 1387 esse,
1401 1327 1479 1374 ve
1554 1304 1757 1374 morti
1805 1303 2110 1373 animam
2172 1300 2462 1380 tradere,
2520 1298 2623 1368 vel
2672 1298 2762 1401 ad

209 1396 421 1465 vitam
472 1393 724 1464 iterum
774 1412 1102 1474 remeare,
1154 1393 1337 1464 sicut
1382 1392 1531 1483 ipse
1577 1393 1696 1473 ait,
1749 1397 2149 1464 Potestatem
2191 1390 2411 1460 habeo
2457 1387 2763 1478 ponendi

208 1484 519 1554 animam
553 1503 776 1551 meam
828 1494 895 1552 et
990 1493 1345 1583 otestatem
1395 1482 1618 1552 habeo
1650 1480 1899 1551 iterum
1951 1477 2272 1552 sumendi
2320 1498 2498 1547 eam.
2537 1481 2765 1564 Usque

206 1572 382 1643 adeo
427 1581 660 1642 autem
707 1570 908 1640 illum
942 1505 1254 1640 Fliberum
1303 1570 1391 1640 ab
1430 1570 1683 1640 inferni
1718 1568 1988 1660 legibus
2031 1566 2393 1656 judicavit,
2431 1576 2510 1634 ut
2553 1565 2760 1634 etiam

208 1683 285 1731 se
330 1660 419 1729 ab
464 1659 526 1729 is
574 1671 884 1750 posceret
929 1658 1232 1729 liberari.

1358 1906 1615 1986 ITEM

1071 2114 1201 2215 DE
1267 2114 1348 2215 S.
1417 2113 1896 2218 LATRONE

588 2357 707 2405 ren
749 2355 1009 2404 nonnam
1054 2354 1253 2403 mvtm
1298 2355 1690 2404 Aunnosmu.
1741 2334 1904 2424 (Est
1948 2338 2178 2404 Sermo
2217 2333 2365 2424 45).

283 2555 323 2640 ξ
397 2555 475 2624 1.
530 2548 859 2630 Meminit,
909 2548 1177 2630 fratreS,
1232 2558 1460 2621 vestra
1522 2548 1823 2629 dilectio,
1878 2571 1989 2619 me
2038 2549 2314 2620 dedisse
2364 2549 2699 2619 rationem
2738 2605 2754 2631 ,

198 2661 326 2710 cur
375 2649 722 2709 tantorum
792 2637 1167 2707 criminum
1244 2638 1662 2709 inveteratus
1718 2638 1891 2708 latro
1939 2650 2006 2707 et
2052 2639 2398 2709 scelerum
2466 2658 2756 2708 suorum

195 2726 628 2798 confessione
675 2726 1070 2806 damnatuS,
1115 2711 1516 2816 paradisum
1557 2727 1629 2795 in
1681 2727 1832 2828 ipso
1878 2747 2009 2817 sup
2064 2726 2208 2796 licii
2264 2726 2582 2819 patibulo
2631 2748 2758 2817 po-

198 2816 406 2886 tuerit
481 2814 856 2905 promereri
902 2825 967 2883 et
1014 2825 1198 2884 tanta
1258 2814 1466 2884 fuerit
1522 2813 1866 2885 celeritate
1931 2837 2007 2886 sa
2037 2828 2272 2896 vatus,
2324 2827 2403 2885 ut
2521 2815 2757 2886 eccaia

195 2905 352 2993 ejus
397 2903 618 2994 gratia
664 2902 1088 2993 praevenerit
1155 2914 1527 2991 antequam
1576 2924 1820 2994 poena,
1874 2914 1938 2974 et
1985 2903 2181 3060 prius
2228 2904 2301 2978 in
2353 2925 2467 2973 ma
2499 2904 2560 2973 is
2607 2903 2757 2973 suis

248 2991 484 3062 loriari
531 2990 829 3080 coeperit
891 3012 1100 3078 quam
1166 2992 1426 3080 puniri.
1481 2996 1621 3061 Non
1673 2992 1862 3061 enim
1935 3013 1980 3083 p
2031 2991 2197 3061 titur
2267 2991 2693 3083 supplicium
2727 3045 2750 3073 ‚

196 3015 369 3150 gum
422 3077 819 3169 paradisum
879 3088 1330 3169 promeretur.
1376 3084 1570 3150 Petro
1616 3078 1876 3149 dicitur
1921 3102 1963 3149 a
2010 3081 2314 3151 Christo:
2370 3086 2513 3150 Non
2564 3091 2759 3170 potes

198 3190 310 3238 me
342 3167 547 3237 modo
595 3168 814 3324 segni,
861 3167 1169 3254 sequeris
1218 3180 1474 3258 postea.
1529 3171 1607 3236 Et
1654 3167 1821 3238 huic
1869 3168 2168 3238 dicitur:
2213 3168 2430 3239 Hodie
2479 3190 2755 3238 mecum

193 3257 333 3326 eris
378 3256 449 3325 in
500 3276 668 3346 para
722 3255 844 3325 iso.
899 3261 1251 3341 Tanquam
1326 3254 1722 3346 discipulus
1771 3255 1889 3325 ille
1954 3256 2271 3326 differtur
2329 3269 2393 3326 et
2442 3256 2556 3326 hic
2602 3267 2760 3326 tan-

193 3365 403 3432 quam
438 3343 669 3413 socius
703 3342 1055 3413 invitatur.
1112 3342 1235 3411 Ille
1260 3343 1489 3413 adhuc
1520 3356 1906 3414 reservatur
1951 3345 2037 3414 ad
2091 3345 2505 3435 praemium,
2547 3344 2756 3414 etiam

193 3433 280 3503 ad
328 3432 755 3502 consortium
801 3432 930 3501 iste
961 3430 1311 3523 deligitur.
1366 3436 1507 3502 Non
1559 3444 1776 3521 potes,
1816 3432 2066 3519 inquit,
2122 3454 2234 3502 me
2272 3433 2478 3503 modo
2522 3432 2749 3521 sequi.

196 3519 635 3610 Impossibile
697 3531 799 3592 est
845 3525 1039 3590 Petro
1102 3520 1294 3606 sequi
1349 3520 1741 3600 Dominum,
1811 3519 2017 3590 etiam
2079 3520 2280 3591 facile
2357 3521 2603 3591 latroni
2654 3533 2761 3591 est

192 3630 344 3677 esse
388 3630 549 3677 cum
601 3609 909 3677 Domino.
965 3607 1180 3678 Hodie
1232 3628 1503 3678 mecum
1542 3607 1680 3679 eris
1727 3608 1797 3676 in
1848 3608 2194 3698 paradiso,
2262 3613 2404 3678 Non
2454 3610 2525 3677 in
2563 3608 2756 3678 aliud

194 3696 513 3766 differtur
557 3707 854 3785 tempus,
894 3717 1028 3765 non
1079 3697 1150 3764 in
1184 3694 1368 3765 diem
1418 3695 1712 3766 alterum
1740 3707 2149 3766 reservatur.
2205 3701 2364 3786 Ipsa
2411 3697 2583 3767 hora
2613 3718 2753 3784 qua

190 3784 559 3875 paradisus
610 3789 821 3854 Deum
856 3784 1512 3875 suscepit.suscepit
1557 3796 1624 3853 et
1672 3783 2057 3864 latronem;
2108 3806 2296 3853 unus
2349 3807 2602 3875 passus
2648 3797 2755 3854 est

190 3895 314 3963 pro
361 3871 582 3942 salute
606 3883 1018 3942 cunctorum
1063 3884 1129 3942 et
1174 3871 1451 3942 duobus
1485 3871 1738 3962 pariter
1787 3871 2331 3943 immortalitatis
2373 3873 2598 3963 janua
2646 3896 2753 3942 re-

194 3972 487 4031 seratur.

280 4051 319 4149 ᾗ
392 4054 480 4121 8.
536 4048 663 4119 Sed
713 4048 894 4117 hanc
959 4058 1219 4118 tantam
1269 4047 1559 4139 gloriam
1611 4047 1865 4117 latroni
1911 4047 2084 4117 fides
2139 4050 2502 4139 praestitit.
2557 4049 2756 4119 Fides

192 4159 384 4207 enim
417 4148 519 4207 est
549 4158 728 4225 quae
768 4147 1046 4227 peccata
1083 4136 1409 4226 cooperit,
1444 4157 1622 4223 quae
1670 4136 1882 4207 vincit
1913 4135 2233 4219 crimina,
2265 4158 2443 4225 quae
2477 4138 2640 4207 facit
2668 4138 2755 4206 de

193 4224 582 4297 latronibus
614 4225 1039 4306 innocentes;
1073 4224 1392 4312 quamvis
1419 4225 1608 4295 enim
1638 4224 2194 4313 delinquentium
2228 4226 2518 4317 grandis
2545 4224 2756 4315 culpa

192 4315 302 4394 sit,
368 4313 531 4383 fidei
580 4326 807 4384 tamen
869 4313 1089 4415 major
1140 4324 1243 4385 est
1289 4313 1532 4404 gratia..
1588 4311 1751 4383 Plus
1797 4313 1982 4383 enim
2050 4314 2428 4385 credidisse
2485 4314 2753 4385 Christo

188 4423 402 4491 quam
451 4401 685 4471 seculo
732 4400 1131 4490 deliquisse:
1182 4414 1248 4471 et
1297 4401 1627 4492 plenioris
1674 4413 1778 4472 est
1836 4401 2059 4472 meriti
2108 4403 2380 4473 veniam
2430 4421 2749 4494 sperasse
