3327 4999
730 383 857 447 708
1437 400 1515 446 nn
1563 401 1618 447 s.
1675 397 1945 448 scamno
1994 397 2388 447 Passuri-sno
2716 379 2820 443 EX
2867 375 3054 444 Nov.
3111 379 3192 443 ⁴2

734 487 769 571 ἓ
832 489 964 557 11.
1021 487 1098 552 In
1160 487 1504 552 Saxonum
1572 494 1773 575 gente
1835 483 2084 574 priscis
2149 481 2580 571 temporibus
2643 500 2865 568 neque
2933 482 3197 551 summi

644 572 1093 660 coelestisque
1134 572 1315 662 regis
1356 572 1576 642 inerat
1628 573 1894 652 notitia,
1934 583 2010 641 ut
2044 572 2257 662 digna
2295 570 2515 640 cultui
2555 569 2709 659 ejus
2757 569 3202 640 exhiberetur

642 662 1054 731 reverentia:
1103 682 1323 748 neque
1374 661 1624 730 terreni
1650 661 1952 751 alicujus
1989 662 2170 750 regis
2200 659 2504 750 dignitas
2542 671 2607 728 et
2639 657 3192 737 honorificentia,

641 751 845 840 cujus
876 761 1225 839 regeretur
1254 749 1705 839 providentia,
1732 750 2192 838 corrigeretur
2221 751 2538 828 censura,
2577 746 3064 819 defenderetur
3095 747 3199 816 in-

643 838 950 908 dustria:
1007 837 1123 906 sed
1174 848 1318 907 erat
1365 859 1534 927 gens
1584 838 1758 928 ipsa,
1818 838 2021 906 sicuti
2073 859 2261 907 nunc
2307 860 2393 907 us
2442 858 2530 907 ue
2577 836 2916 918 consistit,
2951 835 3199 905 ordine

645 926 985 1026 tripartito
1018 926 1261 995 divisa.
1298 931 1466 995 Sunt
1500 926 1798 1012 denique
1830 925 1924 996 ibi
1958 926 2080 1012 qui
2107 925 2388 995 illorum
2446 926 2662 1026 ingua
2689 924 2991 1015 Edlingi,
3034 937 3196 995 sunt

642 1037 762 1100 qui
795 1014 1100 1104 Frilingi‚
1137 1025 1301 1083 sunt
1354 1014 1662 1101 quilassi
1689 1015 2039 1094 dicuntur,
2076 1013 2259 1101 quod
2299 1015 2368 1082 in
2408 1018 2643 1084 Latina
2692 1025 2889 1085 sonat
2924 1013 3187 1103 lingua,

644 1102 953 1182 NobileS,-
978 1104 1294 1192 Ingenui,
1322 1115 1526 1190 atque
1558 1102 1862 1173 serviles.
1900 1108 2026 1172 Pro
2058 1124 2184 1171 suo
2216 1123 2371 1170 vero
2421 1102 2647 1182 libitu,
2683 1102 2974 1171 consilio
3022 1124 3194 1188 quo-

644 1213 801 1277 que,
833 1204 910 1260 ut
942 1190 1074 1261 sibi
1103 1191 1483 1271 videbatur,
1526 1192 1872 1280 prudenti,
1908 1191 2203 1280 singulis
2227 1212 2310 1280 pa
2370 1190 2425 1259 is
2457 1190 2804 1346 principes
2833 1203 3193 1281 praeerant
3301 1253 3302 1262 ,

644 1278 929 1369 singuli.
965 1284 1224 1349 Statuto
1271 1301 1545 1366 quoquc
1584 1291 1893 1370 tempore
1940 1279 2105 1348 anni
2137 1299 2320 1351 seme
2380 1301 2459 1347 ex
2485 1278 2643 1369 sing
2725 1279 2782 1346 is
2831 1279 3056 1369 pagis,
3092 1290 3190 1347 at-

644 1388 779 1454 que
836 1389 915 1436 ex
976 1367 1219 1436 iisdem
1276 1368 1641 1437 ordinibus
1712 1368 2110 1458 tripartitiS‚
2184 1366 2589 1457 singillatim
2649 1367 2777 1436 viri
2825 1367 3186 1437 duodecim

643 1455 864 1536 electi,
918 1468 983 1525 et
1031 1456 1102 1523 in
1151 1477 1372 1526 unum
1425 1455 1716 1537 collecti,
1760 1457 1826 1525 in
1878 1456 2107 1525 media
2149 1456 2441 1524 saxonia
2490 1477 2688 1526 secus
2743 1457 3006 1525 flumen
3061 1457 3188 1524 Wi-

646 1566 892 1625 seram,
946 1556 1009 1613 et
1060 1545 1286 1614 locum
1326 1542 1587 1615 Marklo
1645 1557 2151 1635 nuncupatum,
2206 1544 2611 1614 exercebant
2659 1543 2982 1633 generale
3030 1565 3186 1613 con-

645 1633 911 1713 cilium,
953 1644 1343 1715 tractanteS,
1382 1633 1864 1703 sancientes-et
1913 1632 2350 1723 propalantes
2399 1632 2795 1704 communis
2825 1632 3185 1702 commoda

644 1721 983 1803 utilitatis,
1016 1722 1211 1809 juxta
1266 1721 1599 1812 placitum
1650 1744 1690 1790 a
1738 1745 1809 1791 se
1859 1733 2151 1792 statutae
2202 1720 2392 1811 legis,
2450 1720 2751 1791 Sed'etsi
2803 1719 2973 1790 forte
3025 1720 3181 1790 belli

649 1812 924 1879 terreret
960 1810 1270 1890 exitium,
1309 1810 1366 1879 si
1402 1810 1593 1901 pacis
1624 1809 1956 1879 arrideret
1987 1809 2349 1900 gaudium,
2385 1808 2840 1880 consulebant
2886 1809 2968 1878 ad
3022 1809 3182 1878 haec

643 1899 809 1985 quid
864 1897 994 1968 sibi
1043 1897 1212 1967 foret
1249 1900 1623 1990 agendum.
1662 1904 1861 1968 Hunc
1894 1898 2118 1969 sciens
2146 1897 2510 1968 imminere
2542 1907 2955 1968 conventum
2995 1897 3181 1967 Chri-

645 1987 728 2057 sti
763 1986 961 2056 miles
1000 1986 1370 2068 Lebuinu3‚
1426 1987 1791 2057 destinavit
1838 1987 2071 2056 animo
2106 2007 2176 2057 se
2210 1985 2380 2056 illuc
2427 1986 2715 2067 iturum,
2749 2007 2887 2073 quo
2917 1998 3038 2056 aut
3064 2007 3178 2055 suo

643 2075 785 2164 regi
836 2074 1215 2161 acquireret
1259 2075 1616 2176 copiosum
1669 2074 1894 2146 fidelis
1941 2076 2278 2144 exercitus
2310 2095 2706 2156 numerum,
2759 2085 2881 2144 aut
2928 2074 3181 2144 fortiter

642 2176 882 2232 contra
930 2164 1158 2232 hostes
1189 2163 1551 2244 dimicans,
1584 2163 1961 2252 gloriosum
1996 2163 2316 2232 victoriae
2344 2185 2507 2233 suae
2534 2174 2910 2253 reportaret
2940 2162 3179 2231 trium·

646 2251 889 2341 phum.
945 2252 1223 2320 Interim
1289 2264 1512 2321 tamen
1566 2252 1851 2342 contigit
1899 2251 2257 2322 divertisse
2305 2251 2389 2319 ad
2439 2251 2725 2321 domum
2768 2251 3062 2321 illustris
3107 2273 3178 2320 ac

646 2340 938 2430 potentis
987 2339 1139 2420 viri,
1188 2341 1465 2409 nomine
1517 2340 1870 2420 Folcberti,
1935 2362 2139 2426 quem
2201 2339 2490 2409 charum
2543 2340 2867 2420 habebat,
2936 2340 3177 2426 cuique

645 2429 898 2497 charus
946 2440 1112 2497 erat.
1168 2428 1295 2512 Qui
1343 2449 1501 2499 cum
1542 2429 1841 2498 maximo
1877 2428 2072 2498 illum
2110 2428 2457 2519 excipiens
2491 2428 2769 2520 gaudi0‚
2805 2429 2923 2498 ait:
2959 2452 2996 2495 ε(
3026 2433 3176 2498 Gra-

648 2518 829 2587 tulor
903 2518 1209 2604 quidem,
1269 2519 1363 2586 mi
1428 2518 1696 2607 dilecte,
1758 2530 2142 2610 opportune
2198 2530 2258 2587 te
2300 2540 2486 2587 nunc
2539 2518 2932 2587 advenisse:
2990 2517 3174 2587 deni-

646 2629 779 2693 que
830 2607 1000 2675 mihi
1053 2629 1174 2696 pro
1226 2619 1284 2676 te
1334 2606 1599 2676 solicito
1647 2619 1911 2697 gratam
1961 2607 2240 2676 exhibes
2292 2616 2480 2676 tuam
2530 2606 3016 2697 praesentiam.
3054 2604 3172 2674 Sed

644 2717 976 2782 quorsum
1020 2695 1287 2776 tendas,
1344 2696 1516 2764 mihi
1566 2696 1832 2795 pandas
1882 2695 2157 2765 velim.»
2188 2696 2307 2764 Cui
2339 2695 2441 2763 vir
2483 2707 2797 2765 sanctus:
2856 2700 3034 2773 «Est,
3075 2694 3174 2761 in-

642 2785 813 2870 quit,
860 2784 1161 2865 animuS,
1219 2807 1300 2854 su
1354 2786 1513 2852 erna
1558 2796 1847 2872 juvante
1906 2784 2149 2874 gratia,
2211 2783 2586 2853 concilium
2630 2783 2926 2853 invisere
2975 2788 3172 2852 Saxo-

641 2894 885 2941 num.»
908 2872 999 2940 Ad
1033 2894 1237 2959 quem
1290 2805 1441 2939 ille:
1484 2876 1694 2940 «Cum
1740 2883 1893 2941 tuae
1927 2872 2308 2940 sanctitatis
2344 2872 2586 2942 merito
2640 2870 3176 2963 quamplurimis

643 2972 1034 3029 nostrorum
1082 2971 1404 3048 acceptus
1438 2959 1778 3040 habearis
1836 2982 1969 3029 non
2004 2960 2019 3027 i
2078 2982 2244 3029 noro
2274 2960 2611 3047 quosdam
2647 2960 2768 3030 tibi
2801 2960 3168 3037 inimicari,

638 3061 703 3117 et
750 3047 922 3116 vitae
973 3059 1126 3116 tuae
1159 3047 1447 3115 libenter
1494 3046 1834 3116 insidiari.
1894 3053 1989 3117 Un
2047 3070 2083 3116 e
2130 3069 2318 3138 rog0‚
2374 3059 2470 3130 ut,
2529 3070 2638 3116 me
2670 3047 2929 3125 audito,
2969 3048 3173 3117 alior-

638 3158 793 3204 sum
845 3148 907 3204 te
956 3147 1174 3204 vertas
1222 3135 1465 3214 modo,
1535 3135 1634 3204 vel
1686 3135 1971 3217 domum
2035 3136 2307 3217 redeaS,
2364 3136 2459 3206 vel
2518 3147 2713 3206 tuum
2764 3136 3173 3206 familiarem

640 3229 976 3293 Davonem
1041 3234 1268 3313 petas,
1322 3245 1684 3311 quousque
1783 3237 2004 3293 eracto
2055 3225 2375 3305 concilio,
2442 3224 2671 3306 totiuS,
2731 3247 2856 3296 nos
2902 3245 3176 3312 quoque

637 3312 911 3381 revises
949 3335 982 3377 »
1020 3318 1326 3399 Cumque
1378 3313 1704 3403 liujusmo
1764 3314 1800 3382 i·
1846 3314 2281 3383 sermonibus
2351 3312 2755 3383 dissuadere
2804 3327 3172 3383 conaretur

635 3400 928 3470 athletae
975 3401 1241 3470 Christi.
1285 3413 1519 3469 sancto
1551 3424 1687 3489 quo
1722 3402 2054 3493 agebatur
2086 3402 2335 3491 spiritu
2365 3401 2737 3483 animatus,
2785 3415 3175 3472 constanter

637 3489 1027 3580 respondit:
1071 3489 1529 3561 «Nullatenus
1581 3491 1948 3581 praeterire
1996 3513 2195 3577 que0‚
2252 3490 2367 3559 sed
2423 3512 2645 3577 neque
2692 3490 2938 3572 audeO,
2990 3489 3170 3578 quod

638 3580 783 3669 ipse
818 3601 1011 3648 meus
1060 3584 1196 3647 Rex
1247 3579 1553 3647 Christus
1613 3581 1824 3650 «Iesus
1874 3584 2051 3648 Deus
2110 3591 2174 3648 et
2229 3578 2555 3649 Dominus
2607 3579 2780 3648 mihi
2821 3580 3170 3670 agendum

638 3667 958 3746 instituit,
996 3667 1198 3756 cujus
1249 3667 1710 3758 praetergredi
1762 3668 2164 3737 mandatum
2202 3665 2393 3738 nefas
2440 3689 2589 3736 esse
2633 3667 3056 3757 perpendo.»
3106 3671 3178 3735 At

640 3756 796 3824 ille:
854 3756 1101 3837 «Vitae,
1156 3756 1404 3841 inquit,
1443 3768 1599 3825 tuae
1631 3757 1899 3825 timeo.»
1957 3761 2032 3824 Et
2083 3756 2182 3823 vir
2233 3755 2378 3824 Dei:
2442 3759 2825 3835 «Dominum
2858 3756 2977 3836 ait,
3012 3756 3184 3824 mihi

639 3847 936 3933 adjutor:
970 3868 1096 3913 non
1133 3846 1367 3912 timebo
1398 3845 1561 3999 ((ιιίιί
1587 3847 1802 3933 saciat
1827 3845 2003 3912 milti
2043 3846 2231 3913 homo
2266 3868 2300 3909 »
2331 3844 2468 3933 (I's.
2524 3844 2698 3933 117).
2738 3845 2846 3915 sic
2879 3845 3031 3935 ejus
3067 3845 3179 3914 fir-

641 3947 893 4000 matam
931 3932 1354 4021 perspiciens
1425 3932 1672 4013 aciem,
1715 3944 2018 4002 moestus
2067 3932 2339 4001 tandem
2392 3934 2754 4019 acquievit.

727 4028 763 4101 ἓ
825 4025 970 4092 1⁶2.
1028 4025 1331 4090 Instante
1381 4020 1602 4110 igitur.
1656 4021 1982 4110 temporis
2031 4021 2356 4100 articulo,
2420 4042 2557 4108 quo
2624 4021 2845 4110 ipsius
2904 4020 3182 4090 concilii

636 4110 872 4177 afforet
918 4109 1180 4187 concio,
1218 4109 1471 4178 adsunt
1500 4130 1794 4195 quorum
1835 4109 2179 4188 intererat,
2217 4121 2412 4178 coetu
2443 4107 2754 4195 undique
2787 4129 3028 4179 secum
3061 4131 3180 4197 ag-

639 4198 1036 4266 nrlomerato.
1090 4197 1287 4266 Adest
1335 4210 1399 4266 et
1443 4199 1667 4267 bonus
1720 4197 1916 4266 miles
1979 4197 2350 4276 LebuinuS,
2411 4219 2547 4268 non
2598 4209 2675 4266 ut
2731 4197 3028 4286 ignavus
3079 4197 3180 4264 vel

636 4251 1046 4365 desidiosus
1103 4285 1219 4353 sed
1270 4298 1344 4354 ut
1395 4298 1719 4355 strenuus
1792 4297 1856 4354 et
1926 4285 2279 4355 officiosus
2311 4340 2325 4367 ,
2382 4286 2657 4356 lumbos
2709 4286 2963 4356 mentis
3013 4305 3186 4355 suae

637 4374 703 4440 in
740 4375 1017 4443 veritate
1065 4374 1484 4453 succinctuS,
1540 4373 1752 4443 lorica
1789 4373 2100 4462 justitiae
2133 4374 2446 4452 indutus,
2513 4373 2720 4464 pedes
2771 4373 2840 4441 in
2892 4395 3060 4464 prae
3115 4395 3185 4442 a·

638 4462 899 4531 ratione
957 4460 1304 4551 Evangelii
1379 4461 1569 4551 pacis
1635 4459 2021 4543 calceatus,
2077 4473 2270 4533 scuto
2332 4461 2490 4532 fidei
2543 4471 2926 4552 protectuS,
2984 4484 3072 4552 ga
3104 4466 3182 4533 ea
