3327 4999
670 383 798 451 644
1440 396 1519 447 mi
1567 400 1623 447 s.
1677 394 1966 447 muxeio
2012 393 2310 445 EPISCOPO
2669 373 2775 441 Ex
2822 374 3046 442 SEPT.
3102 370 3147 439 3

578 484 642 554 vi
691 492 1052 554 ventorum
1100 480 1401 561 extincti,
1469 502 1718 552 rursus
1767 478 2045 550 accensi
2099 488 2264 550 sunt
2310 475 2666 547 divinitus.
2729 473 3012 547 Nolebat
3067 473 3145 542 id

580 572 857 643 credere
904 570 1194 662 agrestis
1242 569 1466 651 turba,
1500 569 1619 639 sed
1655 590 2042 656 numquam
2093 565 2429 637 extinctos
2459 585 2692 634 cereos
2719 562 3140 633 affirmabat.

579 666 714 732 Nos
763 661 859 730 rei
902 657 1314 751 indignitate
1363 658 1715 739 commoti,
1768 679 2003 727 cereos
2050 655 2359 746 extingui
2407 653 2766 745 jubemus,
2802 651 3150 738 beatoque

579 748 905 820 Remaclo
953 746 1307 838 supplices
1357 769 1593 839 preces
1644 746 2027 817 offerimus.
2095 750 2244 814 Mox
2290 742 2483 813 adest
2540 763 2793 811 manus
2844 761 3147 831 praepo-

582 837 787 909 tentis
847 836 987 918 Dei,
1044 848 1110 906 et
1155 835 1445 907 coelitus
1495 834 1689 926 lapso
1745 834 2050 915 lumine,
2105 833 2334 904 denuo
2400 830 2581 902 cerei
2628 829 3138 900 accenduntur.

580 925 759 996 Adeo
793 946 949 994 vero
989 924 1106 994 lux
1162 923 1281 994 illa
1328 934 1546 994 totum
1582 923 1989 994 ⁴illustrabat
2036 922 2294 1002 locum,
2332 932 2409 990 ut
2457 942 2658 990 nemo
2711 930 2940 1019 pos-set
2987 939 3147 1017 am-

580 1014 816 1104 bigere
853 1012 1213 1084 coelestem
1272 1034 1424 1081 eam
1478 1034 1649 1082 esse.
1689 1018 1861 1083 Tum
1898 1032 2139 1081 omnes
2181 1008 2435 1101 pariter
2486 1028 3012 1107 prorumpimus
3040 1027 3139 1106 ,in

583 1102 823 1171 laudes
882 1101 1021 1182 Dei,
1096 1100 1467 1171 mittuntur
1533 1102 1771 1171 nuncii
1835 1100 1921 1169 ad
1980 1099 2342 1170 ecclesiam
2410 1097 2533 1185 qui
2595 1095 2793 1166 nobis
2851 1106 3138 1164 interim

583 1189 1042 1281 psallentibus
1103 1190 1380 1279 pulsent
1430 1189 1666 1280 signa:
1720 1200 1785 1259 et
1829 1210 1987 1259 ecce
2052 1200 2269 1258 totum
2319 1185 2694 1256 oratorium
2749 1182 2983 1253 vident
3029 1180 3139 1283 illi

582 1278 836 1349 divinis
870 1277 1292 1369 completum
1342 1277 1831 1369 splendoribus
1857 1278 1979 1366 qui
2011 1276 2210 1347 nobis
2259 1274 2680 1346 abeuntibus
2729 1273 2986 1363 pariter
3033 1270 3141 1339 di-

582 1389 616 1438 s
669 1389 936 1437 aruere.

621 1389 704 1544 βξ
750 1461 894 1529 15.
950 1459 1107 1526 Erat
1154 1454 1341 1546 apud
1393 1476 1517 1526 nos
1566 1454 1971 1537 monachuS‚
2010 1453 2341 1525 ecclesiae
2386 1461 2659 1523 nostrae
2692 1459 2962 1551 custos:
3017 1447 3143 1549 qui

581 1567 742 1614 cum
792 1544 1024 1614 carnis
1071 1543 1560 1614 abominandis
1610 1543 1793 1613 vitiis
1841 1555 2017 1615 esset
2064 1542 2405 1624 addictus,
2461 1562 2600 1611 non
2655 1538 3021 1610 dubitabat
3068 1536 3142 1606 id

583 1632 815 1703 officii>
840 1654 1184 1703 exercere:
1238 1644 1303 1702 et
1351 1631 1507 1702 licet
1568 1653 1716 1703 sese
1779 1654 1911 1701 non
1964 1632 2356 1723 corrigeret,
2411 1642 2642 1700 tamen
2692 1626 3144 1718 impudenter

580 1734 646 1792 et
692 1721 1035 1791 obstinato
1068 1722 1302 1790 animo
1350 1721 1533 1811 apud
1587 1734 1981 1791 sanctorum
2019 1721 2311 1813 pignora
2357 1730 2422 1789 et
2471 1724 2603 1788 Deo
2634 1729 2938 1788 sacratas
2975 1736 3141 1816 aras

581 1810 982 1880 versabatur
1028 1810 1375 1901 impurus.
1415 1815 1557 1879 Non
1608 1809 2021 1893 attendebat,
2066 1810 2234 1896 quid
2278 1806 2642 1879 accidisset
2689 1806 2855 1875 filiis
2889 1804 2993 1875 Eli
3022 1826 3136 1873 sa-

580 1899 898 1978 cerdotis,
954 1899 1119 1999 quid
1173 1898 1338 1969 filiis
1392 1899 1701 1979 Aaronis,
1768 1899 1998 1989 ignem
2048 1898 2356 1968 alienum
2401 1895 2895 1966 offerentibus:
2948 1891 3141 1993 unde

582 1999 809 2057 tamen
859 1986 1059 2057 facile
1107 1986 1650 2056 animadvertere
1686 1987 2038 2088 potuisset,
2074 1988 2134 2057 si
2162 1986 2320 2056 illae
2369 1997 2627 2055 veteres
2659 2003 3138 2053 caeremoniae

580 2075 951 2177 neglectae,
1007 2087 1144 2146 tam
1194 2074 1366 2145 diris
1414 2076 1780 2166 suppliciis
1810 2075 2132 2145 addixere
2168 2097 2284 2146 eos
2316 2090 2505 2161 quos·
2540 2073 2869 2153 diximus,
2906 2070 3138 2170 sobrie

579 2176 645 2234 et
681 2175 870 2254 J‘uste
928 2186 1008 2233 ac
1058 2163 1373 2255 religiose
1427 2176 1494 2233 et
1541 2163 1807 2234 salubri
1855 2186 2017 2234 cum
2069 2175 2322 2234 terrore
2370 2161 2620 2233 Christi
2679 2170 3136 2231 sacramentis

582 2252 1125 2323 inserviendum.
1182 2252 1405 2322 Voluit
1438 2263 1669 2322 autem
1728 2265 2012 2324 sanctus
2062 2263 2397 2344 patronus
2436 2262 2667 2322 noster
2713 2270 2871 2320 eum
2923 2271 2964 2318 a
2997 2248 3138 2350 ‘de-

584 2341 916 2411 testandis
962 2340 1391 2411 facinoribus
1441 2363 1777 2411 revocare.
1820 2346 2228 2411 Sanctorum
2267 2341 2454 2411 enim
2503 2339 2778 2410 animae
2823 2358 3145 2427 omnipo-

585 2430 790 2499 tentis
840 2430 955 2501 Dei
1003 2429 1380 2501 claritatem
1433 2430 1779 2501 intuentes
1825 2451 2003 2518 quae
2052 2430 2217 2501 foris
2249 2452 2287 2499 a
2342 2440 2576 2512 untur,
2609 2426 2885 2498 coelesti
2934 2427 3144 2497 bene·

584 2518 746 2589 ficio
795 2531 1204 2612 agnoscunt.
1259 2524 1553 2609 Apparet
1602 2520 1813 2612 igitur
1873 2520 2129 2590 rustico
2179 2519 2289 2589 cui
2346 2540 2484 2600 am,
2549 2528 2853 2588 moestus
2898 2515 2961 2586 ei
3020 2537 3139 2584 ex-

592 2608 787 2698 ponit
835 2609 1159 2678 monachi
1209 2609 1685 2690 temeritatem,
1738 2609 1935 2698 jubet
1980 2630 2139 2678 eum
2188 2607 2537 2689 accedere,
2582 2618 2648 2676 et
2709 2605 2855 2675 suis
2913 2603 3146 2675 verbis

588 2718 749 2767 eum
801 2696 1162 2767 deterrere.
1218 2702 1390 2766 Tum
1440 2718 1714 2785 quoque
1766 2709 2015 2779 monet,
2057 2708 2135 2768 ut
2173 2696 2501 2788 jubeatur
2549 2694 2936 2765 monachus
2985 2714 3145 2784 per-

588 2785 886 2855 scrutari
927 2784 1424 2856 conscientiam
1475 2807 1699 2865 suam,
1755 2798 1832 2855 ut
1864 2785 1992 2854 hac
2041 2786 2305 2856 ratione
2334 2785 2419 2854 ad
2455 2806 2528 2854 se
2559 2805 2874 2854 reversus
2921 2781 3140 2853 corri-

586 2887 701 2964 gat
749 2895 919 2954 sese,
975 2895 1060 2942 ne
1092 2872 1425 2942 divinitus
1472 2874 1831 3029 puniatur.
1887 2875 2214 2944 Rusticus
2262 2873 2446 2956 facit,
2486 2873 2672 2961 quod
2720 2884 2867 2962 erat
2912 2871 3142 2972 impe·

579 2974 831 3043 ratum,
887 2962 1071 3032 venit
1102 2961 1187 3031 ad
1222 2982 1467 3031 monac
1525 2983 1668 3043 uin,
1697 2961 1888 3031 ducit
1934 2984 2092 3033 eum
2137 2984 2474 3042 seorsum,
2518 2961 2717 3030 humi
2748 2981 2981 3031 coram
3017 2959 3141 3029 illo

580 3072 653 3118 se
700 3049 960 3138 abjicit,
1013 3062 1184 3131 orat,
1239 3060 1313 3118 ut
1366 3049 1552 3136 quod
1622 3049 2029 3120 revelatione
2094 3051 2359 3132 didicit,
2416 3072 2650 3123 secum
2706 3048 3140 3140 perpendere

580 3136 763 3207 velit.
800 3142 876 3207 At
906 3137 1024 3206 ille
1056 3149 1419 3228 postquam
1453 3137 1716 3209 audivit
1758 3139 1997 3210 rustici
2046 3161 2421 3221 sermones,
2461 3161 2595 3209 non
2632 3161 2708 3208 se
2737 3138 2939 3229 erigit
2968 3159 3142 3208 con-

579 3237 683 3295 tra
731 3247 826 3307 se,
884 3248 1016 3295 non
1070 3226 1140 3295 in
1192 3226 1500 3317 seipsum
1550 3227 1931 3309 descendit,
1986 3228 2107 3300 sed
2167 3228 2387 3298 instar
2435 3226 2716 3297 fanatici
2766 3227 3140 3296 verborum

578 3312 996 3386 fulminibus
1045 3314 1353 3385 verberat
1402 3315 1764 3397 miserum,
1818 3316 2564 3418 aitjphantasmatibus
2630 3316 2861 3406 ipsum
2931 3315 3139 3385 delu-

580 3425 762 3484 sum,
801 3425 963 3493 prae
999 3404 1216 3473 nimia
1265 3404 1913 3475 miseria-incidisse
1961 3428 2032 3475 in
2083 3406 2457 3476 insaniam.
2512 3405 2839 3476 Rusticus
2889 3403 3144 3475 absce-

580 3491 703 3573 dit,
755 3504 822 3562 et
878 3492 1089 3563 miser
1140 3492 1524 3563 monachus
1572 3505 1963 3585 contempto
2013 3494 2177 3576 illo,
2243 3506 2572 3582 tanquam
2623 3493 2952 3584 indign0‚
3025 3493 3148 3563 cui

579 3579 847 3668 aliquid
896 3580 1229 3652 divinitus
1275 3581 1653 3662 reveletur,
1712 3605 1831 3673 per
1883 3583 1954 3666 it,
2024 3605 2215 3653 more
2261 3605 2388 3653 suo
2456 3581 2732 3652 licentia
2779 3581 3139 3652 effrenata.

581 3674 724 3741 Non
773 3669 1029 3761 cogitat
1074 3692 1278 3761 saepe
1324 3671 1628 3760 abjectos
1673 3683 1739 3740 et
1786 3672 1848 3741 vi
1880 3693 1953 3741 es
2011 3671 2329 3742 homines
2395 3671 2601 3740 etiam
2668 3669 2754 3740 ad
2823 3682 3147 3760 potentes

582 3757 783 3838 mitti,
831 3780 955 3828 nec
1005 3759 1268 3860 despici
1316 3760 1404 3829 ab
1450 3760 1550 3828 eis
1598 3759 2179 3852 contemplatione
2226 3760 2443 3840 illius,
2484 3781 2686 3847 aquo
2714 3758 3140 3830 missisunt.

556 3850 720 3916 ‘Non
778 3846 962 3917 venit
1010 3848 1070 3917 ei
1124 3869 1194 3917 m
1245 3858 1581 3929 mentem,
1648 3848 1814 3918 olim
1887 3848 2336 3939 prophetasse
2383 3848 2658 3918 Balaam
2713 3846 3138 3938 pessimum,

579 3934 1026 4026 prophetasse
1076 3935 1347 4006 Saulem
1400 3946 1572 4017 tuin,
1626 3959 1789 4006 cum
1826 3950 2140 4008 sanctum
2177 3936 2383 4006 David
2437 3947 2987 4026 persequeretur,
3023 3936 3151 4005 de-

579 4022 795 4111 nique
838 4024 1046 4094 etiam
1095 4024 1423 4125 Caipham
1472 4025 1891 4094 acerrimum
1949 4025 2197 4097 Christi
2232 4025 2525 4107 hostem,
2563 4024 2798 4094 futura
2861 4024 3150 4115 praedi-

575 4112 794 4183 xisse:
849 4113 1035 4183 unde
1082 4112 1404 4205 colligere
1451 4113 1767 4195 debebat,
1808 4135 1841 4183 s
1895 4113 2133 4184 iritum
2168 4112 2441 4183 Domini
2488 4125 2555 4184 et
2601 4113 2872 4184 animas
2909 4112 3147 4201 justo-

578 4222 737 4271 rum
789 4222 927 4270 noii
979 4222 1101 4292 per
1146 4201 1364 4272 bonos
1415 4211 1708 4283 tantum,
1745 4225 1819 4271 se
1915 4202 2118 4271 etiam
2173 4224 2296 4293 per
2343 4201 2901 4284 malosefficere,
2958 4222 3148 4287 quae

578 4289 959 4360 multorum
1003 4289 1210 4360 saluti
1310 4289 1548 4361 rosint.
1606 4295 1780 4360 Dum
1815 4312 1979 4381 ergo
2029 4312 2166 4360 non
2199 4290 2346 4362 vult
2375 4311 2577 4381 agere
2610 4289 3138 4381 poenitentiam,

574 4389 792 4449 totum
813 4399 1067 4470 corpus
1093 4378 1242 4465 ejus
1298 4400 1462 4470 epra
1484 4378 1615 4450 sibi
1643 4377 1982 4461 vendicat,
2017 4391 2082 4449 et
2109 4383 2417 4470 prurlg0,
2446 4378 2635 4449 unde
2665 4390 2894 4448 tantus
2921 4379 3138 4447 exha-

576 4464 762 4538 labat
800 4466 1036 4550 foetor‚
1071 4478 1149 4539 ut
1194 4467 1399 4538 etiam
1449 4467 1696 4539 amicis
1744 4479 1880 4539 toto
1910 4467 2146 4539 animo
2189 4467 2560 4540 subvenire
2589 4467 2653 4538 ei
2683 4466 3144 4558 cupientibus
