3327 4999
271 320 514 385 MART.
569 318 652 384 25
1075 337 1152 382 ΒΕ
1200 337 1256 383 s.
1311 332 1734 382 rlssauELANno
1782 335 2020 383 Aenus
2592 313 2720 383 487

271 418 552 488 vocavit.
576 418 1088 509 Reperitautem
1121 417 1262 486 illic
1283 417 1350 485 in
1373 417 1671 503 quadam
1694 416 2007 487 aedicula
2032 416 2404 486 oratorium
2430 417 2806 487 beatissimi

274 507 682 578 confessoris
732 508 1025 576 Martini.
1081 513 1285 576 Erant
1317 507 1520 577 etiam
1572 506 1714 575 illic
1754 506 2149 575 armentarii
2201 528 2334 574 non
2387 506 2591 597 pauci
2622 506 2807 594 quod

271 598 419 687 ejus
460 598 737 667 ubertas
786 597 1052 667 alendis
1103 597 1464 687 pecoribus
1512 610 1689 666 esset
1736 595 1930 664 valde
1978 608 2387 686 opportuna.
2456 596 2808 665 Piscatori-

274 688 403 755 bus
436 700 663 756 autem
701 686 1150 756 circumcirca
1201 699 1336 754 tam
1377 707 1456 755 ex
1509 685 1728 775 Ligeri
1787 705 1993 772 quam
2063 708 2142 753 ex
2191 684 2367 753 mari
2414 695 2599 753 tanta
2646 708 2806 775 sup·

274 776 539 866 petebat
586 776 882 865 piscium
934 776 1358 845 diversorum
1396 797 1724 863 generum
1774 775 1994 864 copia,
2053 788 2129 843 ut
2176 773 2314 843 illis
2361 773 2481 861 qui
2532 774 2600 842 in
2651 774 2807 844 aliis

270 865 679 934 fluminibus
726 864 1082 967 capiendis
1145 864 1453 955 piscibus
1503 876 1752 933 navant
1798 886 2074 953 operam
2110 919 2124 944 ‚
2178 885 2285 931 res
2349 863 2656 932 videatur
2703 864 2806 931 in-

268 953 643 1034 credibiliS,
701 956 835 1023 nist
881 976 1110 1023 coram
1146 953 1588 1043 inspexerint.
1643 959 1774 1023 Nec
1808 966 2031 1021 tamen
2085 952 2273 1042 vulgi
2316 953 2804 1043 perstrepentis

269 1043 411 1112 illic
445 1043 829 1113 audiuntur
878 1065 1092 1123 voce5‚
1139 1044 1250 1113 sed
1297 1044 1464 1111 varii
1516 1044 1787 1131 generis
1825 1042 2054 1111 avium
2082 1042 2435 1129 jucundae
2484 1055 2805 1111 resonant

269 1132 604 1202 melodiae
651 1147 716 1202 et
764 1135 832 1202 in
886 1134 970 1202 iis
1011 1134 1230 1202 olores
1276 1132 1461 1201 dulci
1522 1132 1824 1201 fundunt
1858 1131 2327 1201 modulamine
2368 1144 2638 1202 cantus.
2682 1136 2804 1200 De-

269 1222 475 1308 nique
529 1235 794 1292 tantum
848 1222 988 1291 illic
1030 1221 1404 1303 silentium,
1464 1233 1642 1289 tanta
1682 1220 2143 1307 tranquillitas
2190 1233 2330 1300 est,
2388 1233 2463 1289 ut
2504 1221 2803 1289 anacho—

268 1314 546 1382 reticam
581 1313 1063 1403 appetentibus
1111 1312 1342 1392 vitam,
1389 1311 1758 1380 mirificum
1811 1309 2021 1378 eremi
2070 1309 2490 1380 desiderium
2541 1310 2805 1379 adferre

269 1402 599 1471 videatur.
645 1408 828 1495 Quae
882 1396 1157 1488 q'uidem
1210 1399 1443 1469 omnia
1501 1411 1941 1489 posteaquam
1992 1399 2091 1467 vir
2142 1400 2252 1468 Dei
2302 1400 2803 1468 Hermelandus

270 1492 513 1592 partim
567 1492 713 1563 suis
762 1491 1004 1569 oculis,
1047 1490 1294 1577 partim
1327 1489 1708 1558 vicinorum
1745 1489 2065 1558 relatione
2108 1489 2445 1578 cognov'it,
2490 1490 2803 1558 exultans

265 1605 333 1649 1n
391 1581 695 1661 Domino,
736 1602 952 1670 ocyus
981 1579 1062 1648 ad
1117 1578 1559 1647 Pascharium
1587 1579 1991 1668 episcopum
2027 1599 2404 1667 regressus,
2460 1602 2495 1645 «
2534 1584 2792 1657 Fateor,

265 1670 509 1757 inquit,
565 1692 922 1757 nunquam
973 1692 1081 1737 me
1130 1689 1348 1753 neque
1396 1667 1882 1747 amoeniorem,
1941 1689 2159 1753 neque
2220 1668 2596 1736 extruendo
2657 1690 2805 1737 coe-

273 1760 475 1829 nobio
511 1761 854 1850 'aptiorem
909 1758 1157 1828 vidisse
1185 1756 1408 1827 locum
1445 1757 1720 1826 duabus
1750 1755 1887 1825 illis
1917 1756 2167 1825 insulis
2209 1778 2382 1842 quas
2416 1757 2617 1825 hodie
2655 1780 2804 1847 per—

265 1848 619 1917 lustravi.»
669 1849 760 1918 Iis
819 1847 1097 1929 auditi5‚
1155 1847 1531 1915 laetabatur
1596 1847 1901 1925 antistes,
1956 1859 2021 1914 et
2068 1846 2307 1935 gratiis
2365 1846 2535 1915 actis
2577 1846 2804 1915 omni-

267 1937 519 2028 potenti
561 1943 714 2019 De0,
754 1949 887 2007 toto
936 1937 1053 2005 illo
1092 1935 1202 2004 dic
1249 1937 1386 2025 egit
1431 1956 1588 2003 cum
1627 1934 2080 2004 Hermelando
2141 1935 2223 2003 de
2272 1935 2583 2004 coenobii
2619 1948 2803 2004 stru-

263 2041 497 2096 ctura:
550 2048 844 2113 cumque
902 2026 1023 2094 diu
1064 2025 1327 2095 mutuis
1376 2047 1521 2093 sese
1568 2023 1931 2110 colloquiis
1980 2024 2412 2114 spiritalibus
2461 2024 2802 2093 adhortati

265 2129 514 2194 essent,
590 2116 858 2183 tandem
910 2116 1142 2184 cibum
1196 2137 1334 2183 una
1397 2126 1866 2203 sumpserunt.
1934 2114 2099 2181 Inde
2147 2113 2400 2184 divinis
2466 2113 2801 2183 absolutis

265 2204 618 2283 laudibuS,
671 2204 978 2273 cubitum
1031 2206 1203 2273 iere:
1250 2225 1625 2289 rursusque
1657 2216 1809 2294 post
1849 2202 2120 2272 brevem
2154 2225 2475 2273 somnum
2526 2203 2607 2271 a'd
2649 2226 2801 2293 pre-

266 2316 380 2363 ces
413 2292 662 2363 reversi
692 2293 1017 2379 quicquid
1052 2293 1265 2363 noctis
1292 2305 1668 2383 supererat,
1712 2292 1778 2360 in
1821 2292 1931 2360 Dei
1973 2292 2299 2363 laudibus
2332 2294 2795 2363 transmisere.

353 2387 388 2471 ἓ
434 2386 513 2455 S.
571 2388 838 2452 Postera
870 2382 978 2450 die
1008 2382 1506 2451 Hermelandus
1546 2382 2016 2451 benedictione
2049 2383 2135 2451 ab
2168 2383 2491 2471 episcopo
2522 2395 2802 2473 accepta

266 2484 416 2564 post
451 2485 725 2544 mutuos
756 2471 1136 2562 amplexus,
1191 2471 1272 2540 ad
1320 2471 1614 2544 insulam
1683 2493 2016 2551 reverSUS,
2074 2470 2302 2541 locum
2361 2495 2398 2541 a
2454 2472 2799 2542 tissimum

266 2563 672 2652 designavit.
715 2562 1054 2651 jactisque
1101 2562 1376 2631 aedium
1428 2562 1754 2631 fratribus
1804 2561 2346 2631 necessariarum
2431 2561 2804 2630 undamen-

267 2653 374 2730 tis‚
420 2666 550 2720 tam
591 2652 743 2720 illas
793 2674 1000 2738 quam
1065 2651 1316 2742 templa
1363 2651 1543 2733 duo,
1605 2651 1896 2720 alterum
1948 2652 2166 2722 sancti
2216 2651 2434 2729 Petri,
2509 2650 2802 2720 alterum

261 2741 480 2810 sancti
546 2739 733 2809 Pauli
785 2740 1257 2831 Apostolorum
1308 2763 1465 2810 cum
1520 2741 1839 2810 universo
1907 2740 2257 2822 coenobio,
2318 2740 2598 2809 Domino
2659 2741 2805 2830 opi-

264 2830 547 2910 tulante,
605 2830 789 2899 brevi
838 2830 1325 2910 exaedificavit,
1390 2852 1521 2898 non
1576 2851 1857 2920 segnem
1922 2831 1982 2898 ei
2045 2830 2457 2899 navantibus
2521 2852 2802 2919 operam

263 2919 622 3010 permultis
669 2920 819 3008 ejus
854 2920 1151 3009 regionis
1196 2918 1458 2988 incolis.
1522 2920 1770 2988 Deinde
1814 2920 2189 3009 Episcopus
2237 2918 2801 3012 ecclesias-dedi-

256 3022 540 3078 caturus
615 3009 908 3086 advenit,
963 3022 1194 3098 postea
1259 3009 1531 3076 beatum
1583 3008 2121 3078 Hermelandum
2184 3008 2270 3076 ad
2325 3008 2503 3098 regis
2566 3008 2800 3078 aulam

261 3122 490 3168 secum
542 3097 826 3172 ducens,
883 3098 1022 3186 regi
1079 3096 1508 3166 childeberto
1555 3119 1712 3166 eum
1764 3099 2052 3186 ejusque
2091 3098 2501 3167 coenobium
2553 3111 2618 3167 et
2666 3097 2803 3166 fra-

264 3200 394 3255 tres
441 3209 682 3255 omnes
735 3185 1060 3276 deinceps
1126 3186 1416 3256 tuendos
1473 3188 2001 3255 commendavit.
2055 3187 2344 3274 Scripsit
2395 3209 2548 3255 vero
2617 3187 2796 3255 idem

261 3299 375 3344 rex
409 3276 853 3355 sanctionem,
895 3297 1185 3363 eamque
1236 3276 1427 3344 beato
1468 3275 1925 3346 Hermelando
1980 3276 2281 3357 tradidit,
2334 3275 2418 3344 de
2468 3275 2584 3344 illo
2656 3297 2800 3344 mo-

263 3364 559 3436 nasterio
600 3378 663 3435 et
696 3366 902 3434 rebus
939 3366 1112 3454 ejus,
1170 3378 1331 3455 puta
1383 3386 1464 3432 ne
1512 3365 1881 3451 quisquam
1934 3365 2216 3433 omnino
2275 3364 2603 3434 fratribus
2663 3364 2802 3433 illic

260 3454 665 3542 degentibus
703 3454 1078 3523 molestiam
1133 3455 1475 3532 excitaret,
1517 3454 1634 3522 sed
1685 3467 1758 3522 ut
1790 3454 1976 3543 regia
2024 3453 2120 3521 illi
2166 3453 2313 3522 freti
2355 3454 2794 3542 protectione,

261 3544 521 3630 absque
560 3542 857 3632 alicujus
887 3543 1338 3623 infestatione,
1381 3543 1613 3610 liberis
1660 3543 1914 3613 aniinis
1966 3564 2085 3632 pro
2123 3563 2277 3632 rege
2308 3543 2651 3628 totiusque
2702 3566 2803 3611 re-

259 3632 376 3722 gni
429 3654 593 3722 pace
645 3633 1009 3701 Dominum
1067 3643 1528 3721 precarentur.
1587 3637 1676 3700 Ea
1732 3632 1910 3721 regis
1982 3630 2453 3700 benevolentia
2515 3646 2577 3701 et
2628 3633 2802 3700 ami-

259 3722 417 3791 citia
497 3721 981 3791 cohonestatus
1032 3722 1134 3789 vir
1183 3722 1336 3797 Dei,
1403 3721 1486 3788 ad
1541 3721 2034 3790 monasterium
2110 3741 2180 3787 se
2251 3722 2527 3809 recepit.
2583 3727 2675 3790 Ex
2724 3743 2803 3791 eo

261 3825 565 3900 tempore
615 3811 855 3890 multi,
911 3823 1299 3901 contempto
1368 3808 1620 3888 secu10,
1693 3810 1775 3878 ad
1831 3810 1999 3878 illud
2049 3809 2457 3879 coenobium
2522 3833 2806 3880 conver-

261 3900 476 3971 sionis
511 3901 726 3991 gratia
777 3901 1189 3980 confluxere,
1249 3899 1701 3968 monasticum
1736 3898 2075 3988 complexi
2123 3898 2539 3967 institutum:
2605 3900 2805 3969 multi

258 4012 421 4058 suas
469 3989 695 4080 proles
729 3988 867 4057 illic
917 3988 1179 4058 Christo
1217 3988 1627 4057 militaturas
1675 3988 2095 4057 obtulerunt.
2152 3993 2355 4057 Porro
2390 3989 2492 4057 vir
2534 3990 2805 4058 Domini.

157 4101 165 4108 “
260 4079 760 4147 Hermelandus
807 4100 1046 4148 omnes
1078 4090 1141 4146 et
1189 4078 1391 4146 verbo
1440 4089 1504 4145 et
1534 4077 1846 4167 exemplo
1887 4077 1973 4144 ad
2017 4077 2188 4145 vitae
2235 4078 2802 4168 contemplationi

260 4168 527 4236 deditae
575 4167 803 4237 studia
877 4167 1200 4236 incitavit.
1257 4173 1331 4237 Et
1379 4166 1624 4257 'ingens
1674 4189 1837 4236 sane
1887 4166 2173 4234 fratrum
2254 4189 2586 4237 numerus
2660 4167 2801 4236 illic

257 4257 548 4326 excrevit
594 4257 714 4344 qui
764 4257 894 4326 sub
972 4269 1157 4325 tanto
1209 4268 1395 4346 patre
1471 4267 1695 4325 tantos
1759 4257 1827 4324 in
1879 4255 2248 4325 virtutibus
2308 4269 2372 4326 et
2422 4258 2594 4326 vitae
2643 4279 2799 4325 san-

259 4347 486 4416 ctitate
533 4347 750 4415 fecere
802 4358 1338 4437 progressus,.ut
1379 4345 1525 4432 jam
1558 4345 1742 4413 sama
1788 4345 2063 4414 illorum
2120 4345 2318 4436 longe
2353 4346 2620 4432 lateque
2651 4368 2796 4414 sese

262 4435 723 4516 diffunderet,
776 4448 840 4506 et
898 4436 966 4505 in
1043 4456 1279 4505 eorum
1353 4434 1607 4505 sanctis
1676 4434 1925 4506 studiis
1988 4456 2275 4515 omneS,
2350 4434 2433 4503 ad
2496 4456 2791 4522 quorum
