3327 4999
767 340 853 406 98
1261 300 1266 305 ⁴
1654 314 1714 407 s.
1764 359 2045 409 somnus
2093 362 2173 409 nr.
2220 361 2344 409 nno
2888 340 3101 406 MART.
3138 341 3167 404 8
3264 341 3265 362 ¹

675 437 1178 509 verberationis
1223 436 1710 509 instrumentis
1760 439 2109 511 domabat.
2165 441 2275 511 Sic
2322 440 2558 529 itaque
2604 440 2941 531 castigans
2973 458 3170 527 corpus

672 548 883 596 suum
932 538 998 596 et
1045 526 1114 596 in
1167 526 1562 598 servitutem
1616 528 1959 619 redigens,
2014 529 2271 600 meruit
2317 529 2492 599 illud
2543 529 2887 620 integrum
2932 539 3053 598 eta
3082 546 3170 594 no-

669 614 804 683 xiis
851 614 1429 689 delectationibus
1475 637 1555 685 eo
1589 639 1811 704 usque
1839 619 2212 698 custodire,
2251 628 2329 689 ut
2357 617 2693 689 castitatis
2724 617 2937 708 ipsius
2966 613 3169 685 candor

670 723 759 772 ne
808 703 1234 794 suspicionis
1280 703 1563 790 quide-m
1616 705 1966 777 maculam
2018 706 2263 776 merito
2311 706 2675 776 admittere
2723 705 2954 796 possit.

762 792 799 892 ς
844 795 924 863 ⁸2.
977 795 1110 861 Nec
1159 791 1444 882 propria
1492 793 1739 863 virtute
1795 806 2201 880 contentus,
2268 793 2387 867 sed
2451 794 2765 865 imitatus
2823 792 3170 889 Salvatoreni

672 901 797 966 qui
844 891 1120 949 venerat
1167 902 1411 950 vocare
1457 893 1875 972 peccatores.
1913 884 2187 952 enixam
2219 894 2285 953 et
2312 882 2734 953 indefessam
2769 904 2995 951 curam
3022 878 3173 981 adlu-

670 966 826 1037 buit
871 979 949 1037 ut
994 968 1188 1038 omni
1235 981 1493 1040 conatu
1537 971 1772 1042 carnis
1819 971 2457 1062 concupiscentiam
2507 993 2549 1040 a
2597 970 2928 1062 proximis
2980 969 3172 1063 husus-⁶

672 1055 865 1126 modi
915 1056 1077 1125 vitio
1125 1057 1442 1148 apprime
1488 1058 1876 1145 inquinatis
1922 1060 2430 1131 exterminaret.
2487 1061 2692 1130 Statis
2740 1059 2981 1129 diebus
3020 1075 3171 1153 quasi

677 1144 1139 1215 venabundus
1189 1146 1558 1236 lupanaria
1606 1147 2171 1239 ingrediebatur,
2226 1159 2306 1219 ut
2354 1149 2750 1220 meretrices
2798 1170 2841 1217 a
2885 1146 3177 1216 daemoms

675 1233 1002 1304 servitute
1049 1234 1471 1316 vindicaret,
1524 1234 1684 1305 illas
1733 1236 2284 1321 hortationibus,
2340 1237 2706 1327 precibuS,
2778 1233 3177 1332 lacrymisque

678 1320 1037 1392 detrahere
1085 1323 1407 1393 studebat
1451 1324 1540 1394 ab
1588 1325 2074 1414 impudicitiis,
2127 1349 2207 1396 ac
2256 1348 2381 1416 pro
2426 1327 2741 1416 ipsarum
2796 1339 3178 1394 conversione

677 1414 813 1479 Deo
859 1410 1099 1480 enixas
1146 1433 1385 1503 preces
1432 1411 1808 1494 fundebat3
1862 1413 1986 1484 ubi
2030 1436 2189 1484 vero
2236 1414 2369 1484 ista
2416 1436 2554 1483 non
2603 1413 3180 1508 proficiebant-ae-

675 1497 952 1586 qualem
1004 1498 1238 1569 futuro
1287 1500 1672 1572 meretricis
1722 1501 1917 1571 lucro
1965 1502 2337 1593 pecuniam
2369 1503 2719 1583 offerebat,
2763 1514 2845 1572 ut
2882 1524 2920 1572 a
2957 1501 3178 1597 flagitiis

674 1587 1157 1677 perpetrandis
1207 1588 1310 1657 vel
1359 1589 1455 1659 ita
1503 1612 1575 1659 se
1613 1592 2030 1662 coercerent.
2067 1595 2376 1678 Cumque
2408 1591 2784 1661 confideret
2816 1591 2888 1660 in
2923 1595 3176 1681 Domine,-

673 1696 891 1744 vacua
939 1697 1079 1745 non
1127 1675 1258 1745 fuit
1305 1699 1464 1767 spes
1510 1677 1684 1778 ejuS‚
1742 1700 1866 1749 nec
1916 1679 2114 1749 labor
2160 1680 2310 1749 sine
2339 1679 2593 1762 fructu,
2629 1680 2953 1771 pluribus
2982 1699 3053 1746 ex
3078 1672 3176 1771 illis

673 1762 965 1853 perditis
1030 1774 1095 1833 et
1160 1763 1378 1835 deviis
1443 1766 1815 1836 ammabus
1877 1767 1964 1836 ad
2026 1769 2284 1839 bonam
2332 1767 2604 1859 frugem
2654 1780 2719 1837 et
2766 1769 2949 1837 viam
2996 1762 3182 1837 saluus

672 1851 1004 1922 reductis.
1058 1857 1192 1923 Nec
1239 1852 1618 1924 dissimiles
1666 1854 1948 1926 suerunt
1995 1858 2146 1947 ejus
2185 1878 2417 1939 curae,
2456 1870 2533 1927 ut
2572 1856 3041 1926 indioentibus
3074 1870 3182 1919 mu·

673 1940 988 2020 lieribus‚
1043 1941 1351 2013 honestis
1396 1942 1628 2012 viduis
1650 1945 2088 2100 Cpraesertim
2135 1956 2201 2014 et
2238 1945 2653 2046 virginibus,
2697 1909 2881 2015 c‘iam
2916 1943 3183 2035 alimenta
3264 1961 3265 1974 ¹

675 2028 1274 2113 subministraret,
1328 2030 1558 2101 oblato
1606 2055 1642 2100 a
1744 2032 2051 2103 laborem
2098 2034 2451 2115 exercitio,
2509 2056 2595 2103 ne
2642 2033 2866 2104 otium
2913 2033 2983 2101 in
3029 2025 3185 2120 pudl·
3264 2051 3265 2054 ’

673 2116 908 2186 citiam
962 2116 1529 2205 honestatemque
1627 2121 1915 2190 eccandi
1964 2143 2208 2191 ansam
2257 2121 2594 2212 injiceret.
3147 2203 3155 2213 ,

762 2207 799 2292 ξ
847 2208 928 2277 8.
984 2205 1078 2275 Ad
1127 2207 1496 2277 obediendi
1543 2230 1582 2279 o
1637 2210 1957 2297 sequl'um
1987 2223 2427 2301 experrectus
2457 2233 2730 2302 semper
2767 2222 2838 2280 et
2877 2206 3181 2301 paratissi-

674 2314 837 2362 mus
885 2294 1143 2376 extitit;
1198 2318 1336 2366 non
1387 2295 1614 2367 solum
1662 2298 1851 2366 enim
1900 2298 2266 2390 abnegavit
2314 2298 2766 2400 semetipsum
2819 2313 2896 2370 ut
2941 2312 3182 2393 evange·

674 2380 850 2451 licae
897 2382 1070 2474 legis
1119 2396 1483 2474 praecepta
1533 2397 1853 2468 servaret,
1909 2386 2027 2455 sed
2077 2387 2443 2458 hominum
2492 2399 2698 2458 etiam
2748 2388 2903 2459 voci
2937 2383 3183 2478 obedivit

673 2481 751 2541 ut
798 2471 1141 2562 acciperet
1189 2472 1741 2544 benedictionem
1788 2497 1828 2544 a
1876 2476 2190 2547 Domino.
2247 2481 2472 2559 Quare
2517 2499 2680 2548 cum
2722 2477 2811 2547 ad
2845 2486 3088 2547 certam
3111 2467 3186 2537 dl-

673 2558 1013 2650 sciplinae
1061 2583 1378 2630 normam
1428 2584 1637 2631 suum
1686 2563 2082 2634 institutum
2130 2566 2667 2650 conformasset,
2721 2566 2810 2646 ei,
2867 2567 2991 2654 qui
3033 2583 3101 2630 ex
3137 2578 3188 2654 9-

671 2648 956 2719 mnibus
1002 2660 1149 2720 erat
1196 2649 1587 2720 moderator
1633 2650 1914 2734 electuS,
1967 2654 2204 2724 omnia
2250 2653 2625 2724 voluntatis
2655 2655 2969 2735 arbitria,
3003 2665 3189 2722 omnia

669 2750 924 2807 menns
973 2760 1141 2808 suae
1187 2759 1391 2806 sensa
1439 2739 1898 2829 submiserat,
1956 2741 2176 2825 nihil,
2243 2742 2429 2830 quod
2478 2743 2540 2812 ei
2590 2766 2728 2812 non
2781 2744 3187 2833 probaretur,

672 2846 784 2893 am
842 2825 1126 2907 lectens‚
1162 2825 1362 2907 nihil,
1400 2827 1581 2913 quod
1616 2828 2114 2900 demandatum
2149 2831 2235 2901 ab
2265 2853 2344 2900 eo
2378 2829 2571 2909 foret,
2607 2833 3021 2901 detrectans.
3062 2829 3188 2923 Cum

673 2911 746 2980 in
826 2913 1121 2982 ethalem
1172 2914 1491 2984 morbum
1543 2916 1941 3000 incidisset,
2017 2941 2057 2988 a
2106 2919 2322 2990 nobili
2372 2920 2626 3009 piaque
2675 2922 2998 2990 matrona
3041 2929 3193 3006 enlxe

673 3011 980 3091 rogatuS‚
1032 3013 1111 3071 ut
1156 3014 1506 3092 pateretur
1551 3026 1623 3076 se
1670 3005 1741 3075 in
1792 3006 1945 3096 ejus
1993 3006 2306 3090 domum,
2361 3009 2485 3079 ubi
2525 3010 2971 3079 commodius
3007 3019 3191 3075 curan

670 3101 927 3177 posset,
986 3090 1363 3173 transferri,
1418 3092 1623 3183 plane
1674 3095 1941 3177 restitit,
1996 3117 2068 3165 se
2115 3095 2254 3167 ritu
2289 3118 2677 3187 pauperum
2712 3109 2925 3185 atque
2957 3095 3042 3166 ad
3074 3109 3193 3161 san·

672 3184 821 3276 ctae
868 3198 1185 3248 normam
1237 3182 1660 3271 paupertatis
1690 3184 1907 3252 emori
1937 3184 2223 3255 omnino
2252 3184 2424 3256 velle
2456 3186 2933 3287 respondens;
2980 3186 3195 3278 interea

667 3285 769 3335 rei
817 3266 1141 3337 conscius
1189 3265 1413 3339 factus
1444 3270 2015 3363 archiepiscopus
2046 3274 2513 3354 GranatensiS,
2562 3274 2664 3343 illi
2697 3275 2767 3343 in
2805 3273 3197 3368 obedienttass

667 3338 893 3443 legem
960 3356 1297 3447 praecipit
1360 3370 1437 3428 ut
1498 3369 1853 3428 matronae
1901 3360 2074 3431 votis
2121 3361 2462 3454 extemplo
2512 3364 2985 3451 obsequatu1·;
3052 3350 3193 3427 nihil

664 3453 1034 3512 cunctatus
1080 3450 1407 3526 JoanneS,
1460 3447 1562 3516 uti
1610 3447 2043 3518 obedientiae
2090 3449 2303 3533 filius,
2357 3451 2867 3542 archiepiscopi
2910 3446 3197 3520 mandato

663 3530 1206 3603 venerabundus
1240 3534 1470 3603 statim
1502 3534 2021 3627 obtemperavit.
2060 3543 2280 3621 Quam
2312 3539 2597 3627 quidem
2629 3540 3063 3611 obedientiae
3093 3533 3200 3601 vir-

662 3628 880 3689 tutem
942 3619 1113 3690 adeo
1169 3634 1272 3692 est
1318 3622 1681 3712 amplexus
1727 3636 1806 3694 ut
1854 3647 1992 3696 non
2043 3627 2250 3697 modo
2299 3628 2784 3719 superioribus
2833 3630 2988 3700 suis
3034 3623 3199 3696 obst»

660 3719 955 3808 quer-iter
1001 3709 1348 3810 obediret,
1384 3732 1621 3782 verum
1673 3713 1906 3796 etiam,
1952 3714 2013 3784 si
2052 3715 2221 3803 quid
2255 3717 2454 3807 pueri
2484 3717 2621 3809 ipsi
2651 3718 2739 3787 ob
2773 3719 2898 3787 Dei
2929 3729 3201 3787 amorem

649 3809 1052 3886 Juss1ssent‚
1107 3820 1346 3885 exequi
1403 3822 1538 3869 non
1590 3801 2020 3873 detrectaret.

748 3888 785 3972 ξ
851 3888 946 3955 9.
1018 3886 1276 3958 Orandi
1341 3888 1651 3959 studium
1711 3890 2247 3980 divinarumque
2302 3915 2538 3963 rerum
2602 3893 3096 3986 contemplatio
3145 3887 3201 3955 in

654 3977 924 4044 Joanne
990 3975 1284 4046 mirifice
1331 3978 1674 4049 excelluit.
1730 3985 1898 4050 Cum
1947 3980 2439 4053 brevissimum
2490 3995 2667 4053 esset
2715 3995 2995 4083 tempus
3040 3974 3199 4067 quod

654 4062 871 4150 quieti
919 4064 1378 4154 appendebat,
1435 4068 1841 4158 provolutus
1889 4068 1960 4138 in
2058 4090 2263 4151 enua,
2321 4068 2625 4161 profusis
2675 4072 3089 4144 suavissime
3124 4065 3207 4134 la·

656 4152 941 4240 crymis,
997 4152 1203 4223 modo
1251 4176 1366 4225 ore
1414 4155 1843 4247 supplicans,
1900 4092 2105 4227 mogo
2154 4172 2384 4228 mente
2431 4159 2939 4251 contemplanS,
2998 4166 3205 4254 noctes

656 4261 834 4330 pene
881 4240 1286 4313 traducebat
1333 4245 1714 4316 insomnes,
1771 4245 2039 4316 Rosarii
2087 4247 2491 4319 exercitium
2542 4247 2815 4337 aliaque
2849 4249 2924 4317 in
2969 4254 3039 4317 B.
3076 4249 3205 4315 Vn·-

655 4328 890 4419 ginem
920 4330 1215 4489 [pietatis
1262 4334 1592 4420 obsequia
1639 4346 1833 4405 erant
1882 4335 1984 4405 illi
2032 4334 2104 4403 in
2154 4335 2425 4429 deliciis
2455 4393 2470 4418 ‚
2525 4338 2620 4408 ita
2666 4351 2782 4420 ut,
2836 4337 3022 4407 inter
3067 4335 3201 4424 ipsa

652 4440 830 4506 quae
876 4441 915 4488 a
1011 4442 1399 4512 pauperum
1434 4422 1834 4494 subsidium
1867 4422 1967 4494 vel
2004 4423 2329 4497 solatium
2359 4427 2596 4498 obibat
2629 4426 3039 4507 ministeria,
3079 4439 3199 4491 non
