3327 4999
617 316 747 382 648
1344 335 1423 381 nn
1469 336 1525 383 s.
1579 333 1892 383 uAcLovm
1939 330 2237 381 nrtscoro
2594 312 2700 379 Ex
2745 312 2931 380 ΑΗΕ.
2987 314 3073 379 46

527 413 806 484 tandem
851 416 1104 504 potitus
1149 413 1557 499 Aquitaniae
1606 415 1907 506 regionis
1939 425 2163 505 portu,
2197 424 2263 481 et
2309 409 2680 482 deveniens
2726 412 2812 481 ad
2841 425 3074 502 partes

530 501 934 572 Santonicae
975 501 1167 572 urbis
1213 503 1268 584 ⁴⁸,
1314 504 1537 593 primo
1590 504 1908 574 omnium
1957 499 2525 591 interrogandum
2576 522 2725 570 esse
2771 503 3061 591 putavit,

525 591 585 661 si
620 590 761 661 illis
791 591 861 659 in
913 591 1082 662 locis
1119 590 1372 683 vigeret
1420 593 1593 662 ritus
1641 591 2194 663 Christianitatis.
2239 595 2676 677 Responsum
2715 604 2817 660 est
2851 591 2914 659 ei
2963 589 3061 673 id,

520 701 660 767 quo
723 678 896 749 nihil
948 679 1168 771 potuit
1232 680 1474 750 audire
1536 682 1825 772 gratius,
1890 680 2148 771 passim
2199 678 2297 749 ibi
2344 676 2602 747 fervere
2659 679 3066 770 religionem

521 769 888 838 Christiani
936 767 1189 838 cultuS.
1256 771 1552 840 Perrexit
1596 792 1948 857 quaerere,
2001 769 2162 856 quis
2205 767 2305 838 ibi
2352 767 2742 858 Episcopali
2803 768 3067 857 praesi-

524 857 712 927 deret
759 856 1144 938 cathedrae,
1188 869 1254 927 et
1299 859 1562 928 audivit
1596 860 1949 929 Leontium
1987 856 2501 927 Ecclesiasticae
2534 856 2909 946 provisioni
2937 879 3062 925 su·

525 946 1025 1035 perintendere,
1065 945 1286 1016 virum
1323 948 1596 1018 divinae
1625 948 2002 1039 sapientiae
2027 959 2093 1015 et
2123 947 2466 1014 humanae
2513 945 2837 1015 scientiae
2867 967 3064 1036 prae-

523 1034 749 1104 ditum
797 1034 1152 1135 dignitate.
1207 1040 1362 1126 Ipse
1408 1036 1724 1107 exultans
1767 1035 1951 1124 quod
2001 1033 2384 1112 arriderent
2413 1033 2546 1103 sibi
2598 1033 2818 1124 prima
2867 1048 3064 1124 opta-

523 1136 630 1193 tae
682 1137 1151 1214 prosperttatis
1183 1125 1516 1214 auspicia,
1572 1147 1762 1216 spem
1805 1124 2108 1215 concipit
2151 1145 2232 1193 ex
2281 1144 2511 1192 rerum
2549 1123 3050 1203 convenientia,

526 1211 710 1299 quod
755 1211 1104 1282 decaetero
1164 1213 1398 1282 omnia
1447 1214 1580 1283 sibi
1627 1213 1868 1284 cedere
1913 1213 2207 1289 debeant
2251 1233 2332 1280 ex
2379 1212 2738 1281 sententia.
2801 1212 3062 1282 Eiectos

524 1301 757 1388 itaque
801 1322 881 1370 ex
946 1301 1093 1370 suis
1162 1301 1416 1392 legatos
1476 1302 1764 1372 fidenter
1820 1302 1905 1372 ad
1972 1303 2387 1393 Episcopum
2453 1300 2586 1370 diri
2644 1300 2711 1382 it,
2774 1322 3061 1371 causam

529 1411 697 1459 suae
748 1390 1313 1480 peregrinationis
1346 1413 1426 1460 ex
1472 1391 1714 1462 ordine
1751 1390 2021 1482 digerit,
2055 1391 2284 1460 locum
2324 1389 2458 1459 sibi
2487 1389 2571 1459 ad
2652 1389 3060 1459 abitandum

525 1477 613 1547 ab
659 1499 737 1546 eo
785 1478 1063 1547 concedi
1119 1478 1470 1548 humiliter
1533 1480 1806 1571 expetit.
1864 1480 2112 1549 Plenus
2168 1478 2283 1547 ille
2331 1477 2582 1567 spiritu
2628 1479 3053 1568 prophetico,

526 1567 870 1657 gaudebat
916 1567 1148 1637 animo
1195 1590 1267 1636 se
1313 1568 1645 1638 divinitus
1713 1569 1995 1647 visitari,
2053 1580 2414 1659 procurato
2463 1566 2799 1636 fraternae
2848 1568 3064 1637 socie-
3137 1624 3144 1628 .

526 1656 683 1725 tatis
731 1655 993 1725 solatio.
1048 1661 1421 1743 Exertaque
1468 1657 1778 1726 hilariter
1829 1679 2040 1726 manu
2088 1656 2517 1727 liberalitatis
2577 1677 2767 1737 suae,
2822 1656 3065 1726 tribuit

525 1743 589 1813 ei
638 1743 862 1813 locum
899 1743 1338 1816 habitationis
1383 1768 1753 1835 congruae,
1807 1746 2187 1816 secundum
2239 1744 2536 1836 Apostoli
2587 1757 3057 1834 praeceptum,

531 1846 814 1923 paratus
861 1854 939 1902 ex
989 1856 1111 1903 sua
1146 1834 1343 1924 copia
1383 1833 1571 1923 illius
1620 1834 1922 1924 inopiam
1974 1835 2319 1925 supplere.
2373 1833 2745 1923 Populares
2785 1855 3068 1921 quoque

533 1920 844 1991 delectati
894 1921 1100 1992 odore
1137 1922 1285 2013 ejus
1335 1924 1552 1993 bonae
1609 1924 2168 2003 conversationiS‚
2226 1924 2288 1992 ei
2335 1923 2617 2009 suisque
2664 1922 3064 1992 adminicu-

535 2009 1142 2167 lffbanttirbmnltis
1189 2010 1519 2093 donariis,
1566 2011 1866 2084 volentes
1890 2013 2093 2082 etiam
2127 2012 2260 2103 ipsi
2293 2012 2690 2103 participari
2721 2010 3064 2080 fructibus

531 2121 571 2168 a
611 2121 743 2167 ient
820 2122 858 2167 a
909 2121 1072 2168 oris.

621 2190 658 2275 ἓ
723 2192 859 2259 18.
922 2188 1261 2278 Agebatur
1307 2211 1606 2277 namque
1653 2211 1791 2259 non
1839 2212 2008 2260 casu
2053 2189 2366 2268 fortuito,
2427 2188 2544 2258 sed
2595 2187 3066 2277 dispensativo

535 2275 913 2345 divinitatis
961 2276 1273 2358 consilio,
1330 2291 1406 2348 ut
1462 2301 1599 2366 quo
1647 2278 1854 2348 latius
1900 2278 2187 2350 diversis
2235 2278 2304 2347 in
2355 2276 2523 2349 locis
2570 2276 3064 2347 diffamabatur

529 2364 702 2433 tanti
753 2362 873 2433 viri
926 2367 1403 2457 peregrinatio,
1456 2388 1534 2436 eo
1581 2367 1906 2438 diffusius
1958 2367 2513 2458 magnificaretur
2561 2366 2861 2436 nominis
2907 2366 3064 2454 ejus

527 2453 850 2545 cognitio.
905 2455 1070 2524 Filia
1119 2456 1395 2527 Comitis
1426 2511 1441 2539 ,
1494 2456 1613 2544 qui
1662 2478 1838 2549 pago
1889 2456 2252 2527 Santonico
2305 2455 2868 2547 principabatur,
2936 2476 3060 2545 per

529 2542 744 2644 patris
792 2544 901 2613 sui
953 2544 1353 2615 viridarium
1402 2568 1559 2614 cum
1598 2545 2024 2635 pedissequis
2057 2546 2203 2616 suis
2231 2544 2694 2614 exercebatur:
2739 2545 2860 2613 ubi
2886 2543 3065 2613 dum

528 2645 802 2701 incaute
852 2634 1128 2715 incedit,
1184 2655 1521 2704 venenoso
1568 2634 1820 2704 occulti
1887 2635 2222 2725 serpentis
2272 2634 2411 2703 ictu
2460 2632 2816 2702 vulnerata
2861 2632 3062 2732 inge-

529 2721 727 2803 muit,
792 2734 857 2791 et
905 2745 1227 2811 magnam
1277 2722 1549 2792 cunctis
1592 2723 1901 2812 ejulandi
1947 2723 2374 2793 occasionem
2436 2721 2647 2791 dedit.
2703 2728 2896 2791 Pater
2948 2743 3058 2789 in-

527 2810 1037 2880 consolabiliter
1083 2811 1380 2901 lugebat,
1438 2822 1651 2880 mater
1697 2811 1912 2880 dolori
1965 2825 2343 2901 temperare
2380 2811 2725 2880 nesciebat
2756 2832 2932 2898 quae
2963 2808 3068 2878 vi-

527 2910 667 2968 tam
717 2899 897 2967 filiae
934 2899 1108 2968 inter
1154 2921 1344 2990 spem
1380 2910 1445 2967 et
1482 2912 1736 2969 metum
1798 2901 2130 2970 fluctuare
2177 2900 2470 2970 videbat.
2515 2900 2755 2969 Omnis
2795 2897 3062 2969 familia

528 2987 1052 3067 lamentabatur,
1096 3000 1228 3056 tota
1265 2987 1504 3057 civitas
1538 2987 1731 3057 ferali
1769 2989 2041 3080 justitia
2086 2990 2536 3060 afficiebatur.
2581 2988 2880 3056 Tandem
2931 2987 3062 3055 hoc

529 3075 748 3145 solum
787 3074 982 3144 dolor
1029 3076 1308 3146 admisit
1355 3076 1748 3158 consilium,
1804 3091 1882 3148 ut
1924 3079 2089 3165 quia
2136 3078 2309 3147 nihil
2363 3079 2746 3146 humanum
2801 3084 3061 3167 poterat

528 3165 752 3233 valere
790 3165 1150 3246 auxilium,
1187 3187 1227 3234 a
1273 3165 1467 3235 beato
1518 3164 1840 3236 Maclovio
1889 3167 2197 3236 divinum
2231 3181 2674 3253 quaereretur
2705 3164 3058 3235 solatium.

532 3253 638 3322 Uti
677 3253 1071 3323 consultum
1121 3265 1241 3322 est.
1283 3255 1373 3323 ita
1418 3268 1485 3325 et
1530 3253 1788 3324 factum
1835 3267 1957 3325 est.
2010 3255 2100 3324 Ad
2156 3256 2362 3345 pedes
2421 3254 2728 3324 Maclovii
2777 3266 3064 3323 ventum

530 3355 655 3423 est,
692 3352 756 3409 et
802 3355 1032 3411 votum
1082 3341 1372 3412 fideliter
1420 3345 1796 3434 petentium
1843 3343 2248 3414 frustratum
2311 3366 2443 3413 non
2494 3356 2619 3413 est.
2675 3343 3063 3433 Episcopus

531 3429 615 3499 ad
666 3430 992 3501 orationis
1040 3431 1430 3501 subsidium
1481 3432 1810 3523 confugit,
1865 3455 2113 3521 aquam
2164 3433 2612 3503 exorcizatam
2662 3430 3063 3501 benedixit:

530 3541 610 3588 ex
657 3540 733 3587 ea
782 3518 1022 3590 folium
1059 3520 1350 3590 hederae
1401 3521 1720 3611 perfudit,
1765 3519 2006 3591 folium
2043 3521 2189 3591 loco
2237 3521 2543 3591 vulneris
2590 3519 3061 3612 superposuit.

531 3612 775 3678 Contra
808 3608 941 3677 vim
975 3630 1208 3678 sacrae
1256 3610 1774 3691 benedictionis,
1816 3632 1949 3679 non
2011 3610 2236 3768 Kotuit
2283 3611 2659 3680 subsistere
2709 3610 2809 3681 vis
2857 3630 3067 3678 vene-

529 3718 738 3767 nosae
789 3697 1018 3786 pestis.
1071 3697 1348 3769 Videres
1410 3720 1490 3767 ex
1554 3699 1716 3770 imis
1763 3699 2003 3769 visceri
2063 3722 2143 3768 us
2195 3699 2592 3789 pestiferum
2643 3699 2833 3768 virus
2870 3696 3061 3781 elici,

528 3797 594 3855 et
638 3785 724 3855 ad
776 3786 998 3856 locum
1052 3787 1211 3857 folio
1262 3786 1550 3857 hederae
1581 3787 1957 3858 obductum
1995 3787 2332 3857 contrahi.
2387 3787 2581 3870 Quod
2632 3786 3068 3867 stillando,in

528 3886 779 3943 terram
881 3876 1147 3945 uttatim
1196 3898 1451 3966 corpus
1484 3876 1756 3967 puellae
1797 3876 2096 3947 reddidit
2124 3877 2463 3948 illaesum.
2501 3882 2601 3945 Ita
2636 3876 2901 3945 meritis
2932 3878 3071 3943 Ma·

524 3898 1216 4064 olovitreffiintegrata
1261 3977 1362 4034 est
1405 3964 1673 4056 puellae
1722 3966 2039 4054 sospitas,
2093 3978 2293 4036 aucta
2340 3977 2443 4035 est
2491 3965 2895 4056 parentibus
2943 3963 3066 4063 ju3·

525 4051 871 4132 cundttas,
909 4065 1192 4123 cunctos
1243 4052 1546 4123 videntes
1592 4066 1658 4124 et
1704 4055 2062 4124 audientes
2112 4054 2610 4124 confortavitin
2642 4054 2779 4123 fide
2812 4053 3066 4123 Christl

526 4141 845 4211 miraculi
888 4142 1171 4211 novitaS.
1208 4147 1403 4212 Pater
1441 4165 1578 4212 non
1629 4144 1944 4233 ingratus
1991 4143 2346 4224 beneficio,
2403 4142 2638 4212 villam
2685 4164 2854 4213 suae
2910 4161 3067 4231 pro-

530 4230 838 4330 prietatis
885 4229 1218 4330 delegavit
1265 4231 1378 4301 Dei
1428 4231 1712 4313 famulo,
1754 4244 1829 4302 ut
1875 4233 2175 4313 haberet,
2230 4232 2418 4303 unde
2448 4232 2777 4303 tribueret
2824 4250 3071 4300 neces-

532 4330 799 4396 sitatem
836 4319 1256 4409 patientibus
1298 4342 1421 4411 pro
1469 4321 1759 4391 Christo.

584 4445 613 4472 ¹⁸
641 4445 820 4487 Gallice
839 4446 1023 4488 Satn-m.
