3327 4999
168 319 381 385 MART.
432 323 473 386 8
1095 341 1149 388 s.
1204 341 1486 390 somnes
1536 343 1615 391 nn.
1662 341 1783 391 nno
2519 326 2602 391 97

166 429 548 508 gestaverat,
602 418 782 488 inter
827 441 1166 510 pauperes
1213 433 1279 492 et
1326 421 1683 504 infirmos,
1740 433 1947 512 prout
1993 421 2334 512 cujusque
2381 422 2696 514 exigebat

166 508 521 586 necessitas,
576 507 1057 578 distribuebat.
1114 507 1283 578 cnm
1334 510 1645 600 primum
1688 511 1976 580 domum
2016 511 2478 601 perveniebat,
2518 511 2698 581 invi-

164 596 325 664 sebat
365 616 632 677 omneS‚
691 618 816 666 nec
865 597 1060 687 prius
1107 596 1181 666 in
1234 599 1568 689 privatam
1604 622 1678 669 se
1710 598 2087 690 recipiebat
2112 598 2442 686 quietem,
2481 622 2696 687 quam

161 683 404 772 publice
449 684 960 784 aegrotantium
1010 687 1487 757 commoditati
1536 687 1815 757 abunde
1863 687 2363 770 consuluisset,
2420 689 2480 758 si
2528 687 2698 778 quid

159 771 389 842 deesset
434 772 810 863 dillgenter
854 774 1246 861 exquirens,
1301 787 1388 856 et,
1442 775 1786 863 quidquid
1836 797 2014 866 opus
2060 788 2227 858 erat,
2281 777 2393 868 pie
2440 789 2505 848 et
2587 800 2699 848 ro-

161 860 289 929 vide
331 862 919 932 subministrans:
972 863 1270 954 aegrotis
1319 864 1468 955 ipse
1516 865 1943 946 medebatur,
2000 864 2276 951 illisque
2306 867 2553 937 assiste
2602 879 2691 949 at,

157 947 357 1018 cibum
407 950 718 1041 propriis
765 951 1092 1020 manibus
1142 950 1474 1034 inferens,
1528 953 1768 1023 sordes
1817 975 2154 1044 purgans,
2209 954 2496 1025 lectulos
2544 977 2699 1025 ver·-

155 1058 294 1106 sans
320 1060 396 1107 ac
431 1050 775 1118 sternens,
818 1037 1263 1130 frigescentes
1297 1041 1481 1132 igne,
1521 1038 1878 1112 famelicos
1910 1042 2089 1121 cibo,
2128 1042 2357 1113 nudos
2388 1044 2697 1114 vestibus

153 1124 536 1207 refocillans,
576 1139 962 1196 moerentes
988 1127 1409 1211 confortans,
1446 1141 1861 1200 nauseantes
1893 1130 2256 1216 exquisitis
2290 1132 2698 1201 condimen-

153 1213 224 1282 tis
263 1215 603 1295 reficiens,
663 1238 902 1284 omnes
942 1216 1243 1304 denique
1275 1218 1557 1310 proprio
1589 1220 1753 1288 sinu
1785 1219 2252 1309 amplexuque
2289 1220 2691 1303 confovenS,

150 1304 326 1388 quasi
369 1315 641 1393 optaret
689 1326 929 1374 omnes
976 1305 1160 1375 intra
1210 1328 1339 1375 sua
1385 1307 1650 1376 viscera
1693 1306 2086 1376 recondere.

223 1393 256 1476 ξ
297 1397 380 1463 ὅ.
432 1398 650 1462 Aucto
698 1394 1205 1493 aegrotantium
1257 1394 1610 1485 hospitum
1662 1395 1929 1485 ingenti
1980 1417 2306 1477 numere,
2361 1418 2539 1489 opus
2588 1398 2696 1468 in-

150 1499 214 1547 ce
263 1492 439 1562 tum,
492 1481 568 1549 in
624 1486 915 1550 Domino
963 1482 1365 1565 confidens,
1423 1505 1558 1551 non
1609 1483 2027 1564 intermisit,
2080 1484 2397 1571 quinimo
2465 1487 2697 1574 majus

151 1501 711 1640 valetudinarium
761 1569 1122 1640 instituere
1171 1594 1310 1640 non
1359 1571 1727 1653 dubitavit,
1784 1571 2100 1659 illudque
2138 1573 2330 1642 omni
2365 1574 2697 1665 pharma-

148 1677 365 1724 corum
409 1679 769 1748 opumque
817 1671 1160 1749 apparatu
1205 1660 1626 1730 instructum
1678 1660 1916 1731 voluit.
1974 1661 2150 1730 Illuc
2189 1662 2339 1752 ipse
2374 1685 2499 1754 per
2528 1685 2604 1732 se
2632 1674 2700 1733 et

149 1744 323 1827 alios,
371 1768 545 1833 quos
598 1747 876 1815 interim
927 1746 1240 1834 ejusdem
1277 1748 1576 1819 instituti
1612 1749 1833 1819 socios
1867 1749 2264 1832 admiserat,
2306 1774 2691 1842 pauperum

149 1843 205 1899 et
246 1833 654 1904 miserorum
705 1835 1011 1925 agmina,
1068 1849 1134 1905 et
1181 1848 1515 1924 quotquot
1562 1838 2121 1907 commiseranda
2169 1853 2544 1940 paupertas
2576 1862 2696 1910 ne-

154 1923 423 1992 cessaria
468 1923 787 1993 febribus
834 1924 1261 2012 reliquisque
1309 1926 1570 1995 morbis
1621 1927 2127 1996 medicamenta
2175 1927 2506 1998 adhlbere
2554 1951 2694 1999 non

152 2009 400 2091 sineret,
451 2011 807 2102 colligere,
861 2034 1114 2100 eosque
1163 2013 1409 2082 iisdem
1464 2012 1735 2103 pietatis
1782 2015 2112 2104 operibus
2162 2037 2470 2086 recreare
2527 2018 2696 2088 cba-

152 2097 324 2168 ritate
368 2100 435 2169 in
486 2101 643 2169 dies
691 2100 1082 2170 ferventiori
1130 2102 1583 2172 continuavit.
1637 2107 1715 2171 At
1763 2104 1927 2190 quia
1964 2103 2217 2172 eximia
2251 2105 2420 2173 haec
2464 2106 2696 2195 proxi-

153 2207 394 2257 morum
443 2189 728 2259 dilectio
776 2211 912 2258 non
964 2212 1043 2259 eo
1092 2190 1320 2260 solum
1358 2189 1680 2259 tendebat
1708 2204 1785 2259 ut
1816 2213 1855 2259 a
1889 2190 2344 2280 languoribus
2378 2195 2692 2284 corporis

156 2289 553 2358 sanarentur,
613 2277 733 2346 sed
785 2277 1224 2368 potissimum
1275 2291 1351 2346 ut
1399 2278 1794 2346 animarum
1848 2278 2054 2347 saluti
2090 2282 2521 2369 proficerent,
2575 2304 2692 2353 eos

161 2363 550 2436 salutaribus
602 2365 945 2435 Ecclesiae
993 2366 1444 2438 sacramentis
1492 2366 1757 2435 muniri
1813 2381 1879 2437 et
1942 2367 2349 2450 refocillari,
2416 2371 2693 2461 piisque

158 2447 577 2526 hortamentis
614 2465 679 2524 et
712 2456 1124 2545 opportunis
1158 2455 1597 2527 sermonibus
1629 2455 1999 2557 disponere
2028 2468 2094 2526 et
2129 2458 2545 2529 confirmare
2584 2483 2692 2530 sa·-

162 2544 419 2629 tagebat‚
475 2543 679 2612 avide
727 2545 1122 2614 animarum
1173 2566 1685 2634 corporumque
1734 2545 2278 2614 incolumitatem
2321 2548 2683 2618 anhelans.

158 2629 270 2697 Nec
313 2632 578 2701 fervens
624 2633 916 2701 Joannis
964 2632 1265 2701 charitas
1311 2633 1492 2702 intra
1541 2631 1796 2703 limites
1844 2635 2224 2704 nosocomii
2273 2647 2684 2720 coarctatur,

159 2718 258 2786 sed
304 2720 382 2789 ad
431 2733 751 2791 externos
798 2720 1006 2789 etiam
1056 2743 1420 2811 paupereS,
1459 2720 1785 2792 honestos
1825 2723 2231 2813 praesertim
2264 2734 2330 2792 et
2358 2745 2693 2794 verecun-

156 2803 298 2886 dos,
348 2830 520 2895 quos
572 2810 853 2881 secretis
902 2808 1360 2899 eleemosynis
1409 2809 1853 2891 sublevabat,
1905 2823 1970 2880 et
2027 2811 2355 2881 mulieres
2413 2815 2692 2884 summa

155 2908 418 2983 egestate
469 2920 770 2989 pressas,
828 2898 1112 2984 quibus,
1151 2920 1237 2966 ne
1271 2910 1633 2989 propterea
1666 2899 1738 2966 in
1774 2899 2109 2988 peccandi
2142 2900 2519 2970 discrimen
2554 2913 2692 2972 tra-

155 2979 474 3069 herentur,
531 2987 814 3077 provide
862 2998 928 3055 et
974 2998 1361 3077 opportune
1409 2986 1882 3067 succurrebat,
1934 2987 2211 3057 abunde
2241 2988 2684 3061 diffunditur.

229 3073 262 3157 §
303 3078 391 3145 6.
444 3078 718 3158 Quanta
765 3086 998 3144 autem
1047 3075 1533 3144 effundebatur
1580 3075 2065 3145 beneficientia
2112 3089 2175 3145 et
2210 3077 2691 3149 misericordia

157 3178 295 3249 erga
339 3185 701 3255 pauperes,
758 3164 947 3232 tanta
995 3163 1339 3232 saeviebat
1386 3163 1807 3232 abstinentia
1852 3175 1919 3233 et
1950 3166 2314 3254 asperitate
2344 3178 2583 3236 contra
2618 3189 2690 3239 se

158 3244 386 3335 ipsum.
441 3251 665 3321 Semel
717 3253 787 3321 in
836 3252 948 3321 die
995 3252 1151 3322 cibo
1198 3263 1264 3321 et
1309 3251 1593 3339 quidem
1642 3252 2054 3341 parcissimo
2088 3254 2435 3335 utebatur,
2476 3277 2687 3342 quem

160 3335 272 3404 sibi
316 3361 390 3408 eo
440 3340 771 3410 libentius
817 3339 1242 3420 detrahebat,
1295 3362 1432 3427 quo
1481 3340 1879 3409 affluentius
1926 3339 2370 3412 distribueret
2417 3343 2488 3411 in
2536 3365 2692 3432 ege-

159 3442 285 3504 nos,
339 3428 750 3518 impendens
798 3429 1033 3498 virtuti
1081 3428 1267 3516 quod
1317 3428 1770 3499 subtrahebat
1817 3428 2173 3519 voluptati,
2225 3443 2305 3500 ut
2351 3432 2542 3501 fieret
2589 3454 2690 3500 re-

159 3507 328 3582 sectio
349 3517 674 3617 pauperis
700 3516 1118 3587 abstinentia
1132 3516 1543 3607 jejunantis.
1571 3522 1731 3587 Erat
1761 3517 1819 3586 ei
1858 3519 2065 3590 vestis
2097 3518 2209 3587 vix
2237 3519 2324 3588 ad
2356 3541 2539 3608 genu
2569 3519 2690 3590 de-

160 3600 386 3683 missa,
451 3605 698 3676 vtllosa
743 3617 810 3674 et
856 3605 1173 3696 apprime
1222 3605 1419 3675 rudis
1451 3661 1466 3688 ,
1536 3628 1715 3694 quae
1763 3606 1971 3676 simul
2026 3629 2280 3697 corpus
2330 3619 2583 3699 tegeret
2626 3619 2694 3678 et

159 3684 483 3780 affligeret,
537 3706 603 3762 et
652 3694 804 3783 ipsa
852 3695 1056 3763 etiarn
1109 3694 1453 3763 subucula
1503 3717 1780 3775 carens;
1817 3695 2065 3785 capite,
2107 3696 2427 3786 pedibuS,
2468 3695 2691 3768 tibiis-

160 3793 271 3857 que
313 3778 678 3851 denudatis
725 3781 850 3851 diu
896 3794 1268 3869 noctuque,
1323 3783 1482 3852 licet
1532 3795 1661 3852 tem
1721 3805 1920 3853 orum
1973 3784 2253 3874 injuriis
2285 3806 2559 3874 semper
2585 3807 2698 3856 ex-

164 3865 400 3958 positus
444 3883 748 3939 extremo
795 3870 1049 3961 frigore
1096 3870 1354 3961 algeret
1402 3894 1526 3940 seu
1575 3894 1653 3941 ar
1704 3871 1845 3940 enti
1884 3872 2114 3942 calore
2146 3884 2512 3954 aestuaret,
2555 3873 2698 3943 huc

167 3948 345 4035 llluc‚
398 3979 535 4044 quo
586 3957 856 4047 pietatis
904 3981 1113 4049 opera
1158 3982 1322 4028 eum
1369 3959 1862 4050 impellebant,
1918 3960 2302 4031 incedebat.
2355 3962 2588 4031 Brevis
2632 3961 2700 4031 ei

166 4033 426 4136 lectulus
472 4058 640 4127 erat,
695 4058 759 4115 et
805 4048 925 4135 qui
975 4047 1078 4117 vel
1114 4048 1299 4116 nudo
1334 4047 1478 4117 solo
1513 4049 1622 4118 vix
1654 4049 2026 4139 asperitate
2065 4049 2496 4131 concederet,
2542 4051 2702 4121 bre-

169 4146 288 4196 vlor
329 4134 552 4206 adhuc
598 4156 803 4221 quem
855 4136 926 4204 in
975 4157 1054 4205 eo
1104 4136 1430 4226 carpebat
1478 4158 1793 4218 somnuS‚
1831 4138 2185 4210 diuturnis
2219 4139 2480 4231 vigiliis
2516 4138 2703 4207 mul-

175 4224 343 4302 toque
387 4222 862 4313 interpellatus
909 4224 1166 4305 dolore,
1221 4246 1668 4313 carnemque,
1725 4237 1801 4296 ut
1848 4226 2126 4317 spiritui
2178 4229 2401 4319 magis
2440 4227 2702 4318 magis-

177 4321 284 4386 que
323 4309 804 4398 obsequentem
853 4313 1188 4394 redderet‚
1241 4313 1513 4395 cilicie,
1567 4313 1789 4384 ferrea
1835 4316 2126 4406 cuspide
2175 4317 2486 4406 rigisque
2528 4315 2702 4386 seris

176 4400 492 4482 contexta,
547 4422 819 4470 necnon
871 4400 1206 4472 funiculis
1239 4457 1254 4484 ,
1327 4402 1704 4494 vepribuS,
1780 4403 2063 4496 flagris,
2126 4405 2419 4493 aliisque
2484 4404 2702 4474 durae

312 4517 540 4576 surius
582 4548 607 4563 ο
660 4518 821 4577 Vitae
859 4518 966 4580 SS.
1003 4550 1026 4565 -
1054 4520 1183 4577 Vnt.
1218 4519 1321 4579 111.
2485 4525 2521 4582 7
