3327 4999
159 343 368 412 MART.
423 343 506 408 ⁴2
1015 363 1096 409 nn
1144 362 1199 410 s.
1255 361 1569 412 enecomo
1617 363 1779 410 ΡΑΡΑ
2471 345 2585 410 121

161 441 452 531 flagitare,
515 452 595 510 ut
652 439 989 531 largitatis
1037 464 1206 511 suae
1265 441 1447 525 sibi,
1499 442 1628 513 etsi
1687 440 2024 532 indignO,
2084 440 2267 511 dona
2323 441 2695 543 largiretur

161 542 215 598 et
237 541 471 599 veteres
504 528 823 598 maculas
850 529 1112 612 delenS,
1145 530 1381 600 omnia
1411 530 1622 600 saluti
1656 530 2177 621 redintegraret,
2217 552 2298 599 ac
2329 543 2689 619 antiquam

163 615 672 687 misericordiam
705 638 1054 700 exercens,
1099 640 1173 688 se
1204 640 1246 688 a
1291 618 1572 689 coelesti
1619 639 1912 689 munere
1957 639 2093 687 non
2145 618 2521 688 abdicaret.

229 706 262 792 <j
305 709 380 777 8.
413 711 603 775 Inter
636 704 805 775 haec
835 718 1096 776 moesta
1126 707 1433 798 suspiria
1479 717 1547 777 et
1588 706 1882 776 fluentes
1939 704 2284 795 lacrymas
2332 707 2562 777 coelos
2583 706 2690 776 in-

163 803 350 874 tuens,
402 793 578 864 vidit
647 793 781 864 sibi
839 815 954 864 eos
1002 807 1314 886 apertos:
1387 817 1563 883 quos
1611 794 1993 865 multarum
2060 792 2389 864 horarum
2468 794 2692 885 spatio

160 880 488 952 affectuose
563 880 990 974 inspiciens,
1045 884 1294 953 uberes
1357 883 1587 954 cordis
1655 905 1739 952 ru
1794 882 1931 952 itus
1981 883 2362 973 promebat.
2426 883 2693 952 Gratias

159 967 370 1039 deinde
429 968 739 1040 referens
800 970 1256 1060 omnipotenti
1327 976 1466 1042 Deo
1513 970 1635 1060 qui
1702 993 1761 1040 Sl
1814 970 1838 1039 i
1874 971 2133 1061 januas
2196 970 2370 1039 coeli
2418 983 2693 1062 apertas

157 1055 647 1140 demonstraret,
699 1080 875 1147 quas
938 1072 1093 1150 post
1164 1060 1534 1150 paululum
1593 1059 1905 1149 corporis
1968 1058 2304 1128 membris
2366 1073 2572 1130 exuta
2618 1080 2694 1127 a-

155 1144 318 1216 nima
361 1158 806 1238 penetratura
849 1157 1049 1230 esset,
1102 1147 1281 1218 facto
1319 1148 1544 1239 sign0,
1597 1159 1677 1218 ut
1721 1146 1966 1217 fratres
2014 1146 2440 1230 advenirent,
2547 1167 2695 1216 rae-

155 1235 327 1324 oepit,
379 1248 457 1305 ut
502 1257 667 1306 eum
715 1235 1006 1305 cellulae
1064 1236 1450 1306 redderent.
1505 1240 1687 1305 Haec
1742 1235 1944 1305 nobis
1992 1235 2437 1325 supradictus
2515 1247 2696 1304 rater

153 1321 362 1392 eadem
410 1323 525 1393 die
576 1323 832 1394 retulit.
887 1328 1077 1393 Hanc
1124 1326 1384 1415 quippe
1432 1323 1975 1394 consolationem
2030 1322 2296 1393 famulo
2325 1344 2455 1393 suo
2504 1322 2697 1392 Chri-

153 1421 278 1481 stus
319 1411 644 1493 ostendit,
717 1424 795 1482 ut
838 1425 1221 1483 extremum
1273 1412 1595 1493 halitum,
1662 1434 1952 1482 securus
2023 1411 2108 1480 de
2154 1409 2391 1481 futura
2447 1411 2689 1492 venia,

150 1496 338 1568 immo
383 1500 633 1590 gloria,
686 1523 901 1570 ovans
960 1500 1355 1570 dimitteret.
1409 1500 1605 1583 Quod
1658 1501 1764 1569 vir
1814 1500 1928 1569 Dei
1995 1499 2290 1570 libenter
2338 1499 2690 1570 occultare

153 1586 475 1670 voluisset,
532 1588 594 1657 si
641 1588 1086 1679 supradictus
1146 1589 1653 1659 Blidemundus
1723 1588 1955 1657 abdite
2008 1598 2161 1678 post
2207 1589 2359 1658 e‘us
2406 1586 2696 1658 dorsum

152 1694 271 1742 non
317 1677 787 1746 remansisset.
827 1678 1048 1746 Altera
1078 1676 1189 1745 die
1236 1677 1650 1747 valefaciens
1682 1676 2014 1747 omnibus
2046 1674 2238 1746 fratri
2294 1698 2380 1745 us
2411 1676 2518 1744 vir
2566 1680 2697 1744 Do·-

151 1762 305 1861 mini
351 1777 640 1835 sanctus
667 1764 906 1846 Attala,
959 1764 1449 1836 exhortabatur
1493 1787 1651 1846 eos,
1718 1775 1796 1835 ut
1842 1775 2167 1864 coeptum
2218 1763 2349 1834 iter
2399 1786 2537 1833 non
2588 1785 2697 1832 re-

155 1848 548 1937 linquerent,
601 1852 721 1922 sed
773 1864 851 1923 ut
895 1853 1304 1926 melioribus
1352 1854 1621 1924 actibus
1680 1853 2035 1934 roborati,
2089 1852 2397 1939 quotidie
2464 1873 2698 1943 perse-

153 1940 423 2010 verando
457 1941 843 2011 firmarent.
899 1941 1276 2014 Consolatis
1323 1963 1398 2011 er
1446 1964 1486 2011 o
1525 1941 1822 2021 cunctis,
1853 1940 2030 2009 vitae
2075 1940 2456 2030 praesentis
2507 1939 2699 2009 nexi-

154 2024 269 2096 bus
309 2029 710 2111 absolutus,
778 2029 1086 2099 animam
1135 2029 1324 2103 coelo
1427 2029 1691 2099 eliciter
1767 2028 2092 2098 reddidit.
2181 2028 2416 2098 Merito
2464 2028 2701 2114 itaque

156 2135 360 2186 rerum
407 2118 731 2188 conditor
775 2131 840 2188 et
886 2119 1179 2188 humani
1227 2118 1502 2219 generis
1535 2127 1891 2202 reparator
1938 2129 2214 2186 sanctos
2268 2137 2435 2186 suos
2481 2116 2697 2186 virtu-

159 2212 281 2272 tum
311 2207 508 2298 copia
546 2206 858 2288 adornat,
896 2208 1078 2276 sicut
1124 2220 1460 2297 scriptum
1497 2217 1639 2275 est:
1697 2204 1995 2295 Spiritus
2042 2204 2193 2291 ejus
2240 2204 2512 2273 ornavit
2541 2224 2697 2273 coe-

160 2287 284 2361 los:
329 2295 494 2380 quia
546 2294 653 2363 illi
722 2294 807 2364 ad
881 2295 1243 2365 coelestem
1293 2296 1502 2365 vitam
1576 2292 1985 2362 anhelantes
2016 2347 2031 2373 ,
2083 2292 2236 2382 ejus
2308 2291 2695 2391 praeceptis

163 2382 370 2467 parere
422 2381 729 2541 stukient,
781 2394 860 2452 ut
904 2382 990 2453 de
1039 2381 1272 2452 labore
1337 2381 1771 2455 obedientiae
1816 2380 2086 2452 fructus
2133 2380 2475 2471 recipiant
2525 2392 2700 2450 vitae

167 2479 471 2556 aeternae,
585 2491 768 2541 men.

600 2747 732 2848 DE
797 2745 882 2847 S.
954 2745 1466 2848 GREGORIO
1537 2744 1888 2848 MAGNO
1959 2745 2236 2846 ΡΑΡΑ

912 2930 1015 2995 ΕΤ
1062 2929 1495 2995 ECCLESIAE
1547 2928 1922 2996 DOCTORE

755 3089 839 3136 An
887 3087 1199 3137 romine.
1253 3087 1530 3137 amerus
1576 3089 1692 3136 sssr
1738 3086 1908 3136 Anno
1957 3071 2087 3136 590
2210 3092 2213 3095 ¹

505 3278 694 3336 obiit
733 3282 872 3337 604
912 3293 1129 3336 annos
1170 3283 1378 3336 natus
1421 3282 1529 3335 64.
1574 3308 1655 3321 ·-
1694 3274 1926 3336 Patria
1963 3279 2331 3335 Romanus.

423 3477 763 3546 JOANNIS
814 3473 1179 3545 DIACONI*
1227 3478 1340 3544 AD
1390 3479 1587 3544 EJUS
1635 3478 1884 3544 VITAM
1935 3472 2411 3544 EPILOGUS**

458 3670 706 3751 Suscipe
742 3668 1070 3733 Romuleos
1095 3676 1298 3750 pastor
1327 3670 1682 3732 venerande
1728 3670 2092 3750 triumphos:

534 3749 820 3826 Gregorii
864 3749 1061 3812 sancti
1102 3752 1339 3829 suscipe
1383 3756 1552 3827 gesta
1599 3750 1712 3811 tui.

460 3826 568 3902 Qui
615 3830 803 3891 nituit
845 3829 1042 3901 factm,
1087 3829 1317 3902 verbis,
1363 3829 1728 3906 scriptisque
1769 3827 1983 3890 beatis.

541 3908 618 3971 Ut
651 3907 833 3985 jubar
858 3910 1158 3970 auricomi
1189 3908 1331 3969 solis
1374 3906 1442 3968 in
1485 3907 1634 3968 orbe
1676 3907 1818 3969 ruit.

458 3986 707 4059 Norma‚
752 3987 959 4059 decus
1002 3987 1317 4064 speculum
1362 3984 1474 4047 tibi
1516 3986 1619 4059 sit,
1648 3987 1772 4059 via,
1803 3985 1928 4046 vita
1969 3998 2078 4061 per
2097 3999 2345 4059 aevum,

537 4065 599 4129 Si
644 4067 815 4145 cupis
854 4072 1176 4129 aeternum
1216 4067 1380 4127 ferre
1407 4064 1841 4127 sacerdotium.

458 4143 612 4209 Nam
652 4146 920 4225 quinon
963 4143 1146 4223 hujus
1185 4142 1468 4224 sequitur
1510 4142 1776 4221 vestigia
1817 4140 2082 4223 praesul,

223 4323 247 4351 ⁶
267 4326 436 4370 claruit
453 4331 658 4374 lomes
678 4332 914 4374 macenn-
929 4315 1170 4372 Bbmmna
1188 4330 1318 4370 ciret
1335 4330 1430 4370 870.

186 4376 950 4485 aefflffizngffiflffdffl
976 4385 1088 4434 post
1123 4385 1266 4424 Vitam
1297 4383 1558 4423 conoe-ut:
1593 4381 1729 4431 Vitae,
1764 4382 1823 4424 ut
1856 4381 2232 4431 nuncupatoria
2259 4379 2432 4420 loanni
2467 4379 2549 4427 Pp.
2588 4376 2711 4424 ΠΗ.
