3327 4999
185 309 393 376 MART.
448 312 487 376 7
1030 332 1106 377 nii
1156 332 1209 378 s.
1267 332 1480 380 TnoiiA
1526 332 1847 389 Acunum
2524 315 2606 378 87

187 411 245 479 hi
282 415 492 501 pisces
541 414 658 483 hic
707 435 848 482 non
892 426 1189 484 extant.»
1239 416 1526 486 Abeunti
1584 428 1814 486 autem
1868 415 2156 495 medico,
2192 415 2463 485 obviam
2513 415 2699 486 venit

181 501 426 586 quidam
525 503 706 574 isces
755 502 979 573 serens
1024 526 1197 591 quos
1230 506 1470 576 sardas
1521 519 1783 575 vocant.
1838 504 2000 574 Illos
2055 504 2366 574 medicus
2422 505 2587 574 emit
2634 517 2700 575 et

180 591 278 658 ubi
320 594 545 660 attuit
596 591 907 672 domum,
968 593 1038 661 in
1088 594 1279 662 aleca
1330 593 1573 663 mutati
1622 605 1807 663 sunt.
1866 594 1992 662 Ubi
2039 614 2194 661 vero
2242 593 2327 661 ad
2381 606 2699 663 sanctum

185 679 478 749 Thomam
535 692 844 750 recentes
914 680 1133 751 aleces
1206 704 1384 768 quae
1460 703 1843 770 numquam
1910 682 1997 751 iis
2045 682 2112 750 in
2166 681 2333 753 locis
2382 682 2698 752 feruntur

183 767 410 850 haberi,
465 769 722 838 allatae
768 781 951 849 sunt,
992 770 1107 840 ille
1155 770 1458 840 divinam
1500 771 1884 840 admiratus
1923 770 2440 861 benignitatem,
2481 770 2703 842 noluit

179 876 273 924 eas
310 859 375 925 in
410 859 657 927 cibum
707 880 1001 939 sumere,
1068 859 1375 929 imitatus
1425 866 1489 929 S.
1557 860 1879 930 Davidem
1940 882 2168 949 regem
2219 860 2340 945 qui
2387 864 2695 950 cupitam

174 966 417 1030 aquam,
472 970 560 1016 ex
595 947 894 1017 cisterna
939 947 1496 1018 Bethlehemitica
1527 949 1871 1029 haustam,
1902 949 2121 1018 noluit
2152 947 2407 1030 bibere,
2445 949 2562 1019 sed
2608 948 2698 1017 li-

171 1032 328 1103 bavit
388 1057 544 1104 earn
602 1035 912 1105 Domino
970 1041 1176 1106 Porro
1238 1037 1684 1107 miraculum·
1724 1038 1898 1107 illud
1950 1037 2208 1128 passim
2261 1037 2695 1128 divulgatum

169 1135 270 1202 est,
302 1135 365 1192 et
411 1123 624 1193 multi
675 1147 754 1194 ex
801 1125 887 1195 iis
934 1124 1242 1195 alecibus
1288 1127 1757 1196 comederunt.
1821 1126 2117 1196 Tandem
2168 1138 2395 1195 tamen
2446 1126 2580 1196 alio
2629 1148 2701 1196 se

165 1211 297 1280 cibo
327 1223 391 1281 et
437 1227 615 1303 potu
662 1213 978 1282 nonnihil
1030 1214 1430 1286 refocillavit
1475 1216 1580 1284 vir
1615 1216 1753 1296 Dei,
1806 1215 2079 1284 divinae
2125 1237 2195 1284 se
2232 1214 2697 1304 providentiae

170 1302 616 1371 committens
671 1307 913 1391 Coepto
944 1315 1171 1372 autem
1222 1326 1513 1394 pergens
1564 1304 1829 1390 itinere,
1883 1327 2042 1374 cum
2095 1304 2489 1394 praeteriret
2546 1326 2701 1374 coe-

173 1389 432 1459 nobium
475 1397 726 1461 Fossae
772 1396 990 1461 Novae
1020 1392 1486 1463 Cisterciensis
1519 1393 1819 1473 Ordinis,
1872 1394 1957 1462 ab
1979 1393 2233 1463 Abbate
2270 1404 2333 1461 et
2364 1392 2700 1464 fratribus

170 1476 663 1550 humanissime
710 1480 1035 1550 invitatus
1081 1493 1232 1561 est,
1287 1496 1363 1550 ut
1411 1482 1497 1551 ad
1548 1483 1734 1573 ipsos
1780 1481 2185 1563 diverteret,
2237 1481 2454 1550 donec
2518 1492 2699 1550 esset

172 1566 454 1637 redditus
503 1568 814 1638 sanitati.
853 1574 1159 1651 Quorum
1210 1569 1324 1639 ille
1361 1593 1591 1660 preces
1628 1584 2064 1640 contemnere
2095 1569 2338 1651 noluit,
2379 1570 2496 1641 sed
2542 1570 2699 1640 fusa

171 1655 343 1742 prius
387 1670 548 1726 ante
603 1680 789 1725 aram
841 1658 1167 1739 oratione,
1220 1659 1303 1727 ad
1339 1659 1493 1730 illos
1527 1660 1882 1750 ingressus
1927 1672 2050 1729 est.
2106 1659 2418 1729 Sentiens
2464 1671 2695 1728 autem

169 1764 238 1810 ex
278 1744 502 1814 divina
576 1746 984 1815 revelatione
1048 1769 1185 1816 non
1260 1747 1460 1836 longe
1520 1749 1762 1818 abesse
1829 1771 2231 1837 supremum
2282 1748 2458 1817 vitae
2524 1769 2694 1816 suae

173 1830 349 1912 diem,
397 1834 594 1903 clara
628 1857 788 1904 voce
837 1835 1071 1906 multis
1119 1835 1562 1907 audientibus
1601 1837 1771 1906 dixit
1801 1837 1886 1905 ad
1937 1837 2203 1907 socium
2236 1859 2469 1905 suum:
2511 1835 2683 1904 «Fili

121 1943 128 1948 ·
189 1923 544 2010 Reginalde,
597 1929 782 1992 Haec
809 1927 1071 2014 requies
1109 1948 1259 1994 mea
1286 1928 1355 1994 in
1385 1929 1685 1996 seculum
1730 1929 1945 1996 seculi
1962 1953 1985 1996 .·
2013 1929 2139 1994 Hic
2185 1926 2493 1994 habitabo
2525 1949 2692 2016 quo-

195 2010 352 2107 niam.
379 2015 551 2104 eleyi
599 2035 746 2082 eam
766 2013 979 2102 (Psal.
1023 2013 1245 2102 1321).»
1277 2013 1498 2084 Abbas
1528 2027 1756 2083 autem
1782 2015 1992 2103 jussit
2020 2037 2180 2083 eum
2229 2014 2514 2084 honesto
2550 2014 2696 2083 loco

194 2099 393 2187 recipi,
437 2102 562 2171 ubi
617 2123 689 2169 se
735 2102 949 2188 quieti
979 2102 1192 2171 daret.
1247 2107 1511 2172 Interea
1542 2124 1699 2171 vero
1733 2105 1966 2173 morbo
2015 2104 2550 2192 ingravescente,
2585 2103 2692 2171 vir

196 2199 428 2258 sauctus
471 2191 656 2260 lecto
705 2189 1033 2261 decubuit
1077 2191 1224 2260 dies
1274 2213 1409 2260 non
1462 2213 1761 2280 paucos:
1815 2202 1881 2260 at
1955 2190 2194 2261 fratres
2243 2192 2393 2280 ejus
2449 2212 2692 2259 mona-

194 2276 347 2343 sterii
370 2300 523 2348 cum
585 2290 773 2348 tanta
806 2280 1175 2348 reverentia
1207 2292 1270 2349 et
1300 2279 1690 2349 humilitate
1723 2279 1785 2348 ei
1834 2279 2342 2360 ministrabant,
2378 2290 2455 2348 ut
2486 2279 2693 2349 etiam

183 2357 451 2434 humeris
502 2368 657 2438 suis
704 2389 740 2436 e
787 2368 976 2456 sylva
1006 2368 1194 2458 ligna
1239 2380 1769 2459 comportarent;
1804 2369 2159 2437 eratenim
2202 2367 2467 2455 hyems.
2507 2374 2690 2451 Quo-

179 2470 306 2548 rum
348 2455 599 2526 officiis
646 2456 751 2526 vir
797 2458 956 2548 pius
1002 2468 1065 2527 et
1116 2457 1399 2527 humilis
1439 2480 1576 2528 non
1628 2457 1777 2527 sine
1819 2457 2412 2528 commiseratione
2458 2470 2684 2539 utenS,

183 2551 254 2638 ita
279 2542 454 2615 dixit:
482 2546 664 2627 «Qui
711 2568 835 2637 ego
883 2570 1063 2627 sum,
1119 2558 1197 2616 ut
1230 2547 1405 2616 servi
1454 2547 1703 2616 Christi
1752 2552 1904 2616 mea
1935 2550 2146 2616 causa
2196 2557 2417 2615 tantos
2466 2546 2687 2617 susci-

188 2645 342 2716 piant
387 2634 661 2704 labores
681 2639 750 2702 ξ’»
783 2636 909 2704 Sed
961 2635 1244 2704 morbus
1292 2635 1361 2703 in
1411 2635 1557 2705 dies
1606 2636 1919 2726 capiebat
1966 2648 2360 2722 augmenta,
2414 2656 2539 2703 nec
2588 2644 2692 2703 ta-

183 2736 308 2787 men
353 2724 455 2792 vir
485 2735 772 2808 sanctus
816 2747 858 2792 a
889 2724 1175 2793 salutari
1222 2723 1531 2794 doctrina
1581 2746 1654 2793 se
1702 2726 1921 2815 potuit
1962 2723 2334 2794 continere.
2387 2727 2693 2813 Rogatus

177 2807 330 2877 enim
377 2834 416 2880 a
462 2812 889 2899 quibusdam
922 2813 1072 2902 ejus
1121 2812 1248 2882 loci
1299 2813 1778 2903 capacioribus
1830 2813 2177 2894 frati·ihu5‚
2215 2825 2291 2882 ut
2338 2810 2694 2881 doctrinae

178 2914 317 2966 suae
352 2900 634 2988 aliquod
674 2901 860 2992 apud
910 2901 1098 2989 ipsos
1146 2902 1648 2972 monimentum
1685 2902 2073 2991 deponeret,
2121 2902 2413 2971 breviter
2449 2901 2549 2970 eis
2578 2922 2695 2969 ex-

185 2989 387 3071 posuit
435 2991 711 3059 Cantica
774 2991 1203 3060 Canticorum
1256 2991 1674 3072 Salomonis,
1730 3003 2075 3078 tamquam
2140 2991 2563 3080 migraturus
2608 2989 2696 3058 ad

177 3077 572 3166 sempiterna
602 3078 870 3148 cantica
903 3080 1275 3170 spirituum
1324 3081 1704 3150 beatorum.

247 3165 279 3247 ἓ
338 3170 486 3237 19.
545 3170 708 3236 Cum
758 3180 987 3236 autem
1029 3167 1310 3238 sentiret
1355 3168 1687 3259 paulatim
1739 3190 1810 3237 se
1857 3165 2119 3236 viribus
2168 3165 2470 3247 destitui,
2524 3187 2687 3266 cum

176 3250 368 3321 multa
413 3255 768 3325 devotione
816 3256 1008 3347 petiit
1056 3256 1186 3327 sibi
1236 3270 1737 3327 sacrosanctam
1790 3254 2290 3326 Eucharistiam
2349 3254 2684 3324 exhiberi.

179 3337 238 3404 Id
282 3363 432 3412 vero
471 3344 559 3413 ab
611 3345 863 3415 Abbate
922 3356 987 3413 et
1036 3344 1362 3415 fratribus
1427 3345 1801 3415 admodum
1856 3356 2234 3413 reverenter
2282 3343 2690 3432 praestitum

177 3438 282 3495 est.
335 3436 412 3501 Ut
445 3445 673 3503 autem
723 3434 930 3503 allata
957 3434 1086 3504 fuit
1134 3434 1583 3516 Eucharistia‚
1619 3433 1889 3503 tametsi
1920 3432 2151 3504 fractis
2188 3445 2365 3501 esset
2395 3432 2686 3512 viribuS,

182 3511 353 3586 humi
398 3543 470 3589 se
520 3523 920 3613 prostravit,
989 3543 1151 3592 cum
1228 3522 1553 3611 lacrymis
1601 3536 1667 3591 et
1713 3521 2112 3613 admirabili
2175 3521 2423 3612 pietate
2485 3542 2692 3591 orans

181 3603 545 3678 Dominum.
585 3615 1052 3701 Interrogatus
1081 3623 1335 3692 autem,
1371 3625 1448 3680 ut
1479 3611 1681 3681 habet
1718 3610 2146 3680 consuetudo
2187 3608 2686 3709 Ecclesiastica,

185 3710 328 3761 num
373 3698 674 3769 crederet
720 3700 792 3768 in
842 3722 1040 3769 sacra
1077 3699 1196 3768 illa
1244 3699 1465 3770 hostia
1498 3722 1734 3769 verum
1784 3720 1932 3770 esse
1971 3699 2088 3768 Dei
2122 3697 2371 3767 Filium
2417 3719 2539 3785 qui
2570 3718 2694 3766 no-

184 3789 336 3852 strae
380 3791 590 3857 causa
635 3788 878 3858 salutis
925 3810 1006 3858 ex
1053 3787 1327 3878 Virgine
1373 3799 1578 3859 natus
1625 3800 1691 3857 et
1736 3788 1808 3856 in
1858 3806 2061 3859 cruce
2108 3798 2422 3856 mortuus
2468 3797 2570 3886 est
2602 3795 2696 3886 ‘et

189 3876 568 3946 resurrexit:
614 3877 831 3947 libera
860 3899 1021 3948 voce
1065 3890 1132 3947 et
1175 3899 1337 3946 cum
1371 3877 1589 3947 multa
1635 3877 1991 3946 devotione
2038 3875 2431 3965 lacrymans
2478 3875 2689 3944 dixit:

191 3960 277 4024 «E
319 3982 356 4029 o
403 3964 604 4055 plane
648 3967 874 4047 credo,
913 3966 1127 4035 immo
1177 3987 1301 4055 pro
1347 3976 1529 4035 certo
1562 3965 1716 4034 novi
1771 3965 1959 4035 hunc
2006 3985 2163 4064 esse·
2202 3984 2439 4064 verum
2474 3969 2689 4064 Deum

191 4055 267 4144 et·
333 4053 624 4124 ominem
674 4060 912 4124 lesum
961 4054 1342 4135 Christum,
1397 4053 1656 4124 aeterni
1712 4053 1927 4123 Patris
1982 4065 2048 4122 et
2094 4058 2394 4143 Virginis
2451 4064 2697 4122 matris

194 4128 421 4233 filium:
470 4155 535 4212 et
573 4143 755 4229 quod
796 4165 967 4233 puro
999 4143 1204 4213 corde
1230 4143 1459 4223 credo,
1496 4141 1702 4212 etiam
1746 4141 1946 4212 labiis
1994 4142 2259 4212 sincere
2290 4140 2694 4211 confiteor.»

198 4219 414 4320 Deinde
447 4230 621 4301 illud
670 4232 1018 4301 vivificum
1077 4232 1341 4322 accepit
1388 4236 1933 4301 Sacramentum.
1972 4235 2244 4300 Postero
2299 4242 2529 4299 autem
2583 4228 2697 4297 die

203 4317 366 4407 ellam
426 4332 797 4389 extremam
855 4321 988 4391 sibi
1031 4320 1249 4392 voluit
1323 4320 1723 4390 Unctionem
1774 4318 2129 4389 adhiberi:
2192 4318 2315 4389 ubi
2387 4338 2548 4417 cum
2607 4316 2695 4385 ad

202 4404 468 4491 singutas
515 4410 885 4479 verborum
945 4409 1203 4480 formas
1251 4430 1422 4479 sana
1468 4421 1696 4480 mente
1741 4408 2259 4500 respondisset,
2316 4407 2583 4497 junctis
2628 4416 2696 4475 et
