3327 4999
191 308 408 373 MART.
465 311 544 374 ⁴2
1046 329 1122 374 oa
1170 329 1228 377 s.
1282 326 1592 376 enaooato
1641 328 1804 374 rau
2475 314 2592 379 204

189 431 307 479 non
352 411 572 481 solum
622 411 1009 499 frequenter
1072 413 1447 503 postularet
1514 425 1857 499 quatenus
1904 412 2365 484 indiscussam
2418 415 2693 486 Maximi

184 500 654 589 promotionem
724 502 1174 588 relinqueret,
1228 524 1464 571 verum
1531 501 1735 570 etiam
1789 507 2122 584 Romam,
2176 503 2693 575 satisfacturum

182 610 292 677 pro
337 588 724 659 Simoniaca
769 589 1033 660 haeresi
1081 591 1376 677 aliisque
1421 589 1858 668 criminibus,
1913 590 2293 661 venientem
2357 613 2515 661 cum
2569 594 2697 663 ho·-

182 697 330 746 nore
366 679 764 769 susciperet.
815 680 1181 768 Gregorius
1230 701 1386 749 vero
1435 678 1678 749 faciem
1740 678 2003 750 nullius
2060 693 2295 750 contra
2343 682 2695 752 veritatem
2760 703 2763 708 ·

181 767 578 847 custodienS,
632 767 862 857 ipsum
914 768 1286 837 Maximum
1336 767 1561 870 primo
1609 789 1649 836 a
1697 768 2059 839 Missarum
2111 769 2488 851 solemniis,
2543 781 2695 861 post

179 875 215 921 a
255 854 735 924 communione
792 858 1101 948 corporis
1168 857 1439 926 Domini
1488 855 1703 926 nostri
1763 862 1930 928 Jesu
1996 857 2268 939 Christi,
2332 880 2694 946 quousque

180 965 356 1012 suam
406 945 866 1035 praesentiam
916 946 1285 1027 exhiberet,
1335 945 1646 1036 privavit.
1703 946 2037 1015 Maximus
2085 957 2312 1016 autem
2363 948 2693 1038 imperia-

180 1030 340 1102 libus
377 1033 647 1102 militiis
695 1033 932 1113 fultus,
996 1047 1148 1125 post
1194 1034 1998 1117 excommunicationem,
2042 1046 2105 1104 et
2139 1035 2379 1106 Missas
2416 1036 2685 1119 cecinit,

176 1131 231 1189 et
270 1134 693 1192 sacramenta
743 1122 907 1213 satis
948 1122 1279 1214 indignus
1317 1123 1601 1223 accepit.
1638 1128 2068 1214 Quapropter
2099 1125 2526 1195 Constantiae
2557 1129 2692 1195 Au-

181 1222 398 1297 gustae
450 1224 601 1301 post
641 1211 858 1280 multa
906 1211 1044 1281 alia
1103 1212 1370 1294 scribit,
1431 1212 1711 1281 dicens:

246 1300 278 1385 ξ
320 1304 404 1372 5.
466 1322 501 1365 «
536 1299 967 1369 Salonitanae
1014 1301 1306 1371 civitatis
1361 1301 1751 1392 episcopm,
1807 1322 1917 1371 me
1963 1324 2041 1371 ac
2090 1302 2473 1391 responsali
2534 1323 2685 1373 meo

174 1387 520 1468 nesciente,
572 1388 930 1459 ordinatus
976 1402 1098 1470 est,
1152 1402 1216 1459 et
1266 1390 1437 1459 facta
1491 1412 1597 1460 res
1634 1402 1760 1469 est,
1814 1410 1994 1476 quae
2042 1391 2172 1459 sub
2223 1390 2437 1460 nullis
2500 1403 2689 1460 ante-

172 1475 455 1546 rioribus
507 1477 938 1567 principibus
985 1478 1228 1548 evenit.
1274 1478 1464 1561 Quod
1499 1501 1623 1569 ego
1656 1478 1971 1561 audienS,
2015 1479 2096 1548 ad
2132 1479 2453 1549 eumdem
2492 1502 2690 1570 prae-

171 1565 597 1635 varicatorem
632 1621 647 1648 ,
699 1566 818 1653 qui
884 1565 1271 1636 inordinate
1331 1567 1690 1636 ordinatus
1750 1578 1900 1649 est,
1953 1569 2270 1658 protinus
2336 1569 2535 1648 misi,
2611 1579 2690 1639 ut

167 1655 434 1724 omnino
497 1654 858 1725 Missarum
925 1655 1257 1725 solemnia
1312 1656 1656 1725 celebrare
1705 1655 1897 1725 nullo
1944 1657 2147 1727 modo
2196 1671 2682 1747 praesumeret,

165 1742 286 1810 nisi
348 1742 552 1833 prius
614 1765 655 1812 a
716 1744 1178 1813 serenissimis
1241 1745 1544 1815 dominis
1613 1766 2096 1835 cognoscerem
2133 1801 2148 1829 ,
2219 1747 2278 1814 si
2345 1746 2472 1817 hoc
2536 1746 2688 1817 fieri

164 1827 285 1918 ipsi
320 1831 722 1920 jussissent.
799 1832 993 1914 Quod
1058 1833 1120 1902 ei
1182 1834 1311 1902 sub
1368 1834 2098 1905 excommunicationis
2169 1835 2689 1926 interpositione

163 1920 499 1989 mandavi.
569 1925 647 1989 Et
690 1932 1082 2011 contempto
1129 1944 1239 1991 me
1287 1932 1489 2008 atque
1536 1921 1877 2012 despecto,
1927 1924 1995 1991 in
2047 1923 2338 1993 audacia
2383 1946 2688 2010 quorun-

165 2004 309 2077 dam
356 2008 779 2079 secularium
831 2010 1218 2091 hominum,
1259 2010 1535 2097 quibus,
1572 2010 1919 2080 denudata
1966 2034 2093 2081 sua
2138 2012 2451 2092 ecclesia,
2496 2034 2688 2102 prae-

162 2096 287 2165 mia
330 2097 555 2168 multa
604 2097 926 2187 praebere
973 2098 1250 2179 dicitur,
1306 2122 1490 2168 nunc
1538 2120 1760 2184 usque
1822 2100 2061 2170 Missas
2115 2102 2339 2169 tacere
2393 2123 2674 2191 praesu-

163 2184 310 2267 mit,
363 2200 573 2273 atque
622 2186 706 2256 ad
757 2209 883 2256 me·
930 2188 1160 2258 venire
1209 2187 1592 2257 secundum
1634 2188 2018 2275 jussionem
2067 2188 2508 2258 dominorum
2558 2211 2683 2258 no-

163 2269 301 2343 luit.
365 2281 509 2367 Ego
586 2289 817 2345 autem
879 2277 1342 2367 praeceptioni
1407 2276 1677 2367 pietatis
1742 2298 1980 2346 eorum
2039 2276 2404 2359 obedienS‚
2459 2277 2684 2349 eidem

164 2363 464 2445 Maximo,
515 2364 639 2451 qui
678 2385 790 2432 me
829 2365 1171 2436 nesciente
1218 2365 1576 2434 ordinatus
1622 2376 1745 2445 est,
1807 2366 1959 2447 hoc,
2026 2364 2210 2452 quod
2286 2367 2354 2434 in
2405 2366 2682 2436 ordina-

165 2448 326 2522 tione
372 2476 504 2526 sua
554 2474 665 2522 me
713 2452 813 2522 vel
863 2454 1330 2546 responsalem
1380 2454 1913 2547 praetermittere
1947 2455 2432 2546 praesumpsit,
2477 2456 2570 2526 ita
2600 2477 2680 2527 ex

160 2542 345 2611 corde
394 2542 643 2621 laxavi,
701 2564 781 2610 ac
830 2543 889 2614 si
937 2565 1047 2616 me
1092 2557 1367 2614 auctore
1415 2544 1620 2614 fuerit
1665 2544 2046 2615 ordinatus.
2116 2543 2260 2613 Alia
2325 2566 2477 2613 vero
2526 2567 2682 2635 per-

157 2647 335 2700 versa
381 2631 582 2701 illius
628 2629 890 2701 scilicet
937 2632 1119 2701 mala
1164 2634 1569 2724 corporalia,
1608 2654 1785 2719 quae
1831 2633 2142 2722 cognovi,
2181 2631 2281 2702 vel
2317 2634 2480 2719 quia
2519 2655 2682 2703 cum

155 2720 454 2810 pecuniis
486 2730 591 2788 est
627 2719 906 2800 electus,
944 2721 1043 2790 vel
1085 2722 1250 2809 quia
1278 2722 1917 2792 excommunicatus
1950 2722 2190 2792 Missas
2220 2723 2440 2791 facere
2473 2744 2672 2812 prae-

156 2809 479 2898 sumpsit,
537 2820 815 2897 propter
863 2814 1077 2879 Deum
1148 2810 1539 2897 irrequisita
1587 2811 1953 2900 praeterire
2001 2833 2144 2880 non
2236 2833 2496 2880 ossum.
2551 2809 2681 2880 Sed

154 2907 295 2994 opto
340 2910 406 2968 et
453 2897 819 2966 dominum
885 2897 1252 2988 deprecor,
1307 2911 1646 2986 quatenus
1696 2899 1869 2969 nihil
1919 2900 1985 2967 in
2038 2921 2116 2969 eo
2212 2921 2249 2968 e
2297 2899 2442 2981 his,
2495 2920 2673 2986 quae

156 2980 315 3055 dicta
364 2997 557 3066 sunt,
597 2984 813 3055 valeat
861 2986 1175 3068 inveniri,
1228 2999 1293 3057 et
1338 2988 1488 3057 sine
1535 2987 1846 3077 periculo
1892 2988 2165 3057 animae
2225 3009 2415 3058 meae
2470 3010 2681 3058 causa

156 3067 358 3160 ipsius
408 3073 838 3145 terminetur.
886 3075 1082 3145 Prius
1130 3090 1380 3156 tamen,
1425 3098 1636 3163 quarn
1688 3077 1854 3146 haec
1900 3088 2427 3178 cognoscantur,
2493 3098 2677 3147 sere-

152 3160 473 3234 nissimus
522 3161 848 3235 dominus
894 3164 1322 3235 discurrente
1346 3164 1657 3252 jassione
1693 3178 2058 3255 praecepit,
2096 3178 2173 3235 ut
2202 3187 2360 3235 eum
2398 3166 2678 3234 venien-

152 3257 271 3319 tem
316 3273 481 3322 cum
534 3252 793 3321 honore
840 3254 1242 3343 suscipiam.
1306 3260 1383 3323 Et
1440 3252 1637 3322 valde
1685 3275 1890 3344 grave
1936 3266 2059 3336 est,
2112 3264 2190 3323 ut
2235 3254 2361 3334 vir,
2405 3253 2492 3322 de
2539 3275 2676 3341 quo

150 3344 321 3409 tanta
366 3355 433 3410 et
483 3339 648 3410 talia
694 3341 1116 3412 nunciantur
1148 3397 1164 3423 ,
1216 3365 1372 3413 curn
1448 3354 1605 3411 ante
1660 3342 1920 3430 requiri
1968 3355 2034 3413 et
2088 3343 2342 3412 discuti
2402 3343 2668 3420 debeat,

148 3421 511 3500 honoretur
540 3483 555 3509 ,
607 3440 671 3497 et
717 3429 774 3498 si
822 3431 1305 3521 episcoporum
1369 3452 1620 3502 causae
1668 3432 1840 3500 mihi
1898 3431 2428 3502 commissorum
2480 3431 2671 3523 apud

145 3513 486 3611 piissimos
545 3517 865 3587 dominos
920 3519 1217 3589 aliorum
1280 3519 1659 3610 patrocinio
1718 3520 2205 3620 disponuntur,
2262 3518 2494 3589 infelix
2549 3541 2676 3611 ego

150 3621 213 3671 tn
255 3607 563 3676 Ecclesia
609 3605 738 3676 ista
830 3607 949 3676 uid
1001 3607 1207 3679 facio?
1255 3608 1382 3678 Sed
1430 3620 1507 3678 ut
1553 3608 1859 3699 episcopi
1907 3609 2043 3678 mei
2092 3630 2200 3677 me
2256 3607 2663 3698 despiciant,

144 3702 202 3761 et
242 3707 485 3765 contra
544 3715 651 3763 me
714 3716 786 3764 re
818 3697 1059 3787 ugium
1123 3697 1208 3766 ad
1257 3696 1600 3766 seculares
1639 3698 1913 3787 judices
1968 3697 2287 3776 habeant,
2355 3697 2674 3796 omnipo-

146 3783 297 3852 tenti
346 3789 484 3854 Deo
533 3783 788 3873 gratias
835 3807 986 3876 ag0,
1042 3787 1338 3877 peccatis
1385 3785 1557 3856 meis
1605 3785 1885 3877 deputo.
1949 3791 2089 3855 Hoc
2122 3797 2345 3855 tamen
2382 3785 2673 3855 brevlter

147 3887 475 3961 suggero,
529 3872 693 3959 quia
750 3873 1258 3960 aliquantulum
1330 3886 1653 3963 expect0,
1714 3887 1780 3944 et
1832 3875 1890 3946 si
1956 3874 2041 3944 ad
2101 3895 2211 3943 me
2268 3873 2498 3943 venire
2548 3873 2676 3944 diu

146 3953 529 4042 distulerit,
582 3983 891 4033 exercere
955 3963 1025 4032 in
1086 3985 1166 4034 eo
1211 3962 1708 4032 districtionem
1758 3964 2164 4033 canonicam
2229 3961 2418 4031 nullo
2468 3962 2672 4033 modo

146 4050 436 4120 cessabo.
507 4055 585 4119 In
633 4051 1097 4142 omnipotente
1144 4065 1373 4122 autem
1425 4051 1711 4121 Domino
1777 4052 2095 4132 confido,
2165 4051 2329 4138 quia
2392 4049 2672 4142 longam

146 4135 470 4220 piissimis
535 4138 837 4210 dominis
901 4140 1108 4209 vitam
1161 4140 1459 4219 tribuet,
1512 4151 1577 4209 et
1624 4161 1750 4209 nos
1798 4141 1930 4210 sub
1979 4162 2191 4209 manu
2242 4150 2460 4209 vestra
2527 4161 2664 4209 non

146 4228 523 4299 secundum
572 4239 848 4317 peccata
894 4241 1156 4310 nostra,
1214 4229 1332 4298 sed
1381 4228 1767 4298 secundum
1817 4250 1983 4300 suae
2030 4229 2286 4320 gratiae
2332 4228 2515 4298 dona
2561 4228 2668 4297 di-

144 4329 397 4401 sponet.
457 4339 493 4383 »

222 4404 257 4488 §
317 4410 413 4475 8.
476 4408 657 4474 Haec
722 4405 1087 4497 Gregorius
1150 4404 1672 4476 dissimulatrici
1736 4409 2123 4498 Augustae:
2196 4429 2232 4471 «
2312 4410 2663 4475 Caeterum
