3327 4999
597 287 727 352 266
1062 284 1074 296 '
1374 306 1453 352 m:
1501 306 1559 353 s.
1612 301 1842 353 sumo
1904 305 2192 351 namma
2665 282 2911 349 MART.
2968 282 3051 348 ⁴3

514 382 984 454 testimonium
1032 383 1336 455 afferam.
1391 385 1630 455 Libera
1679 407 1789 454 me
1835 406 1876 452 a
1923 383 2270 475 periculis,
2323 403 2500 469 quae
2555 381 2860 468 quotidie
2922 380 3054 449 im-

513 472 802 554 minent,
854 485 930 542 ut
977 473 1465 564 pulcherrimis
1512 473 1709 543 factis
1757 473 2184 553 incumbam,
2236 482 2302 541 et
2334 493 2453 561 per
2489 482 2576 551 te,
2615 470 2894 539 illorum
2926 492 3060 539 au-

504 573 759 631 ctorem
810 566 1022 631 Deum
1063 583 1459 652 agnoscam.
1514 567 1954 632 Peccatorum
2006 561 2181 630 mihi
2225 559 2500 629 veniam
2548 581 2590 628 a
2642 564 2791 641 De0,
2842 569 2909 659 et
2934 558 3051 659 ju-

506 650 806 720 ventutis
875 672 1063 719 meae
1117 651 1523 721 delictorum
1583 650 1997 721 oblivionem
2058 650 2390 740 impetra:
2452 660 2531 717 ut
2580 648 2799 717 instar
2864 647 3059 717 llltus

504 738 803 821 chartae,
857 746 1034 825 quae
1080 761 1279 809 arcae
1326 753 1481 810 tuae
1527 752 1846 809 contactu
1893 739 1979 808 ab
2027 738 2219 809 omni
2266 737 2638 826 scriptione
2684 737 2897 806 libera
2930 757 3057 825 ap-

509 828 761 917 paruit,
815 838 972 897 ante
1019 828 1320 897 tribt'mal
1372 828 1794 899 horrendum
1837 827 2009 918 justi
2051 826 2337 928 judicis,
2380 826 2739 896 obliterata
2772 825 3056 895 videan-

512 928 646 986 tur.
719 916 1091 986 Pessimum
1154 929 1393 986 contra
1454 939 1578 986 nos
1639 917 1991 986 incitatam
2061 915 2395 985 invidiam
2451 914 2793 1005 extingue,
2850 926 2916 985 et
2963 913 3051 983 ab

507 1004 898 1074 invidorum
933 1018 1121 1096 peste
1148 1017 1327 1077 tutos
1358 1006 1797 1096 integrosque
1826 1027 2175 1076 conserva:
2210 1017 2310 1083 ut,
2342 1004 2491 1073 sine
2516 1003 2913 1084 offensione,
2946 1024 3056 1071 sa-

506 1092 670 1163 lutis
719 1094 1033 1163 semitam
1081 1095 1545 1174 conficienteS,
1599 1094 1767 1164 almi
1833 1094 2162 1184 praesidii
2215 1092 2316 1162 tui
2370 1092 2818 1183 praeconium
2856 1090 3051 1161 laetis

504 1182 758 1251 animis
786 1183 1231 1262 celebremus,
1285 1183 1356 1252 in
1407 1182 1672 1253 Christo
1716 1189 1884 1252 Jesu
1933 1185 2219 1253 Domino
2249 1193 2514 1251 nostro:
2567 1181 2689 1251 Cui
2737 1180 2956 1271 gloria
2983 1190 3051 1249 et

505 1269 876 1362 imperium
927 1269 998 1340 ih
1048 1270 1279 1342 secula
1324 1270 1743 1343 seculorum.

991 1577 1817 1680 MARTYRIUM
1915 1577 1996 1677 S.
2092 1576 2573 1678 SABlNI

1328 1820 1407 1866 Ex
1455 1818 1727 1867 snfflom:
1772 1819 2220 1866 HETAPHRASTE

1590 2009 1785 2066 Circa
1824 2010 1964 2068 28⁷.

593 2194 630 2279 ξ
689 2198 765 2263 1.
818 2196 1204 2282 Imperante
1251 2191 1705 2273 Diocletiano,
1788 2190 2091 2261 edictum
2140 2212 2261 2281 per
2330 2190 2732 2261 universum
2805 2192 3044 2265 orbem

512 2295 846 2353 terrarum
887 2280 1397 2370 promulgatum
1440 2292 1564 2361 est,
1599 2292 1677 2350 ut
1713 2280 1835 2367 qui
1854 2280 2073 2370 jussis
2121 2280 2268 2371 ejus
2297 2302 2433 2348 non
2465 2279 3038 2369 obtemperarent,

509 2393 633 2441 nec
677 2369 812 2439 diis
859 2368 1316 2453 immolarent,
1356 2368 1721 2458 suppliciis
1767 2367 2137 2438 excruciati
2176 2379 2604 2437 necarentur.
2658 2373 2843 2449 Quae
2888 2371 3050 2456 qui-

515 2460 671 2530 dem
719 2458 903 2528 sama
950 2480 1072 2550 per
1117 2478 1388 2529 omnem
1425 2457 1706 2548 Aegypti
1756 2457 2100 2558 regionem
2153 2469 2517 2549 pervagata
2562 2467 2684 2526 est.
2750 2461 3053 2541 Quamo-

513 2550 707 2619 brem
747 2570 908 2618 cum
944 2570 1195 2638 magna
1233 2546 1562 2616 adversus
1604 2546 2022 2616 Christianos
2070 2548 2450 2638 persecutio
2508 2547 2762 2637 vigeret
2799 2562 2864 2617 et
2911 2560 3054 2619 tota

514 2643 858 2728 Aegyptus
916 2657 996 2704 ea
1049 2649 1179 2705 tem
1238 2648 1445 2704 estate
1481 2635 1896 2724 jactaretur,
1953 2636 2247 2705 Sabinus
2307 2635 2588 2723 quidam
2658 2640 2905 2707 Hermo
2957 2638 3053 2708 oli

515 2729 862 2817 princepS,
901 2737 1103 2811 atque
1136 2723 1179 2792 il
1216 2724 1387 2793 ustri
1437 2724 1582 2793 loco
1630 2736 1857 2805 natuS,
1898 2724 2413 2811 Christianeque
2451 2724 2803 2814 religionis
2829 2749 2914 2795 cu
2949 2739 3055 2797 tor

513 2814 857 2906 egregius,
894 2813 961 2881 in
996 2834 1073 2881 ea
1109 2834 1336 2881 rerum
1390 2812 1898 2903 perturbatione
1927 2835 1964 2881 e
1994 2813 2260 2883 civitate
2290 2813 2605 2883 discessit
2634 2826 2699 2881 et
2729 2814 2797 2882 in
2842 2837 3053 2904 parva

517 2901 941 2972 domuncula
974 2923 1133 2970 cum
1175 2900 1330 2970 aliis
1364 2900 1765 2971 Christianis
1799 2901 2172 2983 habitabat,
2220 2914 2285 2971 et
2329 2914 2524 2971 nocte
2561 2914 2764 2988 atque
2801 2903 2911 2973 die
2936 2905 3047 2994 je-

504 2991 729 3082 juniis
758 3002 823 3059 et
858 2990 1368 3080 precationibus
1399 2989 1865 3059 incumbebat.
1922 2991 2045 3060 Sed
2097 3012 2254 3061 cum
2299 2991 2499 3060 multi
2531 2991 2897 3062 Christiani
2944 3015 3055 3064 es-

515 3090 665 3152 sent
714 3078 1234 3168 comprehensi,
1285 3100 1660 3164 omnesque
1710 3079 1943 3149 Sabini
1983 3079 2246 3148 celebre
2316 3100 2565 3149 nomen
2615 3079 3044 3164 detulissent,

517 3168 604 3238 ab
655 3167 912 3254 iniquis
965 3166 1365 3238 hominibus
1416 3166 1781 3258 diligenter
1827 3169 2303 3256 quaerebatur.
2341 3168 2436 3237 Ad
2466 3190 2822 3256 quoscum
2859 3192 3051 3239 men-

514 3257 715 3327 dicus
762 3255 1043 3342 quidam
1113 3268 1267 3346 post
1341 3255 1600 3343 aliquot
1646 3256 1794 3325 dies
1848 3258 2244 3327 accessisset
2301 3258 2422 3343 qui
2471 3258 2728 3327 solebat
2773 3257 2860 3327 ab
2906 3259 3060 3328 illis

510 3346 743 3415 cibum
807 3344 1116 3434 accipere
1160 3345 1195 3380 '⁴‘
1239 3344 1553 3434 (sciebat
1613 3357 1842 3415 autem
1891 3345 2169 3427 locum,
2223 3345 2345 3415 ubi
2393 3359 2672 3415 sanctus
2749 3346 3047 3420 Sabinus

509 3433 1112 3522 commorabatur),
1149 3433 1366 3516 «Quid
1403 3434 1628 3515 vultis,
1669 3434 1914 3520 inquit,
1950 3434 2117 3503 mihi
2144 3433 2308 3503 dare
2334 3447 2397 3504 et
2428 3435 2781 3505 ostendam
2823 3436 3040 3518 vobis,

506 3523 625 3592 ubi
679 3522 977 3592 Sabinus
1022 3543 1225 3609 quem
1268 3523 1619 3609 quaeritis,
1652 3522 2059 3592 delitescit‘b)
2101 3524 2276 3592 Huic
2303 3546 2464 3593 cum
2513 3524 2686 3594 duos
2716 3546 3045 3597 nummos

510 3611 882 3689 dedissent,
936 3611 1149 3680 secuti
1182 3622 1341 3682 sunt
1387 3624 1661 3689 eum,et
1707 3612 1791 3679 ad
1834 3611 2062 3681 locum
2109 3625 2588 3700 pervenerunt,
2648 3613 3047 3704 pulsarunt-

509 3722 643 3787 que
672 3700 873 3780 foreS,
933 3712 1256 3787 tanquam
1308 3699 1569 3787 aliquid
1628 3700 1877 3770 vellent
1937 3701 2069 3770 sibi
2132 3702 2555 3792 responderi.
2600 3706 2765 3771 Cum
2813 3706 3049 3772 autem

506 3810 693 3859 unus
741 3810 778 3858 e
816 3789 1143 3859 fratribus
1194 3789 1596 3880 aperuisset,
1649 3801 1728 3859 ut
1778 3789 1947 3876 quid
1997 3790 2265 3871 vellent,
2327 3790 2756 3881 intelligeret,
2818 3791 3049 3860 statim

511 3878 863 3947 irruerunt
911 3877 1224 3947 homines
1276 3877 1583 3947 scelerati
1623 3889 1690 3947 et
1744 3889 2056 3949 sanctum
2123 3879 2452 3949 Sabinum
2521 3901 2683 3950 cum
2731 3900 2847 3949 sex
2892 3879 3050 3949 aliis

509 3964 839 4036 fratribus
888 3978 1176 4035 stantem
1227 3979 1292 4036 et
1329 3966 1731 4057 psallentem
1779 3967 2233 4049 offenderunt,
2274 3967 2675 4055 vinctosque
2701 3980 2889 4037 extra
2926 3968 3054 4037 do-

510 4076 702 4125 mum
746 4067 1202 4125 extraxerunt.
1240 4059 1545 4142 Cumque
1574 4056 2004 4143 quaesissent
2028 4057 2186 4144 quis
2231 4078 2471 4126 eorum
2510 4069 2688 4128 esset
2718 4057 3041 4141 SabinuS,

502 4156 567 4213 et
614 4143 1133 4235 comperissent,
1185 4166 1345 4216 eum
1405 4146 1774 4234 separatim
1823 4144 2098 4215 duabus
2136 4146 2396 4216 catenis
2441 4147 2829 4225 vinxerunt,
2875 4145 3048 4237 inje-

505 4243 751 4320 ctoque
797 4233 1045 4302 cervici
1092 4233 1242 4323 ejus
1290 4233 1480 4324 gravi
1529 4232 1828 4316 vinculo,
1873 4233 1960 4304 ad
2009 4234 2430 4305 Praefectum
2462 4235 2829 4306 duxerunt.

552 4413 578 4441 ⁴
609 4414 729 4455 Nota
751 4414 1059 4455 execrabilem
1076 4415 1279 4454 alterum
1296 4413 1585 4463 proditorem
1603 4414 1797 4455 ludant!
