3327 4999
230 346 333 411 EX
381 345 560 413 NOV.
614 345 699 409 26
1111 365 1187 411 mi
1236 365 1290 411 S.
1347 364 1566 413 ALYPIO
1613 363 1864 414 clomrx
2537 347 2651 414 734

225 444 723 516 nihilomnino
788 444 1098 515 differre:
1173 446 1292 514 sed
1369 447 1770 516 unanimem
1839 446 2014 516 inter
2086 468 2157 515 se
2233 446 2525 515 invicem
2587 468 2749 516 con-

223 557 489 605 servare
534 533 957 616 charitatem,
1014 558 1155 604 una
1205 557 1362 605 voce
1411 534 1906 605 benefactorem
1950 548 2014 604 et
2061 535 2236 604 vitae
2273 535 2740 625 suppeditato-

225 646 366 692 rem
408 636 611 694 noctu
657 636 721 693 et
782 623 1082 694 interdiu
1122 624 1440 694 laudares
1474 624 1747 715 septies:
1793 635 1868 694 ut
1896 623 2326 694 concorditer
2357 623 2745 694 extollendo

222 725 629 784 concentum
678 713 1137 795 canticorum,
1194 719 1284 783 Re
1335 736 1441 783 em
1505 726 1769 784 creatae
1825 727 2104 784 naturae
2155 735 2306 782 vere
2369 725 2434 781 et
2483 712 2749 783 sincere

224 802 515 892 placent.
557 808 689 872 Deo
736 815 961 872 autem
1015 816 1079 873 et
1124 808 1307 893 Ange
1339 804 1396 875 is
1447 816 1509 873 et
1552 803 1806 873 sanctis
1837 802 2231 893 jucundum
2274 801 2555 890 quidem
2607 816 2753 872 erat

220 892 460 962 audire
503 891 892 983 psallentes:
941 891 1323 979 jucundius
1371 906 1623 973 autem,
1688 891 1916 961 videre
1968 891 2314 960 bominem
2367 891 2519 970 Dei,
2567 891 2748 962 intra

219 982 487 1053 coelum
537 993 599 1052 et
652 993 900 1050 terram
951 981 1229 1051 affixum
1281 982 1668 1063 columnae,
1738 993 2087 1068 tamquam
2135 979 2472 1070 Angelum
2521 981 2747 1049 aethe-

218 1094 442 1154 reum,
479 1072 547 1141 in
599 1069 811 1153 altum
862 1071 1157 1139 extensis
1193 1072 1538 1152 manibuS,
1577 1093 1697 1162 per
1738 1083 1871 1141 tres
1902 1069 2155 1139 classes
2175 1067 2561 1160 glorificare
2601 1071 2746 1139 Tri-

222 1162 530 1232 nitatem.
586 1166 751 1231 Nam
787 1159 994 1230 simul
1045 1182 1203 1231 cum
1244 1161 1342 1231 eis
1372 1161 1777 1252 psallebant,
1815 1160 1935 1247 qui
1983 1171 2178 1229 erant
2209 1158 2462 1228 inclusi
2501 1158 2586 1227 ad
2635 1159 2752 1229 ba-

219 1251 352 1321 sim
390 1252 774 1322 columnae.
831 1254 1146 1320 Seorsum
1199 1273 1443 1321 rursus
1489 1251 1718 1321 choris
1753 1248 2184 1320 multitudini
2219 1247 2740 1329 monachorum,

216 1353 283 1411 et
329 1341 523 1412 chori
574 1361 816 1411 rursus
865 1339 1235 1409 mulierum
1306 1340 1494 1409 alibi.
1576 1339 1756 1412 Talis
1820 1338 2107 1410 laudum
2181 1337 2249 1405 in
2328 1342 2539 1407 Deum
2610 1348 2753 1408 erat

217 1431 464 1588 gratia,
504 1442 578 1500 ut
617 1450 1110 1518 saepenumero
1148 1430 1465 1499 nonnulli
1513 1452 1592 1500 ex
1642 1430 1751 1511 iis,
1789 1429 1910 1516 qui
1963 1426 2737 1527 praetergrediebantur,

240 1542 392 1590 iaec
439 1519 796 1590 audientes
842 1519 1133 1600 cantica,
1196 1519 1276 1588 ad
1312 1531 1590 1589 tantam
1645 1519 1951 1589 venerint
2004 1529 2630 1607 compunctionem,
2678 1530 2754 1587 ut

221 1609 481 1680 relictis
528 1607 958 1689 actionibus,
1011 1630 1185 1696 quas
1249 1608 1618 1680 studebant
1678 1608 1965 1696 exequi,
2034 1608 2102 1675 in
2153 1627 2232 1674 eo
2296 1605 2444 1676 loco
2532 1617 2742 1676 totum

220 1698 404 1770 diem
457 1697 930 1779 remanserint,
996 1697 1211 1768 donec
1258 1700 1542 1768 cessarit
1590 1696 1999 1789 psalmodia.

312 1791 348 1876 ξ
412 1792 582 1861 20.
635 1786 841 1855 Venio
891 1799 1043 1876 post
1104 1787 1270 1856 hacc
1318 1787 1402 1856 ad
1456 1810 1707 1878 magna
1770 1786 2055 1857 dicenda
2125 1783 2501 1864 miracula,
2574 1806 2751 1874 quae

229 1881 406 1947 Deus
454 1876 610 1946 fecit
657 1876 727 1944 in
779 1897 984 1945 suurn
1052 1875 1417 1946 famulum.
1480 1882 1687 1948 Nemo
1735 1886 1962 1946 autem
2012 1875 2122 1957 sit,
2175 1875 2296 1962 qui
2358 1873 2561 1943 fidem
2614 1896 2748 1943 non

219 1966 574 2036 adhibeat:
628 1977 785 2034 ante
833 1964 1209 2035 multorum
1249 1965 1441 2034 enim
1475 1966 1711 2037 oculos
1752 1987 1986 2056 saepe,
2051 1986 2210 2034 cum
2263 1964 2484 2045 fieret,
2539 1986 2750 2065 appa-

222 2057 386 2127 ruit.
443 2054 514 2125 Id
565 2068 791 2125 autem
833 2067 977 2125 erat
1014 2054 1129 2123 lux
1162 2077 1198 2125 e
1230 2054 1418 2125 coelo
1457 2055 1880 2126 descendens
1928 2075 2138 2144 super
2169 2053 2387 2124 sancti
2429 2065 2751 2123 verticem

222 2146 295 2216 in
352 2145 714 2225 columna,
778 2156 842 2214 et
901 2165 1188 2213 manens
1254 2143 1686 2233 aliquandiu.
1771 2143 1844 2214 Id
1905 2165 2062 2213 vero
2140 2153 2302 2213 tunc
2371 2141 2746 2223 accidebat,

218 2235 500 2323 quando
545 2256 677 2304 nox
710 2244 852 2303 erat
888 2247 954 2304 et
985 2233 1353 2303 continuae
1384 2255 1577 2304 voces
1626 2235 2030 2314 tonitruum,
2069 2232 2346 2321 quando
2395 2231 2748 2323 fulgurum

221 2324 501 2395 crebrae
549 2323 1079 2403 coruscationeS,
1132 2322 1410 2410 quando
1458 2323 1789 2393 imbrium
1839 2321 2348 2403 inundationeS,
2395 2332 2750 2412 propterea

220 2413 402 2502 quod
432 2435 565 2482 non
593 2412 925 2482 auderent
945 2412 1251 2492 omnino,
1273 2425 1349 2481 ut
1371 2412 1686 2494 arbitror,
1710 2411 1960 2481 intueri
1992 2410 2283 2502 gloriam
2311 2432 2743 2480 arcanorum.

224 2509 440 2573 Locus
488 2515 713 2572 autem
765 2499 1156 2590 usqueadeo
1207 2501 1583 2593 refulgebat
1622 2502 1986 2593 splendore
2038 2501 2236 2582 lucis,
2293 2512 2368 2571 ut
2406 2501 2525 2589 qui
2560 2512 2752 2571 erant

221 2590 818 2682 contemplationis
869 2591 1115 2682 ignari,
1160 2591 1626 2661 existimarent
1671 2592 1951 2682 globum
1990 2591 2273 2660 omnino
2303 2589 2744 2661 inflammari.

209 2687 374 2782 vlpse
421 2692 647 2750 autem
693 2681 760 2749 in
813 2694 1102 2751 tremore
1148 2680 1485 2761 exultans,
1540 2682 1793 2751 sensim
1844 2680 2113 2757 dicebat
2156 2702 2488 2750 arcanum
2539 2679 2750 2750 tradi-

223 2770 425 2841 tionis
487 2791 739 2840 coenae
790 2771 1138 2861 mysticae,
1193 2769 1430 2839 dicens
1490 2770 1696 2840 etiam
1746 2771 2013 2858 reliqua
2059 2783 2214 2840 ante
2261 2770 2628 2839 adventurn
2688 2783 2751 2839 et

221 2870 371 2951 post
425 2859 787 2929 adventum
817 2916 832 2943 ,
908 2860 1194 2929 minime
1238 2859 1470 2929 volens
1519 2860 1799 2950 agnosci
1850 2859 2303 2940 miraculum,
2359 2859 2741 2930 humanam

220 2951 440 3020 vitans
500 2949 814 3040 gloriam,
868 2971 1045 3037 quae
1090 2959 1191 3019 est
1258 2949 1343 3036 ad
1398 2963 1690 3040 tempus,
1746 2949 1943 3020 Illius
1990 2961 2220 3019 autem
2271 2948 2447 3020 lucis
2495 2948 2752 3018 adven-

218 3052 361 3109 tum
402 3039 622 3130 praesi
680 3038 1000 3110 nificabat
1032 3043 1228 3119 Crux,
1260 3060 1435 3126 quae
1467 3051 1610 3108 erat
1643 3040 1712 3108 in
1746 3039 1994 3108 vertice
2027 3038 2228 3108 affixa
2262 3037 2537 3108 tabulis:
2572 3060 2751 3125 quae

216 3128 495 3215 quidem
544 3151 623 3197 va
655 3128 739 3197 de
778 3129 1173 3199 movebatur
1211 3128 1280 3196 in
1323 3128 1547 3218 globo,
1592 3140 1655 3197 et
1695 3129 2043 3199 emittebat
2090 3128 2461 3217 quemdam
2499 3148 2745 3198 sonum

218 3216 569 3286 stridentis
603 3217 809 3298 sibili,
849 3218 1066 3288 donec
1101 3240 1343 3287 rursus
1396 3218 1666 3287 redacta
1707 3218 1775 3287 in
1821 3218 2111 3287 sormam
2160 3218 2526 3288 columnae
2566 3216 2750 3307 ignis

222 3305 499 3375 veniens
546 3327 765 3391 usque
812 3308 893 3375 ad
947 3307 1209 3386 nubes,
1279 3306 1527 3376 rediret
1575 3307 1655 3376 ad
1711 3306 2056 3377 coelorum
2094 3306 2556 3376 altitudinem.
2607 3310 2747 3375 Hoc

219 3406 447 3465 autem
498 3394 836 3476 viderunt,
884 3416 1017 3463 non
1069 3417 1273 3475 unus,
1328 3395 1490 3476 duo.
1538 3407 1656 3465 aut
1689 3395 1948 3477 decem,
1988 3408 2106 3465 aut
2147 3395 2366 3465 solum
2400 3395 2749 3484 quinqua-

218 3484 431 3574 ginta,
509 3482 626 3552 sed
675 3483 877 3552 etiam
927 3483 1163 3585 plures
1224 3483 1380 3552 alii:
1434 3484 1641 3567 ade0,
1697 3498 1773 3555 ut
1811 3484 1895 3556 ad
1948 3486 2166 3576 ipsam
2220 3506 2440 3572 usque
2490 3485 2747 3576 regiam

218 3573 509 3644 transire
554 3571 725 3641 visio
777 3583 943 3643 tanti
989 3571 1330 3642 miraculi.

306 3664 342 3750 ἓ
394 3666 536 3735 ²1.
592 3661 819 3733 Multis
851 3674 1030 3732 certe
1072 3662 1414 3753 precibus,
1469 3685 1645 3750 quae
1697 3675 1858 3734 tunc
1898 3676 2042 3733 erat
2081 3663 2510 3755 Imperatrix,
2561 3686 2600 3733 a
2639 3665 2753 3734 Dei

218 3773 412 3821 servo
470 3750 859 3822 contendit:
916 3751 1166 3821 multas
1213 3773 1488 3840 quoque
1537 3753 1866 3842 pecunias
1918 3754 2165 3844 partim
2217 3753 2452 3836 misit,
2501 3753 2749 3844 partim

218 3841 424 3911 etiam
473 3862 546 3909 se
592 3862 739 3909 esse
790 3840 1160 3912 missuram
1224 3855 1326 3911 est
1376 3841 1703 3932 pollicita,
1759 3842 1815 3912 si
1866 3847 2174 3925 Crucem,
2227 3864 2402 3929 quae
2447 3854 2593 3913 erat
2638 3866 2753 3913 su-

220 3953 339 4021 per
382 3929 806 4011 columnam,
869 3929 1163 4000 mitteret
1220 3930 1286 3999 in
1351 3930 1634 4022 regiam.
1689 3931 1809 4001 Cui
1864 3932 2145 4018 quidem
2208 3931 2423 4002 literis
2464 3932 2547 4001 ad
2599 3954 2747 4003 eam

218 4019 570 4109 rescriptis
620 4019 1006 4108 persuadet,
1040 4031 1117 4089 ut
1165 4041 1408 4109 parum
1458 4033 1847 4110 expectans,
1889 4021 1955 4089 id
2005 4033 2504 4121 assequeretur,
2542 4022 2744 4111 cujus

220 4108 448 4178 studio
488 4107 871 4178 tenebatur:
932 4122 1008 4179 ut
1046 4109 1162 4196 qui
1209 4130 1383 4200 puro
1419 4110 1669 4179 mentis
1717 4109 1919 4180 oculo
1970 4110 2414 4200 praevidisset
2460 4109 2623 4191 fore,
2678 4123 2752 4179 ut

220 4198 623 4289 Imperatrix
657 4220 694 4267 e
726 4197 859 4266 vita
894 4199 1264 4269 excederet.
1303 4204 1470 4270 Nam
1520 4199 1647 4269 hoc
1697 4221 1971 4287 quoque
2017 4199 2197 4269 dono
2245 4200 2571 4291 dignatus
2605 4199 2752 4268 fue-

219 4297 319 4356 rat
356 4310 393 4356 a
426 4293 619 4358 Patre
659 4286 1032 4369 luminum,
1076 4301 1151 4359 ut
1183 4301 1533 4376 tamquam
1583 4288 1971 4379 praesentia
2018 4288 2247 4359 sutura
2296 4288 2745 4380 praedicaret,

216 4375 342 4445 uni
388 4376 666 4463 quidem
709 4376 1025 4446 diadema
1062 4378 1374 4469 imperii,
1421 4377 1614 4448 alteri
1649 4389 1877 4448 autem
1930 4391 2204 4450 sanctae
2250 4378 2615 4449 cathedrae
2645 4401 2749 4446 re-

220 4464 537 4535 ctionem.
584 4466 808 4537 Oratio
849 4478 1078 4537 autem
1127 4466 1491 4559 paulopost
1554 4466 1683 4539 fuit
1736 4468 1882 4559 ipsa
1950 4491 2022 4538 re
2079 4468 2506 4539 confirmata.
2574 4468 2747 4537 Hinc
