<?xml version="1.0" encoding="UTF-8"?>
<!DOCTYPE html PUBLIC "-//W3C//DTD XHTML 1.0 Transitional//EN"
    "http://www.w3.org/TR/xhtml1/DTD/xhtml1-transitional.dtd">
<html xmlns="http://www.w3.org/1999/xhtml" xml:lang="en" lang="en">
 <head>
  <title>
</title>
<meta http-equiv="Content-Type" content="text/html;charset=utf-8" />
  <meta name='ocr-system' content='tesseract 3.04.00' />
  <meta name='ocr-capabilities' content='ocr_page ocr_carea ocr_par ocr_line ocrx_word'/>
</head>
<body>
  <div class='ocr_page' id='page_1' title='image "./historiaeseuvit04lippgoog_0427.png"; bbox 0 0 3327 4999; ppageno 0'>
   <div class='ocr_carea' id='block_1_1' title="bbox 266 346 2733 412">
    <p class='ocr_par' dir='ltr' id='par_1_1' title="bbox 266 346 2733 412">
     <span class='ocr_line' id='line_1_1' title="bbox 266 346 2733 412; baseline 0 0"><span class='ocrx_word' id='word_1_1' title='bbox 266 346 514 412; x_wconf 83' lang='lat' dir='ltr'><strong>MART.</strong></span> <span class='ocrx_word' id='word_1_2' title='bbox 569 347 641 411; x_wconf 67' lang='lat'>21</span> <span class='ocrx_word' id='word_1_3' title='bbox 1106 364 1184 410; x_wconf 72' lang='grc' dir='ltr'>ΒΕ</span> <span class='ocrx_word' id='word_1_4' title='bbox 1234 364 1289 411; x_wconf 91' lang='lat' dir='ltr'>s.</span> <span class='ocrx_word' id='word_1_5' title='bbox 1345 362 1688 411; x_wconf 69' lang='lat' dir='ltr'>BENEmcro</span> <span class='ocrx_word' id='word_1_6' title='bbox 1738 363 1979 409; x_wconf 65' lang='lat' dir='ltr'>Annus</span> <span class='ocrx_word' id='word_1_7' title='bbox 2604 347 2733 412; x_wconf 70' lang='lat'>4⁴3</span> 
     </span>
    </p>
   </div>
   <div class='ocr_carea' id='block_1_2' title="bbox 261 446 2852 2121">
    <p class='ocr_par' dir='ltr' id='par_1_2' title="bbox 261 446 2852 2121">
     <span class='ocr_line' id='line_1_2' title="bbox 265 446 2845 537; baseline -0 -19"><span class='ocrx_word' id='word_1_8' title='bbox 265 449 660 529; x_wconf 88' lang='lat' dir='ltr'>induerant,</span> <span class='ocrx_word' id='word_1_9' title='bbox 693 458 757 516; x_wconf 91' lang='lat' dir='ltr'>et</span> <span class='ocrx_word' id='word_1_10' title='bbox 805 469 882 516; x_wconf 89' lang='lat' dir='ltr'>ea</span> <span class='ocrx_word' id='word_1_11' title='bbox 934 446 1228 537; x_wconf 89' lang='lat' dir='ltr'>pedibus</span> <span class='ocrx_word' id='word_1_12' title='bbox 1253 447 1612 517; x_wconf 78' lang='lat' dir='ltr'>dissolutis</span> <span class='ocrx_word' id='word_1_13' title='bbox 1645 448 1904 537; x_wconf 80' lang='lat' dir='ltr'>aegroti</span> <span class='ocrx_word' id='word_1_14' title='bbox 1935 447 2434 517; x_wconf 73' lang='lat' dir='ltr'>circumdedit:</span> <span class='ocrx_word' id='word_1_15' title='bbox 2474 448 2845 534; x_wconf 89' lang='lat' dir='ltr'>siquidem</span> 
     </span>
     <span class='ocr_line' id='line_1_3' title="bbox 262 535 2847 627; baseline 0 -22"><span class='ocrx_word' id='word_1_16' title='bbox 262 537 492 627; x_wconf 89' lang='lat' dir='ltr'>primo</span> <span class='ocrx_word' id='word_1_17' title='bbox 540 560 581 607; x_wconf 91' lang='lat' dir='ltr'>a</span> <span class='ocrx_word' id='word_1_18' title='bbox 630 535 925 625; x_wconf 89' lang='lat' dir='ltr'>pedibus</span> <span class='ocrx_word' id='word_1_19' title='bbox 951 557 1108 604; x_wconf 85' lang='lat' dir='ltr'>eum</span> <span class='ocrx_word' id='word_1_20' title='bbox 1166 535 1503 626; x_wconf 77' lang='lat' dir='ltr'>paralysis</span> <span class='ocrx_word' id='word_1_21' title='bbox 1552 536 2125 625; x_wconf 78' lang='lat' dir='ltr'>apprehenderat.</span> <span class='ocrx_word' id='word_1_22' title='bbox 2175 537 2353 605; x_wconf 81' lang='lat' dir='ltr'>Fecit</span> <span class='ocrx_word' id='word_1_23' title='bbox 2399 548 2636 605; x_wconf 91' lang='lat' dir='ltr'>autem</span> <span class='ocrx_word' id='word_1_24' title='bbox 2701 538 2847 606; x_wconf 84' lang='lat' dir='ltr'>hoc</span> 
     </span>
     <span class='ocr_line' id='line_1_4' title="bbox 262 624 2846 714; baseline -0.001 -20"><span class='ocrx_word' id='word_1_25' title='bbox 262 624 487 694; x_wconf 89' lang='lat' dir='ltr'>noctis</span> <span class='ocrx_word' id='word_1_26' title='bbox 536 625 770 705; x_wconf 82' lang='lat' dir='ltr'>initio,</span> <span class='ocrx_word' id='word_1_27' title='bbox 843 646 1005 694; x_wconf 88' lang='lat' dir='ltr'>cum</span> <span class='ocrx_word' id='word_1_28' title='bbox 1057 635 1330 714; x_wconf 86' lang='lat' dir='ltr'>tempus</span> <span class='ocrx_word' id='word_1_29' title='bbox 1381 624 1858 710; x_wconf 89' lang='lat' dir='ltr'>requiescendi</span> <span class='ocrx_word' id='word_1_30' title='bbox 1907 624 2216 693; x_wconf 84' lang='lat' dir='ltr'>adesset:</span> <span class='ocrx_word' id='word_1_31' title='bbox 2280 625 2654 711; x_wconf 83' lang='lat' dir='ltr'>statimque</span> <span class='ocrx_word' id='word_1_32' title='bbox 2716 624 2846 693; x_wconf 90' lang='lat' dir='ltr'>ille</span> 
     </span>
     <span class='ocr_line' id='line_1_5' title="bbox 316 711 2848 801; baseline 0 -21"><span class='ocrx_word' id='word_1_33' title='bbox 316 712 624 782; x_wconf 89' lang='lat' dir='ltr'>lacidum</span> <span class='ocrx_word' id='word_1_34' title='bbox 659 711 994 781; x_wconf 87' lang='lat' dir='ltr'>dimissus</span> <span class='ocrx_word' id='word_1_35' title='bbox 1043 712 1112 780; x_wconf 90' lang='lat' dir='ltr'>in</span> <span class='ocrx_word' id='word_1_36' title='bbox 1146 733 1487 801; x_wconf 92' lang='lat' dir='ltr'>soporem,</span> <span class='ocrx_word' id='word_1_37' title='bbox 1546 712 1954 801; x_wconf 87' lang='lat' dir='ltr'>procedente</span> <span class='ocrx_word' id='word_1_38' title='bbox 2001 713 2452 801; x_wconf 86' lang='lat' dir='ltr'>intempestae</span> <span class='ocrx_word' id='word_1_39' title='bbox 2485 713 2713 782; x_wconf 90' lang='lat' dir='ltr'>noctis</span> <span class='ocrx_word' id='word_1_40' title='bbox 2748 712 2848 781; x_wconf 89' lang='lat' dir='ltr'>si-</span> 
     </span>
     <span class='ocr_line' id='line_1_6' title="bbox 291 799 2839 900; baseline 0 -32"><span class='ocrx_word' id='word_1_41' title='bbox 291 800 500 879; x_wconf 88' lang='lat' dir='ltr'>enti0‚</span> <span class='ocrx_word' id='word_1_42' title='bbox 539 801 778 890; x_wconf 84' lang='lat' dir='ltr'>coepit</span> <span class='ocrx_word' id='word_1_43' title='bbox 824 799 1109 868; x_wconf 75' lang='lat' dir='ltr'>alternis</span> <span class='ocrx_word' id='word_1_44' title='bbox 1164 800 1496 891; x_wconf 84' lang='lat' dir='ltr'>palpitare</span> <span class='ocrx_word' id='word_1_45' title='bbox 1548 800 1866 890; x_wconf 77' lang='lat' dir='ltr'>pedibus,</span> <span class='ocrx_word' id='word_1_46' title='bbox 1915 811 1992 869; x_wconf 87' lang='lat' dir='ltr'>ut</span> <span class='ocrx_word' id='word_1_47' title='bbox 2021 801 2247 889; x_wconf 86' lang='lat' dir='ltr'>palam</span> <span class='ocrx_word' id='word_1_48' title='bbox 2279 802 2397 889; x_wconf 91' lang='lat' dir='ltr'>qui</span> <span class='ocrx_word' id='word_1_49' title='bbox 2447 801 2839 900; x_wconf 81' lang='lat' dir='ltr'>vigilabant</span> 
     </span>
     <span class='ocr_line' id='line_1_7' title="bbox 262 888 2833 978; baseline -0.001 -20"><span class='ocrx_word' id='word_1_50' title='bbox 262 900 329 958; x_wconf 89' lang='lat' dir='ltr'>et</span> <span class='ocrx_word' id='word_1_51' title='bbox 378 889 723 968; x_wconf 89' lang='lat' dir='ltr'>videbant,</span> <span class='ocrx_word' id='word_1_52' title='bbox 782 888 1083 956; x_wconf 89' lang='lat' dir='ltr'>ministri</span> <span class='ocrx_word' id='word_1_53' title='bbox 1133 888 1582 968; x_wconf 87' lang='lat' dir='ltr'>adverterent,</span> <span class='ocrx_word' id='word_1_54' title='bbox 1625 888 1787 974; x_wconf 89' lang='lat' dir='ltr'>quia</span> <span class='ocrx_word' id='word_1_55' title='bbox 1839 888 2092 957; x_wconf 89' lang='lat' dir='ltr'>donata</span> <span class='ocrx_word' id='word_1_56' title='bbox 2143 911 2262 978; x_wconf 91' lang='lat' dir='ltr'>per</span> <span class='ocrx_word' id='word_1_57' title='bbox 2313 889 2643 975; x_wconf 75' lang='lat' dir='ltr'>reliquias</span> <span class='ocrx_word' id='word_1_58' title='bbox 2700 888 2833 956; x_wconf 92' lang='lat' dir='ltr'>viri</span> 
     </span>
     <span class='ocr_line' id='line_1_8' title="bbox 264 976 2835 1067; baseline -0.001 -22"><span class='ocrx_word' id='word_1_59' title='bbox 264 978 488 1045; x_wconf 90' lang='lat' dir='ltr'>sancti</span> <span class='ocrx_word' id='word_1_60' title='bbox 540 977 784 1045; x_wconf 85' lang='lat' dir='ltr'>virtute</span> <span class='ocrx_word' id='word_1_61' title='bbox 820 976 1235 1053; x_wconf 86' lang='lat' dir='ltr'>medicandi,</span> <span class='ocrx_word' id='word_1_62' title='bbox 1281 977 1543 1045; x_wconf 86' lang='lat' dir='ltr'>sanitas</span> <span class='ocrx_word' id='word_1_63' title='bbox 1591 989 1824 1065; x_wconf 89' lang='lat' dir='ltr'>optata</span> <span class='ocrx_word' id='word_1_64' title='bbox 1872 999 1912 1045; x_wconf 90' lang='lat' dir='ltr'>a</span> <span class='ocrx_word' id='word_1_65' title='bbox 1964 977 2198 1065; x_wconf 88' lang='lat' dir='ltr'>planta</span> <span class='ocrx_word' id='word_1_66' title='bbox 2231 977 2486 1067; x_wconf 88' lang='lat' dir='ltr'>pedum</span> <span class='ocrx_word' id='word_1_67' title='bbox 2523 999 2648 1066; x_wconf 89' lang='lat' dir='ltr'>per</span> <span class='ocrx_word' id='word_1_68' title='bbox 2679 997 2835 1044; x_wconf 90' lang='lat' dir='ltr'>cae-</span> 
     </span>
     <span class='ocr_line' id='line_1_9' title="bbox 265 1064 2835 1134; baseline -0 -2"><span class='ocrx_word' id='word_1_69' title='bbox 265 1074 411 1133; x_wconf 90' lang='lat' dir='ltr'>tera</span> <span class='ocrx_word' id='word_1_70' title='bbox 458 1065 769 1133; x_wconf 89' lang='lat' dir='ltr'>membra</span> <span class='ocrx_word' id='word_1_71' title='bbox 816 1077 993 1134; x_wconf 89' lang='lat' dir='ltr'>esset</span> <span class='ocrx_word' id='word_1_72' title='bbox 1039 1065 1438 1134; x_wconf 89' lang='lat' dir='ltr'>transitura.</span> <span class='ocrx_word' id='word_1_73' title='bbox 1502 1069 1578 1133; x_wconf 84' lang='lat' dir='ltr'>At</span> <span class='ocrx_word' id='word_1_74' title='bbox 1639 1065 1762 1133; x_wconf 89' lang='lat' dir='ltr'>ubi</span> <span class='ocrx_word' id='word_1_75' title='bbox 1809 1077 2217 1133; x_wconf 90' lang='lat' dir='ltr'>consuetum</span> <span class='ocrx_word' id='word_1_76' title='bbox 2278 1066 2346 1132; x_wconf 91' lang='lat' dir='ltr'>in</span> <span class='ocrx_word' id='word_1_77' title='bbox 2410 1064 2835 1133; x_wconf 90' lang='lat' dir='ltr'>monasterio</span> 
     </span>
     <span class='ocr_line' id='line_1_10' title="bbox 264 1151 2837 1242; baseline 0 -22"><span class='ocrx_word' id='word_1_78' title='bbox 264 1164 645 1221; x_wconf 89' lang='lat' dir='ltr'>nocturnae</span> <span class='ocrx_word' id='word_1_79' title='bbox 692 1153 1023 1221; x_wconf 88' lang='lat' dir='ltr'>orationis</span> <span class='ocrx_word' id='word_1_80' title='bbox 1087 1152 1369 1242; x_wconf 84' lang='lat' dir='ltr'>signum</span> <span class='ocrx_word' id='word_1_81' title='bbox 1421 1153 1771 1234; x_wconf 88' lang='lat' dir='ltr'>insonuit,</span> <span class='ocrx_word' id='word_1_82' title='bbox 1838 1152 2171 1221; x_wconf 77' lang='lat' dir='ltr'>excitatus</span> <span class='ocrx_word' id='word_1_83' title='bbox 2232 1152 2503 1232; x_wconf 88' lang='lat' dir='ltr'>sonitu,</span> <span class='ocrx_word' id='word_1_84' title='bbox 2578 1151 2837 1221; x_wconf 84' lang='lat' dir='ltr'>resedit</span> 
     </span>
     <span class='ocr_line' id='line_1_11' title="bbox 262 1239 2830 1329; baseline -0.001 -20"><span class='ocrx_word' id='word_1_85' title='bbox 262 1240 437 1329; x_wconf 90' lang='lat' dir='ltr'>ipse.</span> <span class='ocrx_word' id='word_1_86' title='bbox 484 1246 614 1309; x_wconf 86' lang='lat' dir='ltr'>Nec</span> <span class='ocrx_word' id='word_1_87' title='bbox 665 1262 880 1319; x_wconf 89' lang='lat' dir='ltr'>mora,</span> <span class='ocrx_word' id='word_1_88' title='bbox 934 1239 1246 1310; x_wconf 88' lang='lat' dir='ltr'>solidatis</span> <span class='ocrx_word' id='word_1_89' title='bbox 1297 1240 1568 1310; x_wconf 89' lang='lat' dir='ltr'>interna</span> <span class='ocrx_word' id='word_1_90' title='bbox 1610 1241 1857 1309; x_wconf 85' lang='lat' dir='ltr'>virtute</span> <span class='ocrx_word' id='word_1_91' title='bbox 1891 1242 2141 1320; x_wconf 88' lang='lat' dir='ltr'>nervis,</span> <span class='ocrx_word' id='word_1_92' title='bbox 2179 1251 2603 1325; x_wconf 86' lang='lat' dir='ltr'>artuumque</span> <span class='ocrx_word' id='word_1_93' title='bbox 2637 1262 2830 1309; x_wconf 89' lang='lat' dir='ltr'>com-</span> 
     </span>
     <span class='ocr_line' id='line_1_12' title="bbox 264 1327 2826 1419; baseline -0 -23"><span class='ocrx_word' id='word_1_94' title='bbox 264 1328 566 1418; x_wconf 83' lang='lat' dir='ltr'>pagibus</span> <span class='ocrx_word' id='word_1_95' title='bbox 611 1329 977 1406; x_wconf 87' lang='lat' dir='ltr'>universis,</span> <span class='ocrx_word' id='word_1_96' title='bbox 1031 1340 1096 1396; x_wconf 92' lang='lat' dir='ltr'>et</span> <span class='ocrx_word' id='word_1_97' title='bbox 1143 1328 1376 1397; x_wconf 91' lang='lat' dir='ltr'>dolore</span> <span class='ocrx_word' id='word_1_98' title='bbox 1426 1329 1683 1419; x_wconf 82' lang='lat' dir='ltr'>fugato,</span> <span class='ocrx_word' id='word_1_99' title='bbox 1721 1340 2046 1398; x_wconf 89' lang='lat' dir='ltr'>sanatum</span> <span class='ocrx_word' id='word_1_100' title='bbox 2081 1350 2151 1397; x_wconf 93' lang='lat' dir='ltr'>se</span> <span class='ocrx_word' id='word_1_101' title='bbox 2199 1350 2347 1397; x_wconf 91' lang='lat' dir='ltr'>esse</span> <span class='ocrx_word' id='word_1_102' title='bbox 2398 1327 2826 1418; x_wconf 77' lang='lat' dir='ltr'>intelligens,</span> 
     </span>
     <span class='ocr_line' id='line_1_13' title="bbox 265 1416 2839 1507; baseline -0 -22"><span class='ocrx_word' id='word_1_103' title='bbox 265 1416 585 1495; x_wconf 86' lang='lat' dir='ltr'>surrexit,</span> <span class='ocrx_word' id='word_1_104' title='bbox 640 1429 704 1484; x_wconf 85' lang='lat' dir='ltr'>et</span> <span class='ocrx_word' id='word_1_105' title='bbox 753 1417 820 1484; x_wconf 88' lang='lat' dir='ltr'>in</span> <span class='ocrx_word' id='word_1_106' title='bbox 871 1416 1250 1507; x_wconf 81' lang='lat' dir='ltr'>gratiarum</span> <span class='ocrx_word' id='word_1_107' title='bbox 1302 1417 1569 1485; x_wconf 88' lang='lat' dir='ltr'>actione</span> <span class='ocrx_word' id='word_1_108' title='bbox 1632 1417 1921 1485; x_wconf 86' lang='lat' dir='ltr'>Domino</span> <span class='ocrx_word' id='word_1_109' title='bbox 1982 1438 2188 1485; x_wconf 89' lang='lat' dir='ltr'>omne</span> <span class='ocrx_word' id='word_1_110' title='bbox 2256 1426 2636 1484; x_wconf 85' lang='lat' dir='ltr'>nocturnae</span> <span class='ocrx_word' id='word_1_111' title='bbox 2694 1416 2839 1484; x_wconf 88' lang='lat' dir='ltr'>sive</span> 
     </span>
     <span class='ocr_line' id='line_1_14' title="bbox 267 1504 2835 1594; baseline 0 -24"><span class='ocrx_word' id='word_1_112' title='bbox 267 1504 648 1572; x_wconf 87' lang='lat' dir='ltr'>matutinae</span> <span class='ocrx_word' id='word_1_113' title='bbox 696 1504 1122 1593; x_wconf 86' lang='lat' dir='ltr'>psalmodiae</span> <span class='ocrx_word' id='word_1_114' title='bbox 1170 1518 1445 1594; x_wconf 89' lang='lat' dir='ltr'>tempus</span> <span class='ocrx_word' id='word_1_115' title='bbox 1496 1505 1741 1574; x_wconf 90' lang='lat' dir='ltr'>stando</span> <span class='ocrx_word' id='word_1_116' title='bbox 1779 1505 2123 1594; x_wconf 88' lang='lat' dir='ltr'>persolvit.</span> <span class='ocrx_word' id='word_1_117' title='bbox 2177 1510 2370 1572; x_wconf 90' lang='lat' dir='ltr'>Mane</span> <span class='ocrx_word' id='word_1_118' title='bbox 2417 1517 2651 1572; x_wconf 86' lang='lat' dir='ltr'>autem</span> <span class='ocrx_word' id='word_1_119' title='bbox 2681 1504 2835 1593; x_wconf 87' lang='lat' dir='ltr'>jam</span> 
     </span>
     <span class='ocr_line' id='line_1_15' title="bbox 264 1590 2835 1680; baseline 0.001 -22"><span class='ocrx_word' id='word_1_120' title='bbox 264 1590 467 1673; x_wconf 87' lang='lat' dir='ltr'>fact0,</span> <span class='ocrx_word' id='word_1_121' title='bbox 513 1592 845 1680; x_wconf 88' lang='lat' dir='ltr'>processit</span> <span class='ocrx_word' id='word_1_122' title='bbox 892 1592 972 1659; x_wconf 90' lang='lat' dir='ltr'>ad</span> <span class='ocrx_word' id='word_1_123' title='bbox 1019 1592 1405 1672; x_wconf 83' lang='lat' dir='ltr'>ecclesiam,</span> <span class='ocrx_word' id='word_1_124' title='bbox 1479 1593 2012 1679; x_wconf 87' lang='lat' dir='ltr'>videntibusque</span> <span class='ocrx_word' id='word_1_125' title='bbox 2060 1605 2126 1660; x_wconf 92' lang='lat' dir='ltr'>et</span> <span class='ocrx_word' id='word_1_126' title='bbox 2173 1591 2835 1661; x_wconf 68' lang='lat' dir='ltr'>conoratulantibus</span> 
     </span>
     <span class='ocr_line' id='line_1_16' title="bbox 261 1678 2834 1762; baseline -0 -15"><span class='ocrx_word' id='word_1_127' title='bbox 261 1680 631 1759; x_wconf 88' lang='lat' dir='ltr'>universis,</span> <span class='ocrx_word' id='word_1_128' title='bbox 672 1680 1063 1748; x_wconf 85' lang='lat' dir='ltr'>circumivit</span> <span class='ocrx_word' id='word_1_129' title='bbox 1112 1680 1261 1749; x_wconf 87' lang='lat' dir='ltr'>loca</span> <span class='ocrx_word' id='word_1_130' title='bbox 1311 1693 1546 1750; x_wconf 89' lang='lat' dir='ltr'>sancta</span> <span class='ocrx_word' id='word_1_131' title='bbox 1596 1681 1883 1762; x_wconf 91' lang='lat' dir='ltr'>orando,</span> <span class='ocrx_word' id='word_1_132' title='bbox 1937 1693 2002 1750; x_wconf 91' lang='lat' dir='ltr'>et</span> <span class='ocrx_word' id='word_1_133' title='bbox 2050 1689 2186 1749; x_wconf 88' lang='lat' dir='ltr'>suo</span> <span class='ocrx_word' id='word_1_134' title='bbox 2227 1685 2309 1749; x_wconf 90' lang='lat' dir='ltr'>Sa</span> <span class='ocrx_word' id='word_1_135' title='bbox 2347 1680 2555 1748; x_wconf 90' lang='lat' dir='ltr'>vatori</span> <span class='ocrx_word' id='word_1_136' title='bbox 2611 1678 2834 1748; x_wconf 90' lang='lat' dir='ltr'>sacri-</span> 
     </span>
     <span class='ocr_line' id='line_1_17' title="bbox 266 1767 2839 1856; baseline 0 -21"><span class='ocrx_word' id='word_1_137' title='bbox 266 1767 505 1835; x_wconf 86' lang='lat' dir='ltr'>ficium</span> <span class='ocrx_word' id='word_1_138' title='bbox 543 1767 770 1836; x_wconf 86' lang='lat' dir='ltr'>laudis</span> <span class='ocrx_word' id='word_1_139' title='bbox 819 1767 1190 1836; x_wconf 79' lang='lat' dir='ltr'>offerendO.</span> <span class='ocrx_word' id='word_1_140' title='bbox 1227 1773 1507 1837; x_wconf 88' lang='lat' dir='ltr'>Factum</span> <span class='ocrx_word' id='word_1_141' title='bbox 1559 1791 1865 1856; x_wconf 90' lang='lat' dir='ltr'>namque</span> <span class='ocrx_word' id='word_1_142' title='bbox 1912 1781 2036 1850; x_wconf 89' lang='lat' dir='ltr'>est,</span> <span class='ocrx_word' id='word_1_143' title='bbox 2090 1781 2168 1837; x_wconf 92' lang='lat' dir='ltr'>ut</span> <span class='ocrx_word' id='word_1_144' title='bbox 2269 1767 2693 1836; x_wconf 87' lang='lat' dir='ltr'>ulcherrima</span> <span class='ocrx_word' id='word_1_145' title='bbox 2724 1788 2839 1835; x_wconf 92' lang='lat' dir='ltr'>re-</span> 
     </span>
     <span class='ocr_line' id='line_1_18' title="bbox 267 1855 2840 1946; baseline -0 -23"><span class='ocrx_word' id='word_1_146' title='bbox 267 1876 424 1924; x_wconf 89' lang='lat' dir='ltr'>rum</span> <span class='ocrx_word' id='word_1_147' title='bbox 477 1856 924 1924; x_wconf 85' lang='lat' dir='ltr'>conversione</span> <span class='ocrx_word' id='word_1_148' title='bbox 973 1856 1030 1923; x_wconf 92' lang='lat' dir='ltr'>is</span> <span class='ocrx_word' id='word_1_149' title='bbox 1071 1857 1190 1942; x_wconf 91' lang='lat' dir='ltr'>qui</span> <span class='ocrx_word' id='word_1_150' title='bbox 1239 1855 1622 1925; x_wconf 87' lang='lat' dir='ltr'>dissolutus</span> <span class='ocrx_word' id='word_1_151' title='bbox 1658 1869 1794 1927; x_wconf 84' lang='lat' dir='ltr'>toto</span> <span class='ocrx_word' id='word_1_152' title='bbox 1834 1879 2121 1946; x_wconf 89' lang='lat' dir='ltr'>corpore</span> <span class='ocrx_word' id='word_1_153' title='bbox 2172 1856 2217 1923; x_wconf 91' lang='lat' dir='ltr'>il</span> <span class='ocrx_word' id='word_1_154' title='bbox 2255 1878 2338 1923; x_wconf 90' lang='lat' dir='ltr'>uc</span> <span class='ocrx_word' id='word_1_155' title='bbox 2390 1856 2459 1922; x_wconf 91' lang='lat' dir='ltr'>in</span> <span class='ocrx_word' id='word_1_156' title='bbox 2511 1855 2840 1924; x_wconf 88' lang='lat' dir='ltr'>vehiculo</span> 
     </span>
     <span class='ocr_line' id='line_1_19' title="bbox 269 1941 2844 2032; baseline -0 -22"><span class='ocrx_word' id='word_1_157' title='bbox 269 1942 580 2032; x_wconf 87' lang='lat' dir='ltr'>perlatus</span> <span class='ocrx_word' id='word_1_158' title='bbox 629 1942 872 2022; x_wconf 86' lang='lat' dir='ltr'>fuerat,</span> <span class='ocrx_word' id='word_1_159' title='bbox 930 1943 1090 2012; x_wconf 90' lang='lat' dir='ltr'>inde</span> <span class='ocrx_word' id='word_1_160' title='bbox 1138 1944 1392 2013; x_wconf 85' lang='lat' dir='ltr'>strictis</span> <span class='ocrx_word' id='word_1_161' title='bbox 1442 1944 1871 2031; x_wconf 85' lang='lat' dir='ltr'>firmatisque</span> <span class='ocrx_word' id='word_1_162' title='bbox 1922 1945 2254 2013; x_wconf 86' lang='lat' dir='ltr'>membris</span> <span class='ocrx_word' id='word_1_163' title='bbox 2302 1943 2661 2022; x_wconf 82' lang='lat' dir='ltr'>omnibuS‚</span> <span class='ocrx_word' id='word_1_164' title='bbox 2718 1941 2844 2010; x_wconf 92' lang='lat' dir='ltr'>do-</span> 
     </span>
     <span class='ocr_line' id='line_1_20' title="bbox 271 2029 2852 2121; baseline -0 -24"><span class='ocrx_word' id='word_1_165' title='bbox 271 2051 465 2099; x_wconf 90' lang='lat' dir='ltr'>mum</span> <span class='ocrx_word' id='word_1_166' title='bbox 508 2053 626 2121; x_wconf 90' lang='lat' dir='ltr'>per</span> <span class='ocrx_word' id='word_1_167' title='bbox 674 2054 745 2102; x_wconf 91' lang='lat' dir='ltr'>se</span> <span class='ocrx_word' id='word_1_168' title='bbox 795 2032 1046 2101; x_wconf 91' lang='lat' dir='ltr'>rediret</span> <span class='ocrx_word' id='word_1_169' title='bbox 1096 2031 1489 2100; x_wconf 87' lang='lat' dir='ltr'>incolumis.</span> <span class='ocrx_word' id='word_1_170' title='bbox 1536 2034 1725 2101; x_wconf 90' lang='lat' dir='ltr'>Unde</span> <span class='ocrx_word' id='word_1_171' title='bbox 1777 2033 2176 2101; x_wconf 87' lang='lat' dir='ltr'>meminisse</span> <span class='ocrx_word' id='word_1_172' title='bbox 2214 2032 2434 2120; x_wconf 87' lang='lat' dir='ltr'>juvat,</span> <span class='ocrx_word' id='word_1_173' title='bbox 2471 2030 2639 2115; x_wconf 91' lang='lat' dir='ltr'>quia</span> <span class='ocrx_word' id='word_1_174' title='bbox 2673 2029 2852 2097; x_wconf 87' lang='lat' dir='ltr'>baec</span> 
     </span>
    </p>
   </div>
   <div class='ocr_carea' id='block_1_3' title="bbox 270 2118 2839 2299">
    <p class='ocr_par' dir='ltr' id='par_1_3' title="bbox 270 2118 2839 2299">
     <span class='ocr_line' id='line_1_21' title="bbox 270 2118 2839 2209; baseline 0 -23"><span class='ocrx_word' id='word_1_175' title='bbox 270 2131 372 2187; x_wconf 90' lang='lat' dir='ltr'>est</span> <span class='ocrx_word' id='word_1_176' title='bbox 424 2120 713 2188; x_wconf 86' lang='lat' dir='ltr'>mutatio</span> <span class='ocrx_word' id='word_1_177' title='bbox 762 2120 1076 2188; x_wconf 86' lang='lat' dir='ltr'>dexterae</span> <span class='ocrx_word' id='word_1_178' title='bbox 1124 2119 1399 2199; x_wconf 83' lang='lat' dir='ltr'>excelsi,</span> <span class='ocrx_word' id='word_1_179' title='bbox 1454 2120 1656 2209; x_wconf 87' lang='lat' dir='ltr'>cujus</span> <span class='ocrx_word' id='word_1_180' title='bbox 1708 2120 2158 2209; x_wconf 84' lang='lat' dir='ltr'>memoranda</span> <span class='ocrx_word' id='word_1_181' title='bbox 2222 2120 2308 2187; x_wconf 92' lang='lat' dir='ltr'>ab</span> <span class='ocrx_word' id='word_1_182' title='bbox 2377 2118 2576 2186; x_wconf 88' lang='lat' dir='ltr'>initio</span> <span class='ocrx_word' id='word_1_183' title='bbox 2628 2118 2839 2186; x_wconf 83' lang='lat' dir='ltr'>mira-</span> 
     </span>
     <span class='ocr_line' id='line_1_22' title="bbox 270 2206 1602 2299; baseline 0.001 -25"><span class='ocrx_word' id='word_1_184' title='bbox 270 2206 443 2275; x_wconf 83' lang='lat' dir='ltr'>bilia</span> <span class='ocrx_word' id='word_1_185' title='bbox 495 2207 761 2277; x_wconf 89' lang='lat' dir='ltr'>mundo</span> <span class='ocrx_word' id='word_1_186' title='bbox 810 2208 1074 2299; x_wconf 83' lang='lat' dir='ltr'>fulgere</span> <span class='ocrx_word' id='word_1_187' title='bbox 1122 2230 1258 2277; x_wconf 92' lang='lat' dir='ltr'>non</span> <span class='ocrx_word' id='word_1_188' title='bbox 1309 2219 1602 2277; x_wconf 89' lang='lat' dir='ltr'>cessant.</span> 
     </span>
    </p>
   </div>
   <div class='ocr_carea' id='block_1_4' title="bbox 809 2476 2324 2619">
    <p class='ocr_par' dir='ltr' id='par_1_4' title="bbox 809 2476 2324 2619">
     <span class='ocr_line' id='line_1_23' title="bbox 809 2476 2324 2619; baseline 0 -2"><span class='ocrx_word' id='word_1_189' title='bbox 809 2519 1047 2619; x_wconf 76' lang='lat' dir='ltr'>vnA</span> <span class='ocrx_word' id='word_1_190' title='bbox 1114 2520 1194 2619; x_wconf 80' lang='lat' dir='ltr'>s,</span> <span class='ocrx_word' id='word_1_191' title='bbox 1266 2519 1810 2619; x_wconf 65' lang='lat' dir='ltr'>sturmen</span> <span class='ocrx_word' id='word_1_192' title='bbox 1880 2476 2324 2619; x_wconf 73' lang='lat' dir='ltr'>Assssffls</span> 
     </span>
    </p>
   </div>
   <div class='ocr_carea' id='block_1_5' title="bbox 567 2754 2564 2828">
    <p class='ocr_par' dir='ltr' id='par_1_5' title="bbox 567 2754 2564 2828">
     <span class='ocr_line' id='line_1_24' title="bbox 567 2754 2564 2828; baseline -0.001 -10"><span class='ocrx_word' id='word_1_193' title='bbox 567 2772 608 2818; x_wconf 88' lang='lat' dir='ltr'>A</span> <span class='ocrx_word' id='word_1_194' title='bbox 670 2773 725 2818; x_wconf 88' lang='lat' dir='ltr'>S.</span> <span class='ocrx_word' id='word_1_195' title='bbox 794 2771 1104 2818; x_wconf 80' lang='lat' dir='ltr'>GREGORIO</span> <span class='ocrx_word' id='word_1_196' title='bbox 1168 2772 1328 2817; x_wconf 78' lang='lat' dir='ltr'>PAPA</span> <span class='ocrx_word' id='word_1_197' title='bbox 1389 2770 1771 2818; x_wconf 79' lang='lat' dir='ltr'>CONSCRIPTA</span> <span class='ocrx_word' id='word_1_198' title='bbox 1818 2772 1941 2817; x_wconf 85' lang='lat' dir='ltr'>LIB.</span> <span class='ocrx_word' id='word_1_199' title='bbox 2013 2754 2077 2828; x_wconf 65' lang='grc' dir='ltr'>Ξ,</span> <span class='ocrx_word' id='word_1_200' title='bbox 2159 2770 2564 2818; x_wconf 71' lang='lat' dir='ltr'>DIALOGORUH</span> 
     </span>
    </p>
   </div>
   <div class='ocr_carea' id='block_1_6' title="bbox 672 2961 2456 3030">
    <p class='ocr_par' dir='ltr' id='par_1_6' title="bbox 672 2961 2456 3030">
     <span class='ocr_line' id='line_1_25' title="bbox 672 2961 2456 3030; baseline 0.001 -11"><span class='ocrx_word' id='word_1_201' title='bbox 672 2964 883 3020; x_wconf 80' lang='lat' dir='ltr'>Ortus</span> <span class='ocrx_word' id='word_1_202' title='bbox 913 2976 1095 3018; x_wconf 77' lang='lat' dir='ltr'>anno</span> <span class='ocrx_word' id='word_1_203' title='bbox 1122 2964 1280 3030; x_wconf 81' lang='grc' dir='ltr'>48ος</span> <span class='ocrx_word' id='word_1_204' title='bbox 1308 2962 1617 3018; x_wconf 77' lang='lat' dir='ltr'>Decessit</span> <span class='ocrx_word' id='word_1_205' title='bbox 1643 2964 1778 3017; x_wconf 81' lang='lat'>544</span> <span class='ocrx_word' id='word_1_206' title='bbox 1796 2961 1953 3015; x_wconf 76' lang='lat' dir='ltr'>—N</span> <span class='ocrx_word' id='word_1_207' title='bbox 1956 2961 2184 3018; x_wconf 80' lang='lat' dir='ltr'>atione</span> <span class='ocrx_word' id='word_1_208' title='bbox 2212 2962 2456 3020; x_wconf 76' lang='lat' dir='ltr'>Italae.</span> 
     </span>
    </p>
   </div>
   <div class='ocr_carea' id='block_1_7' title="bbox 270 3172 2870 4407">
    <p class='ocr_par' dir='ltr' id='par_1_7' title="bbox 270 3172 2870 4407">
     <span class='ocr_line' id='line_1_26' title="bbox 359 3172 2842 3262; baseline -0.002 -16"><span class='ocrx_word' id='word_1_209' title='bbox 359 3177 396 3262; x_wconf 69' lang='grc' dir='ltr'><strong>ξ</strong></span> <span class='ocrx_word' id='word_1_210' title='bbox 467 3180 543 3247; x_wconf 82' lang='lat'>1.</span> <span class='ocrx_word' id='word_1_211' title='bbox 603 3174 754 3242; x_wconf 88' lang='lat' dir='ltr'>Fuit</span> <span class='ocrx_word' id='word_1_212' title='bbox 800 3174 904 3242; x_wconf 86' lang='lat' dir='ltr'>vir</span> <span class='ocrx_word' id='word_1_213' title='bbox 954 3173 1128 3243; x_wconf 86' lang='lat' dir='ltr'>vitae</span> <span class='ocrx_word' id='word_1_214' title='bbox 1176 3173 1617 3252; x_wconf 89' lang='lat' dir='ltr'>venerabilis,</span> <span class='ocrx_word' id='word_1_215' title='bbox 1689 3172 1912 3262; x_wconf 72' lang='lat' dir='ltr'>gratia</span> <span class='ocrx_word' id='word_1_216' title='bbox 1960 3173 2368 3242; x_wconf 90' lang='lat' dir='ltr'>Benedictus</span> <span class='ocrx_word' id='word_1_217' title='bbox 2415 3184 2482 3242; x_wconf 90' lang='lat' dir='ltr'>et</span> <span class='ocrx_word' id='word_1_218' title='bbox 2534 3172 2842 3258; x_wconf 89' lang='lat' dir='ltr'>nomine,</span> 
     </span>
     <span class='ocr_line' id='line_1_27' title="bbox 270 3261 2849 3362; baseline 0 -32"><span class='ocrx_word' id='word_1_219' title='bbox 270 3263 360 3330; x_wconf 89' lang='lat' dir='ltr'>ab</span> <span class='ocrx_word' id='word_1_220' title='bbox 411 3263 560 3362; x_wconf 90' lang='lat' dir='ltr'>ipso</span> <span class='ocrx_word' id='word_1_221' title='bbox 592 3284 758 3331; x_wconf 90' lang='lat' dir='ltr'>suae</span> <span class='ocrx_word' id='word_1_222' title='bbox 808 3263 1143 3351; x_wconf 88' lang='lat' dir='ltr'>pueritiae</span> <span class='ocrx_word' id='word_1_223' title='bbox 1193 3274 1501 3350; x_wconf 87' lang='lat' dir='ltr'>tempore</span> <span class='ocrx_word' id='word_1_224' title='bbox 1549 3283 1669 3330; x_wconf 88' lang='lat' dir='ltr'>cor</span> <span class='ocrx_word' id='word_1_225' title='bbox 1704 3282 1950 3351; x_wconf 86' lang='lat' dir='ltr'>gerens</span> <span class='ocrx_word' id='word_1_226' title='bbox 1981 3261 2219 3330; x_wconf 86' lang='lat' dir='ltr'>senile.</span> <span class='ocrx_word' id='word_1_227' title='bbox 2264 3267 2560 3331; x_wconf 84' lang='lat' dir='ltr'>Aetatem</span> <span class='ocrx_word' id='word_1_228' title='bbox 2586 3261 2849 3351; x_wconf 90' lang='lat' dir='ltr'>quippe</span> 
     </span>
     <span class='ocr_line' id='line_1_28' title="bbox 270 3348 2849 3438; baseline -0.001 -19"><span class='ocrx_word' id='word_1_229' title='bbox 270 3350 587 3419; x_wconf 75' lang='lat' dir='ltr'>moribus</span> <span class='ocrx_word' id='word_1_230' title='bbox 638 3351 1011 3430; x_wconf 79' lang='lat' dir='ltr'>transienS,</span> <span class='ocrx_word' id='word_1_231' title='bbox 1084 3348 1261 3418; x_wconf 89' lang='lat' dir='ltr'>nulli</span> <span class='ocrx_word' id='word_1_232' title='bbox 1314 3349 1648 3438; x_wconf 87' lang='lat' dir='ltr'>voluptati</span> <span class='ocrx_word' id='word_1_233' title='bbox 1700 3350 2018 3419; x_wconf 88' lang='lat' dir='ltr'>animum</span> <span class='ocrx_word' id='word_1_234' title='bbox 2070 3348 2280 3418; x_wconf 87' lang='lat' dir='ltr'>dedit.</span> <span class='ocrx_word' id='word_1_235' title='bbox 2342 3349 2470 3418; x_wconf 88' lang='lat' dir='ltr'>Sed</span> <span class='ocrx_word' id='word_1_236' title='bbox 2537 3349 2709 3418; x_wconf 88' lang='lat' dir='ltr'>dum</span> <span class='ocrx_word' id='word_1_237' title='bbox 2770 3349 2849 3417; x_wconf 90' lang='lat' dir='ltr'>in</span> 
     </span>
     <span class='ocr_line' id='line_1_29' title="bbox 270 3436 2853 3527; baseline 0 -21"><span class='ocrx_word' id='word_1_238' title='bbox 270 3438 404 3506; x_wconf 85' lang='lat' dir='ltr'>hac</span> <span class='ocrx_word' id='word_1_239' title='bbox 455 3449 632 3506; x_wconf 83' lang='lat' dir='ltr'>terra</span> <span class='ocrx_word' id='word_1_240' title='bbox 680 3438 909 3506; x_wconf 89' lang='lat' dir='ltr'>adhuc</span> <span class='ocrx_word' id='word_1_241' title='bbox 957 3449 1159 3514; x_wconf 89' lang='lat' dir='ltr'>esset,</span> <span class='ocrx_word' id='word_1_242' title='bbox 1199 3458 1338 3524; x_wconf 89' lang='lat' dir='ltr'>quo</span> <span class='ocrx_word' id='word_1_243' title='bbox 1391 3436 1863 3527; x_wconf 87' lang='lat' dir='ltr'>temporaliter</span> <span class='ocrx_word' id='word_1_244' title='bbox 1913 3437 2126 3505; x_wconf 91' lang='lat' dir='ltr'>libere</span> <span class='ocrx_word' id='word_1_245' title='bbox 2155 3437 2384 3505; x_wconf 86' lang='lat' dir='ltr'>adbuc</span> <span class='ocrx_word' id='word_1_246' title='bbox 2434 3436 2533 3505; x_wconf 89' lang='lat' dir='ltr'>uti</span> <span class='ocrx_word' id='word_1_247' title='bbox 2633 3437 2853 3507; x_wconf 88' lang='lat' dir='ltr'>otuis-</span> 
     </span>
     <span class='ocr_line' id='line_1_30' title="bbox 272 3525 2854 3616; baseline -0 -22"><span class='ocrx_word' id='word_1_248' title='bbox 272 3537 398 3604; x_wconf 85' lang='lat' dir='ltr'>set,</span> <span class='ocrx_word' id='word_1_249' title='bbox 440 3525 748 3614; x_wconf 85' lang='lat' dir='ltr'>despexit</span> <span class='ocrx_word' id='word_1_250' title='bbox 786 3526 932 3615; x_wconf 91' lang='lat' dir='ltr'>jam</span> <span class='ocrx_word' id='word_1_251' title='bbox 969 3526 1170 3612; x_wconf 87' lang='lat' dir='ltr'>quasi</span> <span class='ocrx_word' id='word_1_252' title='bbox 1206 3525 1512 3616; x_wconf 85' lang='lat' dir='ltr'>aridum,</span> <span class='ocrx_word' id='word_1_253' title='bbox 1557 3525 1901 3594; x_wconf 89' lang='lat' dir='ltr'>mundum</span> <span class='ocrx_word' id='word_1_254' title='bbox 1935 3545 2097 3593; x_wconf 89' lang='lat' dir='ltr'>cum</span> <span class='ocrx_word' id='word_1_255' title='bbox 2148 3526 2336 3593; x_wconf 87' lang='lat' dir='ltr'>ssore.</span> <span class='ocrx_word' id='word_1_256' title='bbox 2382 3525 2513 3607; x_wconf 88' lang='lat' dir='ltr'>Qui</span> <span class='ocrx_word' id='word_1_257' title='bbox 2543 3525 2586 3593; x_wconf 90' lang='lat' dir='ltr'>li</span> <span class='ocrx_word' id='word_1_258' title='bbox 2642 3525 2854 3594; x_wconf 89' lang='lat' dir='ltr'>eriori</span> 
     </span>
     <span class='ocr_line' id='line_1_31' title="bbox 272 3612 2852 3704; baseline 0.001 -24"><span class='ocrx_word' id='word_1_259' title='bbox 272 3635 523 3704; x_wconf 84' lang='lat' dir='ltr'>genere</span> <span class='ocrx_word' id='word_1_260' title='bbox 561 3635 641 3682; x_wconf 78' lang='lat' dir='ltr'>ex</span> <span class='ocrx_word' id='word_1_261' title='bbox 692 3613 1047 3703; x_wconf 87' lang='lat' dir='ltr'>provincia</span> <span class='ocrx_word' id='word_1_262' title='bbox 1088 3614 1374 3683; x_wconf 79' lang='lat' dir='ltr'>Nursiae</span> <span class='ocrx_word' id='word_1_263' title='bbox 1426 3614 1461 3648; x_wconf 66' lang='lat'>⁴*</span> <span class='ocrx_word' id='word_1_264' title='bbox 1508 3625 1811 3692; x_wconf 82' lang='lat' dir='ltr'>exortus,</span> <span class='ocrx_word' id='word_1_265' title='bbox 1852 3612 2546 3682; x_wconf 82' lang='lat' dir='ltr'>Romae-liberalibus</span> <span class='ocrx_word' id='word_1_266' title='bbox 2595 3612 2852 3682; x_wconf 89' lang='lat' dir='ltr'>studiis</span> 
     </span>
     <span class='ocr_line' id='line_1_32' title="bbox 273 3699 2854 3855; baseline -0.001 -85"><span class='ocrx_word' id='word_1_267' title='bbox 273 3701 572 3770; x_wconf 84' lang='lat' dir='ltr'>traditus</span> <span class='ocrx_word' id='word_1_268' title='bbox 621 3701 863 3770; x_wconf 86' lang='lat' dir='ltr'>fuerat.</span> <span class='ocrx_word' id='word_1_269' title='bbox 906 3702 1034 3770; x_wconf 80' lang='lat' dir='ltr'>Sed</span> <span class='ocrx_word' id='word_1_270' title='bbox 1084 3724 1248 3771; x_wconf 88' lang='lat' dir='ltr'>cum</span> <span class='ocrx_word' id='word_1_271' title='bbox 1302 3702 1371 3770; x_wconf 91' lang='lat' dir='ltr'>in</span> <span class='ocrx_word' id='word_1_272' title='bbox 1423 3701 1525 3770; x_wconf 91' lang='lat' dir='ltr'>eis</span> <span class='ocrx_word' id='word_1_273' title='bbox 1578 3700 1835 3770; x_wconf 92' lang='lat' dir='ltr'>multos</span> <span class='ocrx_word' id='word_1_274' title='bbox 1886 3699 1985 3767; x_wconf 88' lang='lat' dir='ltr'>ire</span> <span class='ocrx_word' id='word_1_275' title='bbox 2006 3722 2155 3855; x_wconf 63' lang='lat' dir='ltr'>sper</span> <span class='ocrx_word' id='word_1_276' title='bbox 2188 3701 2484 3789; x_wconf 89' lang='lat' dir='ltr'>abrupta</span> <span class='ocrx_word' id='word_1_277' title='bbox 2517 3700 2854 3770; x_wconf 90' lang='lat' dir='ltr'>vitiorum</span> 
     </span>
     <span class='ocr_line' id='line_1_33' title="bbox 271 3788 2862 3878; baseline 0.001 -22"><span class='ocrx_word' id='word_1_278' title='bbox 271 3800 616 3870; x_wconf 88' lang='lat' dir='ltr'>cerneret,</span> <span class='ocrx_word' id='word_1_279' title='bbox 672 3811 877 3868; x_wconf 87' lang='lat' dir='ltr'>eum,</span> <span class='ocrx_word' id='word_1_280' title='bbox 934 3811 1141 3875; x_wconf 87' lang='lat' dir='ltr'>quem</span> <span class='ocrx_word' id='word_1_281' title='bbox 1195 3790 1396 3876; x_wconf 89' lang='lat' dir='ltr'>quasi</span> <span class='ocrx_word' id='word_1_282' title='bbox 1450 3789 1778 3878; x_wconf 84' lang='lat' dir='ltr'>ingressu</span> <span class='ocrx_word' id='word_1_283' title='bbox 1828 3809 1997 3855; x_wconf 91' lang='lat' dir='ltr'>mun</span> <span class='ocrx_word' id='word_1_284' title='bbox 2059 3789 2078 3856; x_wconf 90' lang='lat' dir='ltr'>i</span> <span class='ocrx_word' id='word_1_285' title='bbox 2140 3799 2511 3876; x_wconf 90' lang='lat' dir='ltr'>posuerat,</span> <span class='ocrx_word' id='word_1_286' title='bbox 2573 3788 2862 3858; x_wconf 83' lang='lat' dir='ltr'>retraxit</span> 
     </span>
     <span class='ocr_line' id='line_1_34' title="bbox 270 3876 2860 3977; baseline 0 -32"><span class='ocrx_word' id='word_1_287' title='bbox 270 3876 563 3977; x_wconf 88' lang='lat' dir='ltr'>pedem:</span> <span class='ocrx_word' id='word_1_288' title='bbox 620 3899 726 3958; x_wconf 89' lang='lat' dir='ltr'>ne,</span> <span class='ocrx_word' id='word_1_289' title='bbox 793 3878 851 3946; x_wconf 91' lang='lat' dir='ltr'>si</span> <span class='ocrx_word' id='word_1_290' title='bbox 905 3878 1075 3962; x_wconf 89' lang='lat' dir='ltr'>quid</span> <span class='ocrx_word' id='word_1_291' title='bbox 1125 3877 1211 3946; x_wconf 90' lang='lat' dir='ltr'>de</span> <span class='ocrx_word' id='word_1_292' title='bbox 1268 3876 1564 3946; x_wconf 87' lang='lat' dir='ltr'>scientia</span> <span class='ocrx_word' id='word_1_293' title='bbox 1611 3876 1765 3965; x_wconf 88' lang='lat' dir='ltr'>ejus</span> <span class='ocrx_word' id='word_1_294' title='bbox 1814 3876 2200 3966; x_wconf 85' lang='lat' dir='ltr'>attingeret,</span> <span class='ocrx_word' id='word_1_295' title='bbox 2256 3877 2406 3966; x_wconf 89' lang='lat' dir='ltr'>ipse</span> <span class='ocrx_word' id='word_1_296' title='bbox 2454 3899 2729 3964; x_wconf 89' lang='lat' dir='ltr'>quoque</span> <span class='ocrx_word' id='word_1_297' title='bbox 2785 3878 2860 3946; x_wconf 92' lang='lat' dir='ltr'>in</span> 
     </span>
     <span class='ocr_line' id='line_1_35' title="bbox 270 3963 2864 4056; baseline 0.001 -24"><span class='ocrx_word' id='word_1_298' title='bbox 270 3985 582 4033; x_wconf 81' lang='lat' dir='ltr'>lmmane</span> <span class='ocrx_word' id='word_1_299' title='bbox 633 3965 1120 4056; x_wconf 87' lang='lat' dir='ltr'>praecipitium</span> <span class='ocrx_word' id='word_1_300' title='bbox 1172 3977 1356 4035; x_wconf 91' lang='lat' dir='ltr'>totus</span> <span class='ocrx_word' id='word_1_301' title='bbox 1406 3965 1559 4033; x_wconf 89' lang='lat' dir='ltr'>iret.</span> <span class='ocrx_word' id='word_1_302' title='bbox 1619 3963 1969 4054; x_wconf 90' lang='lat' dir='ltr'>Despectis</span> <span class='ocrx_word' id='word_1_303' title='bbox 2020 3965 2248 4050; x_wconf 89' lang='lat' dir='ltr'>itaque</span> <span class='ocrx_word' id='word_1_304' title='bbox 2297 3965 2655 4034; x_wconf 90' lang='lat' dir='ltr'>literarum</span> <span class='ocrx_word' id='word_1_305' title='bbox 2705 3975 2864 4035; x_wconf 90' lang='lat' dir='ltr'>stu-</span> 
     </span>
     <span class='ocr_line' id='line_1_36' title="bbox 272 4051 2861 4143; baseline 0.001 -23"><span class='ocrx_word' id='word_1_306' title='bbox 272 4052 434 4131; x_wconf 90' lang='lat' dir='ltr'>diis,</span> <span class='ocrx_word' id='word_1_307' title='bbox 470 4052 710 4122; x_wconf 88' lang='lat' dir='ltr'>relicta</span> <span class='ocrx_word' id='word_1_308' title='bbox 758 4053 964 4122; x_wconf 88' lang='lat' dir='ltr'>domo</span> <span class='ocrx_word' id='word_1_309' title='bbox 1017 4054 1364 4139; x_wconf 89' lang='lat' dir='ltr'>rebusque</span> <span class='ocrx_word' id='word_1_310' title='bbox 1416 4052 1656 4143; x_wconf 87' lang='lat' dir='ltr'>patris,</span> <span class='ocrx_word' id='word_1_311' title='bbox 1725 4051 1854 4121; x_wconf 90' lang='lat' dir='ltr'>soli</span> <span class='ocrx_word' id='word_1_312' title='bbox 1908 4057 2038 4121; x_wconf 91' lang='lat' dir='ltr'>Deo</span> <span class='ocrx_word' id='word_1_313' title='bbox 2087 4052 2359 4142; x_wconf 91' lang='lat' dir='ltr'>placere</span> <span class='ocrx_word' id='word_1_314' title='bbox 2419 4053 2861 4139; x_wconf 83' lang='lat' dir='ltr'>desideranS‚</span> 
     </span>
     <span class='ocr_line' id='line_1_37' title="bbox 277 4139 2865 4232; baseline 0 -24"><span class='ocrx_word' id='word_1_315' title='bbox 277 4150 556 4209; x_wconf 89' lang='lat' dir='ltr'>sanctae</span> <span class='ocrx_word' id='word_1_316' title='bbox 603 4141 1148 4211; x_wconf 84' lang='lat' dir='ltr'>conversationis</span> <span class='ocrx_word' id='word_1_317' title='bbox 1202 4140 1525 4210; x_wconf 85' lang='lat' dir='ltr'>habitum</span> <span class='ocrx_word' id='word_1_318' title='bbox 1573 4139 1937 4226; x_wconf 89' lang='lat' dir='ltr'>quaesivit.</span> <span class='ocrx_word' id='word_1_319' title='bbox 2004 4142 2307 4212; x_wconf 89' lang='lat' dir='ltr'>Recessit</span> <span class='ocrx_word' id='word_1_320' title='bbox 2365 4142 2582 4232; x_wconf 86' lang='lat' dir='ltr'>igitur</span> <span class='ocrx_word' id='word_1_321' title='bbox 2629 4142 2865 4210; x_wconf 90' lang='lat' dir='ltr'>scien-</span> 
     </span>
     <span class='ocr_line' id='line_1_38' title="bbox 276 4222 2870 4328; baseline 0.001 -33"><span class='ocrx_word' id='word_1_322' title='bbox 276 4237 380 4295; x_wconf 91' lang='lat' dir='ltr'>ter</span> <span class='ocrx_word' id='word_1_323' title='bbox 430 4230 768 4309; x_wconf 89' lang='lat' dir='ltr'>nesciens,</span> <span class='ocrx_word' id='word_1_324' title='bbox 822 4241 887 4298; x_wconf 89' lang='lat' dir='ltr'>et</span> <span class='ocrx_word' id='word_1_325' title='bbox 936 4230 1285 4318; x_wconf 88' lang='lat' dir='ltr'>sapienter</span> <span class='ocrx_word' id='word_1_326' title='bbox 1325 4229 1677 4298; x_wconf 87' lang='lat' dir='ltr'>indoctus.</span> <span class='ocrx_word' id='word_1_327' title='bbox 1735 4228 1965 4313; x_wconf 88' lang='lat' dir='ltr'>Hujus</span> <span class='ocrx_word' id='word_1_328' title='bbox 2024 4250 2150 4328; x_wconf 81' lang='lat' dir='ltr'>ego</span> <span class='ocrx_word' id='word_1_329' title='bbox 2207 4230 2442 4298; x_wconf 91' lang='lat' dir='ltr'>omnia</span> <span class='ocrx_word' id='word_1_330' title='bbox 2489 4240 2680 4319; x_wconf 81' lang='lat' dir='ltr'>gesta</span> <span class='ocrx_word' id='word_1_331' title='bbox 2727 4222 2870 4297; x_wconf 83' lang='lat' dir='ltr'>rion</span> 
     </span>
     <span class='ocr_line' id='line_1_39' title="bbox 278 4314 2863 4407; baseline 0.001 -24"><span class='ocrx_word' id='word_1_332' title='bbox 278 4314 518 4385; x_wconf 89' lang='lat' dir='ltr'>didici:</span> <span class='ocrx_word' id='word_1_333' title='bbox 557 4317 678 4388; x_wconf 81' lang='lat' dir='ltr'>sed</span> <span class='ocrx_word' id='word_1_334' title='bbox 705 4339 1128 4407; x_wconf 88' lang='lat' dir='ltr'>paucaquae</span> <span class='ocrx_word' id='word_1_335' title='bbox 1159 4339 1386 4398; x_wconf 89' lang='lat' dir='ltr'>narr0,</span> <span class='ocrx_word' id='word_1_336' title='bbox 1429 4330 1733 4403; x_wconf 84' lang='lat' dir='ltr'>quatuor</span> <span class='ocrx_word' id='word_1_337' title='bbox 1763 4315 2131 4407; x_wconf 80' lang='lat' dir='ltr'>discipulis</span> <span class='ocrx_word' id='word_1_338' title='bbox 2155 4318 2343 4390; x_wconf 91' lang='lat' dir='ltr'>illius</span> <span class='ocrx_word' id='word_1_339' title='bbox 2374 4316 2863 4398; x_wconf 85' lang='lat' dir='ltr'>referentibus,</span> 
     </span>
    </p>
   </div>
   <div class='ocr_carea' id='block_1_8' title="bbox 284 4427 1865 4494">
    <p class='ocr_par' dir='ltr' id='par_1_8' title="bbox 284 4427 1865 4494">
     <span class='ocr_line' id='line_1_40' title="bbox 284 4427 1865 4494; baseline 0 -11"><span class='ocrx_word' id='word_1_340' title='bbox 284 4427 303 4436; x_wconf 20' lang='grc' dir='ltr'>ᾖ</span> <span class='ocrx_word' id='word_1_341' title='bbox 335 4441 358 4464; x_wconf 79' lang='grc'><em>·</em></span> <span class='ocrx_word' id='word_1_342' title='bbox 386 4443 493 4483; x_wconf 76' lang='lat' dir='ltr'>Ital.</span> <span class='ocrx_word' id='word_1_343' title='bbox 517 4445 701 4490; x_wconf 72' lang='lat' dir='ltr'>Noreia,</span> <span class='ocrx_word' id='word_1_344' title='bbox 718 4444 770 4485; x_wconf 79' lang='lat' dir='ltr'>in</span> <span class='ocrx_word' id='word_1_345' title='bbox 790 4442 994 4494; x_wconf 62' lang='lat' dir='ltr'>emme,</span> <span class='ocrx_word' id='word_1_346' title='bbox 1013 4453 1097 4488; x_wconf 70' lang='lat' dir='ltr'>scu</span> <span class='ocrx_word' id='word_1_347' title='bbox 1120 4444 1383 4486; x_wconf 72' lang='lat' dir='ltr'>Umbriam</span> <span class='ocrx_word' id='word_1_348' title='bbox 1402 4444 1586 4485; x_wconf 65' lang='lat' dir='ltr'>Ducam</span> <span class='ocrx_word' id='word_1_349' title='bbox 1608 4444 1865 4494; x_wconf 72' lang='lat' dir='ltr'>spoletino.</span> 
     </span>
    </p>
   </div>
  </div>
 </body>
</html>
