3327 4999
172 310 376 375 MART.
426 311 465 373 6
1038 327 1117 373 m:
1165 326 1220 373 s.
1274 324 1509 372 cotan
1556 323 1728 372 vinc.
2489 309 2573 373 65

173 412 534 503 cumprimis
584 410 902 492 formosa,
954 423 1018 480 et
1063 409 1322 500 optime
1370 422 1629 479 morata
1656 409 2108 490 extrinsecus,
2145 409 2337 499 petiit
2367 433 2406 479 a
2442 410 2668 485 Coleta

169 502 340 591 recipi
384 501 449 568 in
500 500 1023 570 monasterium.
1077 498 1207 568 Sed
1256 497 1441 586 qnod
1473 511 1731 568 secreto
1772 512 2001 569 nosset
2039 499 2379 585 quaedam
2414 498 2483 567 in
2517 499 2659 582 illa,

165 590 346 660 noluit
387 589 742 659 assentire.
799 594 1100 678 Rogante
1133 600 1365 657 autem
1402 609 1527 678 pro
1558 587 1676 657 illa
1710 587 2207 658 instantissime
2247 602 2436 678 patre
2468 587 2665 678 puel-

166 680 265 757 lae,
322 680 616 766 itemque
680 677 940 747 Coletae
1009 676 1429 747 confessario
1481 688 1546 746 et
1607 676 1788 757 aliis,
1861 676 1979 747 illa
2027 676 2422 768 respondit:
2476 682 2667 747 «Vos

162 767 395 855 quidem
446 766 694 856 cogitis
744 788 850 835 me
896 765 1256 835 admittere
1304 765 1540 834 illam:
1606 765 1723 836 sed
1792 776 2017 834 tamen
2092 766 2412 836 noveritis
2464 788 2667 834 num-

161 879 330 943 quam
375 878 525 923 eam
562 856 648 924 ad
702 855 1190 946 professionem
1238 867 1811 944 perventuram.»
1848 856 1998 925 Fuit
2029 855 2159 924 lioc
2201 854 2662 936 verissimum,

161 945 349 1014 Primo
393 945 579 1015 enim
614 955 846 1013 exacto
872 966 1078 1022 anno,
1122 943 1209 1012 ob
1242 942 1458 1011 divini
1494 943 1992 1033 ignorationem
2027 942 2261 1024 oflicii,
2295 965 2417 1014 nec
2450 944 2670 1033 potuit

159 1056 257 1104 nec
291 1033 521 1103 debuit
569 1032 866 1102 admitti.
920 1032 1140 1101 Altero
1188 1052 1370 1101 anno
1432 1043 1523 1100 tot
1569 1033 1630 1100 ei
1679 1047 2132 1102 occurrerunt
2179 1032 2671 1102 infestissimae

155 1123 543 1202 tentationes,
604 1122 1000 1213 praesertim
1052 1121 1137 1189 de
1185 1120 1562 1189 deserendo
1614 1121 1991 1191 monastico
2022 1122 2357 1201 institut0,
2397 1135 2472 1190 ut
2497 1144 2670 1209 qua-

153 1212 282 1280 dam
332 1212 654 1281 laborans
701 1211 1024 1292 amentia,
1061 1210 1317 1278 diceret
1363 1231 1436 1278 se
1484 1209 1679 1279 nulla
1729 1210 1986 1279 ratione
2037 1233 2237 1301 posse
2285 1210 2456 1281 illud
2514 1232 2672 1301 pro-

151 1300 321 1369 fiteri.
374 1300 593 1390 Ejecta
650 1300 858 1369 icitur
903 1321 940 1369 e
990 1298 1428 1379 monasterio,
1478 1298 1563 1366 ad
1628 1299 2121 1388 professionem
2174 1299 2483 1370 admissa
2533 1321 2670 1368 non

149 1403 252 1457 est.
311 1390 447 1459 Alia
491 1352 836 1477 quaedam
891 1388 1167 1466 novitia,
1234 1387 1364 1457 sub
1414 1388 1658 1457 Missae
1715 1387 2054 1458 sacrificio
2102 1388 2372 1458 dicebat
2432 1409 2670 1479 preces

149 1500 287 1548 suas
331 1500 537 1569 prope
601 1478 924 1556 Coletam‚
978 1489 1054 1546 ut
1103 1476 1221 1545 illa
1269 1476 1598 1567 cogitaret
1639 1478 1821 1567 piam
1873 1489 1937 1545 et
1996 1476 2391 1567 religiosam
2439 1477 2669 1567 ipsam

152 1589 297 1637 esse.
348 1567 701 1638 Sacrificio
750 1580 1045 1657 peracto,
1100 1565 1324 1635 Coleta
1370 1566 1615 1635 accivit
1662 1566 1955 1635 novitiae
2004 1565 2195 1638 illius
2237 1589 2345 1635 ma
2401 1566 2665 1646 isti-am,

153 1656 351 1743 aitque
393 1656 495 1724 ei:
551 1680 589 1721 «
622 1656 953 1742 Equidem
1050 1654 1237 1724 utavi
1273 1655 1598 1723 novitiam
1633 1655 1813 1725 hanc
1855 1655 2035 1745 piam
2086 1668 2153 1725 et
2201 1661 2332 1725 Deo
2406 1667 2673 1724 evotam

153 1766 302 1823 esse,
343 1746 452 1815 sed
512 1745 696 1814 nibil
748 1745 817 1814 in
865 1767 944 1814 ea
1040 1743 1373 1814 evotionis
1427 1743 1801 1834 comperio·
1831 1767 1866 1810 »
1917 1743 2216 1815 Audiens
2263 1745 2329 1814 id
2383 1742 2664 1823 novitia,

159 1833 419 1902 multum
464 1834 777 1914 erubuit,
830 1835 1134 1904 sentiens
1182 1855 1316 1902 non
1368 1832 1575 1901 latere
1638 1832 1935 1902 Coletam
1986 1833 2431 1924 cogitationes
2479 1854 2667 1902 suas,

170 1919 289 1989 Alia
326 1943 497 1992 soror
546 1945 806 2013 magno
856 1924 1215 1993 tenebatur
1277 1921 1617 1991 desiderio
1668 1921 1943 2012 petendi
2009 1922 2382 2011 imaginem
2450 1942 2674 2009 quan-

173 2006 305 2076 dam
348 2033 382 2078 a
420 2013 667 2082 Coleta.
714 2017 949 2097 ltaque
978 2011 1265 2081 accessit
1288 2033 1463 2091 eam,
1504 2009 1621 2080 sed
1659 2032 1797 2099 non
1828 2009 1957 2080 fuit
1996 2023 2226 2080 tamen
2274 2033 2444 2081 ausa
2492 2009 2678 2079 indi-

176 2116 308 2166 care
354 2099 406 2167 ei
446 2115 680 2171 votum
732 2123 963 2169 suum.
1023 2105 1099 2168 At
1139 2099 1361 2169 Coleta
1411 2121 1545 2169 non
1596 2099 1927 2190 ignorans
1975 2100 2145 2186 quid
2188 2100 2406 2179 vellet,
2447 2099 2673 2169 subri-

182 2182 324 2254 dens
363 2188 439 2256 ait
481 2191 588 2259 illi
626 2213 639 2257 :
695 2189 949 2266 «Vade,
984 2188 1234 2258 vade.»
1286 2188 1410 2257 Illa
1465 2187 1782 2270 abeunte,
1822 2187 2049 2258 statim
2094 2189 2281 2259 misit
2331 2189 2394 2257 ei
2451 2188 2677 2258 Coleta

176 2273 667 2361 pulcherrimam
723 2278 1119 2367 imaginem,
1170 2277 1508 2346 mandans
1555 2288 1632 2345 ut
1677 2299 1827 2346 eam
1882 2276 2173 2346 mitteret
2225 2275 2424 2347 matri
2474 2299 2665 2358 suae,

170 2364 319 2447 quod
361 2366 469 2435 illa
515 2387 965 2457 summopere
993 2365 1446 2435 desiderabat.
1488 2365 1737 2434 Eadem
1773 2386 1966 2434 soror
1997 2365 2371 2452 aliquando
2421 2369 2678 2456 magna

170 2452 344 2522 animi
389 2454 813 2527 desolatione
859 2455 1131 2534 afflicta,
1169 2455 1260 2524 ita
1284 2465 1359 2524 ut
1389 2476 1460 2525 se
1488 2466 1758 2546 putaret
1807 2459 1938 2525 Deo
1988 2476 2306 2546 prorsum
2349 2454 2669 2536 invisam,

170 2561 269 2609 nec
306 2543 437 2614 ullo
478 2558 683 2636 pacto
734 2567 929 2635 posse
963 2544 1217 2615 salvam
1256 2543 1441 2613 fieri:
1497 2545 1732 2615 statuit
1779 2543 1970 2613 adire
2005 2544 2324 2625 Coletam,
2360 2557 2425 2613 et
2458 2544 2517 2614 si
2553 2543 2677 2614 illa

176 2626 470 2715 placidum
524 2634 669 2734 ipsi
701 2634 1047 2702 exhiberet
1093 2632 1383 2713 vultum,
1447 2634 1837 2702 existimare
1885 2655 1957 2702 se
1997 2655 2131 2703 non
2181 2654 2330 2703 esse
2377 2633 2676 2701 alienam

169 2737 199 2784 a
228 2723 415 2809 gratia
466 2729 613 2792 Det.
654 2726 959 2809 Cumque
997 2722 1164 2791 haec
1224 2722 1456 2790 animo
1504 2722 1815 2812 agitaret,
1884 2722 2108 2792 Coleta
2150 2733 2367 2791 mater
2414 2720 2680 2790 vocavit

162 2826 281 2907 eam
313 2811 392 2880 ad
441 2835 537 2885 se.
604 2833 894 2898 eamque
941 2810 1193 2880 blande
1238 2823 1304 2879 et
1354 2824 1788 2901 peramanter
1845 2812 2228 2902 appellans,
2271 2810 2366 2880 ait
2414 2833 2488 2880 se
2538 2831 2676 2878 non

160 2917 359 2969 minus
402 2923 558 2970 eam
610 2921 864 2982 amare,
916 2920 1124 2986 quam
1178 2898 1392 2968 ullam
1428 2913 1852 2969 caeterarum
1903 2922 2078 2987 quae
2112 2899 2433 2992 sintejus
2485 2898 2681 2967 insti-

160 2986 282 3082 tuti.
332 2992 634 3077 Denique
665 2988 1172 3058 commendavit
1217 3010 1364 3058 eam
1401 2989 1797 3058 monasterii
1850 2989 2266 3068 Abbatissae‚
2321 3000 2679 3079 praesente

158 3073 275 3154 1113,
306 3099 620 3149 asserens
666 3099 818 3147 eam
866 3099 1016 3148 esse
1055 3076 1269 3147 filiam
1321 3100 1519 3147 suam
1569 3078 1896 3169 inprimis
1953 3078 2260 3147 charam.
2317 3078 2509 3147 Unde
2559 3077 2679 3147 illa

159 3183 446 3254 magnam
496 3168 763 3257 accepit
808 3165 1369 3248 consolationem,
1414 3179 1734 3253 certoque
1781 3167 1916 3237 sibi
1968 3166 2332 3256 persuasit,
2373 3166 2674 3236 Coletam

156 3255 484 3344 perspicue
536 3278 737 3326 nosse
786 3277 1076 3326 arcanas
1127 3267 1476 3345 pectorum
1536 3255 2010 3346 cogitationes.

225 3343 257 3427 ἓ
314 3350 453 3416 51.
508 3345 1153 3436 Impurissimorum
1182 3344 1597 3414 daemonum
1627 3366 1708 3413 ea
1732 3356 1834 3414 est
1862 3343 2282 3434 malignitas,
2309 3355 2386 3412 ut
2415 3354 2679 3430 quanto

161 3433 352 3525 magis
390 3435 698 3504 sentiunt
734 3433 1132 3520 quempiam
1173 3432 1733 3524 appropinquare
1793 3440 1945 3512 Deo,
2014 3444 2198 3503 tanto
2235 3454 2395 3502 eum
2448 3431 2684 3502 acrius

162 3517 469 3604 infestent,
506 3535 571 3591 et
605 3522 840 3592 multis
871 3522 1179 3612 affligant
1212 3521 1437 3591 modis
1483 3522 1605 3608 qui
1651 3522 1836 3591 enim
1871 3523 1971 3591 eis
2003 3521 2504 3601 obsecundant,
2543 3520 2685 3590 illis

160 3624 272 3674 non
319 3610 638 3701 magnam
691 3611 1073 3681 molestiam
1106 3611 1450 3679 exhibent.
1506 3617 1803 3681 Cernens
1833 3611 2046 3701 igitur
2078 3610 2356 3680 invidus
2382 3610 2680 3679 daemon

160 3694 421 3767 Coletam
474 3698 969 3791 perfectissima
1015 3700 1346 3769 charitate
1395 3704 1527 3769 Deo
1574 3699 2244 3788 conjunctissimam,
2285 3699 2512 3768 modis
2537 3719 2684 3768 om-

158 3783 339 3880 nibus
382 3790 763 3859 conabatur
806 3788 1143 3880 impedire
1175 3789 1389 3869 illam,
1442 3801 1506 3857 et
1554 3788 1868 3858 divexare
1918 3801 2123 3876 atque
2175 3787 2496 3878 persequi
2546 3799 2682 3857 toto

163 3884 308 3943 vitae
349 3877 501 3966 ejus
546 3879 791 3970 spati0.
846 3883 1012 3947 Cum
1062 3877 1247 3947 enim
1311 3878 1381 3947 in
1446 3877 1598 3968 ipsa
1648 3878 2009 3978 juventute
2064 3876 2415 3947 statuisset
2463 3881 2678 3946 Deum

164 3963 531 4038 medullitus
577 3989 832 4047 amare,
884 3967 1084 4054 eique
1132 3967 1434 4037 studiose
1492 3989 1768 4048 servire,
1815 3965 2052 4036 multis
2101 3967 2329 4047 3111115,
2380 3964 2680 4055 singulis

169 4052 469 4137 noctibus,
522 4079 683 4126 cum
733 4056 1085 4126 inchoaret
1133 4078 1366 4147 preces
1416 4078 1601 4137 51135,
1646 4055 1934 4142 quidam
1984 4056 2337 4157 malignus
2386 4065 2580 4125 satan
2612 4052 2678 4122 ei

173 4155 228 4235 se
265 4142 692 4236 adiungebat,
745 4158 811 4214 et
860 4144 1069 4216 miras
1127 4145 1464 4232 quasdam
1516 4166 1713 4215 voces
1759 4155 1823 4212 et
1868 4145 2070 4231 quasi
2168 4167 2270 4214 135
2326 4143 2680 4231 querimo-

176 4243 296 4299 mas
335 4233 561 4316 edens,
594 4235 977 4304 conabatur
1020 4233 1170 4323 ejus
1219 4233 1680 4303 interturbare
1730 4255 1987 4323 preces.
2022 4237 2097 4303 At
2156 4234 2287 4303 icet
2327 4233 2443 4303 illa
2476 4231 2684 4301 annis

181 4330 319 4386 esset
351 4321 642 4411 juvenis,
696 4323 930 4393 animo
982 4334 1206 4392 tamen
1265 4323 1408 4412 jam
1480 4321 1774 4413 perfecta
1819 4333 1985 4404 erat,
2038 4334 2104 4392 et
2153 4322 2287 4392 fide
2339 4333 2680 4413 provecta.

186 4401 320 4475 Adeo
361 4411 539 4481 enim
606 4411 994 4482 confidebat
1046 4412 1354 4493 Domino,
1413 4424 1488 4481 ut
1538 4411 1710 4481 nibil
1760 4423 2114 4483 externum
2179 4409 2680 4481 reformidaret.

315 4528 545 4591 surius
571 4561 598 4578 -
651 4529 811 4592 Vitae
836 4528 944 4594 SS.
979 4561 1003 4576 -
1031 4529 1156 4589 Vol.
1202 4530 1304 4591 111.
2498 4527 2536 4586 5
