3327 4999
808 311 930 376 ⁴64
1620 329 1700 376 1111
1748 327 1803 376 5.
1859 325 2170 376 3311301110
2216 327 2379 375 rara
2872 310 3101 376 MART.
3146 309 3202 374 12

712 423 778 484 et
824 411 1131 504 inopiam
1182 432 1448 493 earum,
1487 426 1830 499 quantum
1881 433 2277 503 possumus,
2331 412 2633 482 donante
2665 412 2966 492 Domino,
3018 411 3201 483 suble·
3266 427 3269 436 '

715 523 901 573 vare.
952 507 1316 591 Propterea
1362 500 1820 591 experientiae
1870 512 2025 570 tuae
2088 502 2423 590 praesenti
2463 501 2777 591 jussione
2818 500 3198 583 mandamus
3268 505 3269 588 ]

713 604 793 661 ut
831 589 1292 681 quadraginta
1344 589 1415 658 in
1467 610 1638 659 auro
1697 590 1758 659 ei
1809 589 2065 660 solidos
2105 587 2268 659 dare
2306 590 2580 669 debeas,
2619 603 2684 659 et
2729 589 3041 679 deinceps
3084 611 3201 660 suc-

715 679 1122 750 cedentibus
1187 678 1687 748 indictionibus
1755 678 2116 748 annuatim
2190 678 2434 779 viginti
2512 678 2769 749 solidos
2830 678 3195 750 ministrare.

714 774 1068 840 Praeterea
1116 767 1406 837 Paulino
1456 768 1852 857 presbytero
1903 767 2302 837 monasterii
2351 768 2572 838 sancti
2627 768 2890 837 Erasmi
2935 767 3103 855 quod
3151 768 3197 835 in

715 857 926 927 latere
959 856 1212 926 montis
1263 857 1557 926 Soractis
1604 857 1818 926 situm
1847 867 1970 936 est,
2010 854 2127 925 sed
2159 868 2222 925 et
2254 855 2530 926 duobus
2582 856 2958 935 monachiS‚
2997 857 3059 925 in
3086 878 3199 926 ora-

717 946 888 1015 torio
937 945 1158 1018 sancti
1204 944 1611 1038 Archangeli
1642 945 2097 1016 servientibus
2143 945 2327 1033 quod
2372 945 2441 1015 in
2490 945 2767 1017 Callano
2801 958 3016 1015 castro
3050 946 3198 1034 juxta

715 1035 935 1105 sancti
972 1033 1142 1104 Petri
1179 1034 1538 1105 basilicam
1584 1056 1735 1104 esse
1785 1034 2238 1124 dignoscitur,
2276 1034 2477 1105 binos
2526 1046 2587 1104 te
2634 1035 2706 1105 in
2762 1036 3083 1125 praesenti
3119 1055 3199 1101 so-

714 1123 895 1195 lidos
924 1123 1089 1193 dare
1129 1123 1679 1214 praecipimus...
1719 1127 1819 1192 Ita
1851 1145 2013 1214 ergo
2045 1123 2174 1202 fac,
2215 1133 2290 1193 ut
2339 1124 2695 1214 impensae
2734 1122 3058 1193 mercedis
3085 1135 3197 1192 tuae

715 1234 990 1300 quoque
1069 1213 1464 1302 articipium
1498 1212 1876 1283 sortiaris.»
1913 1216 2078 1281 Item
2108 1210 2369 1281 eidem:
2403 1212 2514 1281 «si
2544 1213 2612 1281 in
2644 1212 3094 1302 proximorum
3120 1232 3198 1278 ne·

715 1236 1152 1372 cessitatibus
1202 1301 1433 1371 habita
1464 1302 1945 1392 compassione
2002 1301 2304 1392 benigna
2352 1313 2579 1370 mente
2625 1301 3109 1378 concurrimus,
3148 1298 3196 1367 in

717 1391 972 1460 nostris
1019 1390 1479 1480 proculdubio
1530 1389 1973 1480 petitionibus
2006 1390 2409 1460 clementem
2444 1389 2813 1459 Dominum
2848 1392 3178 1479 reperimus

715 1479 1024 1549 Palatina
1054 1478 1394 1567 siquidem
1432 1478 1723 1548 illustris
1753 1479 2074 1556 foemina,
2114 1480 2444 1549 continua
2478 1478 2854 1548 hostilitate
2882 1475 3198 1568 insinuavit

717 1591 792 1637 se
841 1568 1163 1657 plurimis
1215 1567 1736 1638 necessitatibus
1768 1568 2147 1656 subjacere.
2178 1573 2539 1656 Propterea
2586 1568 3038 1657 experientiae
3066 1579 3197 1636 ‚tuae

716 1657 1059 1748 praesenti
1110 1657 1511 1728 auctoritate
1562 1656 2050 1747 praecipimus,
2116 1668 2194 1725 ut
2255 1656 2319 1725 ei
2384 1678 2505 1747 pro
2567 1657 3053 1726 sustentatione
3090 1654 3197 1743 ejus

717 1767 990 1816 annuos
1041 1745 1319 1836 triginta
1367 1744 1623 1815 solidos
1671 1745 1835 1814 dare
1884 1766 2018 1814 non
2054 1744 2414 1816 differas...
2452 1749 2552 1815 Ita
2600 1767 2765 1836 ergo
2815 1745 2941 1826 sac,
2986 1757 3052 1814 ut
3078 1758 3129 1812 et
3151 1755 3198 1808 tu

717 1834 894 1904 bene
942 1833 1401 1903 ministrando
1449 1833 1890 1903 commodum
1957 1833 2292 1903 mercedis
2353 1833 2716 1925 5353111135,
2784 1846 2852 1905 et
2901 1847 3105 1905 nostra
3139 1826 3197 1897 ad

718 1923 1034 1992 effectum
1063 1935 1419 2013 praecepta
1451 1921 1864 2013 perducas»
1888 1928 2054 1992 Item
2080 1928 2269 1992 Petro
2300 1921 2750 1993 subdiacono:
2780 1924 3197 1994 «Insinuatnm

718 2010 922 2082 nobis
969 2023 1092 2092 est,
1160 2012 1555 2082 Marcellum
1627 2013 2090 2081 Barubicanae
2150 2010 2500 2092 ecclesiae,
2564 2012 2826 2082 ibidem
2880 2013 2943 2081 in
2991 2010 3197 2081 civitate

718 2103 1207 2171 Panormitana
1255 2101 1321 2169 in
1379 2101 1789 2171 monasterio
1852 2101 2075 2172 sancti
2139 2100 2414 2170 Adriani
2466 2101 2532 2168 in
2587 2101 3066 2192 poenitentiam
3119 2096 3196 2194 de-

719 2201 1065 2281 putatum,
1121 2211 1255 2260 non
1306 2189 1533 2260 solum
1595 2191 1815 2261 victus
1873 2189 2343 2260 necessitatem
2402 2189 2565 2280 pati,
2621 2190 2740 2259 sed
2809 2202 2874 2260 et
2934 2188 3198 2260 nuditatis

718 2277 1012 2348 nimiam
1063 2280 1402 2349 sustinere
1452 2279 1860 2349 molestiam.
1906 2284 2031 2348 Pro
2078 2301 2217 2365 qua
2257 2299 2328 2348 re
2378 2300 2655 2348 necesse
2712 2279 3045 2349 habemus
3077 2287 3196 2344 stre-

719 2367 969 2436 nuitati
1018 2382 1173 2438 tuae
1223 2367 1563 2458 praesenti
1610 2368 1927 2457 jussione
1971 2367 2384 2459 praecipere,
2447 2379 2521 2436 ut
2578 2368 2713 2457 ipsi
2780 2391 2902 2458 pro
2952 2368 3110 2435 victu
3142 2381 3193 2429 ac

718 2456 1122 2527 vestimento
1178 2467 1522 2544 stratoque
1569 2456 1655 2525 ad
1712 2457 2229 2537 continentiam,
2283 2478 2635 2549 pueroque
2681 2457 2837 2548 ejus
2884 2470 3191 2533 annonam,

715 2558 1058 2634 quantum
1110 2546 1536 2646 prospexeris
1583 2546 1750 2615 satis
1800 2568 1970 2626 esse,
2007 2546 2407 2626 constituaS,
2450 2560 2527 2616 ut
2573 2547 2805 2637 inopia
2850 2546 3189 2628 nuditasque

716 2635 870 2726 ejus
920 2635 1036 2705 tali
1106 2635 1532 2736 providentia
1591 2634 1856 2724 possint
1888 2636 2137 2704 habere
2179 2635 2708 2705 consultum...»
2764 2642 2932 2705 Item
2987 2632 3186 2704 eidem·-

723 2729 1255 2793 «Monasterium
1308 2724 1525 2794 sancti
1575 2723 1979 2815 Archangeli
2009 2723 2192 2811 quod
2223 2724 2295 2793 in
2344 2724 2620 2814 Tropeis
2649 2738 2751 2794 est
2781 2724 3189 2815 constitutum,

718 2812 1070 2882 indicante
1120 2812 1584 2902 praesentium
1621 2813 1964 2903 portitore,
2020 2813 2239 2882 victus
2270 2813 2522 2882 habere
2556 2814 3024 2885 necessitatem
3069 2804 3195 2877 didi·

718 2901 968 2971 cimuS.
1022 2900 1319 2987 Ideoque
1366 2901 1783 2990 experientia
1812 2914 1929 2971 tua
1959 2901 2325 2993 diligenter
2360 2901 2706 2993 invigilet:
2763 2916 2831 2972 et
2863 2903 2920 2972 si
2950 2895 3195 2990 ejusdem

716 2989 852 3059 loci
902 2990 1277 3059 monachos
1313 2991 1483 3059 bene
1531 3012 1602 3059 se
1651 3003 1940 3060 tractare
1988 2990 2413 3081 cognoveris,
2453 2990 2522 3059 in
2569 2992 2832 3079 quibus
2879 3014 2991 3061 eos
3025 3002 3197 3058 neces-

719 3078 987 3151 sitatem
1040 3077 1289 3147 habere
1324 3078 1684 3148 manifesta
1735 3079 2011 3149 veritate
2061 3080 2377 3169 patuerit,
2422 3080 2522 3148 eis
2553 3081 2947 3164 subvenire,
2982 3079 3094 3148 hac
3113 3090 3197 3169 au:

718 3166 1027 3237 ctoritate
1075 3166 1426 3245 suffultus,
1493 3167 1719 3238 modis
1779 3168 2105 3238 omnibus
2169 3167 2609 3241 festinabis...
2666 3169 2891 3240 Studii
2953 3187 3097 3256 ergo
3133 3173 3199 3258 ¹2¹¹

719 3256 830 3335 sit,
885 3256 1051 3325 haec
1100 3255 1335 3324 omnia
1385 3256 1474 3325 ita
1506 3256 1875 3348 complere,
1929 3257 2013 3338 si,
2068 3256 2249 3327 sicut
2293 3256 2622 3338 diximus,
2657 3259 2810 3348 ejus
2841 3249 3132 3328 monachi
3152 3262 3199 3314 1ss

720 3345 839 3414 Dei
888 3343 1186 3425 servitiO,
1226 3344 1404 3413 sicut
1451 3344 1666 3426 decet,
1709 3346 1990 3415 solertes
2024 3347 2513 3435 perstiterint.»

809 3435 845 3521 ξ
905 3437 1062 3506 84.
1118 3439 1283 3503 Item
1332 3433 1555 3505 eidem
1607 3457 1644 3501 «
1680 3436 1919 3505 Divina
1965 3447 2328 3525 praecepta
2376 3458 2498 3505 nos
2560 3435 2935 3505 admonent
2978 3430 3205 3519 diligere

723 3522 1073 3613 proximos
1140 3534 1467 3610 tanquam
1534 3525 2033 3614 nosmetipsos:
2085 3538 2151 3593 et
2197 3546 2359 3594 cum
2411 3525 2539 3593 hac
2591 3546 2707 3594 eos
2756 3522 3209 3616 praecipiamur

724 3610 1056 3680 charitate
1086 3609 1397 3701 diligere,
1435 3625 1695 3700 quanto
1744 3612 1966 3703 magis
2015 3613 2350 3683 debemus
2395 3613 2506 3683 his
2541 3613 2612 3682 in
2647 3613 2981 3684 subsidiis
3027 3620 3207 3679 neces·

725 3699 1009 3771 sitatum
1059 3701 1443 3771 carnalium
1497 3701 1885 3782 subvenire,
1923 3714 1998 3772 ut
2042 3723 2278 3771 eorum
2326 3702 2708 3793 angustias,
2756 3703 2978 3772 sinon
3009 3720 3079 3768 ex
3103 3708 3207 3761 om·

728 3788 960 3869 11111115,
998 3789 1236 3859 saltem
1287 3789 1640 3878 aliquibus
1665 3791 2152 3861 sustentaculis
2199 3790 2690 3861 sublevemus?
2736 3790 3061 3874 Quoniam
3087 3792 3211 3867 ergo

726 3877 1149 3948 Godelstadii
1214 3877 1606 3980 dignissimi
1674 3879 1898 3949 filium
1967 3901 2101 3949 non
2169 3879 2393 3950 solum
2462 3880 2837 3950 amissione
2886 3880 3077 3952 visus,

725 3966 929 4036 etiam
983 3967 1215 4059 inopia
1250 3981 1468 4039 vlctus
1498 3982 1862 4059 egestatem
1916 3968 2055 4058 pati
2092 3967 2599 4058 cognoscimus,
2640 3967 3082 4038 necessarium
3112 3954 3207 4024 du·

724 4055 980 4137 111111115,
1036 4055 1448 4144 inquantum
1501 4057 1923 4147 possibilitas
1970 4057 2296 4148 suppetit,
2360 4057 2423 4125 ei
2474 4058 2796 4148 praebere
2844 4048 3207 4136 consultum:

724 4149 1089 4236 Propterea
1133 4145 1592 4248 experientiae
1642 4157 1797 4215 tuae
1847 4146 2187 4237 praesenti
2217 4146 2533 4236 jussione
2586 4144 3207 4237 ρι’3331111111115,11143ι

727 4235 933 4304 3111115
981 4235 1278 4326 singulis
1327 4235 1869 4336 vigintiquatuor
1904 4235 2169 4306 modios
2213 4235 2439 4315 tritici,
2481 4235 2676 4305 fabae
2703 4254 2971 4335 quoque
2998 4220 3211 4297 mod¹0⁵
3252 4244 3255 4329 ff

725 4322 1120 4405 duodecim,
1158 4337 1225 4393 et
1274 4324 1413 4393 vim
1459 4323 1837 4394 decimatas
1868 4323 2109 4414 viginti
2142 4346 2265 4415 pro
2298 4324 2793 4396 sustentatione
2824 4335 2986 4391 vitae
3013 4313 3207 4414 dqbeat
3252 4342 3253 4395 1

727 4411 1165 4486 ministrare:
1217 4412 1403 4499 quod
1455 4412 1591 4483 tuis
1623 4412 2067 4504 postmodum
2116 4412 2333 4505 possit
2364 4412 2749 4485 rationibus
2781 4412 3106 4503 imputari.
3130 4400 3205 4466 na
3250 4398 3253 4433 *
