3327 4999
642 320 766 385 734
1440 339 1516 386 nn
1563 340 1618 387 s.
1674 339 1896 388 Ammo
1943 338 2190 388 CIONITA
2603 318 2708 384 Ex
2755 317 2938 385 NOV.
2993 316 3090 380 26

556 423 1095 514 pulchritudinis
1142 435 1344 514 auget
1391 445 1467 493 ex
1521 424 1919 515 probatione
1967 425 2199 496 decus.
2256 428 2343 493 De
2391 429 2477 493 Te
2523 424 2709 494 enim
2758 424 2923 496 olim
2973 424 3092 494 di·

555 514 947 604 sceptabam
991 512 1240 614 stultus
1279 534 1403 604 ego
1452 514 1619 584 haec
1668 516 1975 607 cogitans
2023 514 2106 584 de
2156 514 2291 585 tuis
2330 512 2891 585 calamitatibus:
2947 519 3093 584 Cur

555 615 708 760 post
735 602 1237 693 quinquaginta
1286 614 1419 673 tres
1466 625 1708 684 annos,
1762 626 1919 675 cum
1957 607 2111 674 aere
2157 617 2221 674 et
2266 624 2444 690 quae
2492 602 2560 670 in
2599 625 2678 672 eo
2721 615 2883 673 sunt
2932 626 3093 673 rna-

584 691 640 761 is
690 692 1033 777 luctatuS,
1105 714 1267 762 cum
1325 713 1511 763 esses
1561 693 1835 782 justus,
1891 694 2197 784 privatus
2261 692 2450 764 fuisti
2502 692 2727 763 media
2772 692 3089 784 corporis

553 787 775 940 garta?
823 787 955 851 Cur
1003 794 1269 871 praeter
1314 781 1504 861 haec,
1547 783 2068 869 quatuordecim
2114 804 2334 852 annos
2375 803 2505 852 non
2547 804 2722 852 usus
2768 806 2842 854 es
2890 782 3090 874 pedi-

604 895 711 952 us,
768 871 884 942 sed
932 892 1141 961 super
1185 893 1404 940 unum
1449 871 1626 941 latus
1678 884 2004 964 perpetuo
2052 871 2452 952 recubuisti,
2505 871 2690 958 quod
2737 873 2944 942 etiam
2991 872 3087 941 iis

553 961 674 1048 qui
724 961 789 1030 in
841 959 1034 1029 lectis
1082 961 1493 1030 recumbunt
1541 983 1750 1051 super
1783 976 2035 1033 vestem
2073 961 2347 1032 mollem
2384 964 2523 1033 stra
2575 960 2759 1030 ulam
2797 974 2898 1032 est
2931 984 3086 1033 mo·

555 1049 826 1130 lestum,
880 1061 945 1118 et
992 1070 1127 1120 non
1178 1062 1596 1141 possunt-ne
1644 1074 1859 1121 unam
1907 1051 2185 1140 quidem
2236 1051 2475 1121 horam
2537 1072 2685 1121 erre
2716 1051 2885 1138 quin
2913 1073 3086 1120 con-

552 1149 922 1209 vertantur.
960 1144 1333 1210 Percussus
1365 1139 1548 1209 enim
1587 1139 1776 1212 suisti
1807 1141 2011 1210 etiam
2048 1141 2228 1211 malo
2261 1140 2512 1220 ulcere,
2553 1161 2799 1229 nempe
2828 1140 3085 1210 ultima

553 1250 824 1316 quoque
850 1228 980 1298 Job
1009 1229 1233 1319 plaga.
1273 1234 1448 1298 Haec
1484 1229 1653 1299 mihi
1703 1231 1801 1300 sic
1849 1229 2217 1311 dubitanti,
2256 1230 2529 1298 divinae
2577 1229 2760 1299 vocis
2807 1230 2893 1299 ad
2942 1230 3083 1299 Job

555 1339 675 1408 per
708 1317 1054 1388 turbinem
1104 1317 1277 1388 mihi
1324 1317 1507 1388 venit
1551 1318 1638 1388 ad
1690 1332 2011 1401 mentem,
2067 1342 2200 1389 non
2252 1319 2390 1388 alia
2435 1318 2519 1387 de
2567 1340 2774 1388 causa
2819 1332 2880 1389 te
2926 1342 3081 1389 san-

554 1418 737 1476 ctum
791 1407 957 1476 haec
1007 1428 1287 1497 passum
1320 1430 1489 1489 esse,
1528 1429 1738 1494 quam
1786 1420 1863 1478 ut
1908 1414 2148 1478 Justus
2181 1421 2258 1479 ut
2289 1407 2403 1477 ille
2437 1409 2826 1497 appareres.
2869 1409 3085 1479 Credo

556 1508 783 1566 autem
851 1496 1141 1586 sapienti
1215 1519 1487 1584 quoque
1536 1496 1905 1579 Salomoni,
1961 1498 2082 1585 qui
2130 1497 2215 1566 de
2263 1497 2506 1566 virtute
2556 1497 2882 1586 praeditis
2931 1499 3090 1567 ani-

557 1585 803 1654 mabus
852 1585 951 1656 sic
989 1585 1256 1655 docuit:
1293 1593 1637 1656 „Iustorum
1669 1590 1934 1656 animae
1967 1590 2034 1656 in
2066 1610 2274 1656 marm
2301 1588 2425 1655 Dei
2456 1596 2633 1667 sunt,
2672 1597 2734 1655 et
2765 1610 2894 1656 non
2935 1599 3091 1657 tan-

554 1686 666 1764 ‚qet
698 1698 811 1744 eas
843 1686 1240 1745 tormentum
1278 1678 1530 1745 mortis.
1578 1678 1766 1746 Visae
1810 1688 1963 1745 sunt
2011 1678 2221 1746 ocules
2275 1676 2732 1766 insipientium
2780 1679 2975 1756 mori,
3025 1689 3090 1746 et

554 1775 874 1854 reputata
906 1775 1000 1835 est
1033 1766 1309 1855 afflictio
1343 1789 1568 1835 corum
1603 1768 1861 1846 eoez'tus;
1909 1768 2024 1835 illi
2059 1776 2280 1836 autem
2313 1775 2467 1834 sunt
2517 1766 2588 1834 in
2620 1788 2869 1855 pace...
2915 1771 3094 1849 Quo-

559 1855 745 1923 niam
780 1859 953 1924 Deus
993 1857 1268 1924 tentavit
1301 1878 1429 1935 cos,
1466 1864 1528 1925 et
1560 1857 1810 1925 invenit
1843 1877 1948 1924 cos
1988 1855 2221 1945 diynos
2266 1876 2355 1922 se.
2425 1859 2783 1945 Tamquam
2835 1878 3092 1924 aarum

561 1954 689 2012 etc.
741 1943 932 2035 (Sap.
1002 1944 1127 2034 111).
1182 1948 1353 2034 Ergo
1401 1944 1526 2014 etsi
1579 1966 1703 2014 nos
1751 1944 2063 2015 molestia
2110 1943 2336 2012 affecit
2384 1955 2500 2012 tua
2563 1964 2737 2030 quae
2806 1942 2938 2013 fuit
2999 1945 3090 2013 ad

560 2031 759 2101 breve
792 2042 1063 2123 tempus
1110 2032 1569 2113 imbecillitas,
1624 2044 1700 2103 ut
1743 2034 1862 2119 qui
1899 2054 2032 2103 non
2083 2032 2689 2122 investigassemus
2729 2031 3091 2120 judicium

563 2119 930 2191 laudabilis
980 2131 1135 2192 tuae
1184 2121 1602 2203 tolerantiae,
1654 2122 1837 2209 quod
1878 2133 2197 2211 operetur
2235 2121 2741 2211 probationem;
2789 2134 2859 2191 at
2897 2143 3095 2190 nunc

562 2210 881 2281 novimus
950 2210 1133 2298 quod
1214 2233 1464 2302 corpus
1513 2221 1667 2301 post
1723 2210 1994 2280 animae
2041 2210 2204 2280 hinc
2259 2231 2663 2290 excessum,
2722 2213 3089 2301 proprium

561 2312 1020 2386 consequetur
1065 2300 1418 2370 honorem.
1485 2300 1728 2370 Nullus
1793 2299 1975 2368 enim
2043 2298 2173 2369 fuit
2232 2321 2358 2368 nec
2425 2320 2504 2368 ex
2551 2298 2817 2370 civibus
2864 2321 3096 2387 neque

561 2388 855 2459 externis
916 2389 1039 2476 qui
1104 2411 1238 2458 non
1298 2389 1610 2479 diligenti
1671 2388 1898 2459 studio
1962 2389 2112 2479 ejus
2159 2388 2229 2457 in
2279 2388 2712 2479 amplexibus
2762 2392 3091 2458 Sanctum

563 2498 699 2547 non
750 2477 1165 2550 salutaverit.
1223 2478 1537 2549 Mulieres
1584 2488 1813 2549 autem
1849 2499 2094 2570 pueros
2125 2490 2190 2549 et
2220 2477 2545 2549 lactentes
2594 2476 3092 2559 infanteS,‘im-

564 2566 893 2658 pellentes
940 2579 1005 2637 et
1037 2568 1375 2659 repulsae,
1434 2568 1893 2658 irrumpentes
1930 2581 1996 2639 et
2039 2569 2492 2658 insurgentes
2547 2569 2945 2656 flentesque,
3000 2566 3087 2636 ad

564 2655 891 2745 reliquias
938 2658 1307 2728 efferebant
1354 2658 1585 2728 animo
1632 2657 1831 2728 valde
1869 2658 2131 2738 anxiae,
2169 2680 2255 2727 ne
2287 2657 2344 2729 si
2383 2656 2551 2728 forte
2583 2656 2890 2728 ablatum
2924 2656 3089 2726 suis·

566 2759 663 2817 set
694 2769 968 2838 corpus,
1021 2747 1429 2818 charissima
1476 2747 1910 2838 privarentur
1941 2770 2020 2816 ex
2052 2747 2205 2835 eJus
2235 2755 2553 2817 contactu
2587 2746 3077 2816 benedictione.

448 2900 455 2908 .
564 2841 769 2906 Nemo
818 2848 1043 2906 autem
1088 2838 1324 2920 nescit,
1377 2836 1559 2923 quod
1594 2859 1755 2907 cum
1786 2836 2286 2924 quatriduanae
2323 2836 2472 2925 jam
2511 2850 2738 2908 essent
2784 2834 3082 2914 exuviae,

564 2924 962 2995 adolescens
1008 2925 1289 3014 quidem
1337 2937 1579 3015 captus
1626 2924 1757 2996 fuit
1802 2948 1842 2995 a
1888 2925 2243 2996 daemone.
2293 2924 2428 3007 Qui
2474 2946 2634 2994 cuni
2686 2924 2972 2995 meridie
3001 2923 3092 2993 ad

571 3025 764 3083 tuum
826 3026 1017 3085 actus
1064 3026 1239 3084 esset
1286 3014 1726 3104 sepulcrum,
1783 3013 2034 3104 inclyte
2080 3019 2321 3095 Pater,
2381 3023 2444 3082 et
2496 3014 2930 3083 vehementer
2985 3012 3095 3082 di·

564 3114 1010 3194 scerperetur,
1073 3103 1222 3194 ipso
1267 3103 1376 3173 die
1427 3102 1556 3173 suit
1610 3125 1649 3172 a
1712 3103 2000 3193 maligni
2054 3103 2403 3173 vexatione
2471 3101 2821 3193 liberatuse

652 3194 688 3280 ὅ
739 3196 891 3265 25.
958 3197 1057 3261 Tu
1117 3214 1273 3262 vero
1331 3198 1522 3261 Pater
1578 3204 1832 3274 sancte,
1894 3192 2014 3280 qui
2066 3191 2344 3263 evolasti
2398 3189 2484 3260 ad
2535 3214 2615 3262 ea
2664 3214 2841 3280 quae
2880 3213 3101 3282 supra

567 3301 848 3351 sensum
897 3291 961 3350 et
1006 3280 1485 3371 cogitationem
1534 3292 1719 3361 sunt,
1772 3293 1837 3351 et
1883 3282 2161 3354 sortitus
2207 3304 2280 3351 es
2338 3302 2515 3368 quae
2562 3292 2725 3351 sunt
2779 3279 3093 3362 meliora,

567 3382 911 3440 memento
961 3382 1237 3441 tuorum
1287 3370 1613 3452 filiorum,
1669 3370 1903 3458 eisque
1951 3370 2137 3442 adsis
2175 3385 2240 3443 et
2284 3391 2398 3439 eos
2446 3392 2637 3439 serva
2684 3381 2749 3439 et
2795 3369 3096 3449 custodi,

566 3471 643 3529 ut
692 3472 807 3529 tua
872 3471 1232 3547 sequentes
1290 3460 1575 3550 vestigia
1637 3460 2035 3550 perveniant
2081 3459 2166 3529 ad
2234 3469 2421 3528 tuam
2472 3459 2738 3529 beatam
2794 3458 3103 3528 mansio-

567 3570 748 3617 nem.
834 3548 1076 3619 Ovium
1135 3549 1362 3639 gregis
1416 3550 1515 3619 tui
1570 3570 1655 3618 ne
1713 3548 2187 3627 obliviscaris,
2256 3546 2376 3617 sed
2436 3549 2558 3617 etsi
2621 3547 3096 3637 spiritualium

569 3637 817 3709 srderis
848 3638 1090 3729 gloria,
1129 3639 1312 3708 circa
1343 3637 1722 3708 divinitatis
1750 3660 2026 3709 versans
2062 3635 2673 3728 pulchritudinem,
2704 3658 2837 3706 nos
2867 3637 3106 3728 aspice

567 3738 632 3796 et
703 3727 916 3797 nostri
984 3728 1304 3798 miserere
1365 3749 1539 3815 quos
1594 3727 2026 3817 congregasti
2086 3738 2149 3796 et
2200 3726 2545 3817 orphanos
2593 3725 2954 3813 reliquisti.
3027 3731 3103 3796 In

569 3816 931 3887 verborum
995 3828 1267 3887 tuorum
1327 3816 1636 3886 doctrina
1690 3816 2068 3896 confirma,
2136 3815 2202 3883 in
2268 3828 2544 3886 tuorum
2599 3836 2886 3905 operum
2947 3814 3107 3883 imi-

572 3905 823 3975 tatione
882 3906 1272 3976 corrobora:
1337 3904 1425 3975 da
1486 3906 1719 3987 nobis,
1786 3905 1905 3992 qui
1969 3904 2228 3974 mundo
2282 3904 2783 3985 valediximuS,
2851 3925 3108 3993 pacem

572 3994 819 4064 Christi
874 4001 1038 4064 Jesu
1096 3994 1364 4065 Domini
1416 3994 1652 4077 nostri,
1690 3994 1804 4066 cui
1857 3993 2076 4085 gloria
2130 4007 2194 4064 et
2244 3993 2550 4084 potentia
2602 4015 2762 4062 cum
2813 3997 3011 4063 Patre
3046 4004 3113 4062 et

574 4088 816 4154 Sancto
876 4084 1136 4174 Spiritu
1176 4083 1261 4183 ,1¹¹
1321 4085 1574 4155 secula.
2721 4100 2724 4103 ·
