3327 4999
192 307 439 375 MART.
496 307 580 371 20
805 326 884 371 DE
934 326 989 373 s.
1044 325 1409 373 curnassn‘ro
1458 326 1658 374 Emsc.
1715 325 2112 373 L1Nn1srAaN.
2534 309 2664 373 405

193 430 536 499 saporem.
583 409 915 494 Tantique
963 409 1097 479 sibi
1161 421 1393 479 testem
1436 410 1669 479 volens
1717 409 2045 479 adhibere
2097 407 2418 477 miraculi
2468 409 2751 478 fratrem

192 498 315 583 qui
370 498 673 587 proxime
723 498 1011 577 astabat,
1081 499 1381 588 porrexit
1426 498 1488 566 ei
1539 497 1895 588 poculum.
1943 498 2073 579 Qui
2121 519 2283 565 cum
2333 510 2397 565 et
2446 497 2596 587 ipse
2644 498 2753 566 bi-

190 585 404 666 beret,
440 585 726 674 ejusque
774 607 1051 671 quoque
1099 586 1323 674 palato
1359 608 1482 676 pro
1531 608 1714 672 aqua
1761 584 1999 652 vinum
2046 584 2378 674 sapiebat.
2433 580 2750 674 Aspecta-

189 673 362 742 bant
410 686 638 742 autem
684 673 1015 742 mirantes
1063 674 1473 742 adinvicem.
1540 679 1617 743 Et
1666 672 1785 741 ubi
1837 695 2133 740 vacuum
2189 685 2463 761 tempus
2512 673 2598 741 ad
2652 673 2753 742 lo-

190 761 551 847 quendum
601 772 1038 851 acceperunt,
1096 762 1602 830 confitebantur
1660 761 2098 840 alterutrum,
2138 762 2303 846 quia
2355 761 2755 831 viderentur

192 848 329 917 sibi
370 871 732 935 nunquam
780 849 1030 917 melius
1080 850 1316 918 vinum
1379 849 1660 929 bibisse,
1701 849 1880 920 sicut
1928 870 2115 917 unus
2163 870 2242 917 ex
2291 848 2466 938 ipsis
2517 861 2756 938 postea

191 938 263 1005 in
298 949 528 1006 nostro
580 937 992 1006 monasterio
1027 937 1209 1021 quod
1260 950 1362 1005 est
1390 937 1476 1005 ad
1509 938 1762 1006 ostium
1801 936 1971 1004 Wiri
1998 935 2335 1017 fluminis,
2372 958 2507 1005 non
2546 958 2755 1025 parvo

193 1035 499 1113 tempore
551 1037 879 1107 moratUS,
934 1025 1332 1110 ibidemque
1383 1048 1570 1095 nunc
1622 1023 1901 1115 placida
1947 1024 2175 1110 quiete
2225 1024 2564 1114 sepultuS,
2627 1046 2756 1094 sua

194 1112 371 1180 mihi
415 1112 744 1181 relatione
792 1124 1081 1181 testatus
1127 1125 1251 1182 est.

283 1208 321 1279 ἓ
386 1205 551 1271 39.
608 1202 887 1270 Duobus
921 1201 1132 1289 igitur
1178 1201 1383 1270 annis
1431 1200 1500 1268 in
1542 1201 1948 1290 episcopatu
1983 1199 2369 1279 transactis,
2421 1199 2648 1268 sciens
2679 1198 2750 1267 in

189 1310 224 1358 s
284 1287 447 1356 iritu
494 1289 594 1355 vir
635 1288 907 1357 Domini
955 1288 1366 1360 Cuthbertus
1412 1290 1977 1379 appropinquare
2010 1287 2193 1355 diem
2227 1287 2337 1356 sui
2390 1287 2747 1367 transitus,

189 1399 230 1446 a
274 1376 443 1465 jecit
505 1376 776 1465 pondus
842 1398 1048 1445 curae
1116 1376 1514 1465 pastoraliS,
1572 1389 1774 1462 atque
1835 1376 1918 1444 ad
1972 1375 2303 1443 dilectum
2353 1375 2747 1444 eremiticae

187 1464 735 1534 conversationis
766 1485 1056 1553 agonem
1106 1477 1540 1553 quantocyus
1574 1486 1878 1533 remeare
1909 1463 2199 1541 curavit,
2231 1476 2572 1549 quatenus
2606 1463 2752 1532 ino-

192 1552 316 1621 lita
366 1552 498 1620 sibi
550 1552 1014 1622 solicitudinis
1077 1553 1471 1621 mundanae
1532 1553 1839 1642 spineta,
1915 1550 2196 1621 liberior
2248 1550 2514 1639 priscae
2562 1572 2752 1619 com—

192 1640 595 1729 punctionis
643 1640 927 1707 ssamma
974 1651 1431 1709 consumeret.
1469 1640 1763 1730 Repetiit
1803 1653 2036 1708 autem
2089 1638 2390 1707 insulam
2444 1638 2752 1707 mansio-

192 1749 496 1813 nemque
559 1750 756 1796 suam
830 1727 933 1795 vir
982 1727 1096 1795 Dei
1163 1728 1623 1809 CuthbertuS,
1694 1751 1852 1797 mox
1929 1738 2202 1817 peracto
2275 1726 2386 1794 die
2459 1726 2753 1794 solemni

192 1815 573 1884 nativitatis
596 1814 1012 1884 Dominicae.
1041 1820 1346 1901 Cumque
1363 1838 1519 1884 eum
1555 1838 1795 1885 navem
1831 1836 2287 1886 ascensurum
2320 1827 2590 1883 caterva
2613 1813 2750 1882 fra-

196 1916 383 1972 trum
436 1904 937 1982 circumstaret,
977 1902 1418 1991 interrogavit
1450 1926 1638 1974 unus
1668 1926 1748 1972 ex
1797 1904 1896 1971 eis
1944 1915 2310 1971 veteranus
2358 1913 2423 1970 et
2471 1924 2752 1970 venera·

195 1990 363 2061 bilis
399 1990 573 2059 vitae
622 1990 1029 2069 monachuS,
1083 1989 1277 2058 fortis
1332 1991 1611 2077 quidem
1665 1991 1824 2071 fide,
1862 1990 1982 2059 sed
2032 1990 2465 2078 dysenteriae
2514 1989 2755 2058 morbo

195 2100 485 2168 corpore
524 2079 670 2169 jam
722 2077 943 2148 factus
993 2078 1397 2147 imbecillis:
1432 2078 1593 2147 «Dic
1626 2078 1850 2158 nobiS,
1890 2078 2239 2163 inquiens,
2281 2076 2566 2145 Domine
2614 2078 2758 2165 epi-

196 2189 429 2255 scope,
482 2166 762 2251 quando
793 2166 1092 2266 reditum
1126 2178 1319 2234 tuum
1374 2187 1649 2255 sperare
1699 2166 2151 2234 debeamus»
2192 2170 2270 2234 At
2315 2164 2432 2232 ille
2481 2164 2756 2254 simpli-

194 2254 369 2323 citer
416 2255 889 2344 interroganti,
946 2254 1355 2343 slmpliciter
1382 2267 1447 2323 et
1494 2254 1665 2342 ipse,
1703 2253 1887 2340 quod
1940 2274 2178 2320 verum
2231 2264 2532 2331 noverat,
2586 2275 2758 2341 pan-

201 2341 419 2410 dens:
475 2343 830 2424 «QuandO,
885 2343 1134 2428 inquit,
1209 2364 1436 2411 meum
1487 2364 1742 2431 corpus
1785 2342 1921 2409 huc
1980 2340 2360 2408 reseretis»
2413 2341 2543 2422 Qui
2593 2362 2757 2409 cum

200 2430 381 2498 duos
430 2429 641 2498 ferme
684 2453 956 2499 menses
1003 2430 1074 2497 in
1128 2452 1378 2520 magna
1429 2430 1756 2519 repetitae
1814 2451 1980 2498 suae
2041 2427 2293 2514 quietis
2342 2427 2760 2499 exultatione

196 2518 629 2606 transigeret,
681 2519 898 2587 multo
946 2531 1317 2587 consuetae
1363 2518 1816 2587 districtionis
1866 2518 2090 2606 rigore
2138 2538 2395 2604 corpus
2424 2529 2755 2584 mentem-

189 2627 329 2691 que
362 2606 883 2695 constringeret,
942 2619 1259 2694 arreptus
1295 2606 1694 2675 infirmitate
1724 2605 1976 2684 subita,
2016 2604 2418 2694 temporalis
2451 2604 2608 2694 igne
2639 2603 2759 2672 do-

190 2692 363 2762 loris
401 2693 484 2761 ad
532 2707 901 2783 perpetuae
949 2694 1173 2784 coepit
1223 2693 1670 2763 beatitudinis
1719 2692 1976 2792 gaudia
2016 2690 2439 2793 praeparari.
2639 2773 2655 2791 .

281 2784 318 2866 ξ
379 2786 545 2853 4⁰.
599 2782 806 2864 Cujus
855 2782 1119 2851 obitum
1174 2781 1338 2850 libet
1372 2781 1597 2851 verbis
1648 2781 1863 2858 illius,
1919 2803 2124 2870 cujus
2153 2779 2484 2848 relatione
2513 2779 2752 2861 didici,

190 2866 622 2948 describere,
684 2869 1021 2937 Herefridi
1084 2869 1401 2939 videlicet
1451 2869 1730 2938 devotae
1795 2868 2151 2968 religionis
2202 2867 2585 2957 presbyteri
2633 2868 2757 2952 qui

188 2955 398 3024 etiam
450 2969 615 3024 tunc
663 2955 1211 3025 Lindisfarnensi
1253 2957 1673 3026 monasterio
1723 2957 2000 3025 Abbatis
2044 2956 2202 3044 jure
2245 2954 2566 3045 praefuit.
2607 2956 2755 3023 Tri-

186 3043 347 3123 buS,
387 3043 633 3129 inquit,
679 3043 1231 3112 hebdomadibus
1279 3045 1632 3114 continuis
1681 3044 2086 3113 infirmitate
2127 3044 2492 3125 decoctus,
2532 3043 2632 3111 sic
2667 3042 2753 3110 ad

186 3143 492 3200 extrema
525 3132 852 3219 pervenit.
901 3131 1254 3217 Siquidem
1303 3135 1553 3216 quarta
1601 3131 1772 3201 feria
1819 3132 2043 3220 coepit
2082 3144 2459 3221 aegrotare,
2505 3143 2569 3199 et
2603 3153 2757 3198 rur-

192 3241 317 3288 sus
364 3223 610 3305 quarta
659 3218 851 3298 feria,
917 3219 1112 3288 finita
1174 3220 1646 3308 aegritudine,
1716 3219 2041 3309 migravit
2091 3219 2175 3286 ad
2228 3219 2624 3287 Dominum.
2679 3223 2758 3287 At

189 3327 353 3375 cum
406 3328 609 3374 mane
677 3307 899 3396 primo
956 3307 1315 3375 inchoatae
1378 3306 1805 3375 infirmitatis
1869 3307 2172 3375 venirem
2239 3307 2434 3395 (nam
2485 3317 2551 3375 et
2598 3319 2756 3374 ante

188 3392 504 3463 triduum
554 3416 717 3463 cum
766 3392 1096 3464 fratribus
1145 3394 1448 3462 insulam
1483 3394 1846 3480 adieram),
1906 3394 2199 3482 cupiens
2249 3393 2489 3462 solitae
2550 3393 2758 3461 bene-

189 3480 518 3549 dictionis
564 3494 628 3549 et
674 3481 1165 3551 exhortationis
1213 3482 1299 3550 ab
1348 3503 1426 3550 eo
1490 3482 1735 3551 solatia
1803 3482 2178 3570 percipere,
2235 3493 2313 3549 ut
2359 3480 2518 3549 dato
2558 3481 2759 3568 juxta

190 3590 453 3638 morem
513 3569 711 3658 signo
762 3591 871 3638 me
917 3570 1277 3639 advenisse
1327 3569 1626 3660 prodidi,
1692 3569 2028 3659 processit
2087 3569 2169 3636 ad
2240 3567 2640 3647 fenestram,
2692 3580 2764 3636 et

188 3656 520 3726 salutanti
571 3679 643 3725 se
693 3657 864 3725 mihi
914 3657 1296 3747 suspirium
1350 3679 1474 3746 pro
1524 3678 1858 3746 responso
1896 3655 2218 3724 reddidit.
2252 3655 2372 3723 Cui
2422 3676 2548 3744 ego
2582 3654 2751 3723 dixi:

184 3744 425 3826 «Quid
477 3744 712 3824 habe-S,
754 3745 1037 3813 Domine
1098 3745 1188 3813 mi
1241 3746 1616 3834 episcope?
1677 3742 1988 3811 an'forte
2037 3754 2234 3811 nocte
2286 3742 2413 3810 hac
2463 3754 2626 3811 tuus
2693 3756 2756 3811 te

189 3832 304 3900 lan
363 3853 489 3900 uor
538 3833 860 3921 tetigit?»
911 3835 986 3901 At
1019 3832 1168 3900 ille:
1225 3833 1530 3911 «Etiam,
1576 3831 1826 3916 inquit,
1875 3831 2173 3916 languor
2220 3850 2330 3898 me
2363 3830 2583 3920 tetigit
2632 3851 2758 3899 no-

187 3934 293 3990 cte
376 3941 477 3989 ac.
514 3945 538 3983 υ
594 3920 954 4002 Putabam,
994 3921 1159 4006 quia
1206 3918 1293 3988 de
1340 3919 1544 3988 veteri
1610 3941 1740 3987 sua
1788 3917 2217 3998 infirmitate,
2276 3917 2481 4002 cujus
2530 3919 2758 4003 quoti-

190 4007 403 4076 diana
453 4029 625 4097 pene
664 4007 981 4077 molestia
1019 4018 1467 4077 consueverat
1505 4005 1815 4092 excoqui,
1872 4026 2012 4073 non
2071 4018 2302 4075 autem
2338 4004 2422 4074 de
2471 4027 2648 4074 nova
2694 4018 2762 4075 et

184 4095 463 4164 insolita
493 4095 770 4165 diceret.
808 4100 939 4164 Nec
973 4095 1175 4185 plura
1204 4095 1680 4183 interrogans:
1738 4116 1773 4158 «
1804 4098 1917 4173 Da,
1964 4093 2278 4179 inquam,
2324 4093 2751 4163 benedictio—

190 4205 348 4252 nem
402 4183 624 4263 nobiS,
692 4184 856 4269 quia
911 4183 1058 4273 jam
1117 4194 1392 4271 tempus
1462 4180 1837 4270 navigandi
1898 4202 1977 4249 ac
2042 4180 2328 4250 domum
2400 4179 2758 4250 remeandi

188 4271 421 4341 adest:
452 4300 475 4332 υ
507 4310 597 4320 --
627 4293 662 4336 «
690 4270 936 4352 Facite,
990 4269 1238 4356 inquit,
1277 4281 1354 4337 ut
1383 4268 1559 4337 dicis
1588 4292 1601 4332 ε
1657 4266 2010 4338 ascendite
2043 4289 2313 4348 navem,
2351 4291 2433 4339 ac
2468 4267 2757 4363 domum

188 4359 355 4428 salvi
406 4359 643 4428 redite.
687 4363 851 4428 Cum
904 4370 1131 4428 autem
1183 4362 1362 4427 Deus
1410 4357 1791 4447 susceperit
1836 4356 2144 4426 animam
2187 4378 2436 4438 meam,
2475 4353 2756 4444 sepelite
