3327 4999
697 330 828 396 588
1441 346 1521 394 nn
1568 347 1624 394 s.
1678 344 1987 395 unumne
2030 341 2330 394 :viscora
2728 325 2836 394 Ex
2876 327 3054 395 1111..
3105 330 3152 397 4

607 430 788 512 aliis,
825 441 903 500 ut
947 442 1105 501 ante
1151 430 1406 500 exitum
1459 430 1674 500 nostri
1709 430 2045 500 sermonis
2076 430 2242 500 satis
2290 428 2570 520 patebit,
2608 439 2674 499 et
2721 451 2978 500 arcana
3027 432 3154 502 Dei

607 520 779 589 vidit
833 532 898 589 et
944 519 1226 599 audivit,
1278 531 1346 589 et
1390 519 1835 589 salvationem
1887 540 2024 587 non
2074 531 2341 588 tantum
2390 540 2557 587 suae
2616 519 2861 608 gentis,
2914 519 3035 588 sed
3085 532 3161 593 et

609 608 986 679 multorum
1039 608 1451 698 populorum
1500 631 1580 678 co
1633 608 1842 678 novit.
1897 614 2076 677 Haec
2112 629 2244 677 non
2283 608 2539 697 passim
2592 619 2756 677 tunc
2805 607 2912 676 vul
2970 610 3160 678 iau-

612 697 809 767 ribus
868 719 941 767 se
999 696 1297 766 inaniter
1332 698 1562 786 jactan
1619 719 1658 766 o
1706 696 2106 787 divulgavit,
2174 696 2290 767 sed
2340 696 2606 787 paucis,
2659 718 2834 783 quos
2880 719 2921 766 a
3018 698 3160 769 hoc

607 786 857 876 dignos
902 784 1141 865 duxit,
1208 798 1465 855 secreto
1534 786 2014 857 manifestavit.
2067 789 2223 875 Ipse
2267 807 2426 855 vero
2474 784 2777 854 sentiens
2836 807 2911 854 se
2959 798 3157 858 tanto

606 874 884 944 divinae
952 874 1210 974 gratiae
1253 873 1435 943 dono
1485 868 1927 964 praeventu'm
1960 927 1976 957 ‚
2043 896 2180 943 non
2246 895 2319 943 se
2365 873 2669 963 erigebat
2730 874 2801 942 in
2869 873 3093 944 altum
3134 931 3152 957 ‚

612 963 730 1032 sed
780 983 1014 1032 omma
1062 962 1392 1032 referebat
1436 963 1519 1032 ad
1573 962 1815 1044 illum,
1878 985 1918 1032 a
1977 984 2114 1049 quo
2178 976 2537 1053 acceperat
2599 962 2931 1050 quicquid
2983 964 3157 1036 boni

612 1051 931 1129 habebat,
989 1050 1090 1121 vel
1137 1072 1285 1121 esse
1334 1064 1614 1143 poterat,
1668 1051 1908 1122 dicens
1939 1074 2098 1121 cum
2150 1051 2505 1142 Apostolo:
2560 1052 2788 1122 Gratia
2835 1051 2952 1121 Dei
2992 1072 3155 1123 sum

612 1139 709 1219 id,
765 1139 947 1227 quod
998 1162 1180 1209 sum.

704 1236 740 1309 ἓ
806 1230 965 1300 1⁰.
1017 1228 1246 1329 Coepit
1293 1228 1506 1318 igitur
1550 1228 1903 1298 commissi
1937 1228 2069 1297 sibi
2119 1228 2347 1319 gregis
2392 1249 2630 1297 curam
2660 1250 2886 1319 agere,
2928 1230 3158 1299 talen-

614 1327 761 1386 tum
812 1317 945 1387 sibi
984 1317 1320 1387 creditum
1375 1339 1505 1386 non
1549 1316 1829 1388 sudario
1858 1316 1954 1386 illi
2011 1330 2197 1385 atum
2237 1329 2450 1387 terrae
2480 1317 2994 1397 commendare,
3031 1318 3154 1389 sed

613 1417 694 1475 ut
740 1405 964 1475 bonus
1013 1405 1198 1475 verbi
1244 1406 1359 1474 Dei
1408 1405 1862 1496 dispensator,
1898 1341 2008 1473 adg
2020 1428 2301 1482 usuram
2353 1406 2900 1475 accommodare.
2957 1408 3155 1477 Unde

615 1516 781 1564 suae
827 1493 1201 1565 dioecesios
1240 1496 1566 1564 terminos
1607 1495 1883 1584 saepius
1933 1493 2267 1575 lustravit,
2321 1517 2400 1564 ac
2447 1495 2881 1585 congregatis
2913 1517 3155 1566 coram

615 1604 688 1655 se
735 1582 1005 1652 clericis
1051 1605 1130 1652 ac
1179 1582 1394 1663 laicis,
1449 1582 1763 1674 pervigili
1804 1582 2068 1654 studuit
2125 1587 2292 1652 cura
2339 1584 2773 1673 investigare,
2823 1584 3155 1673 inprimis

614 1671 912 1758 qualiter
957 1671 1089 1762 ipsi
1129 1671 1576 1741 ecclesiarum
1626 1672 2006 1762 presbyteri
2040 1692 2201 1739 cum
2236 1672 2382 1741 suis
2420 1672 2754 1741 ministris
2804 1671 3145 1742 viverent:

613 1773 849 1830 utrum
893 1759 1229 1850 populum
1282 1775 1458 1829 recte
1505 1783 1582 1828 ac
1631 1760 2015 1830 secundum
2057 1760 2463 1830 catholicam
2506 1760 2892 1829 doctrinam
2941 1761 3151 1832 doce-

615 1861 790 1921 rent.
829 1871 907 1918 ac
953 1849 1134 1936 quod
1189 1849 1675 1949 praedicabant
1739 1872 1877 1928 ore,
1932 1862 1998 1918 et
2043 1871 2245 1938 opere
2293 1848 2680 1939 implerent.
2739 1849 2999 1919 Deinde
3044 1850 3152 1918 di-

615 1938 974 2016 scutiebat,
1014 1938 1071 2007 si
1124 1937 1276 2006 laici
1326 1959 1562 2006 eorum
1598 1938 1950 2006 doctrinae
1975 1938 2351 2019 obedirent,
2381 1939 2434 2006 si
2472 1938 2543 2006 in
2600 1938 2973 2008 Dominicis
3002 1938 3149 2007 die-

615 2026 750 2096 bus
781 2039 846 2095 et
890 2026 1047 2096 aliis
1088 2038 1478 2096 sanctorum
1530 2025 2082 2095 solemnitatibus
2129 2027 2215 2095 ab
2262 2049 2463 2117 opere
2511 2026 2750 2095 illicito
2800 2040 3142 2109 vacarent,

616 2115 674 2183 si
708 2114 1155 2184 ecclesiarum
1199 2113 1438 2183 limina
1486 2136 1589 2194 ea,
1643 2137 1782 2202 qua
1818 2114 2166 2193 deberent,
2207 2115 2562 2185 devotione
2611 2114 3145 2201 frequentarent,

617 2216 740 2273 aut
786 2204 1096 2273 Decimas
1142 2215 1322 2272 recte
1367 2204 1646 2273 darent:
1703 2204 2055 2291 multaque
2095 2204 2159 2272 id
2200 2227 2442 2294 genus,
2489 2204 2608 2272 His
2643 2204 2733 2273 ita
2773 2204 3150 2293 investiga-

619 2292 730 2371 tis,
783 2313 1096 2379 quaequc
1141 2303 1337 2361 erant
1384 2305 1525 2361 rata
1570 2306 1636 2362 et
1665 2292 1838 2362 bene
1883 2293 2221 2372 ordinata,
2257 2291 2561 2362 laudavit
2591 2306 2655 2361 et
2683 2293 3144 2363 confirmavit:

616 2402 797 2467 quae
846 2402 999 2449 vero
1045 2380 1263 2462 aliter,
1306 2381 1594 2451 correxit
1648 2393 1714 2451 et
1757 2381 2166 2451 emendavit.
2236 2382 2782 2451 Simoniacorum
2832 2382 3148 2452 haeresin

618 2469 818 2557 quasi
868 2469 1321 2560 perniciosam
1390 2482 1643 2561 pestem
1712 2469 2146 2540 devitandam
2203 2491 2350 2540 esse
2398 2470 2779 2552 admonuit,
2831 2493 3148 2542 asserens

617 2570 989 2650 perpetuae
1036 2558 1402 2628 tradendos
1452 2581 1709 2650 poenae
1741 2560 1861 2646 qui
1903 2560 2165 2629 haeresi
2202 2559 2362 2629 huic
2403 2560 2864 2646 nequissimae
2917 2561 3154 2632 stude-

616 2661 769 2717 rent
817 2649 1087 2717 animos
1137 2647 1492 2717 inclinare.
1551 2649 1740 2717 Unde
1787 2670 2169 2735 numquam
2222 2670 2343 2739 pro
2405 2647 2821 2717 Clericorum
2869 2650 3152 2719 ordina-

616 2737 821 2816 tione,
878 2736 975 2806 vel
1027 2736 1471 2805 ecclesiarum
1523 2738 2032 2807 consecratione
2079 2737 2439 2827 quippiam
2490 2737 2799 2806 muneris
2843 2739 3147 2828 accepit:

622 2825 738 2895 sed
792 2825 972 2894 sicut
1018 2825 1088 2893 in
1133 2825 1311 2893 sacri
1356 2824 1753 2894 chrismatis
1792 2825 2114 2895 unctione
2173 2847 2296 2915 per
2340 2826 2852 2915 impositionem
2901 2848 3160 2896 manus

623 2914 956 3004 Spiritum
1009 2917 1332 2981 Sanctum
1386 2912 1806 3002 paracletum
1860 2914 2072 3003 gratis
2120 2913 2328 2993 dedit,
2369 2914 2460 2983 ita
2501 2926 2565 2983 et
2614 2915 2740 2984 ista
2787 2916 3152 2997 concessit,

621 3003 850 3072 sciens
898 3024 937 3070 a
979 3001 1264 3071 Domino
1314 3017 1791 3091 praeceptum:
1845 3004 2066 3073 Gratis
2099 3003 2482 3093 accepistis,
2523 3004 2735 3093 gratis
2780 3003 2976 3073 date:
3012 3004 3154 3072 nisi

620 3089 789 3160 forte
831 3089 964 3180 ipsi
1010 3088 1457 3159 ecclesiarum
1493 3089 1890 3161 fundatores
1937 3091 2194 3178 aliquid
2257 3112 2379 3182 pro
2428 3092 2606 3160 bona
2657 3091 3001 3162 voluntate
3048 3091 3155 3162 of-

622 3178 899 3260 ferrent,
951 3191 1018 3246 et
1064 3178 1192 3246 hoc
1241 3177 1435 3247 illum
1495 3201 1615 3269 pro
1663 3181 2039 3269 gratiarum
2084 3181 2349 3249 actione
2398 3181 2747 3269 suscipere
2802 3193 3147 3270 rogarent.

706 3270 743 3354 ξ
809 3272 940 3339 11.
994 3266 1251 3336 Accidit
1300 3280 1461 3336 tunc
1495 3270 1846 3369 temporis,
1902 3280 1977 3338 ut
2024 3268 2199 3338 inter
2245 3268 2682 3358 Ludolphum
2720 3271 2982 3339 Ottonis
3013 3276 3154 3338 Ma-

620 3357 735 3447 gni
791 3356 1231 3446 Imperatoris
1270 3356 1492 3425 filium
1540 3378 1661 3442 qut
1710 3358 2245 3428 Alamannorum
2294 3357 2481 3447 genti
2529 3373 2860 3458 praeerat,
2903 3372 2968 3428 et
2998 3359 3154 3448 ejus

617 3458 941 3545 patruum
993 3444 1365 3513 Henricum
1402 3446 1799 3515 Noricorum
1853 3452 2129 3526 Ducem,
2180 3445 2584 3517 orireturlis
2608 3447 2983 3535 odiumque
3034 3469 3156 3537 per

616 3533 1128 3624 instigationem
1179 3546 1480 3615 satanae,
1531 3549 1598 3603 et
1640 3555 1722 3603 ex
1763 3534 2223 3625 malignorum
2277 3535 2634 3604 bominum
2672 3536 3144 3623 persuasione.

618 3626 803 3705 Quos
849 3645 1007 3692 cum
1057 3628 1438 3711 Imperator
1483 3623 1567 3691 ad
1618 3623 2055 3693 concordiam
2093 3623 2378 3692 minime
2427 3645 2740 3694 revocare
2789 3624 3148 3714 potuisset,

618 3709 814 3780 fratri
867 3710 1206 3794 adjutorio
1251 3723 1489 3780 contra
1535 3710 1758 3779 filium
1807 3709 1962 3781 fuit.
2005 3719 2193 3781 Tunc
2239 3712 2522 3798 quidam
2571 3712 2971 3803 Arnulpbus
3031 3717 3161 3782 Co-

620 3820 768 3868 mes
814 3799 1187 3879 PalatinuS,
1221 3799 1553 3888 Arnulphi
1587 3800 1938 3887 quondam
1978 3800 2180 3872 ducis
2227 3801 2419 3870 filius
2462 3802 2701 3881 extitit,
2754 3801 2958 3892 cujus
2988 3800 3156 3870 [idei

627 3887 1020 3976 praedictus
1069 3893 1212 3957 Dux
1261 3887 1597 3958 Heni-icus
1644 3901 1852 3959 totam
1882 3892 2233 3959 Bavariam
2262 3911 2422 3958 cum
2459 3890 2610 3980 ipsa
2637 3889 2997 3981 metropoli
3025 3891 3162 3959 Ra-

618 3975 705 4046 tis
757 3998 889 4045 ona
934 3976 1462 4053 commendavit,
1515 3999 1594 4047 ac
1642 3977 1711 4045 in
1765 3977 2128 4048 Saxoniam
2176 3978 2262 4046 ad
2324 3983 2813 4068 Imperatorem
2866 4000 2937 4047 se
2984 4000 3161 4047 con-

622 4075 696 4133 tu
730 4064 804 4133 it.
842 4064 947 4134 lbi
992 4086 1073 4135 eo
1121 4086 1382 4134 moram
1415 4065 1727 4149 faciente,
1766 4066 1882 4136 ille
1931 4066 2111 4137 velut
2141 4065 2449 4156 perfidus
2482 4067 2860 4157 transfuga,
2894 4087 3162 4137 secum

619 4152 773 4243 ipsa
818 4153 1092 4224 civitate
1134 4166 1200 4224 et
1246 4153 1693 4225 multitudine
1751 4155 2014 4246 populi,
2076 4155 2417 4226 Ludolndii
2470 4155 2744 4246 subegit
2900 4156 3154 4225 testati.

619 4245 802 4313 Haec
848 4264 1006 4312 cum
1058 4255 1292 4312 sancto
1337 4242 1644 4313 Pontifici
1675 4257 2025 4334 comperta
2069 4242 2385 4325 fuissent,
2425 4243 2659 4314 relicta
2706 4243 2800 4313 mi
2835 4245 3003 4314 itum
3034 4266 3165 4314 cu-

621 4329 846 4402 stodia
891 4330 960 4400 in
1012 4329 1282 4401 civitate
1321 4336 1646 4422 Augusta,
1702 4333 1771 4402 in
1821 4334 2238 4404 Noricorum·
2273 4332 2619 4427 regionem
2671 4334 2957 4423 propere
2994 4354 3164 4402 con-

626 4418 867 4502 tendit,
929 4417 1053 4490 ubi
1099 4431 1266 4490 tune
1311 4423 1801 4511 Imperatorem
1868 4444 2026 4492 cum
2094 4421 2394 4492 exercitu
2439 4421 2811 4493 consistere
2856 4419 3154 4492 audivit.
