3327 4999
652 332 804 399 348
1318 345 1397 392 1>ss
1444 344 1501 390 s.
1553 341 1810 391 ornum
1857 339 2147 390 JEROSOL.
2199 341 2400 391 Emsc.
2738 327 2985 393 MART.
3042 328 3128 392 48

583 438 667 503 24
718 428 1104 501 Ecclesiast.
1156 426 1377 516 hist).
1424 429 1799 509 ¹Caeterum
1863 423 2171 514 episcopi
2234 422 2554 493 catholici
2600 438 2879 495 centum
2924 426 3133 513 quin·

581 520 915 610 quaginta
949 574 965 599 ,
1015 516 1136 605 qui
1184 538 1319 585 non
1372 514 1465 584 ita
1513 512 1730 582 multo
1781 524 1927 597 post
1976 512 2355 583 Seleuciam
2421 513 2507 581 ad
2561 514 2911 601 Synodum
2961 536 3130 585 con-

585 620 944 687 venerant,
1000 604 1491 693 depositionem
1540 602 1734 672 illam
1783 614 1999 671 ratam
2052 624 2186 671 non
2253 601 2668 683 habuerunt,
2720 616 2798 673 ut
2845 615 3136 674 testatur

588 698 1052 768 'theodoretus
1099 695 1169 764 in
1223 691 1818 783 Christophorsoni
1865 690 2215 772 versione,
2270 691 2390 760 lib.
2436 697 2500 771 2,
2553 714 2706 782 cap.
2759 697 2843 761 27
2894 692 3132 763 Eccle-

587 789 779 858 siast.
833 786 1024 865 hist,:
1086 783 1300 853 immo
1348 782 1576 867 ipsum
1626 780 1855 870 potius
1902 779 2373 849 adversarium
2425 779 2617 851 illius
2662 791 2731 850 et
2776 794 3133 852 auctorem

587 873 1041 966 depositionis
1089 872 1433 952 Acacium,
1486 892 1697 957 quam
1748 868 2096 957 cyrillum,
2151 869 2238 937 ab
2288 867 2407 937 illa
2455 870 2728 958 Synodo
2778 869 3140 940 excludere

596 964 1015 1034 maluerunt.
1055 961 1478 1051 Nicephorus
1518 980 1675 1027 vero
1724 957 1808 1026 de
1837 958 2144 1046 ejusdem
2188 956 2627 1028 Seleucianae
2660 958 2914 1048 Synodi
2959 959 3140 1030 Actis

589 1065 657 1123 et
703 1052 787 1121 de
813 1050 1165 1121 Acacianis
1213 1050 1545 1118 scribens:
1568 1052 1840 1134 «Neque
1876 1047 2214 1125 eamdem,
2256 1047 2502 1133 inquit,
2538 1070 2697 1118 cum
2733 1047 2891 1118 aliis
2925 1047 3137 1118 fidem

594 1141 923 1233 profiteri,
980 1161 1199 1226 neque
1246 1138 1330 1207 ad
1380 1137 1643 1226 objecta
1690 1135 1982 1204 crimina
2033 1135 2442 1213 respondere
2472 1137 2884 1206 sustinuere.
2917 1137 3140 1220 Quin-

593 1230 799 1301 etiam
836 1229 921 1299 ad
958 1227 1185 1316 cyrilli
1217 1225 1772 1314 Jerosolymitani
1800 1247 2079 1295 causam
2133 1224 2548 1294 audiendam
2593 1225 2885 1304 invitati,
2920 1248 3131 1313 quom

595 1320 731 1411 ipsi
779 1319 1009 1410 episco
1062 1330 1179 1386 atu
1226 1315 1415 1385 abire
1452 1315 1828 1401 jusserant,
1868 1336 2003 1383 non
2037 1312 2352 1382 adsuere:
2390 1336 2610 1401 neque
2646 1314 2831 1383 enim
2866 1316 2990 1400 qui
3019 1337 3138 1385 eos

591 1420 911 1499 cogeret,
965 1429 1005 1475 a
1056 1416 1199 1475 erat
1244 1405 1641 1491 quisquam.
1695 1406 1771 1471 At
1817 1403 2012 1472 alteri
2075 1401 2177 1471 illi
2219 1403 2499 1492 (nempe
2567 1401 2926 1559 Catholicig
2991 1425 3130 1473 nou

596 1497 801 1567 modo
852 1495 1062 1565 libere
1110 1495 1276 1563 haec
1323 1496 1660 1583 egerunt:
1717 1492 1832 1561 sed
1884 1491 2202 1560 Acacium
2253 1503 2317 1559 et
2363 1491 2786 1578 quicumque
2835 1516 2872 1560 a
2971 1515 3136 1562 eum

596 1585 1072 1674 confugissent
1130 1583 1429 1673 (quippe
1497 1581 1616 1668 qui
1683 1580 2015 1649 intentata
2069 1580 2169 1648 eis
2215 1581 2511 1650 crimina
2555 1580 2821 1650 diluere
2870 1580 3143 1652 timuis-

594 1682 773 1757 sent)
809 1674 1141 1764 dignitate
1190 1673 1569 1761 privarunt.
1626 1692 1661 1736 »

683 1766 720 1851 ξ
766 1768 853 1836 4.
921 1767 1013 1831 Ex
1063 1762 1171 1831 his
1221 1772 1447 1851 patet,
1498 1770 1755 1847 quanta
1804 1756 2007 1827 suerit
2056 1757 2285 1842 Cyrilli
2333 1756 2690 1847 integritas
2721 1813 2736 1839 ‚
2789 1780 2999 1846 quem
3047 1781 3136 1828 ne

593 1873 921 1922 accusare
985 1850 1264 1937 quidem
1339 1870 1568 1918 coram
1620 1846 1948 1917 letritimis
1986 1847 2346 1936 judicibus
2392 1847 2767 1916 adversarii
2830 1848 3138 1918 veritatis

594 1941 978 2021 audebant,
1041 1939 1159 2007 sed
1212 1949 1476 2008 tantum
1544 1958 1683 2026 apu
1782 1957 1944 2006 suos
1994 1935 2361 2005 sectarios:
2414 1958 2712 2023 quorum
2761 1936 2934 2005 adeo
2983 1949 3132 2006 tum

593 2042 894 2100 creverat
944 2028 1241 2119 potentia
1287 2039 1352 2096 et
1398 2025 1713 2105 audacia,
1750 2047 1907 2094 cum
1952 2024 2412 2113 intelligerent
2444 2030 2934 2114 Imperatorem
2969 2048 3137 2094 sua-

593 2141 748 2189 rum
799 2140 948 2188 esse
997 2116 1320 2207 partium,
1360 2127 1435 2184 ut
1485 2115 1616 2205 ipsi
1666 2113 2122 2183 nihilominus
2168 2136 2342 2199 quos
2390 2112 2596 2183 semel
2650 2112 2885 2201 inique
2920 2114 3138 2204 depo-

594 2209 918 2285 suissent,
956 2206 1265 2293 iniquius
1306 2205 1367 2272 vi
1407 2218 1472 2274 et
1503 2204 1716 2274 armis
1744 2203 1829 2271 de
1863 2203 2010 2271 suis
2048 2202 2329 2272 sedibus
2362 2202 2827 2283 exturbarent,
2858 2215 2924 2273 et
2956 2203 3136 2272 alios

588 2319 715 2387 pro
762 2296 1044 2365 arbitrio
1079 2317 1203 2365 suo
1253 2293 1768 2364 substituerent.
1822 2290 2420 2373 Quemadmodum
2459 2291 2722 2360 ‘accidit
2753 2304 2819 2360 et
2849 2292 3124 2380 Cyrillo,

594 2408 734 2473 quo
781 2384 864 2454 de
931 2384 1088 2453 sede
1139 2382 1710 2470 Jerosolymitana
1769 2380 2070 2470 dejecto,
2139 2379 2496 2449 Heracllus
2562 2392 2663 2449 est
2722 2380 2822 2449 illi
2881 2380 3143 2452 substi-

599 2486 813 2555 tutuS,
864 2485 943 2544 ut
987 2473 1080 2542 ait
1129 2472 1575 2562 Nicephorus:
1628 2484 1833 2557 atque
1880 2469 2042 2538 huic
2092 2490 2371 2539 rursum
2421 2468 2752 2540 successit
2800 2468 3136 2540 Hilarius,

596 2565 715 2633 Isti
764 2585 1065 2649 namque
1112 2583 1331 2648 usque
1386 2561 1471 2629 ad
1540 2558 1897 2628 Theodosii
1961 2559 2328 2648 imperium
2381 2581 2529 2628 eam
2597 2558 2957 2629 ecclesiam
3016 2559 3141 2628 ad-

596 2652 1026 2722 ministrasse
1080 2650 1309 2720 traditi
1356 2660 1541 2720 sunt.
1597 2653 1752 2717 Post
1811 2668 1983 2734 quos
2047 2653 2118 2716 D.
2185 2646 2476 2736 Cyrillus
2514 2647 2841 2738 deinceps
2902 2648 3142 2717 sedem

597 2763 791 2811 suam
826 2740 1267 2822 recuperavit.
1300 2737 1653 2820 Quomodo
1687 2748 1912 2805 autem
1961 2735 2070 2804 his
2108 2737 2336 2807 denuo
2366 2737 2449 2805 ad
2487 2736 2712 2806 sedem
2749 2759 2945 2806 suam
2987 2759 3142 2820 per-

595 2830 877 2908 venerit,
912 2842 977 2898 et
1004 2850 1141 2915 quo
1179 2839 1376 2918 pacto
1410 2827 1480 2895 in
1519 2848 1597 2895 ea
1632 2846 1779 2895 sese
1809 2826 2116 2916 gesserit,
2152 2848 2231 2895 ex
2262 2826 2476 2894 literis
2510 2825 2764 2910 Synodi
2805 2830 3141 2896 Constan-

598 2918 1126 3004 tinopolitanae,
1179 2938 1354 3002 quae
1402 2915 1709 2985 Nectar-io
1775 2914 2087 3003 praeside
2156 2915 2287 2984 sub
2358 2914 2732 2983 Theodosio
2796 2914 3146 2985 celebrata

594 3019 719 3086 est,
776 3006 862 3075 ad
916 3011 1309 3084 Damasum,
1349 3003 1806 3083 Ambrosium,
1850 3016 1916 3072 et
1962 3002 2262 3089 reliquos
2308 3003 2669 3096 episcopos
2717 3008 2973 3073 Romae
3020 3025 3145 3073 co-

594 3107 808 3176 actOS,
862 3093 1091 3163 videre
1137 3107 1261 3174 est,
1300 3114 1459 3163 cum
1510 3092 1844 3164 scribunt:
1878 3115 1913 3158 «
1943 3097 2018 3160 In
2071 3115 2151 3161 ea
2197 3114 2353 3160 vero
2399 3090 2712 3172 ecclesia,
2751 3114 2931 3178 quae
2959 3092 3142 3161 alia-

598 3206 754 3254 rum
822 3183 1134 3252 omnium
1186 3194 1403 3250 mater
1457 3194 1593 3262 est,
1644 3180 2089 3269 Jerosolymis
2158 3181 2806 3251 reverendissimum
2867 3191 2934 3250 et
3005 3186 3142 3251 Deo

598 3271 1157 3342 amantissimum
1209 3271 1535 3359 Cyrillum
1582 3271 1979 3361 episcopum
2028 3290 2179 3338 esse
2228 3271 2511 3350 scimuS,
2551 3269 2674 3338 rite
2712 3269 3144 3359 jamdudum

596 3385 639 3431 a
688 3359 1232 3451 provincialibus
1262 3359 1607 3450 episcopis
1644 3358 1963 3428 electum:
2001 3359 2123 3445 qui
2155 3381 2319 3429 sane
2348 3358 2636 3428 diversis
2674 3358 2744 3427 in
2781 3358 2951 3429 locis
2983 3358 3146 3449 plu-

596 3450 857 3519 rimum
905 3449 1236 3518 adversus
1283 3448 1602 3520 Arrianos
1649 3447 2040 3517 decertavit.
2098 3469 2135 3514 »

687 3540 724 3624 ξ
769 3543 858 3611 ὅ.
914 3537 1342 3628 Epiphanius
1387 3558 1700 3623 quoque,
1755 3536 1873 3606 lib.
1927 3541 1992 3616 3,
2036 3542 2223 3605 Tom.
2291 3542 2352 3617 l,
2406 3536 2683 3606 Haeresi
2739 3541 2848 3614 73.
2904 3536 3142 3626 cyrilli

598 3625 813 3715 hujus
847 3626 1205 3707 meminit,
1236 3625 1421 3713 quod
1469 3637 1733 3715 praeter
1777 3627 2096 3696 Acacium
2137 3624 2525 3707 Arrianum,
2572 3648 2732 3696 cum
2762 3626 2919 3695 aliis
2966 3647 3144 3712 quo-

598 3737 736 3802 que
782 3714 975 3786 illius
1020 3727 1239 3786 sectae
1285 3715 1628 3806 episcopis
1681 3715 2091 3784 contendere
2138 3712 2491 3804 religionis
2537 3736 2698 3804 ergo
2750 3735 2884 3782 non
2935 3715 3144 3784 dubi·

599 3803 787 3874 tavit.
834 3809 910 3874 Et
955 3810 1368 3893 Jeronymus
1417 3803 1489 3872 in
1542 3804 1856 3893 catalogo
1906 3802 2327 3884 Scriptorum
2370 3803 3002 3873 Ecclesiasticorum
3052 3804 3140 3873 de

598 3891 721 3963 illo
746 3893 1007 3963 scribit:
1047 3892 1381 3982 «cyrillus
1411 3892 1875 3981 Jerosolymae
1921 3892 2296 3994 Episcopus
2342 3913 2543 3993 saepe
2579 3890 2823 3983 pulsus
2851 3892 3145 3962 ecclesia

599 3992 666 4051 et
714 3994 1053 4072 receptuS,
1107 3983 1192 4053 ad
1241 3994 1620 4051 extremum
1672 3981 1802 4052 sub
1849 3980 2224 4051 Theodoslo
2265 3980 2573 4072 principe
2605 3993 2754 4050 octo
2783 3980 2990 4050 annis
3033 3981 3145 4050 in·

602 4074 1022 4141 concussum
1070 4071 1543 4161 episcopatum
1578 4071 1865 4140 tenuit.»
1899 4075 2134 4158 Itaque
2180 4091 2259 4139 ex
2306 4069 2417 4141 his
2466 4085 2532 4140 et
2576 4069 2733 4139 aliis
2779 4069 3145 4161 permultis

600 4158 1236 4230 Ecclesiasticorum
1324 4160 1749 4250 Scriptorum
1825 4159 2231 4230 testimoniis
2299 4169 2561 4229 certum
2625 4171 2762 4239 est,
2814 4157 3144 4246 cyrillum

602 4247 1057 4319 fortissimum
1131 4248 1376 4318 Christi
1451 4247 1773 4317 athletam
1809 4304 1825 4329 ,
1888 4260 1956 4318 et
2028 4247 2441 4319 orthodoxae
2510 4247 2669 4317 fidei
2735 4260 3145 4316 assertorem

606 4337 1247 4408 constantissimum
1281 4390 1296 4417 ,
1350 4336 1589 4407 multis
1646 4336 1852 4406 annis
1962 4359 2036 4406 ro
2105 4336 2383 4407 veritate
2430 4336 2854 4416 decertasse,
2907 4357 3143 4426 perse-

604 4427 915 4499 cutiones
963 4425 1186 4497 varias
1234 4425 1621 4516 pertulisse,
1665 4438 1869 4514 atque
1913 4360 2042 4496 lioc
2085 4425 2346 4496 bonum
2381 4438 2723 4497 certamen
2757 4436 3062 4497 certasse
3103 4446 3147 4494 a
