3327 4999
705 226 835 291 666
1341 245 1417 290 na
1464 244 1520 290 s.
1575 244 1865 294 nannoni:
1912 201 2134 295 coron'.
2189 242 2388 293 susc.
2669 227 2772 292 EX
2818 226 2992 294 OCT.
3052 229 3125 293 ll

612 323 1121 407 honorabiliter,
1160 337 1235 393 ut
1283 346 1405 414 par
1452 323 1600 408 fuit,
1635 347 1672 395 e
1722 325 1976 397 scholis
2019 327 2092 398 in
2191 325 2473 396 alatium
2522 326 2840 407 evocavit,
2896 326 3139 397 locum

612 413 925 484 videlicet
971 426 1108 483 tam
1152 412 1577 485 lucidissimo
1637 426 1872 506 aptum
1933 438 2140 507 specu
2170 438 2231 498 o,
2285 416 2405 485 ubi
2452 415 2780 503 quicquid
2829 415 3139 486 deforme

612 524 735 593 per
810 515 1021 573 totum
1086 524 1256 593 pene
1305 504 1643 574 mundum
1705 515 1881 575 esset
1926 506 1995 573 in
2046 505 2315 587 studiis,
2369 504 2703 592 liquidius
2740 508 3129 596 appareret.

613 596 762 663 Huc
806 592 990 662 enim
1053 614 1131 661 ex
1179 592 1503 664 omnibus
1550 594 1701 694 ejus
1739 594 1996 664 finibus
2053 595 2441 665 confluebat
2504 606 2716 668 totum
2764 594 2947 682 quod
2998 594 3138 664 sibi

610 680 867 769 aliquid
919 702 1066 752 esse
1101 680 1475 752 videbatur.
1530 681 1991 754 Nlhilominus
2037 684 2123 753 ab
2170 684 2517 765 omnibus,
2564 682 2914 754 calumnia
2958 706 3136 771 qua-

612 770 775 841 libet
821 770 1188 861 oppressis,
1234 770 1681 861 hocasylum
1728 773 2013 842 unicum
2047 774 2420 864 petebatur.
2475 771 2833 874 Exemplar
2878 774 2976 842 ibi
3024 796 3135 844 sa-

613 859 928 940 pientiae,
965 859 1231 949 pietatis
1277 872 1341 929 et
1363 861 1693 962 justitiae,
1747 882 1956 952 supra
1989 863 2346 932 hominum
2410 883 2811 932 memoriam
2866 862 3134 932 emine-

612 926 752 1018 bat.
778 947 943 1017 Inde
990 948 1234 1018 reversi
1270 970 1390 1036 qui
1426 950 1558 1020 sibi
1599 949 1802 1040 paulo
1848 963 2005 1021 a-nte
2050 951 2237 1021 domi
2269 951 2675 1021 videbantur
2719 950 3127 1034 doctissimi,

615 1039 864 1108 rubore
913 1038 1144 1118 notati,
1200 1038 1589 1109 rudimenta
1646 1040 1936 1123 artium,
1988 1041 2209 1128 quasi,
2263 1045 2454 1110 Nunc
2511 1040 2744 1130 coepi,
2797 1039 3127 1122 dicenteS,

613 1127 915 1218 aggressi
965 1139 1146 1198 sunt.
1200 1132 1327 1200 Vas
1377 1128 1547 1197 illud
1597 1151 1804 1199 suum
1853 1129 2159 1220 implevit
2192 1129 2523 1198 Dominus
2569 1129 2817 1219 spiritu
2850 1129 3129 1220 sapien-

613 1217 747 1286 tiae
792 1229 856 1286 et
903 1215 1308 1287 intellectus.
1377 1222 1506 1287 Nec
1554 1218 1819 1287 suffecit
1863 1219 1928 1287 ei
1973 1219 2041 1287 in
2111 1218 2679 1309 gazophylacium
2744 1218 2971 1288 cordis
3020 1218 3134 1290 sui

612 1304 931 1396 colligere
957 1305 1141 1393 quod
1195 1306 1265 1374 in
1317 1317 1638 1398 promptu
1687 1307 2012 1378 habebat:
2068 1308 2424 1400 peregrina
2473 1308 2756 1398 insuper
2801 1307 3130 1377 conduxit

613 1395 1018 1486 aenigmata,
1046 1406 1110 1465 et
1136 1395 1458 1483 quicquid
1515 1396 2067 1488 philosophicum
2099 1397 2519 1488 terrenisque
2564 1396 3132 1467 sensibusfremo-

616 1484 960 1554 tissimum
1019 1484 1272 1566 sensit,
1327 1485 1452 1556 hoc
1513 1484 1998 1573 undecumque
2071 1487 2404 1556 contraxit
2448 1488 2505 1555 ⁴.
2558 1485 2960 1556 Obliteratas
3006 1486 3152 1556 diu.

616 1586 871 1664 septem
915 1573 1226 1644 liberales
1260 1585 1460 1655 artes,
1500 1574 1644 1664 ipse
1690 1576 1946 1645 retexit.
1998 1575 2330 1663 Quicquid
2385 1575 2728 1657 Historici,
2790 1579 3124 1656 OratoreS,

613 1666 850 1732 Poetae
895 1675 959 1732 et
1005 1662 1397 1753 Philosophi
1447 1685 1696 1733 novum
1730 1674 1793 1733 et
1822 1665 2081 1753 grande
2114 1676 2570 1755 perstrepunt,
2605 1663 3130 1755 diligentissime

610 1775 768 1822 cum
819 1751 1211 1822 doctoribus
1238 1753 1738 1841 cujuscumque
1774 1752 2048 1845 linguae
2075 1766 2537 1846 perscrutatus
2563 1766 2684 1834 est,
2722 1766 2786 1823 et
2831 1754 2947 1823 ubi
2983 1776 3130 1822 ma-

616 1841 826 1932 gister
860 1840 1176 1911 excelluit
1208 1840 1468 1932 ingenii
1515 1841 1886 1925 velocitate,
1924 1843 2021 1913 ibi
2053 1865 2123 1915 se
2170 1842 2588 1934 discipulum
2642 1843 2960 1932 praebuit
3000 1844 3127 1912 hu-

614 1930 922 2000 militate.
980 1935 1189 2020 Saepe
1237 1929 1412 2000 inter
1459 1935 1867 2001 Graecorum
1930 1947 1995 2001 et
2056 1932 2443 2004 Latinorum
2495 1931 2966 2012 doctissimos,
3048 1931 3129 2000 de

612 2019 1087 2110 philosophiae
1136 2019 1591 2099 sublimitate,
1659 2034 1778 2090 aut
1822 2020 1906 2090 de
1951 2020 2317 2111 cujuslibet
2366 2021 2436 2089 in
2489 2018 2608 2089 illa
2672 2020 2978 2091 florentis
3024 2020 3127 2089 di-

612 2108 945 2199 sciplinae
1003 2108 1375 2180 subtilitate
1419 2109 1893 2200 disputanteS,
1975 2110 2216 2181 doctus
2279 2110 2615 2200 interpres
2663 2109 2933 2180 medius
2980 2110 3125 2201 ipse

612 2197 941 2278 consedit,
984 2211 1049 2268 et
1076 2198 1590 2289 disputantibus
1622 2198 1708 2268 ad
1753 2198 2074 2291 plausum
2112 2200 2423 2269 omnium
2472 2221 2607 2287 quo
2666 2198 2839 2268 nihil
2895 2199 3126 2270 minus

612 2299 978 2368 amaverat,
1032 2286 1377 2359 satisfecit.
1446 2293 1586 2358 Non
1635 2287 1819 2358 enim
1868 2310 2146 2358 examen
2200 2287 2587 2380 improbum
2640 2287 2707 2357 in
2761 2287 2880 2357 illa
2926 2287 3125 2359 casti-

610 2375 790 2467 gavit
836 2378 1115 2460 trutina,
1170 2399 1291 2447 nec
1324 2398 1393 2446 se
1425 2377 1758 2464 quaesivit
1785 2390 1992 2447 extra:
2028 2377 2315 2469 gloriam
2367 2376 2498 2447 sibi
2546 2377 2950 2447 aestimabat
2978 2399 3121 2447 esse

614 2466 1075 2537 testimonium
1125 2465 1579 2539 conscientiae
1626 2489 1811 2537 suae.
1869 2467 2204 2560 Spectavit
2253 2468 2380 2538 hoc
2427 2465 2852 2555 frequentius
2886 2467 3120 2559 judex,

612 2556 683 2624 in
735 2556 988 2627 talibus
1019 2557 1160 2627 falli
1196 2557 1488 2632 nescius,
1543 2562 1681 2627 Rex
1725 2557 1913 2627 orbis
1944 2571 2275 2628 terrarum
2312 2557 2686 2627 maximus:
2739 2570 2803 2627 et
2850 2557 2965 2644 qui
3022 2579 3128 2626 re-

615 2668 832 2737 gnum
867 2669 1071 2716 suum
1121 2646 1415 2716 exterius
1467 2646 1886 2716 fortitudinis
1932 2659 1994 2717 et
2041 2646 2311 2717 consilii
2357 2647 2588 2738 vigore
2634 2646 2966 2727 firmavit,
3019 2647 3125 2713 in-

613 2735 824 2805 terius
858 2734 1027 2804 illud
1079 2735 1193 2805 tali
1228 2735 1590 2825 splendore
1637 2735 1921 2805 vestivit.
1974 2740 2234 2805 Horum
2272 2748 2608 2827 spectator
2646 2748 2711 2804 et
2760 2735 2907 2826 ipse
2953 2740 3130 2805 Deus

611 2823 936 2906 creditur,
989 2824 1188 2915 cujus
1221 2824 1690 2895 misericordia
1737 2824 2020 2906 donum,
2073 2824 2559 2912 quodcumque
2607 2824 2866 2907 tribuit,
2905 2838 3132 2895 custo-

612 2914 821 2983 ditur.
875 2913 1041 2995 Quis
1080 2912 1264 2982 enim
1313 2935 1353 2982 a
1402 2925 1583 2982 tanta
1632 2924 1697 2982 et
1732 2927 1866 2981 tam
1915 2912 2441 3004 incomparabili
2486 2912 2849 2984 altitudine
2901 2913 3131 3004 prohi-

613 3003 798 3071 beret
828 3001 1314 3092 arrogantiam,
1358 3001 1486 3071 nisi
1538 3000 1697 3093 pius
1729 3002 1876 3091 ipse
1924 3025 2119 3072 suam
2153 3003 2506 3073 adhiberet
2551 3003 2985 3073 custodiam?
3029 3008 3132 3071 Is-

614 3091 752 3159 rael
824 3090 1201 3182 Episcopus
1251 3094 1628 3182 scotigena,
1693 3093 1824 3160 sub
1897 3092 2096 3181 cuius
2161 3092 2550 3183 magisterio
2621 3090 3134 3163 illustrissimus

614 3179 727 3249 hic
757 3234 772 3259 ,
816 3178 902 3248 de
946 3201 1082 3266 quo
1141 3178 1512 3266 loquimur,
1569 3178 1945 3271 plurimum
1996 3203 2067 3252 se
2117 3179 2479 3271 profecisse
2528 3192 2809 3251 testatus
2867 3193 2987 3255 est.
3048 3180 3134 3248 de

614 3268 924 3338 moribus
960 3268 1109 3356 ejus
1159 3268 1527 3356 requisitus
1559 3292 1600 3338 a
1644 3268 2086 3356 quibusdam,
2120 3291 2291 3356 quos
2340 3270 2468 3361 ipsi
2501 3269 2915 3351 audivimus,
2969 3269 3133 3340 hoc-

617 3358 848 3449 ipsum
881 3357 1213 3431 solicitius
1262 3358 1690 3430 ruminantes
1722 3369 1786 3427 et
1830 3358 2028 3445 quasi
2083 3381 2205 3449 pro
2251 3358 2527 3428 oraculo
2575 3358 2925 3437 habentes,
2977 3381 3137 3428 san-

618 3458 805 3519 ctum
861 3470 1017 3518 eum
1095 3447 1409 3539 apprime
1450 3448 1674 3518 virum
1736 3469 1884 3517 esse
1942 3447 2312 3538 respondit.
2368 3448 2540 3516 Satis
2588 3446 2933 3518 laudabile
3003 3447 3140 3517 sci-

614 3548 898 3625 tumque
930 3537 1226 3609 doctoris
1272 3537 1357 3606 de
1394 3537 1735 3628 discipulo
1777 3535 2268 3606 testimonium.
2324 3536 2581 3618 Graeci,
2617 3536 2871 3623 quibus
2920 3558 3138 3624 aeque

614 3627 964 3717 magistris
995 3649 1165 3697 usus
1210 3638 1333 3708 est,
1377 3627 1462 3696 ad
1501 3638 1752 3696 tantam
1803 3626 2092 3716 gratiam
2134 3627 2520 3717 stupebant,
2560 3625 2772 3716 digna
2802 3625 3138 3695 nimirum

617 3715 701 3784 de
760 3714 878 3785 illo
929 3716 1350 3806 problemata
1418 3715 1700 3785 domum
1750 3714 1895 3785 suis
1968 3715 2234 3784 civibus
2302 3716 2759 3805 reportabant,
2837 3737 3140 3802 quorum

616 3804 922 3906 studium
954 3806 1301 3906 quondam
1336 3805 1547 3875 fuisse
1588 3804 1863 3886 dicitur.
1896 3817 2013 3874 aut
2051 3803 2288 3874 audire
2330 3825 2601 3896 semper
2642 3803 2900 3891 aliquid
2953 3803 3136 3883 novi,

616 3905 736 3963 aut
783 3906 1113 3964 invenire.

703 3984 739 4070 ξ
789 3987 877 4055 5.
933 3982 1173 4052 Millies
1203 3984 1455 4053 interea
1493 4004 1613 4073 per
1659 3981 1805 4052 dies
1837 3982 2205 4072 cogebatur
2236 3981 2652 4052 calamitosis
2691 3981 3136 4072 patrocinari,

616 4071 972 4142 consulere
1011 4071 1301 4153 afflictiS,
1352 4094 1552 4164 opem
1600 4070 1772 4141 ferre
1820 4070 2114 4141 miseris.
2183 4075 2364 4154 Quae
2411 4070 2640 4140 omnia
2689 4071 2788 4141 sic
2834 4069 3146 4140 admini-

618 4162 896 4242 strabat,
948 4172 1022 4230 ut
1069 4160 1407 4252 refugium
1461 4159 1680 4231 factus
1725 4161 1959 4252 egenis
2006 4160 2331 4231 omnibus
2376 4160 2739 4230 videretur.
2807 4165 2905 4229 Ita
2971 4183 3146 4230 curn

671 4326 697 4353 ¹⁸¹
724 4326 781 4365 In
800 4325 960 4366 fratris
983 4324 1091 4365 aula
1110 4325 1252 4374 regia,
1271 4324 1443 4365 studiis
1462 4324 1693 4365 incumbit
1714 4325 1762 4366 et
1781 4324 2065 4364 christianae
2085 4324 2355 4374 sapientiae.
2384 4324 2503 4365 Nota
2528 4325 2577 4364 in
2607 4332 2705 4373 seq.
2733 4322 2756 4373 fi
2781 4323 3009 4373 pietatem
3040 4333 3150 4375 grn-

617 4380 905 4431 vitatemque
924 4378 1156 4422 Brunonis
1172 4379 1299 4419 inter
1319 4378 1632 4421 saecularium
1649 4378 1892 4420 hominum
1911 4388 2159 4429 rerumque
2179 4378 2428 4418 tumultus.
