<?xml version="1.0" encoding="UTF-8"?>
<!DOCTYPE html PUBLIC "-//W3C//DTD XHTML 1.0 Transitional//EN"
    "http://www.w3.org/TR/xhtml1/DTD/xhtml1-transitional.dtd">
<html xmlns="http://www.w3.org/1999/xhtml" xml:lang="en" lang="en">
 <head>
  <title>
</title>
<meta http-equiv="Content-Type" content="text/html;charset=utf-8" />
  <meta name='ocr-system' content='tesseract 3.04.00' />
  <meta name='ocr-capabilities' content='ocr_page ocr_carea ocr_par ocr_line ocrx_word'/>
</head>
<body>
  <div class='ocr_page' id='page_1' title='image "./historiaeseuvit04lippgoog_0613.png"; bbox 0 0 3327 4999; ppageno 0'>
   <div class='ocr_carea' id='block_1_1' title="bbox 173 301 2628 431">
    <p class='ocr_par' dir='ltr' id='par_1_1' title="bbox 173 301 2628 431">
     <span class='ocr_line' id='line_1_1' title="bbox 173 301 2628 431; baseline 0 -24"><span class='ocrx_word' id='word_1_1' title='bbox 173 342 283 408; x_wconf 84' lang='lat' dir='ltr'><strong>Ex</strong></span> <span class='ocrx_word' id='word_1_2' title='bbox 326 340 500 407; x_wconf 78' lang='lat' dir='ltr'><strong>JUL.</strong></span> <span class='ocrx_word' id='word_1_3' title='bbox 548 340 589 407; x_wconf 70' lang='lat'>4</span> <span class='ocrx_word' id='word_1_4' title='bbox 997 357 1078 407; x_wconf 74' lang='lat' dir='ltr'><strong>nn</strong></span> <span class='ocrx_word' id='word_1_5' title='bbox 1123 359 1181 408; x_wconf 89' lang='lat' dir='ltr'><strong>s.</strong></span> <span class='ocrx_word' id='word_1_6' title='bbox 1233 359 1543 431; x_wconf 68' lang='lat' dir='ltr'><strong>unAano</strong></span> <span class='ocrx_word' id='word_1_7' title='bbox 1589 358 1887 408; x_wconf 71' lang='lat' dir='ltr'><strong>Emscoro</strong></span> <span class='ocrx_word' id='word_1_8' title='bbox 2223 301 2230 309; x_wconf 92' lang='lat'><strong>.</strong></span> <span class='ocrx_word' id='word_1_9' title='bbox 2495 343 2628 408; x_wconf 76' lang='lat'><strong>589</strong></span> 
     </span>
    </p>
   </div>
   <div class='ocr_carea' id='block_1_2' title="bbox 167 436 2744 4520">
    <p class='ocr_par' dir='ltr' id='par_1_2' title="bbox 167 436 2730 1929">
     <span class='ocr_line' id='line_1_2' title="bbox 167 436 2708 529; baseline 0 -21"><span class='ocrx_word' id='word_1_10' title='bbox 167 436 522 509; x_wconf 85' lang='lat' dir='ltr'><strong>Praefatus</strong></span> <span class='ocrx_word' id='word_1_11' title='bbox 546 459 702 507; x_wconf 83' lang='lat' dir='ltr'><strong>vero</strong></span> <span class='ocrx_word' id='word_1_12' title='bbox 751 449 1088 527; x_wconf 83' lang='lat' dir='ltr'><strong>tyrannus</strong></span> <span class='ocrx_word' id='word_1_13' title='bbox 1134 442 1508 529; x_wconf 81' lang='lat' dir='ltr'><strong>Augustam</strong></span> <span class='ocrx_word' id='word_1_14' title='bbox 1558 440 1750 521; x_wconf 88' lang='lat' dir='ltr'><strong>adiit,</strong></span> <span class='ocrx_word' id='word_1_15' title='bbox 1782 462 1861 510; x_wconf 90' lang='lat' dir='ltr'><strong>ac</strong></span> <span class='ocrx_word' id='word_1_16' title='bbox 1911 438 2115 508; x_wconf 93' lang='lat' dir='ltr'><strong>rebus</strong></span> <span class='ocrx_word' id='word_1_17' title='bbox 2161 438 2708 527; x_wconf 82' lang='lat' dir='ltr'><strong>circumquaque</strong></span> 
     </span>
     <span class='ocr_line' id='line_1_3' title="bbox 171 526 2704 618; baseline 0.002 -23"><span class='ocrx_word' id='word_1_18' title='bbox 171 526 483 618; x_wconf 77' lang='lat' dir='ltr'><strong>direptiS,</strong></span> <span class='ocrx_word' id='word_1_19' title='bbox 535 526 955 613; x_wconf 89' lang='lat' dir='ltr'><strong>quibusdam</strong></span> <span class='ocrx_word' id='word_1_20' title='bbox 1012 527 1329 617; x_wconf 84' lang='lat' dir='ltr'>Episcopi</span> <span class='ocrx_word' id='word_1_21' title='bbox 1379 527 1718 598; x_wconf 78' lang='lat' dir='ltr'><strong>militibus</strong></span> <span class='ocrx_word' id='word_1_22' title='bbox 1764 527 2028 618; x_wconf 83' lang='lat' dir='ltr'><strong>captiS,</strong></span> <span class='ocrx_word' id='word_1_23' title='bbox 2089 526 2341 616; x_wconf 75' lang='lat' dir='ltr'><strong>praeda</strong></span> <span class='ocrx_word' id='word_1_24' title='bbox 2387 542 2704 608; x_wconf 87' lang='lat' dir='ltr'><strong>onustus,</strong></span> 
     </span>
     <span class='ocr_line' id='line_1_4' title="bbox 177 616 2717 707; baseline 0.001 -23"><span class='ocrx_word' id='word_1_25' title='bbox 177 630 243 687; x_wconf 86' lang='lat' dir='ltr'><strong>et</strong></span> <span class='ocrx_word' id='word_1_26' title='bbox 288 616 476 703; x_wconf 89' lang='lat' dir='ltr'><strong>quod</strong></span> <span class='ocrx_word' id='word_1_27' title='bbox 525 617 749 686; x_wconf 88' lang='lat' dir='ltr'><strong>verius</strong></span> <span class='ocrx_word' id='word_1_28' title='bbox 797 628 933 696; x_wconf 87' lang='lat' dir='ltr'><strong>est,</strong></span> <span class='ocrx_word' id='word_1_29' title='bbox 966 658 975 667; x_wconf 75' lang='grc'>-</span> <span class='ocrx_word' id='word_1_30' title='bbox 1010 617 1265 705; x_wconf 86' lang='lat' dir='ltr'><strong>peccati</strong></span> <span class='ocrx_word' id='word_1_31' title='bbox 1317 617 1617 706; x_wconf 88' lang='lat' dir='ltr'><strong>pondere</strong></span> <span class='ocrx_word' id='word_1_32' title='bbox 1680 631 2027 707; x_wconf 70' lang='lat' dir='ltr'><strong>gravatus,</strong></span> <span class='ocrx_word' id='word_1_33' title='bbox 2081 616 2150 684; x_wconf 90' lang='lat' dir='ltr'><strong>in</strong></span> <span class='ocrx_word' id='word_1_34' title='bbox 2210 617 2561 687; x_wconf 87' lang='lat' dir='ltr'><strong>Bavariam</strong></span> <span class='ocrx_word' id='word_1_35' title='bbox 2612 630 2717 687; x_wconf 91' lang='lat' dir='ltr'><strong>est</strong></span> 
     </span>
     <span class='ocr_line' id='line_1_5' title="bbox 176 704 2720 796; baseline 0 -22"><span class='ocrx_word' id='word_1_36' title='bbox 176 726 517 775; x_wconf 84' lang='lat' dir='ltr'><strong>reversuS.</strong></span> <span class='ocrx_word' id='word_1_37' title='bbox 556 704 841 774; x_wconf 84' lang='lat' dir='ltr'><strong>Interim</strong></span> <span class='ocrx_word' id='word_1_38' title='bbox 890 726 1045 773; x_wconf 89' lang='lat' dir='ltr'><strong>vero</strong></span> <span class='ocrx_word' id='word_1_39' title='bbox 1094 705 1326 795; x_wconf 90' lang='lat' dir='ltr'><strong>ipsum</strong></span> <span class='ocrx_word' id='word_1_40' title='bbox 1378 706 1490 775; x_wconf 91' lang='lat' dir='ltr'><strong>Dei</strong></span> <span class='ocrx_word' id='word_1_41' title='bbox 1539 706 1878 775; x_wconf 89' lang='lat' dir='ltr'><strong>famulum</strong></span> <span class='ocrx_word' id='word_1_42' title='bbox 1919 717 2282 796; x_wconf 81' lang='lat' dir='ltr'><strong>postquam</strong></span> <span class='ocrx_word' id='word_1_43' title='bbox 2314 727 2462 774; x_wconf 83' lang='lat' dir='ltr'><strong>corn</strong></span> <span class='ocrx_word' id='word_1_44' title='bbox 2519 706 2648 775; x_wconf 90' lang='lat' dir='ltr'><strong>erit</strong></span> <span class='ocrx_word' id='word_1_45' title='bbox 2677 728 2720 776; x_wconf 88' lang='lat' dir='ltr'><strong>a</strong></span> 
     </span>
     <span class='ocr_line' id='line_1_6' title="bbox 178 793 2720 884; baseline 0 -21"><span class='ocrx_word' id='word_1_46' title='bbox 178 794 369 884; x_wconf 90' lang='lat' dir='ltr'><strong>regia</strong></span> <span class='ocrx_word' id='word_1_47' title='bbox 400 793 726 863; x_wconf 88' lang='lat' dir='ltr'><strong>servitute</strong></span> <span class='ocrx_word' id='word_1_48' title='bbox 775 814 1147 875; x_wconf 85' lang='lat' dir='ltr'><strong>reversum,</strong></span> <span class='ocrx_word' id='word_1_49' title='bbox 1187 793 1255 862; x_wconf 90' lang='lat' dir='ltr'><strong>in</strong></span> <span class='ocrx_word' id='word_1_50' title='bbox 1306 794 1605 876; x_wconf 88' lang='lat' dir='ltr'><strong>castello,</strong></span> <span class='ocrx_word' id='word_1_51' title='bbox 1657 794 1841 882; x_wconf 91' lang='lat' dir='ltr'><strong>quod</strong></span> <span class='ocrx_word' id='word_1_52' title='bbox 1886 794 2429 884; x_wconf 74' lang='lat' dir='ltr'><strong>Mantachinga*</strong></span> <span class='ocrx_word' id='word_1_53' title='bbox 2510 795 2720 864; x_wconf 89' lang='lat' dir='ltr'><strong>icitur</strong></span> 
     </span>
     <span class='ocr_line' id='line_1_7' title="bbox 177 881 2720 974; baseline 0 -23"><span class='ocrx_word' id='word_1_54' title='bbox 177 904 315 951; x_wconf 88' lang='lat' dir='ltr'><strong>non</strong></span> <span class='ocrx_word' id='word_1_55' title='bbox 367 882 602 952; x_wconf 80' lang='lat' dir='ltr'><strong>timuit</strong></span> <span class='ocrx_word' id='word_1_56' title='bbox 659 881 1014 951; x_wconf 86' lang='lat' dir='ltr'><strong>obsidere:</strong></span> <span class='ocrx_word' id='word_1_57' title='bbox 1057 882 1176 951; x_wconf 91' lang='lat' dir='ltr'><strong>sed</strong></span> <span class='ocrx_word' id='word_1_58' title='bbox 1228 904 1363 952; x_wconf 89' lang='lat' dir='ltr'><strong>non</strong></span> <span class='ocrx_word' id='word_1_59' title='bbox 1402 885 1608 954; x_wconf 84' lang='lat' dir='ltr'><strong>cessit</strong></span> <span class='ocrx_word' id='word_1_60' title='bbox 1643 885 1706 953; x_wconf 93' lang='lat' dir='ltr'><strong>ei</strong></span> <span class='ocrx_word' id='word_1_61' title='bbox 1755 883 1826 953; x_wconf 91' lang='lat' dir='ltr'><strong>in</strong></span> <span class='ocrx_word' id='word_1_62' title='bbox 1878 906 2282 974; x_wconf 89' lang='lat' dir='ltr'><strong>prosperum</strong></span> <span class='ocrx_word' id='word_1_63' title='bbox 2316 883 2501 970; x_wconf 90' lang='lat' dir='ltr'><strong>quod</strong></span> <span class='ocrx_word' id='word_1_64' title='bbox 2556 883 2720 954; x_wconf 85' lang='lat' dir='ltr'><strong>talia</strong></span> 
     </span>
     <span class='ocr_line' id='line_1_8' title="bbox 178 971 2718 1062; baseline 0.001 -23"><span class='ocrx_word' id='word_1_65' title='bbox 178 971 648 1062; x_wconf 83' lang='lat' dir='ltr'><strong>praesumpsit</strong></span> <span class='ocrx_word' id='word_1_66' title='bbox 692 983 927 1040; x_wconf 89' lang='lat' dir='ltr'><strong>contra</strong></span> <span class='ocrx_word' id='word_1_67' title='bbox 994 971 1110 1041; x_wconf 93' lang='lat' dir='ltr'><strong>Dei</strong></span> <span class='ocrx_word' id='word_1_68' title='bbox 1176 993 1472 1042; x_wconf 88' lang='lat' dir='ltr'><strong>servum.</strong></span> <span class='ocrx_word' id='word_1_69' title='bbox 1528 979 1695 1043; x_wconf 87' lang='lat' dir='ltr'><strong>Nam</strong></span> <span class='ocrx_word' id='word_1_70' title='bbox 1760 994 1965 1062; x_wconf 88' lang='lat' dir='ltr'><strong>parvo</strong></span> <span class='ocrx_word' id='word_1_71' title='bbox 2026 973 2380 1062; x_wconf 76' lang='lat' dir='ltr'><strong>interJecto</strong></span> <span class='ocrx_word' id='word_1_72' title='bbox 2443 972 2718 1042; x_wconf 85' lang='lat' dir='ltr'><strong>dierum</strong></span> 
     </span>
     <span class='ocr_line' id='line_1_9' title="bbox 179 1059 2722 1153; baseline -0 -22"><span class='ocrx_word' id='word_1_73' title='bbox 179 1060 429 1149; x_wconf 86' lang='lat' dir='ltr'><strong>spati0‚</strong></span> <span class='ocrx_word' id='word_1_74' title='bbox 468 1082 509 1130; x_wconf 90' lang='lat' dir='ltr'><strong>a</strong></span> <span class='ocrx_word' id='word_1_75' title='bbox 559 1060 812 1129; x_wconf 87' lang='lat' dir='ltr'><strong>Comite</strong></span> <span class='ocrx_word' id='word_1_76' title='bbox 839 1059 1198 1129; x_wconf 78' lang='lat' dir='ltr'><strong>Adalberto</strong></span> <span class='ocrx_word' id='word_1_77' title='bbox 1247 1082 1325 1130; x_wconf 89' lang='lat' dir='ltr'><strong>ac</strong></span> <span class='ocrx_word' id='word_1_78' title='bbox 1364 1062 1682 1153; x_wconf 83' lang='lat' dir='ltr'><strong>Episcopi</strong></span> <span class='ocrx_word' id='word_1_79' title='bbox 1714 1060 1919 1133; x_wconf 87' lang='lat' dir='ltr'><strong>fratre</strong></span> <span class='ocrx_word' id='word_1_80' title='bbox 1952 1061 2349 1131; x_wconf 84' lang='lat' dir='ltr'><strong>Tbietbaldo</strong></span> <span class='ocrx_word' id='word_1_81' title='bbox 2397 1063 2486 1132; x_wconf 90' lang='lat' dir='ltr'><strong>ab</strong></span> <span class='ocrx_word' id='word_1_82' title='bbox 2539 1060 2722 1132; x_wconf 88' lang='lat' dir='ltr'><strong>obsi-</strong></span> 
     </span>
     <span class='ocr_line' id='line_1_10' title="bbox 180 1149 2721 1232; baseline 0 -15"><span class='ocrx_word' id='word_1_83' title='bbox 180 1149 387 1217; x_wconf 89' lang='lat' dir='ltr'><strong>dione</strong></span> <span class='ocrx_word' id='word_1_84' title='bbox 420 1171 581 1218; x_wconf 91' lang='lat' dir='ltr'><strong>cum</strong></span> <span class='ocrx_word' id='word_1_85' title='bbox 617 1149 1024 1218; x_wconf 86' lang='lat' dir='ltr'><strong>detrimento</strong></span> <span class='ocrx_word' id='word_1_86' title='bbox 1059 1170 1341 1218; x_wconf 86' lang='lat' dir='ltr'><strong>suorum</strong></span> <span class='ocrx_word' id='word_1_87' title='bbox 1375 1163 1653 1221; x_wconf 89' lang='lat' dir='ltr'><strong>coactus</strong></span> <span class='ocrx_word' id='word_1_88' title='bbox 1683 1162 1785 1220; x_wconf 91' lang='lat' dir='ltr'><strong>est</strong></span> <span class='ocrx_word' id='word_1_89' title='bbox 1823 1151 2156 1232; x_wconf 88' lang='lat' dir='ltr'><strong>secedere,</strong></span> <span class='ocrx_word' id='word_1_90' title='bbox 2208 1163 2275 1219; x_wconf 88' lang='lat' dir='ltr'><strong>et</strong></span> <span class='ocrx_word' id='word_1_91' title='bbox 2333 1149 2564 1220; x_wconf 89' lang='lat' dir='ltr'><strong>debita</strong></span> <span class='ocrx_word' id='word_1_92' title='bbox 2612 1171 2721 1219; x_wconf 89' lang='lat' dir='ltr'><strong>re-</strong></span> 
     </span>
     <span class='ocr_line' id='line_1_11' title="bbox 180 1236 2716 1328; baseline -0.001 -20"><span class='ocrx_word' id='word_1_93' title='bbox 180 1255 462 1326; x_wconf 83' lang='lat' dir='ltr'><strong>spersus</strong></span> <span class='ocrx_word' id='word_1_94' title='bbox 517 1236 943 1319; x_wconf 86' lang='lat' dir='ltr'><strong>confusione,</strong></span> <span class='ocrx_word' id='word_1_95' title='bbox 1006 1238 1077 1306; x_wconf 91' lang='lat' dir='ltr'><strong>in</strong></span> <span class='ocrx_word' id='word_1_96' title='bbox 1139 1238 1430 1327; x_wconf 88' lang='lat' dir='ltr'><strong>patriam</strong></span> <span class='ocrx_word' id='word_1_97' title='bbox 1474 1240 1718 1320; x_wconf 90' lang='lat' dir='ltr'><strong>redire,</strong></span> <span class='ocrx_word' id='word_1_98' title='bbox 1756 1240 1963 1308; x_wconf 90' lang='lat' dir='ltr'><strong>etiam</strong></span> <span class='ocrx_word' id='word_1_99' title='bbox 2011 1240 2108 1309; x_wconf 90' lang='lat' dir='ltr'><strong>ibi</strong></span> <span class='ocrx_word' id='word_1_100' title='bbox 2154 1251 2353 1328; x_wconf 89' lang='lat' dir='ltr'><strong>capto</strong></span> <span class='ocrx_word' id='word_1_101' title='bbox 2401 1238 2716 1326; x_wconf 88' lang='lat' dir='ltr'><strong>ejusdem</strong></span> 
     </span>
     <span class='ocr_line' id='line_1_12' title="bbox 177 1325 2722 1419; baseline 0 -24"><span class='ocrx_word' id='word_1_102' title='bbox 177 1325 387 1395; x_wconf 85' lang='lat' dir='ltr'><strong>fratre</strong></span> <span class='ocrx_word' id='word_1_103' title='bbox 435 1327 878 1395; x_wconf 85' lang='lat' dir='ltr'><strong>HerimannO.</strong></span> <span class='ocrx_word' id='word_1_104' title='bbox 934 1326 1062 1395; x_wconf 87' lang='lat' dir='ltr'><strong>Sed</strong></span> <span class='ocrx_word' id='word_1_105' title='bbox 1111 1338 1176 1395; x_wconf 93' lang='lat' dir='ltr'><strong>et</strong></span> <span class='ocrx_word' id='word_1_106' title='bbox 1213 1326 1631 1400; x_wconf 86' lang='lat' dir='ltr'><strong>fortissimus</strong></span> <span class='ocrx_word' id='word_1_107' title='bbox 1681 1341 2022 1419; x_wconf 85' lang='lat' dir='ltr'><strong>pugnator</strong></span> <span class='ocrx_word' id='word_1_108' title='bbox 2057 1327 2484 1408; x_wconf 79' lang='lat' dir='ltr'><strong>Adalbertus,</strong></span> <span class='ocrx_word' id='word_1_109' title='bbox 2536 1327 2722 1396; x_wconf 92' lang='lat' dir='ltr'><strong>velut</strong></span> 
     </span>
     <span class='ocr_line' id='line_1_13' title="bbox 178 1414 2710 1505; baseline -0 -21"><span class='ocrx_word' id='word_1_110' title='bbox 178 1414 351 1484; x_wconf 88' lang='lat' dir='ltr'><strong>alter</strong></span> <span class='ocrx_word' id='word_1_111' title='bbox 398 1415 875 1496; x_wconf 85' lang='lat' dir='ltr'><strong>Machabaeus,</strong></span> <span class='ocrx_word' id='word_1_112' title='bbox 931 1437 1055 1505; x_wconf 92' lang='lat' dir='ltr'><strong>pro</strong></span> <span class='ocrx_word' id='word_1_113' title='bbox 1105 1414 1398 1485; x_wconf 86' lang='lat' dir='ltr'><strong>Ecclesia</strong></span> <span class='ocrx_word' id='word_1_114' title='bbox 1452 1417 1565 1486; x_wconf 87' lang='lat' dir='ltr'><strong>Dei</strong></span> <span class='ocrx_word' id='word_1_115' title='bbox 1606 1416 1855 1486; x_wconf 87' lang='lat' dir='ltr'><strong>acriter</strong></span> <span class='ocrx_word' id='word_1_116' title='bbox 1900 1415 2320 1499; x_wconf 84' lang='lat' dir='ltr'><strong>dimicando,</strong></span> <span class='ocrx_word' id='word_1_117' title='bbox 2364 1415 2616 1485; x_wconf 87' lang='lat' dir='ltr'><strong>cecidit</strong></span> <span class='ocrx_word' id='word_1_118' title='bbox 2643 1416 2710 1483; x_wconf 91' lang='lat' dir='ltr'><strong>in</strong></span> 
     </span>
     <span class='ocr_line' id='line_1_14' title="bbox 176 1503 2719 1596; baseline -0 -22"><span class='ocrx_word' id='word_1_119' title='bbox 176 1504 418 1574; x_wconf 89' lang='lat' dir='ltr'><strong>eodem</strong></span> <span class='ocrx_word' id='word_1_120' title='bbox 467 1503 669 1584; x_wconf 82' lang='lat' dir='ltr'><strong>betto,</strong></span> <span class='ocrx_word' id='word_1_121' title='bbox 724 1517 801 1572; x_wconf 92' lang='lat' dir='ltr'><strong>ut</strong></span> <span class='ocrx_word' id='word_1_122' title='bbox 839 1504 1165 1573; x_wconf 86' lang='lat' dir='ltr'><strong>veraciter</strong></span> <span class='ocrx_word' id='word_1_123' title='bbox 1195 1516 1295 1574; x_wconf 87' lang='lat' dir='ltr'><strong>est</strong></span> <span class='ocrx_word' id='word_1_124' title='bbox 1343 1505 1791 1588; x_wconf 89' lang='lat' dir='ltr'><strong>credendum,</strong></span> <span class='ocrx_word' id='word_1_125' title='bbox 1830 1527 1951 1596; x_wconf 89' lang='lat' dir='ltr'><strong>per</strong></span> <span class='ocrx_word' id='word_1_126' title='bbox 1980 1504 2412 1575; x_wconf 88' lang='lat' dir='ltr'><strong>mortalitatis</strong></span> <span class='ocrx_word' id='word_1_127' title='bbox 2438 1504 2719 1596; x_wconf 91' lang='lat' dir='ltr'><strong>dispen-</strong></span> 
     </span>
     <span class='ocr_line' id='line_1_15' title="bbox 177 1592 2722 1684; baseline 0 -23"><span class='ocrx_word' id='word_1_128' title='bbox 177 1592 372 1662; x_wconf 88' lang='lat' dir='ltr'><strong>dium</strong></span> <span class='ocrx_word' id='word_1_129' title='bbox 411 1592 703 1662; x_wconf 86' lang='lat' dir='ltr'><strong>trasiens</strong></span> <span class='ocrx_word' id='word_1_130' title='bbox 750 1592 837 1663; x_wconf 89' lang='lat' dir='ltr'><strong>ad</strong></span> <span class='ocrx_word' id='word_1_131' title='bbox 887 1592 1420 1663; x_wconf 85' lang='lat' dir='ltr'><strong>immortalitatis</strong></span> <span class='ocrx_word' id='word_1_132' title='bbox 1466 1594 1985 1684; x_wconf 88' lang='lat' dir='ltr'><strong>compendium.</strong></span> <span class='ocrx_word' id='word_1_133' title='bbox 2018 1594 2228 1684; x_wconf 89' lang='lat' dir='ltr'><strong>Cujus</strong></span> <span class='ocrx_word' id='word_1_134' title='bbox 2276 1614 2530 1684; x_wconf 87' lang='lat' dir='ltr'><strong>corpus</strong></span> <span class='ocrx_word' id='word_1_135' title='bbox 2561 1614 2722 1662; x_wconf 91' lang='lat' dir='ltr'><strong>san-</strong></span> 
     </span>
     <span class='ocr_line' id='line_1_16' title="bbox 181 1680 2722 1771; baseline -0 -20"><span class='ocrx_word' id='word_1_136' title='bbox 181 1694 334 1752; x_wconf 88' lang='lat' dir='ltr'><strong>ctus</strong></span> <span class='ocrx_word' id='word_1_137' title='bbox 387 1680 748 1752; x_wconf 89' lang='lat' dir='ltr'><strong>Udalricus</strong></span> <span class='ocrx_word' id='word_1_138' title='bbox 803 1686 1176 1771; x_wconf 77' lang='lat' dir='ltr'><strong>Augustam</strong></span> <span class='ocrx_word' id='word_1_139' title='bbox 1244 1683 1600 1763; x_wconf 83' lang='lat' dir='ltr'><strong>deferenS,</strong></span> <span class='ocrx_word' id='word_1_140' title='bbox 1675 1684 1743 1751; x_wconf 93' lang='lat' dir='ltr'><strong>in</strong></span> <span class='ocrx_word' id='word_1_141' title='bbox 1805 1682 2093 1752; x_wconf 89' lang='lat' dir='ltr'><strong>ecclesia</strong></span> <span class='ocrx_word' id='word_1_142' title='bbox 2142 1695 2418 1752; x_wconf 88' lang='lat' dir='ltr'><strong>sanctae</strong></span> <span class='ocrx_word' id='word_1_143' title='bbox 2467 1682 2722 1751; x_wconf 85' lang='lat' dir='ltr'><strong>Mariae</strong></span> 
     </span>
     <span class='ocr_line' id='line_1_17' title="bbox 179 1770 2725 1862; baseline 0.001 -24"><span class='ocrx_word' id='word_1_144' title='bbox 179 1791 454 1858; x_wconf 87' lang='lat' dir='ltr'><strong>semper</strong></span> <span class='ocrx_word' id='word_1_145' title='bbox 476 1771 767 1860; x_wconf 86' lang='lat' dir='ltr'><strong>virginis</strong></span> <span class='ocrx_word' id='word_1_146' title='bbox 796 1770 1145 1839; x_wconf 86' lang='lat' dir='ltr'><strong>condidit:</strong></span> <span class='ocrx_word' id='word_1_147' title='bbox 1199 1772 1519 1860; x_wconf 88' lang='lat' dir='ltr'><strong>spiritum</strong></span> <span class='ocrx_word' id='word_1_148' title='bbox 1570 1793 1726 1841; x_wconf 89' lang='lat' dir='ltr'><strong>vero</strong></span> <span class='ocrx_word' id='word_1_149' title='bbox 1776 1793 1897 1862; x_wconf 89' lang='lat' dir='ltr'><strong>per</strong></span> <span class='ocrx_word' id='word_1_150' title='bbox 1942 1792 2178 1841; x_wconf 87' lang='lat' dir='ltr'><strong>sacrae</strong></span> <span class='ocrx_word' id='word_1_151' title='bbox 2225 1770 2725 1841; x_wconf 88' lang='lat' dir='ltr'><strong>immolationis</strong></span> 
     </span>
     <span class='ocr_line' id='line_1_18' title="bbox 184 1858 2730 1929; baseline 0 -1"><span class='ocrx_word' id='word_1_152' title='bbox 184 1859 484 1928; x_wconf 87' lang='lat' dir='ltr'><strong>hostiam</strong></span> <span class='ocrx_word' id='word_1_153' title='bbox 526 1860 811 1929; x_wconf 89' lang='lat' dir='ltr'><strong>Domino</strong></span> <span class='ocrx_word' id='word_1_154' title='bbox 840 1858 1369 1929; x_wconf 87' lang='lat' dir='ltr'><strong>commendavit.</strong></span> <span class='ocrx_word' id='word_1_155' title='bbox 2724 1872 2730 1878; x_wconf 80' lang='grc'><em>·</em></span> 
     </span>
    </p>

    <p class='ocr_par' dir='ltr' id='par_1_3' title="bbox 182 1947 2739 3725">
     <span class='ocr_line' id='line_1_19' title="bbox 271 1947 2725 2033; baseline -0 -15"><span class='ocrx_word' id='word_1_156' title='bbox 271 1950 308 2033; x_wconf 69' lang='grc' dir='ltr'>ξ</span> <span class='ocrx_word' id='word_1_157' title='bbox 356 1952 507 2019; x_wconf 65' lang='lat'><strong>12.</strong></span> <span class='ocrx_word' id='word_1_158' title='bbox 559 1953 650 2029; x_wconf 80' lang='lat' dir='ltr'><strong>Ex</strong></span> <span class='ocrx_word' id='word_1_159' title='bbox 703 1949 827 2017; x_wconf 86' lang='lat' dir='ltr'><strong>hoc</strong></span> <span class='ocrx_word' id='word_1_160' title='bbox 875 1958 1107 2018; x_wconf 90' lang='lat' dir='ltr'><strong>tantus</strong></span> <span class='ocrx_word' id='word_1_161' title='bbox 1136 1949 1452 2017; x_wconf 90' lang='lat' dir='ltr'><strong>omnium</strong></span> <span class='ocrx_word' id='word_1_162' title='bbox 1502 1961 1764 2018; x_wconf 87' lang='lat' dir='ltr'><strong>mentes</strong></span> <span class='ocrx_word' id='word_1_163' title='bbox 1809 1948 2014 2017; x_wconf 90' lang='lat' dir='ltr'><strong>timor</strong></span> <span class='ocrx_word' id='word_1_164' title='bbox 2060 1947 2329 2028; x_wconf 86' lang='lat' dir='ltr'><strong>invasit,</strong></span> <span class='ocrx_word' id='word_1_165' title='bbox 2373 1959 2452 2017; x_wconf 91' lang='lat' dir='ltr'><strong>ut</strong></span> <span class='ocrx_word' id='word_1_166' title='bbox 2482 1947 2725 2017; x_wconf 87' lang='lat' dir='ltr'><strong>nullus</strong></span> 
     </span>
     <span class='ocr_line' id='line_1_20' title="bbox 184 2034 2727 2128; baseline 0.001 -25"><span class='ocrx_word' id='word_1_167' title='bbox 184 2034 270 2104; x_wconf 90' lang='lat' dir='ltr'><strong>de</strong></span> <span class='ocrx_word' id='word_1_168' title='bbox 304 2036 508 2105; x_wconf 89' lang='lat' dir='ltr'><strong>rebus</strong></span> <span class='ocrx_word' id='word_1_169' title='bbox 555 2035 880 2108; x_wconf 86' lang='lat' dir='ltr'><strong>ecclesiae</strong></span> <span class='ocrx_word' id='word_1_170' title='bbox 928 2049 1203 2106; x_wconf 88' lang='lat' dir='ltr'><strong>sanctae</strong></span> <span class='ocrx_word' id='word_1_171' title='bbox 1253 2037 1499 2106; x_wconf 88' lang='lat' dir='ltr'><strong>Mariae</strong></span> <span class='ocrx_word' id='word_1_172' title='bbox 1547 2059 1820 2128; x_wconf 90' lang='lat' dir='ltr'><strong>semper</strong></span> <span class='ocrx_word' id='word_1_173' title='bbox 1879 2036 2168 2127; x_wconf 87' lang='lat' dir='ltr'><strong>virginis</strong></span> <span class='ocrx_word' id='word_1_174' title='bbox 2213 2036 2299 2105; x_wconf 89' lang='lat' dir='ltr'><strong>ad</strong></span> <span class='ocrx_word' id='word_1_175' title='bbox 2349 2040 2727 2126; x_wconf 80' lang='lat' dir='ltr'><strong>Augustam</strong></span> 
     </span>
     <span class='ocr_line' id='line_1_21' title="bbox 185 2124 2719 2216; baseline 0 -24"><span class='ocrx_word' id='word_1_176' title='bbox 185 2124 716 2213; x_wconf 80' lang='lat' dir='ltr'><strong>pertinentibuS‚</strong></span> <span class='ocrx_word' id='word_1_177' title='bbox 769 2125 1029 2211; x_wconf 89' lang='lat' dir='ltr'><strong>aliquid</strong></span> <span class='ocrx_word' id='word_1_178' title='bbox 1067 2148 1406 2216; x_wconf 87' lang='lat' dir='ltr'><strong>usurpare</strong></span> <span class='ocrx_word' id='word_1_179' title='bbox 1458 2137 1952 2216; x_wconf 89' lang='lat' dir='ltr'><strong>praesumeret:</strong></span> <span class='ocrx_word' id='word_1_180' title='bbox 1990 2125 2155 2212; x_wconf 88' lang='lat' dir='ltr'><strong>quia</strong></span> <span class='ocrx_word' id='word_1_181' title='bbox 2194 2125 2431 2195; x_wconf 89' lang='lat' dir='ltr'><strong>nullus</strong></span> <span class='ocrx_word' id='word_1_182' title='bbox 2477 2145 2719 2194; x_wconf 91' lang='lat' dir='ltr'><strong>eorum</strong></span> 
     </span>
     <span class='ocr_line' id='line_1_22' title="bbox 184 2213 2726 2305; baseline 0.001 -25"><span class='ocrx_word' id='word_1_183' title='bbox 184 2213 308 2300; x_wconf 90' lang='lat' dir='ltr'><strong>qui</strong></span> <span class='ocrx_word' id='word_1_184' title='bbox 356 2226 554 2282; x_wconf 84' lang='lat' dir='ltr'><strong>antea</strong></span> <span class='ocrx_word' id='word_1_185' title='bbox 591 2214 752 2283; x_wconf 89' lang='lat' dir='ltr'><strong>inde</strong></span> <span class='ocrx_word' id='word_1_186' title='bbox 800 2214 1063 2300; x_wconf 88' lang='lat' dir='ltr'><strong>aliquid</strong></span> <span class='ocrx_word' id='word_1_187' title='bbox 1114 2215 1366 2305; x_wconf 89' lang='lat' dir='ltr'><strong>injuste</strong></span> <span class='ocrx_word' id='word_1_188' title='bbox 1430 2214 1898 2296; x_wconf 86' lang='lat' dir='ltr'><strong>abstulerunt,</strong></span> <span class='ocrx_word' id='word_1_189' title='bbox 1952 2214 2055 2284; x_wconf 87' lang='lat' dir='ltr'><strong>vel</strong></span> <span class='ocrx_word' id='word_1_190' title='bbox 2117 2214 2190 2282; x_wconf 91' lang='lat' dir='ltr'><strong>in</strong></span> <span class='ocrx_word' id='word_1_191' title='bbox 2238 2224 2555 2284; x_wconf 89' lang='lat' dir='ltr'><strong>sanctum</strong></span> <span class='ocrx_word' id='word_1_192' title='bbox 2611 2213 2726 2283; x_wconf 89' lang='lat' dir='ltr'><strong>Dei</strong></span> 
     </span>
     <span class='ocr_line' id='line_1_23' title="bbox 184 2300 2727 2394; baseline 0.001 -25"><span class='ocrx_word' id='word_1_193' title='bbox 184 2300 649 2389; x_wconf 89' lang='lat' dir='ltr'><strong>deliquerunt,</strong></span> <span class='ocrx_word' id='word_1_194' title='bbox 687 2304 1075 2393; x_wconf 91' lang='lat' dir='ltr'><strong>impunitus</strong></span> <span class='ocrx_word' id='word_1_195' title='bbox 1105 2304 1340 2383; x_wconf 89' lang='lat' dir='ltr'><strong>evasit,</strong></span> <span class='ocrx_word' id='word_1_196' title='bbox 1377 2304 1509 2372; x_wconf 91' lang='lat' dir='ltr'><strong>nisi</strong></span> <span class='ocrx_word' id='word_1_197' title='bbox 1557 2304 1679 2391; x_wconf 91' lang='lat' dir='ltr'><strong>qui</strong></span> <span class='ocrx_word' id='word_1_198' title='bbox 1715 2325 1836 2394; x_wconf 92' lang='lat' dir='ltr'><strong>per</strong></span> <span class='ocrx_word' id='word_1_199' title='bbox 1872 2303 2155 2394; x_wconf 83' lang='lat' dir='ltr'><strong>dignam</strong></span> <span class='ocrx_word' id='word_1_200' title='bbox 2192 2302 2727 2375; x_wconf 87' lang='lat' dir='ltr'><strong>satisfactionem</strong></span> 
     </span>
     <span class='ocr_line' id='line_1_24' title="bbox 235 2391 2728 2483; baseline 0.001 -25"><span class='ocrx_word' id='word_1_201' title='bbox 235 2412 309 2458; x_wconf 89' lang='lat' dir='ltr'><strong>er</strong></span> <span class='ocrx_word' id='word_1_202' title='bbox 357 2391 897 2461; x_wconf 86' lang='lat' dir='ltr'><strong>misericordiam</strong></span> <span class='ocrx_word' id='word_1_203' title='bbox 954 2393 1089 2472; x_wconf 88' lang='lat' dir='ltr'><strong>Dei,</strong></span> <span class='ocrx_word' id='word_1_204' title='bbox 1141 2393 1477 2483; x_wconf 90' lang='lat' dir='ltr'><strong>Episcopo</strong></span> <span class='ocrx_word' id='word_1_205' title='bbox 1524 2392 1984 2462; x_wconf 87' lang='lat' dir='ltr'><strong>intercedente</strong></span> <span class='ocrx_word' id='word_1_206' title='bbox 2017 2447 2032 2474; x_wconf 90' lang='lat'><strong>,</strong></span> <span class='ocrx_word' id='word_1_207' title='bbox 2098 2392 2479 2481; x_wconf 89' lang='lat' dir='ltr'><strong>promeruit</strong></span> <span class='ocrx_word' id='word_1_208' title='bbox 2525 2392 2728 2462; x_wconf 89' lang='lat' dir='ltr'><strong>abso-</strong></span> 
     </span>
     <span class='ocr_line' id='line_1_25' title="bbox 215 2479 2720 2573; baseline 0 -24"><span class='ocrx_word' id='word_1_209' title='bbox 215 2479 546 2550; x_wconf 89' lang='lat' dir='ltr'><strong>utionem.</strong></span> <span class='ocrx_word' id='word_1_210' title='bbox 602 2485 682 2550; x_wconf 92' lang='lat' dir='ltr'><strong>Ut</strong></span> <span class='ocrx_word' id='word_1_211' title='bbox 726 2482 909 2551; x_wconf 89' lang='lat' dir='ltr'><strong>enim</strong></span> <span class='ocrx_word' id='word_1_212' title='bbox 944 2504 1024 2551; x_wconf 84' lang='lat' dir='ltr'><strong>ex</strong></span> <span class='ocrx_word' id='word_1_213' title='bbox 1072 2481 1393 2572; x_wconf 85' lang='lat' dir='ltr'><strong>pluribus</strong></span> <span class='ocrx_word' id='word_1_214' title='bbox 1424 2505 1638 2573; x_wconf 90' lang='lat' dir='ltr'><strong>pauca</strong></span> <span class='ocrx_word' id='word_1_215' title='bbox 1690 2503 1876 2551; x_wconf 87' lang='lat' dir='ltr'><strong>exem</strong></span> <span class='ocrx_word' id='word_1_216' title='bbox 1934 2481 2220 2552; x_wconf 74' lang='lat' dir='ltr'><strong>licausa</strong></span> <span class='ocrx_word' id='word_1_217' title='bbox 2268 2479 2720 2572; x_wconf 80' lang='lat' dir='ltr'><strong>proferamuS,</strong></span> 
     </span>
     <span class='ocr_line' id='line_1_26' title="bbox 183 2570 2724 2662; baseline 0.002 -26"><span class='ocrx_word' id='word_1_218' title='bbox 183 2591 374 2638; x_wconf 90' lang='lat' dir='ltr'><strong>unus</strong></span> <span class='ocrx_word' id='word_1_219' title='bbox 431 2591 512 2638; x_wconf 86' lang='lat' dir='ltr'><strong>ex</strong></span> <span class='ocrx_word' id='word_1_220' title='bbox 562 2570 692 2648; x_wconf 88' lang='lat' dir='ltr'><strong>his,</strong></span> <span class='ocrx_word' id='word_1_221' title='bbox 744 2571 987 2639; x_wconf 87' lang='lat' dir='ltr'><strong>vicinis</strong></span> <span class='ocrx_word' id='word_1_222' title='bbox 1035 2571 1107 2639; x_wconf 91' lang='lat' dir='ltr'><strong>in</strong></span> <span class='ocrx_word' id='word_1_223' title='bbox 1158 2572 1431 2641; x_wconf 85' lang='lat' dir='ltr'><strong>veritate</strong></span> <span class='ocrx_word' id='word_1_224' title='bbox 1479 2571 1886 2641; x_wconf 88' lang='lat' dir='ltr'><strong>contestanti</strong></span> <span class='ocrx_word' id='word_1_225' title='bbox 1938 2593 2023 2639; x_wconf 91' lang='lat' dir='ltr'><strong>us</strong></span> <span class='ocrx_word' id='word_1_226' title='bbox 2054 2625 2068 2650; x_wconf 91' lang='lat'><strong>,</strong></span> <span class='ocrx_word' id='word_1_227' title='bbox 2141 2572 2409 2640; x_wconf 90' lang='lat' dir='ltr'><strong>tamdiu</strong></span> <span class='ocrx_word' id='word_1_228' title='bbox 2457 2570 2724 2662; x_wconf 81' lang='lat' dir='ltr'><strong>perdito</strong></span> 
     </span>
     <span class='ocr_line' id='line_1_27' title="bbox 185 2659 2732 2749; baseline -0 -21"><span class='ocrx_word' id='word_1_229' title='bbox 185 2680 398 2729; x_wconf 87' lang='lat' dir='ltr'><strong>sensu</strong></span> <span class='ocrx_word' id='word_1_230' title='bbox 461 2659 775 2749; x_wconf 86' lang='lat' dir='ltr'><strong>proprias</strong></span> <span class='ocrx_word' id='word_1_231' title='bbox 824 2682 1072 2729; x_wconf 90' lang='lat' dir='ltr'><strong>manus</strong></span> <span class='ocrx_word' id='word_1_232' title='bbox 1119 2659 1481 2741; x_wconf 88' lang='lat' dir='ltr'><strong>laceravit,</strong></span> <span class='ocrx_word' id='word_1_233' title='bbox 1535 2681 1896 2748; x_wconf 89' lang='lat' dir='ltr'><strong>quousque</strong></span> <span class='ocrx_word' id='word_1_234' title='bbox 1961 2659 2167 2728; x_wconf 89' lang='lat' dir='ltr'><strong>vitam</strong></span> <span class='ocrx_word' id='word_1_235' title='bbox 2243 2659 2487 2728; x_wconf 88' lang='lat' dir='ltr'><strong>finivit.</strong></span> <span class='ocrx_word' id='word_1_236' title='bbox 2541 2660 2732 2728; x_wconf 77' lang='lat' dir='ltr'><strong>Alius</strong></span> 
     </span>
     <span class='ocr_line' id='line_1_28' title="bbox 182 2746 2732 2839; baseline 0.001 -24"><span class='ocrx_word' id='word_1_237' title='bbox 182 2769 343 2816; x_wconf 86' lang='lat' dir='ltr'><strong>vero</strong></span> <span class='ocrx_word' id='word_1_238' title='bbox 393 2746 651 2817; x_wconf 91' lang='lat' dir='ltr'><strong>librum</strong></span> <span class='ocrx_word' id='word_1_239' title='bbox 689 2749 1063 2836; x_wconf 91' lang='lat' dir='ltr'><strong>quemdam</strong></span> <span class='ocrx_word' id='word_1_240' title='bbox 1111 2749 1196 2818; x_wconf 90' lang='lat' dir='ltr'><strong>de</strong></span> <span class='ocrx_word' id='word_1_241' title='bbox 1242 2750 1512 2818; x_wconf 86' lang='lat' dir='ltr'><strong>civitate</strong></span> <span class='ocrx_word' id='word_1_242' title='bbox 1560 2756 1863 2839; x_wconf 74' lang='lat' dir='ltr'><strong>Augusta</strong></span> <span class='ocrx_word' id='word_1_243' title='bbox 1913 2749 2163 2838; x_wconf 84' lang='lat' dir='ltr'><strong>rapuit,</strong></span> <span class='ocrx_word' id='word_1_244' title='bbox 2201 2770 2281 2816; x_wconf 83' lang='lat' dir='ltr'><strong>ex</strong></span> <span class='ocrx_word' id='word_1_245' title='bbox 2328 2749 2531 2837; x_wconf 88' lang='lat' dir='ltr'><strong>cujus</strong></span> <span class='ocrx_word' id='word_1_246' title='bbox 2579 2770 2732 2838; x_wconf 88' lang='lat' dir='ltr'><strong>pre-</strong></span> 
     </span>
     <span class='ocr_line' id='line_1_29' title="bbox 185 2837 2733 2927; baseline 0 -22"><span class='ocrx_word' id='word_1_247' title='bbox 185 2837 294 2905; x_wconf 88' lang='lat' dir='ltr'><strong>cio</strong></span> <span class='ocrx_word' id='word_1_248' title='bbox 333 2837 682 2906; x_wconf 89' lang='lat' dir='ltr'><strong>caballum</strong></span> <span class='ocrx_word' id='word_1_249' title='bbox 732 2838 920 2906; x_wconf 90' lang='lat' dir='ltr'><strong>emit.</strong></span> <span class='ocrx_word' id='word_1_250' title='bbox 974 2844 1185 2920; x_wconf 84' lang='lat' dir='ltr'><strong>Quem</strong></span> <span class='ocrx_word' id='word_1_251' title='bbox 1238 2860 1399 2908; x_wconf 89' lang='lat' dir='ltr'><strong>cum</strong></span> <span class='ocrx_word' id='word_1_252' title='bbox 1456 2838 1742 2908; x_wconf 91' lang='lat' dir='ltr'><strong>domum</strong></span> <span class='ocrx_word' id='word_1_253' title='bbox 1797 2837 2261 2927; x_wconf 86' lang='lat' dir='ltr'><strong>perduxisset,</strong></span> <span class='ocrx_word' id='word_1_254' title='bbox 2316 2838 2515 2906; x_wconf 81' lang='lat' dir='ltr'><strong>uxori</strong></span> <span class='ocrx_word' id='word_1_255' title='bbox 2564 2857 2733 2907; x_wconf 89' lang='lat' dir='ltr'><strong>suae</strong></span> 
     </span>
     <span class='ocr_line' id='line_1_30' title="bbox 186 2925 2736 3016; baseline 0 -22"><span class='ocrx_word' id='word_1_256' title='bbox 186 2926 312 2994; x_wconf 88' lang='lat' dir='ltr'><strong>ait:</strong></span> <span class='ocrx_word' id='word_1_257' title='bbox 368 2949 405 2993; x_wconf 81' lang='lat'>«</span> <span class='ocrx_word' id='word_1_258' title='bbox 449 2927 691 2994; x_wconf 88' lang='lat' dir='ltr'><strong>Melius</strong></span> <span class='ocrx_word' id='word_1_259' title='bbox 740 2927 913 2995; x_wconf 86' lang='lat' dir='ltr'><strong>mibi</strong></span> <span class='ocrx_word' id='word_1_260' title='bbox 960 2926 1223 3008; x_wconf 87' lang='lat' dir='ltr'><strong>fuerat,</strong></span> <span class='ocrx_word' id='word_1_261' title='bbox 1290 2940 1366 2997; x_wconf 92' lang='lat' dir='ltr'><strong>ut</strong></span> <span class='ocrx_word' id='word_1_262' title='bbox 1411 2928 1617 2998; x_wconf 89' lang='lat' dir='ltr'><strong>istum</strong></span> <span class='ocrx_word' id='word_1_263' title='bbox 1671 2940 1809 2996; x_wconf 87' lang='lat' dir='ltr'><strong>tam</strong></span> <span class='ocrx_word' id='word_1_264' title='bbox 1878 2926 2287 3016; x_wconf 89' lang='lat' dir='ltr'><strong>praestantis</strong></span> <span class='ocrx_word' id='word_1_265' title='bbox 2353 2925 2615 2995; x_wconf 85' lang='lat' dir='ltr'><strong>formae</strong></span> <span class='ocrx_word' id='word_1_266' title='bbox 2657 2946 2736 2994; x_wconf 92' lang='lat' dir='ltr'><strong>e-</strong></span> 
     </span>
     <span class='ocr_line' id='line_1_31' title="bbox 187 3015 2731 3106; baseline 0.001 -25"><span class='ocrx_word' id='word_1_267' title='bbox 187 3035 403 3100; x_wconf 89' lang='lat' dir='ltr'><strong>quum</strong></span> <span class='ocrx_word' id='word_1_268' title='bbox 452 3015 800 3094; x_wconf 90' lang='lat' dir='ltr'><strong>emissem,</strong></span> <span class='ocrx_word' id='word_1_269' title='bbox 852 3036 1064 3101; x_wconf 89' lang='lat' dir='ltr'><strong>quam</strong></span> <span class='ocrx_word' id='word_1_270' title='bbox 1112 3015 1371 3085; x_wconf 89' lang='lat' dir='ltr'><strong>librum</strong></span> <span class='ocrx_word' id='word_1_271' title='bbox 1419 3038 1556 3103; x_wconf 91' lang='lat' dir='ltr'><strong>quo</strong></span> <span class='ocrx_word' id='word_1_272' title='bbox 1605 3016 1807 3085; x_wconf 88' lang='lat' dir='ltr'><strong>illum</strong></span> <span class='ocrx_word' id='word_1_273' title='bbox 1854 3015 2273 3106; x_wconf 89' lang='lat' dir='ltr'><strong>comparavi,</strong></span> <span class='ocrx_word' id='word_1_274' title='bbox 2309 3015 2379 3083; x_wconf 93' lang='lat' dir='ltr'><strong>in</strong></span> <span class='ocrx_word' id='word_1_275' title='bbox 2422 3020 2731 3105; x_wconf 77' lang='lat' dir='ltr'><strong>Augusta</strong></span> 
     </span>
     <span class='ocr_line' id='line_1_32' title="bbox 188 3101 2734 3195; baseline 0.001 -25"><span class='ocrx_word' id='word_1_276' title='bbox 188 3102 686 3172; x_wconf 83' lang='lat' dir='ltr'><strong>dimisissem.»</strong></span> <span class='ocrx_word' id='word_1_277' title='bbox 736 3103 857 3172; x_wconf 85' lang='lat' dir='ltr'><strong>Cui</strong></span> <span class='ocrx_word' id='word_1_278' title='bbox 905 3102 1064 3171; x_wconf 89' lang='lat' dir='ltr'><strong>illa:</strong></span> <span class='ocrx_word' id='word_1_279' title='bbox 1111 3126 1147 3170; x_wconf 89' lang='lat'>«</span> <span class='ocrx_word' id='word_1_280' title='bbox 1182 3105 1455 3186; x_wconf 89' lang='lat' dir='ltr'><strong>Utilius,</strong></span> <span class='ocrx_word' id='word_1_281' title='bbox 1493 3105 1741 3191; x_wconf 88' lang='lat' dir='ltr'><strong>inquit,</strong></span> <span class='ocrx_word' id='word_1_282' title='bbox 1793 3117 1871 3174; x_wconf 89' lang='lat' dir='ltr'><strong>ut</strong></span> <span class='ocrx_word' id='word_1_283' title='bbox 1919 3127 2141 3195; x_wconf 80' lang='lat' dir='ltr'><strong>spem,</strong></span> <span class='ocrx_word' id='word_1_284' title='bbox 2194 3103 2318 3174; x_wconf 89' lang='lat' dir='ltr'><strong>tibi</strong></span> <span class='ocrx_word' id='word_1_285' title='bbox 2368 3103 2633 3185; x_wconf 86' lang='lat' dir='ltr'><strong>suisset,</strong></span> <span class='ocrx_word' id='word_1_286' title='bbox 2672 3101 2734 3173; x_wconf 89' lang='lat' dir='ltr'><strong>si</strong></span> 
     </span>
     <span class='ocr_line' id='line_1_33' title="bbox 185 3191 2734 3292; baseline -0.001 -31"><span class='ocrx_word' id='word_1_287' title='bbox 185 3213 576 3277; x_wconf 86' lang='lat' dir='ltr'><strong>numquam</strong></span> <span class='ocrx_word' id='word_1_288' title='bbox 628 3212 878 3261; x_wconf 83' lang='lat' dir='ltr'><strong>manus</strong></span> <span class='ocrx_word' id='word_1_289' title='bbox 938 3202 1056 3261; x_wconf 90' lang='lat' dir='ltr'><strong>tua</strong></span> <span class='ocrx_word' id='word_1_290' title='bbox 1102 3191 1333 3292; x_wconf 90' lang='lat' dir='ltr'><strong>ipsum</strong></span> <span class='ocrx_word' id='word_1_291' title='bbox 1386 3193 1641 3263; x_wconf 91' lang='lat' dir='ltr'><strong>librum</strong></span> <span class='ocrx_word' id='word_1_292' title='bbox 1699 3193 2095 3283; x_wconf 77' lang='lat' dir='ltr'><strong>tetigisset.»</strong></span> <span class='ocrx_word' id='word_1_293' title='bbox 2141 3192 2265 3262; x_wconf 88' lang='lat' dir='ltr'><strong>Ille</strong></span> <span class='ocrx_word' id='word_1_294' title='bbox 2314 3214 2510 3272; x_wconf 89' lang='lat' dir='ltr'><strong>vero,</strong></span> <span class='ocrx_word' id='word_1_295' title='bbox 2563 3191 2734 3260; x_wconf 90' lang='lat' dir='ltr'><strong>dum</strong></span> 
     </span>
     <span class='ocr_line' id='line_1_34' title="bbox 186 3278 2736 3370; baseline 0.001 -22"><span class='ocrx_word' id='word_1_296' title='bbox 186 3278 383 3348; x_wconf 87' lang='lat' dir='ltr'><strong>molli</strong></span> <span class='ocrx_word' id='word_1_297' title='bbox 432 3291 686 3348; x_wconf 89' lang='lat' dir='ltr'><strong>attactu</strong></span> <span class='ocrx_word' id='word_1_298' title='bbox 733 3301 856 3370; x_wconf 90' lang='lat' dir='ltr'><strong>per</strong></span> <span class='ocrx_word' id='word_1_299' title='bbox 903 3291 1276 3370; x_wconf 81' lang='lat' dir='ltr'><strong>posteriora</strong></span> <span class='ocrx_word' id='word_1_300' title='bbox 1324 3281 1534 3362; x_wconf 89' lang='lat' dir='ltr'><strong>dorsi,</strong></span> <span class='ocrx_word' id='word_1_301' title='bbox 1590 3293 1667 3350; x_wconf 88' lang='lat' dir='ltr'><strong>ut</strong></span> <span class='ocrx_word' id='word_1_302' title='bbox 1712 3282 1983 3360; x_wconf 87' lang='lat' dir='ltr'><strong>assolet,</strong></span> <span class='ocrx_word' id='word_1_303' title='bbox 2039 3303 2214 3369; x_wconf 91' lang='lat' dir='ltr'><strong>equo</strong></span> <span class='ocrx_word' id='word_1_304' title='bbox 2263 3280 2568 3351; x_wconf 89' lang='lat' dir='ltr'><strong>blandiri</strong></span> <span class='ocrx_word' id='word_1_305' title='bbox 2617 3301 2736 3351; x_wconf 89' lang='lat' dir='ltr'><strong>vo-</strong></span> 
     </span>
     <span class='ocr_line' id='line_1_35' title="bbox 189 3365 2733 3459; baseline 0.001 -25"><span class='ocrx_word' id='word_1_306' title='bbox 189 3365 341 3446; x_wconf 90' lang='lat' dir='ltr'><strong>luit,</strong></span> <span class='ocrx_word' id='word_1_307' title='bbox 395 3389 551 3436; x_wconf 81' lang='lat' dir='ltr'><strong>mox</strong></span> <span class='ocrx_word' id='word_1_308' title='bbox 584 3369 670 3437; x_wconf 91' lang='lat' dir='ltr'><strong>ab</strong></span> <span class='ocrx_word' id='word_1_309' title='bbox 709 3368 948 3437; x_wconf 90' lang='lat' dir='ltr'><strong>eodem</strong></span> <span class='ocrx_word' id='word_1_310' title='bbox 998 3391 1369 3459; x_wconf 90' lang='lat' dir='ltr'><strong>percussus</strong></span> <span class='ocrx_word' id='word_1_311' title='bbox 1418 3369 1697 3439; x_wconf 86' lang='lat' dir='ltr'><strong>interiit.</strong></span> <span class='ocrx_word' id='word_1_312' title='bbox 1754 3375 1909 3438; x_wconf 87' lang='lat' dir='ltr'><strong>Post</strong></span> <span class='ocrx_word' id='word_1_313' title='bbox 1935 3392 2072 3439; x_wconf 87' lang='lat' dir='ltr'><strong>non</strong></span> <span class='ocrx_word' id='word_1_314' title='bbox 2123 3369 2422 3439; x_wconf 89' lang='lat' dir='ltr'><strong>multum</strong></span> <span class='ocrx_word' id='word_1_315' title='bbox 2473 3371 2733 3458; x_wconf 79' lang='lat' dir='ltr'><strong>t&#39;empo·</strong></span> 
     </span>
     <span class='ocr_line' id='line_1_36' title="bbox 188 3454 2729 3549; baseline 0 -24"><span class='ocrx_word' id='word_1_316' title='bbox 188 3454 289 3525; x_wconf 89' lang='lat' dir='ltr'><strong>ris</strong></span> <span class='ocrx_word' id='word_1_317' title='bbox 341 3455 685 3545; x_wconf 88' lang='lat' dir='ltr'><strong>praefatus</strong></span> <span class='ocrx_word' id='word_1_318' title='bbox 747 3458 1148 3546; x_wconf 80' lang='lat' dir='ltr'><strong>Arnulphus</strong></span> <span class='ocrx_word' id='word_1_319' title='bbox 1222 3480 1346 3548; x_wconf 92' lang='lat' dir='ltr'><strong>pro</strong></span> <span class='ocrx_word' id='word_1_320' title='bbox 1396 3458 1712 3549; x_wconf 82' lang='lat' dir='ltr'><strong>injuriis,</strong></span> <span class='ocrx_word' id='word_1_321' title='bbox 1791 3480 1965 3544; x_wconf 89' lang='lat' dir='ltr'><strong>quas</strong></span> <span class='ocrx_word' id='word_1_322' title='bbox 2013 3458 2156 3526; x_wconf 91' lang='lat' dir='ltr'><strong>viro</strong></span> <span class='ocrx_word' id='word_1_323' title='bbox 2216 3459 2328 3526; x_wconf 88' lang='lat' dir='ltr'><strong>Dei</strong></span> <span class='ocrx_word' id='word_1_324' title='bbox 2390 3458 2729 3549; x_wconf 89' lang='lat' dir='ltr'><strong>ingessit,</strong></span> 
     </span>
     <span class='ocr_line' id='line_1_37' title="bbox 186 3545 2739 3636; baseline 0.001 -22"><span class='ocrx_word' id='word_1_325' title='bbox 186 3545 393 3614; x_wconf 88' lang='lat' dir='ltr'><strong>etiam</strong></span> <span class='ocrx_word' id='word_1_326' title='bbox 445 3545 591 3635; x_wconf 92' lang='lat' dir='ltr'><strong>ipse</strong></span> <span class='ocrx_word' id='word_1_327' title='bbox 629 3546 803 3635; x_wconf 90' lang='lat' dir='ltr'><strong>justi</strong></span> <span class='ocrx_word' id='word_1_328' title='bbox 840 3546 1103 3636; x_wconf 87' lang='lat' dir='ltr'><strong>judicis</strong></span> <span class='ocrx_word' id='word_1_329' title='bbox 1133 3546 1309 3615; x_wconf 89' lang='lat' dir='ltr'><strong>iram</strong></span> <span class='ocrx_word' id='word_1_330' title='bbox 1359 3546 1596 3626; x_wconf 89' lang='lat' dir='ltr'><strong>sensit;</strong></span> <span class='ocrx_word' id='word_1_331' title='bbox 1647 3545 1928 3615; x_wconf 90' lang='lat' dir='ltr'><strong>obsessa</strong></span> <span class='ocrx_word' id='word_1_332' title='bbox 1959 3567 2257 3631; x_wconf 85' lang='lat' dir='ltr'><strong>namque</strong></span> <span class='ocrx_word' id='word_1_333' title='bbox 2302 3546 2573 3615; x_wconf 89' lang='lat' dir='ltr'><strong>civitate</strong></span> <span class='ocrx_word' id='word_1_334' title='bbox 2606 3551 2739 3616; x_wconf 87' lang='lat' dir='ltr'><strong>Ra-</strong></span> 
     </span>
     <span class='ocr_line' id='line_1_38' title="bbox 188 3633 2492 3725; baseline 0 -23"><span class='ocrx_word' id='word_1_335' title='bbox 188 3633 279 3703; x_wconf 91' lang='lat' dir='ltr'><strong>tis</strong></span> <span class='ocrx_word' id='word_1_336' title='bbox 332 3637 488 3714; x_wconf 67' lang='lat' dir='ltr'><strong>onfi,</strong></span> <span class='ocrx_word' id='word_1_337' title='bbox 528 3647 808 3725; x_wconf 88' lang='lat' dir='ltr'><strong>paratus</strong></span> <span class='ocrx_word' id='word_1_338' title='bbox 847 3635 933 3703; x_wconf 91' lang='lat' dir='ltr'><strong>ad</strong></span> <span class='ocrx_word' id='word_1_339' title='bbox 986 3634 1321 3723; x_wconf 89' lang='lat' dir='ltr'><strong>praelium</strong></span> <span class='ocrx_word' id='word_1_340' title='bbox 1371 3635 1555 3715; x_wconf 86' lang='lat' dir='ltr'><strong>exiit,</strong></span> <span class='ocrx_word' id='word_1_341' title='bbox 1608 3634 1845 3721; x_wconf 91' lang='lat' dir='ltr'><strong>ibique</strong></span> <span class='ocrx_word' id='word_1_342' title='bbox 1891 3634 2164 3703; x_wconf 90' lang='lat' dir='ltr'><strong>occisus</strong></span> <span class='ocrx_word' id='word_1_343' title='bbox 2210 3633 2492 3702; x_wconf 90' lang='lat' dir='ltr'><strong>interiit.</strong></span> 
     </span>
    </p>

    <p class='ocr_par' dir='ltr' id='par_1_4' title="bbox 189 3720 2744 4440">
     <span class='ocr_line' id='line_1_39' title="bbox 369 3720 2734 3814; baseline -0.001 -20"><span class='ocrx_word' id='word_1_344' title='bbox 369 3729 517 3794; x_wconf 71' lang='lat'><strong>18.</strong></span> <span class='ocrx_word' id='word_1_345' title='bbox 571 3723 866 3805; x_wconf 88' lang='lat' dir='ltr'><strong>Quidam</strong></span> <span class='ocrx_word' id='word_1_346' title='bbox 917 3725 1121 3806; x_wconf 90' lang='lat' dir='ltr'><strong>homo</strong></span> <span class='ocrx_word' id='word_1_347' title='bbox 1168 3723 1253 3793; x_wconf 92' lang='lat' dir='ltr'><strong>de</strong></span> <span class='ocrx_word' id='word_1_348' title='bbox 1303 3725 1718 3814; x_wconf 85' lang='lat' dir='ltr'><strong>Episcopatu</strong></span> <span class='ocrx_word' id='word_1_349' title='bbox 1765 3723 1885 3809; x_wconf 88' lang='lat' dir='ltr'><strong>qui</strong></span> <span class='ocrx_word' id='word_1_350' title='bbox 1938 3723 2182 3791; x_wconf 90' lang='lat' dir='ltr'><strong>Eistete</strong></span> <span class='ocrx_word' id='word_1_351' title='bbox 2228 3720 2509 3803; x_wconf 88' lang='lat' dir='ltr'><strong>dicitur,</strong></span> <span class='ocrx_word' id='word_1_352' title='bbox 2572 3745 2734 3813; x_wconf 88' lang='lat' dir='ltr'><strong>par-</strong></span> 
     </span>
     <span class='ocr_line' id='line_1_40' title="bbox 189 3809 2734 3903; baseline 0.001 -23"><span class='ocrx_word' id='word_1_353' title='bbox 189 3822 325 3880; x_wconf 75' lang='lat' dir='ltr'><strong>tem</strong></span> <span class='ocrx_word' id='word_1_354' title='bbox 367 3812 688 3884; x_wconf 88' lang='lat' dir='ltr'><strong>vilissimi</strong></span> <span class='ocrx_word' id='word_1_355' title='bbox 759 3813 1085 3882; x_wconf 89' lang='lat' dir='ltr'><strong>mensalis</strong></span> <span class='ocrx_word' id='word_1_356' title='bbox 1134 3813 1219 3881; x_wconf 93' lang='lat' dir='ltr'><strong>de</strong></span> <span class='ocrx_word' id='word_1_357' title='bbox 1285 3812 1696 3903; x_wconf 85' lang='lat' dir='ltr'><strong>saepedictis</strong></span> <span class='ocrx_word' id='word_1_358' title='bbox 1760 3811 1968 3880; x_wconf 87' lang='lat' dir='ltr'><strong>rebus</strong></span> <span class='ocrx_word' id='word_1_359' title='bbox 2016 3809 2275 3897; x_wconf 76' lang='lat' dir='ltr'><strong>injuste</strong></span> <span class='ocrx_word' id='word_1_360' title='bbox 2319 3812 2734 3902; x_wconf 88' lang='lat' dir='ltr'><strong>usurpavit,</strong></span> 
     </span>
     <span class='ocr_line' id='line_1_41' title="bbox 189 3900 2739 3991; baseline 0 -22"><span class='ocrx_word' id='word_1_361' title='bbox 189 3921 570 3987; x_wconf 90' lang='lat' dir='ltr'><strong>secumque</strong></span> <span class='ocrx_word' id='word_1_362' title='bbox 614 3902 1057 3991; x_wconf 81' lang='lat' dir='ltr'><strong>absportavit.</strong></span> <span class='ocrx_word' id='word_1_363' title='bbox 1098 3901 1224 3970; x_wconf 92' lang='lat' dir='ltr'><strong>Sed</strong></span> <span class='ocrx_word' id='word_1_364' title='bbox 1277 3923 1432 3970; x_wconf 82' lang='lat' dir='ltr'><strong>mox</strong></span> <span class='ocrx_word' id='word_1_365' title='bbox 1493 3924 1532 3970; x_wconf 88' lang='lat' dir='ltr'><strong>a</strong></span> <span class='ocrx_word' id='word_1_366' title='bbox 1586 3900 1951 3969; x_wconf 90' lang='lat' dir='ltr'><strong>daemonio</strong></span> <span class='ocrx_word' id='word_1_367' title='bbox 1997 3911 2402 3989; x_wconf 88' lang='lat' dir='ltr'><strong>occupatus,</strong></span> <span class='ocrx_word' id='word_1_368' title='bbox 2461 3900 2739 3970; x_wconf 88' lang='lat' dir='ltr'><strong>nullum</strong></span> 
     </span>
     <span class='ocr_line' id='line_1_42' title="bbox 190 3989 2743 4076; baseline 0 -18"><span class='ocrx_word' id='word_1_369' title='bbox 190 4010 415 4075; x_wconf 90' lang='lat' dir='ltr'><strong>neque</strong></span> <span class='ocrx_word' id='word_1_370' title='bbox 463 3991 642 4059; x_wconf 88' lang='lat' dir='ltr'><strong>intra</strong></span> <span class='ocrx_word' id='word_1_371' title='bbox 702 4012 922 4076; x_wconf 91' lang='lat' dir='ltr'><strong>neque</strong></span> <span class='ocrx_word' id='word_1_372' title='bbox 968 4005 1156 4061; x_wconf 78' lang='lat' dir='ltr'><strong>extra</strong></span> <span class='ocrx_word' id='word_1_373' title='bbox 1200 3990 1563 4061; x_wconf 84' lang='lat' dir='ltr'><strong>ecclesiam</strong></span> <span class='ocrx_word' id='word_1_374' title='bbox 1625 3989 2096 4062; x_wconf 87' lang='lat' dir='ltr'><strong>abscondendi</strong></span> <span class='ocrx_word' id='word_1_375' title='bbox 2154 3989 2382 4059; x_wconf 88' lang='lat' dir='ltr'><strong>locum</strong></span> <span class='ocrx_word' id='word_1_376' title='bbox 2432 3989 2743 4059; x_wconf 82' lang='lat' dir='ltr'><strong>invenire</strong></span> 
     </span>
     <span class='ocr_line' id='line_1_43' title="bbox 190 4076 2744 4171; baseline 0 -25"><span class='ocrx_word' id='word_1_377' title='bbox 190 4079 451 4167; x_wconf 88' lang='lat' dir='ltr'><strong>potuit:</strong></span> <span class='ocrx_word' id='word_1_378' title='bbox 506 4101 631 4148; x_wconf 91' lang='lat' dir='ltr'><strong>nec</strong></span> <span class='ocrx_word' id='word_1_379' title='bbox 677 4080 1039 4149; x_wconf 69' lang='lat' dir='ltr'><strong>benedicta</strong></span> <span class='ocrx_word' id='word_1_380' title='bbox 1107 4101 1432 4171; x_wconf 89' lang='lat' dir='ltr'><strong>aspersus</strong></span> <span class='ocrx_word' id='word_1_381' title='bbox 1505 4082 1721 4166; x_wconf 72' lang='lat' dir='ltr'><strong>aqua,</strong></span> <span class='ocrx_word' id='word_1_382' title='bbox 1800 4101 2031 4149; x_wconf 89' lang='lat' dir='ltr'><strong>carere</strong></span> <span class='ocrx_word' id='word_1_383' title='bbox 2078 4076 2295 4148; x_wconf 88' lang='lat' dir='ltr'><strong>valuit</strong></span> <span class='ocrx_word' id='word_1_384' title='bbox 2347 4078 2499 4168; x_wconf 85' lang='lat' dir='ltr'><strong>ejus</strong></span> <span class='ocrx_word' id='word_1_385' title='bbox 2548 4100 2744 4168; x_wconf 90' lang='lat' dir='ltr'><strong>prae·</strong></span> 
     </span>
     <span class='ocr_line' id='line_1_44' title="bbox 192 4167 2739 4260; baseline -0 -23"><span class='ocrx_word' id='word_1_386' title='bbox 192 4168 440 4252; x_wconf 75' lang='lat' dir='ltr'><strong>sentia,</strong></span> <span class='ocrx_word' id='word_1_387' title='bbox 490 4169 658 4256; x_wconf 90' lang='lat' dir='ltr'><strong>quin</strong></span> <span class='ocrx_word' id='word_1_388' title='bbox 709 4189 982 4260; x_wconf 87' lang='lat' dir='ltr'><strong>semper</strong></span> <span class='ocrx_word' id='word_1_389' title='bbox 1010 4170 1207 4260; x_wconf 81' lang='lat' dir='ltr'><strong>juxta</strong></span> <span class='ocrx_word' id='word_1_390' title='bbox 1253 4191 1414 4239; x_wconf 87' lang='lat' dir='ltr'><strong>eum</strong></span> <span class='ocrx_word' id='word_1_391' title='bbox 1463 4168 1810 4238; x_wconf 88' lang='lat' dir='ltr'><strong>videretur</strong></span> <span class='ocrx_word' id='word_1_392' title='bbox 1855 4167 2263 4238; x_wconf 90' lang='lat' dir='ltr'><strong>individuus</strong></span> <span class='ocrx_word' id='word_1_393' title='bbox 2310 4189 2542 4237; x_wconf 91' lang='lat' dir='ltr'><strong>comes</strong></span> <span class='ocrx_word' id='word_1_394' title='bbox 2591 4189 2739 4236; x_wconf 88' lang='lat' dir='ltr'><strong>ma-</strong></span> 
     </span>
     <span class='ocr_line' id='line_1_45' title="bbox 192 4255 2731 4350; baseline 0.001 -27"><span class='ocrx_word' id='word_1_395' title='bbox 192 4276 379 4337; x_wconf 90' lang='lat' dir='ltr'><strong>nere,</strong></span> <span class='ocrx_word' id='word_1_396' title='bbox 432 4256 650 4327; x_wconf 91' lang='lat' dir='ltr'><strong>donec</strong></span> <span class='ocrx_word' id='word_1_397' title='bbox 696 4262 1069 4350; x_wconf 76' lang='lat' dir='ltr'><strong>Augustam</strong></span> <span class='ocrx_word' id='word_1_398' title='bbox 1120 4258 1435 4338; x_wconf 79' lang='lat' dir='ltr'><strong>redienS,</strong></span> <span class='ocrx_word' id='word_1_399' title='bbox 1491 4280 1633 4328; x_wconf 90' lang='lat' dir='ltr'><strong>rem</strong></span> <span class='ocrx_word' id='word_1_400' title='bbox 1685 4257 1943 4346; x_wconf 88' lang='lat' dir='ltr'><strong>injuste</strong></span> <span class='ocrx_word' id='word_1_401' title='bbox 2016 4256 2317 4328; x_wconf 84' lang='lat' dir='ltr'><strong>ablatam</strong></span> <span class='ocrx_word' id='word_1_402' title='bbox 2380 4255 2731 4336; x_wconf 87' lang='lat' dir='ltr'><strong>reddidit,</strong></span> 
     </span>
     <span class='ocr_line' id='line_1_46' title="bbox 192 4346 2741 4440; baseline 0 -27"><span class='ocrx_word' id='word_1_403' title='bbox 192 4365 477 4431; x_wconf 87' lang='lat' dir='ltr'><strong>seseque</strong></span> <span class='ocrx_word' id='word_1_404' title='bbox 522 4347 875 4418; x_wconf 89' lang='lat' dir='ltr'><strong>emendari</strong></span> <span class='ocrx_word' id='word_1_405' title='bbox 922 4347 1171 4419; x_wconf 85' lang='lat' dir='ltr'><strong>obnixe</strong></span> <span class='ocrx_word' id='word_1_406' title='bbox 1218 4347 1503 4440; x_wconf 90' lang='lat' dir='ltr'><strong>rogavit.</strong></span> <span class='ocrx_word' id='word_1_407' title='bbox 1555 4347 1677 4418; x_wconf 91' lang='lat' dir='ltr'><strong>Cui</strong></span> <span class='ocrx_word' id='word_1_408' title='bbox 1732 4346 2154 4439; x_wconf 82' lang='lat' dir='ltr'><strong>Episcopus,</strong></span> <span class='ocrx_word' id='word_1_409' title='bbox 2223 4357 2302 4419; x_wconf 89' lang='lat' dir='ltr'><strong>ut</strong></span> <span class='ocrx_word' id='word_1_410' title='bbox 2364 4356 2544 4418; x_wconf 86' lang='lat' dir='ltr'><strong>totus</strong></span> <span class='ocrx_word' id='word_1_411' title='bbox 2591 4354 2741 4415; x_wconf 86' lang='lat' dir='ltr'><strong>erat</strong></span> 
     </span>
    </p>

    <p class='ocr_par' dir='ltr' id='par_1_5' title="bbox 251 4470 2342 4520">
     <span class='ocr_line' id='line_1_47' title="bbox 251 4470 2342 4520; baseline 0.002 -10"><span class='ocrx_word' id='word_1_412' title='bbox 251 4470 276 4492; x_wconf 82' lang='lat'><strong>⁴&#39;</strong></span> <span class='ocrx_word' id='word_1_413' title='bbox 309 4472 572 4520; x_wconf 61' lang='lat' dir='ltr'><strong>Mechinhen.</strong></span> <span class='ocrx_word' id='word_1_414' title='bbox 2339 4471 2342 4474; x_wconf 72' lang='grc'><strong>’</strong></span> 
     </span>
    </p>
   </div>
  </div>
 </body>
</html>
