3327 4999
229 287 479 355 MART.
1004 303 1085 350 ns
1140 301 1567 353 COMPASSIONE
1623 306 1695 352 u.
1754 303 2032 352 vmmms
2561 285 2689 353 575

225 385 514 455 Hebraei
566 405 770 452 aures
843 384 1381 463 obstruxerunt,
1433 385 1673 455 oculos
1720 384 2142 467 clauserunt,
2196 405 2283 453 ne
2330 381 2543 453 solem
2595 406 2778 453 nun-

226 496 436 561 quam
479 472 901 543 occidentem
955 493 1075 540 sus
1127 485 1451 553 ectarent,
1497 474 1596 544 fili
1650 474 1769 543 mi.

316 565 353 649 ξ
399 567 490 633 8.
545 566 595 631 Ο
636 560 905 631 Gabriel
955 566 1079 630 Arc
1134 560 1378 652 angele
1424 576 1490 632 et
1551 562 1868 632 minister
1900 560 2195 641 Domini,
2252 583 2292 629 o
2341 559 2607 631 Gabriel
2659 563 2782 630 Ar-

228 649 584 742 changele‚
638 672 786 741 age,
840 672 1120 720 causam
1174 662 1385 720 tuere.
1442 652 1567 721 Ubi
1636 674 1824 721 nunc
1863 650 2034 719 illud
2098 651 2278 719 Ave?
2324 650 2453 719 Ubi
2501 650 2781 721 benedi-

226 754 414 810 ctum
450 745 580 809 Ave
626 739 811 826 quod
851 738 1021 808 mihi
1064 739 1321 819 dixisti,
1375 740 1683 829 Angele?
1731 740 1857 810 Ubi
1908 761 2095 808 nunc
2143 738 2525 808 laetitia'ac
2574 739 2780 808 bene-

227 829 436 899 dictio
483 850 618 915 qua
670 827 900 896 dixisti
951 825 1037 896 ad
1109 849 1239 897 me:
1309 829 1672 899 Benedicta
1722 841 1798 899 tu
1846 829 1917 897 in
1964 828 2419 899 mulieribus?
2464 826 2559 897 Ad
2607 827 2779 915 quid

223 939 381 987 vero
435 939 809 987 moerorem
853 931 919 986 et
966 916 1312 985 victimam
1351 916 1479 986 filii
1529 919 1662 987 mei
1693 940 1904 1005 quam
1953 939 2137 987 eram
2190 929 2580 1007 acceptura,
2638 938 2779 986 non

223 1006 720 1076 denunciasti?
767 1011 1051 1095 Semper
1100 1005 1599 1088 tribulationeS‚
1636 1008 1960 1096 gemitus,
2011 1006 2435 1076 Judaeorum
2486 1004 2780 1075 immen-

225 1118 371 1166 sam
434 1096 789 1175 invidiam,
862 1094 1430 1185 ingratitudinem
1556 1117 1987 1166 erversorum
2035 1107 2101 1164 et
2160 1109 2771 1185 transgressorum.

225 1189 275 1256 Ο
325 1185 598 1254 Simeon
633 1183 1065 1265 admirande,
1119 1205 1201 1252 en
1238 1206 1424 1254 nunc
1472 1184 1752 1274 gadius
1803 1207 1942 1273 quo
2002 1184 2175 1253 mibi
2267 1182 2608 1254 raedixisti
2660 1205 2780 1254 cor

227 1295 458 1343 meum
499 1274 1020 1365 trajiciendum.
1059 1278 1228 1342 Ecce
1274 1273 1610 1363 gladium,
1665 1296 1821 1344 ecce
1853 1272 2130 1354 vulnuS‚
2241 1272 2286 1342 li
2334 1285 2399 1342 et
2446 1277 2623 1343 Deus
2654 1273 2773 1341 mi.

225 1368 368 1431 Tua
415 1383 602 1432 mors
655 1382 880 1431 meum
932 1378 1053 1432 cor
1099 1361 1332 1443 subiit,
1385 1362 1645 1433 viscera
1698 1385 1848 1432 mea
1919 1374 2082 1432 sunt
2145 1360 2483 1451 disrupta,
2538 1383 2775 1430 meum

227 1450 462 1519 lumen
499 1452 1021 1521 obtenebratum
1075 1464 1176 1519 est
1208 1464 1274 1520 et
1322 1466 1560 1541 pectus
1611 1473 1840 1521 meum
1892 1450 2121 1541 gravis
2142 1450 2566 1608 tpertransiit
2627 1450 2777 1542 gla-

227 1539 892 1610 diuS..Horrendam
944 1561 1149 1608 cerno
1226 1540 1616 1631 passionem
1679 1553 1911 1621 tuam,
1978 1539 2071 1608 mi
2197 1538 2239 1608 li
2289 1551 2356 1609 et
2416 1545 2592 1609 Deus
2653 1539 2772 1609 mi.

225 1628 432 1697 Video
471 1628 885 1699 immeritam
922 1628 1208 1717 caedem*
1252 1643 1464 1710 tuam,
1518 1651 1644 1698 nec
1692 1630 1867 1699 ferre
1912 1649 2112 1719 opem
2147 1650 2456 1719 possum.
2500 1628 2627 1698 Ubi
2664 1642 2782 1698 tua

228 1739 416 1787 nunc
461 1718 704 1798 forma,
760 1718 855 1785 mi
905 1717 1055 1785 fili?
1088 1717 1402 1788 Miserere
1449 1717 1747 1804 dejectae
1795 1734 1861 1787 et
1904 1719 2204 1797 orbatae,
2258 1718 2355 1786 mi
2405 1716 2526 1786 lili.
2581 1718 2781 1789 Mise-

227 1828 400 1887 rere,
453 1828 492 1874 o
556 1806 989 1887 suavissime,
1043 1807 1344 1893 abjectae
1401 1808 1672 1876 Mariae.
1745 1807 2082 1886 Miserere,
2135 1805 2669 1876 clementissime
2714 1817 2781 1875 et

231 1917 341 1963 me
389 1894 634 1974 solare.
687 1895 1027 1984 Prospice‚
1084 1895 1182 1963 fili
1234 1895 1352 1976 mi,
1409 1895 1778 1986 lacryniaS‚
1819 1895 2092 1965 attende
2138 1916 2327 1964 meos
2376 1894 2676 1985 gemitus
2714 1905 2779 1963 et

227 1983 419 2073 aperi
467 2006 542 2052 os
605 1998 825 2053 tuum.
883 1989 971 2053 Da
1047 1983 1219 2052 mihi
1296 1983 1639 2055 solatium.
1695 1990 1839 2054 Non
1892 1984 2111 2053 habeo
2160 2006 2468 2075 prorsus,
2506 1984 2600 2051 mi
2650 1982 2773 2065 fili,

225 2093 366 2158 quo
413 2085 622 2162 caput
659 2073 1006 2142 reclinem.
1052 2077 1193 2141 Non
1245 2072 1459 2142 alium
1511 2085 1910 2165 cognatum,
1964 2086 2253 2164 patrem,
2298 2086 2415 2142 aut
2457 2085 2771 2153 matrem,

227 2159 327 2230 vel
384 2160 683 2241 fratrem,
739 2163 839 2231 vel
890 2183 1189 2231 sororem
1241 2161 1361 2248 qui
1403 2162 1574 2231 mihi
1622 2162 1937 2245 animum
1976 2161 2235 2231 reddat.
2292 2166 2390 2230 Tu
2435 2161 2605 2229 mibi
2660 2183 2779 2250 pa-

229 2261 352 2329 ter,
397 2262 466 2318 tu
518 2264 753 2329 mater,
797 2264 864 2319 tu
895 2250 1126 2331 frater,
1180 2261 1254 2319 tu
1293 2251 1505 2320 filius,
1539 2257 1636 2320 Tu
1670 2251 1767 2319 mi
1808 2250 1939 2319 vita
1970 2263 2035 2320 et
2081 2250 2391 2341 spiritus,
2433 2271 2589 2339 spes
2628 2270 2779 2319 mea

227 2351 293 2406 et
342 2339 693 2428 protectio,
747 2345 844 2407 Tu
893 2362 1040 2407 mea
1092 2338 1490 2420 consolatio,
1546 2353 1617 2408 tu
1650 2351 1716 2409 et
1763 2338 2038 2421 creati0,
2094 2352 2165 2409 tu
2216 2345 2391 2408 Deus
2428 2360 2646 2420 meuS,
2702 2351 2778 2408 tu

229 2440 496 2497 creator
546 2449 762 2508 meuS,
816 2441 890 2497 tu
929 2427 1153 2519 opifex
1204 2448 1423 2497 meus.
1481 2433 1730 2520 Lugote
1781 2450 2049 2498 mecum
2101 2449 2343 2499 omnes
2390 2426 2777 2520 discipulae

231 2517 525 2598 Domini,
580 2517 882 2587 dolorem
945 2540 1174 2588 meum
1225 2530 1290 2587 et
1351 2517 1601 2588 vulnus
1668 2517 2093 2609 profundum
2143 2517 2374 2587 cordis
2421 2517 2557 2586 mei
2609 2538 2774 2585 con-

232 2617 519 2676 tuentes.

315 2697 351 2782 §
419 2701 504 2768 4.
559 2695 923 2777 Decumbe,
979 2700 1153 2765 Crux
1204 2696 1666 2777 sanctissima,
1703 2695 1971 2785 lignum
2021 2694 2485 2774 benedictum,
2527 2705 2604 2763 ut
2636 2692 2781 2784 pla-

274 2807 349 2853 as
397 2785 524 2854 filii
576 2786 708 2854 mei
747 2800 812 2855 et
851 2783 966 2853 Dei
1019 2784 1150 2853 mei
1199 2785 1576 2866 exosculer,
1622 2784 1706 2854 ad
1742 2783 2243 2854 consolandum
2284 2782 2640 2874 proprium
2693 2782 2776 2850 fi-

258 2873 397 2940 ium
453 2897 710 2953 meum,
766 2886 840 2943 ut
888 2872 1268 2961 amplectar
1329 2873 1454 2943 filii
1504 2874 1639 2943 mei
1698 2896 1973 2962 corpus,
2041 2885 2232 2943 utos
2280 2872 2777 2941 suavissimum

227 2958 606 3043 deosculer,
661 2961 919 3040 oculos,
976 2961 1244 3044 faciem,
1284 2985 1534 3033 manus
1581 2977 1646 3032 et
1694 2961 1971 3032 caedem
2025 2962 2360 3049 iniquam.
2434 2959 2781 3029 Dec-umbe

225 3052 400 3119 Crux
452 3072 624 3132 mea,
679 3049 1039 3119 decumbe.
1080 3055 1346 3140 Magna,
1401 3075 1440 3120 o
1480 3057 1676 3132 Crux,
1731 3050 1950 3142 gloria
1988 3062 2127 3132 tua,
2176 3062 2595 3139 magna·tua
2626 3071 2781 3138 gra-

226 3137 339 3217 tia,
396 3161 648 3228 magna
725 3151 1017 3228 potestas
1081 3151 1202 3222 tua
1246 3143 1296 3208 O
1345 3139 1613 3230 lignum
1670 3139 2136 3221 benedictum,
2190 3139 2519 3225 quoniam
2572 3138 2776 3206 inno-

221 3247 386 3295 cens
421 3232 598 3295 Deus
635 3239 700 3295 et
746 3240 1009 3296 creator
1058 3238 1242 3308 tuuS,
1284 3240 1608 3315 tanquam
1656 3228 1827 3297 latro
1875 3240 1940 3298 et
1988 3249 2243 3297 nocens
2295 3241 2601 3318 superte
2662 3249 2779 3295 ex-

225 3335 488 3404 pansus
520 3327 642 3383 est.
690 3315 811 3384 Fili
864 3316 957 3383 mi
1006 3316 1437 3398 charissime,
1494 3339 1777 3386 veneror
1825 3329 1977 3386 tuas
2026 3315 2452 3395 afflictioneS,
2515 3316 2664 3385 colo
2714 3326 2780 3382 et

225 3401 435 3472 adoro
470 3414 656 3472 tuam
696 3404 1238 3474 misericordiam
1274 3418 1337 3476 et
1384 3405 2054 3494 magnanimitatem.
2107 3410 2384 3474 Honoro
2437 3404 2772 3483 lanceam,

225 3491 504 3568 vulnus,
560 3493 999 3574 arundinem,
1054 3493 1305 3577 claVOS‚
1352 3494 1742 3584 spongiam,
1782 3494 2043 3593 alapas,
2092 3492 2465 3582 opprobria
2512 3504 2577 3562 et
2623 3514 2778 3561 ace-

224 3594 397 3659 tum,
454 3580 782 3671 colaphos
829 3594 893 3651 et
941 3593 1146 3672 sputa
1183 3595 1248 3651 et
1297 3584 1598 3662 verbera,
1657 3581 1759 3651 fili
1819 3604 1938 3660 mi,
1992 3580 2555 3668 quandoquidem
2622 3592 2780 3650 tuae

221 3683 575 3739 creaturae
624 3674 833 3740 causa
891 3671 1023 3740 ista
1068 3670 1243 3739 serre
1306 3671 1722 3741 sustinuisti.
1803 3669 2106 3739 Dedecus
2183 3681 2420 3748 tuum,
2475 3669 2576 3738 sili
2628 3668 2772 3750 mi,

223 3760 435 3829 decus
476 3761 747 3830 cunctis
785 3759 1041 3828 sactum
1102 3770 1226 3829 est.
1283 3765 1458 3829 Mors
1510 3773 1626 3830 tua
1673 3759 1850 3829 facta
1907 3771 2010 3829 est
2060 3757 2299 3826 mundi
2357 3757 2576 3827 totius'
2611 3758 2771 3826 vita.

222 3853 573 3918 Caeterum
630 3850 965 3939 resurgito
1028 3849 1587 3938 quamprimum,
1641 3849 1743 3917 fili
1805 3847 1903 3916 mi
1951 3860 2015 3916 et
2072 3852 2273 3928 Deus,
2327 3845 2779 3933 quemadmo-

221 3938 388 4007 dum
434 3938 831 4029 praedixisti
871 3937 1063 4016 mihi,
1105 3951 1179 4006 ut
1215 3937 1446 4008 salvus
1494 3939 1611 4007 fiat
1640 3937 1974 4006 mundus.
2018 3941 2297 4005 Mortem
2349 3935 2774 4005 conculcasti

220 4040 283 4096 et
335 4027 710 4107 interitum,
767 4040 842 4096 ut
874 4027 1213 4117 gaudeam
1264 4049 1389 4118 ego
1441 4026 1729 4096 humilis
1764 4039 1979 4095 mater
2027 4037 2167 4104 tua;
2208 4037 2271 4093 et
2311 4046 2581 4094 mecum
2635 4024 2777 4092 lae-

224 4126 453 4184 tentur
484 4116 710 4185 dilecti
765 4116 888 4185 tui.
945 4121 1019 4184 In
1073 4116 1556 4186 verecundiam
1592 4128 1821 4186 autem
1870 4127 1934 4184 et
1981 4113 2457 4183 confusionem
2512 4113 2609 4184 tui
2642 4112 2775 4181 ini-

221 4204 384 4271 mici
436 4227 675 4275 omnes
713 4205 1100 4275 deveniant.

309 4296 470 4378 §.⁸1
526 4299 600 4363 At
651 4318 803 4364 vero
854 4316 978 4364 nos
1028 4307 1111 4373 te,
1166 4315 1205 4363 o
1256 4293 1702 4364 immaculata
1749 4307 1814 4363 et
1861 4292 2242 4373 benedicta,
2291 4291 2416 4360 filii
2462 4290 2585 4371 tui,
2621 4288 2770 4357 Dei-

218 4401 351 4466 que
409 4384 723 4454 omnium
774 4397 992 4454 mater
1040 4382 1434 4474 inculpata,
1489 4406 1690 4474 pura,
1746 4383 2044 4475 integra,
2100 4378 2760 4458 sacrosanctissima,

2282 4526 2310 4538 ,
