3327 4999
170 294 410 361 MART.
461 290 544 361 16
818 303 823 308 ’
942 312 1022 361 nn
1068 313 1124 361 s.
1178 313 1457 361 nmmo
1510 312 1908 362 conrnssonn
2482 299 2611 365 309

172 392 450 464 lascivos
497 391 883 463 illiciendos
929 393 1189 474 oculos,
1247 394 1567 464 Abramio
1597 393 1981 480 'quiescenti
2028 394 2099 463 in
2148 394 2468 466 interiore
2522 395 2700 467 cella

174 482 388 554 existit
434 482 566 551 tale
615 482 1001 552 somnium:
1056 482 1426 552 Videbatur
1470 483 1531 551 ei
1580 483 1788 553 draco
1838 483 2135 584 ingentis
2165 484 2691 574 magnitudinis,

175 585 237 641 et
286 582 560 661 aspectu
613 571 986 652 horribilis,
1041 593 1082 640 a
1130 594 1257 641 sua
1303 593 1594 643 caverna
1644 594 2088 661 proreps1sse,
2152 584 2218 642 et
2283 573 2560 643 veniens
2608 574 2697 642 ad

177 660 316 751 ejus
367 658 862 730 domunculam
912 681 1089 746 quae
1138 661 1328 729 intus
1374 671 1538 741 erat,
1592 660 1986 730 columbam
2021 659 2412 731 devorasse:
2450 661 2700 732 deinde

176 771 401 818 rursus
450 770 647 818 suam
678 748 1029 839 repetiisse
1055 748 1483 838 speluncam.
1520 748 1643 818 Ille
1681 770 1843 849 ergo
1872 748 2202 819 excitatus
2240 772 2399 838 prae
2431 750 2694 833 timore,

176 837 336 907 tristi
381 836 615 907 animo
647 850 812 919 erat,
856 850 923 907 et
966 839 1412 908 conturbato:
1465 851 1530 908 et
1585 859 1950 927 suspicans
1999 837 2188 906 illam
2241 837 2571 908 visionem
2607 839 2698 912 si-

176 926 490 1019 gnificare
538 927 1079 1016 persecutionem
1145 926 1451 1013 aliquam
1517 926 1847 996 adversus
1895 926 2293 1010 Ecclesiam,
2347 927 2699 998 decaetero

174 1029 303 1085 erat
326 1016 801 1085 vehementius
833 1015 1134 1085 intentus
1180 1015 1498 1097 orationi,
1526 1038 1800 1105 rogans,
1828 1028 1906 1085 ut
1932 1016 1995 1083 ei
2026 1029 2255 1106 aperte
2287 1015 2701 1086 revelaretur

179 1104 356 1174 visio,
378 1110 429 1174 N
436 1126 525 1173 on
552 1104 676 1173 diu
697 1116 923 1173 autem
951 1104 1239 1174 tardavit
1262 1117 1569 1173 eventus:
1596 1104 1713 1174 sed
1748 1104 1938 1174 tertio
1959 1103 2069 1173 die
2092 1116 2322 1195 postea
2344 1105 2704 1176 videbatur

171 1214 402 1262 rursus
426 1193 654 1262 videre
689 1193 885 1263 illum
916 1193 1283 1263 draconem
1317 1193 1678 1263 emersisse
1705 1215 1783 1262 ex
1809 1215 1887 1262 eo
1915 1192 2083 1273 loc-0,
2121 1215 2326 1280 quem
2359 1192 2689 1264 subierat:

171 1293 411 1351 etcum
466 1282 549 1351 ad
599 1304 755 1351 eum
785 1281 1257 1372 prorepsisset,
1287 1295 1351 1351 et
1374 1282 1525 1373 ejus
1556 1282 1845 1371 pedibus
1874 1304 1950 1351 ca
2006 1295 2082 1352 ut
2114 1281 2568 1363 submisisset,
2614 1281 2701 1350 il-

169 1370 307 1440 lum
357 1370 637 1458 quidem
688 1370 1005 1461 protinus
1052 1392 1200 1442 esse
1248 1370 1680 1460 disruptum:
1732 1369 1959 1440 colum
2016 1393 2127 1440 am
2178 1382 2431 1453 autem,
2484 1393 2698 1458 quam

168 1458 375 1530 fuisse
428 1461 517 1530 ab
564 1482 642 1528 eo
689 1459 1078 1529 devoratam
1130 1459 1546 1548 praecedens
1609 1459 1999 1529 ostenderat
2062 1459 2433 1531 somnium.
2488 1472 2700 1529 totam

169 1571 407 1638 puram
458 1559 525 1618 et
571 1548 1087 1618 immaculatam
1137 1570 1173 1617 e
1224 1548 1448 1618 medio
1494 1548 1644 1638 ejus
1692 1560 1923 1617 ventre
1969 1547 2294 1618 evolasse.
2323 1554 2502 1618 Haec
2535 1571 2699 1618 cum

165 1637 466 1719 vidisset,
519 1650 584 1706 et
628 1637 1082 1708 existimasset
1117 1637 1447 1707 visionem
1483 1637 1875 1737 significare
1905 1636 2203 1722 aliquem
2241 1635 2511 1727 lapsum
2546 1636 2699 1706 ani-

168 1748 314 1795 mae
361 1726 593 1796 fratris
643 1725 774 1807 sui,
828 1726 1300 1807 conturbatuS,
1351 1738 1416 1795 et
1460 1728 1675 1794 ammi
1726 1725 2155 1817 aegritudine
2202 1726 2509 1807 affectus,
2549 1748 2706 1817 pro-

171 1815 467 1905 spiciens
516 1838 552 1884 e
593 1814 922 1884 fenestra:
978 1816 1211 1895 Maria,
1269 1814 1478 1883 Maria
1526 1836 1700 1895 mea,
1754 1814 2002 1901 inquit,
2068 1813 2235 1901 quid
2284 1828 2384 1884 est
2431 1838 2470 1885 o
2518 1814 2686 1894 lilia,

168 1904 344 1989 quod
396 1904 524 1973 tibi
573 1916 830 1972 tantam
884 1902 1111 1973 attulit
1159 1902 1567 1983 socordiam,
1621 1917 1699 1973 ut
1747 1916 1918 1972 totos
1966 1903 2090 1975 hos
2138 1902 2312 1973 duos
2366 1904 2512 1973 dies
2561 1924 2700 1972 non

164 1993 449 2063 moveris
500 2014 577 2062 os
638 1992 723 2060 ad
774 1992 1038 2073 laudeS,
1098 2014 1231 2061 non
1292 1991 1674 2062 reddideris
1722 2006 2085 2063 consuetas
2133 1992 2690 2081 glorificationeS,

172 2101 305 2149 non
351 2081 629 2172 petieris
677 2080 1088 2161 doctrinam,
1122 2102 1256 2149 non
1282 2080 1715 2165 eloquiorum
1765 2080 2043 2150 illorum
2073 2081 2494 2150 auditionem
2518 2101 2698 2167 quae

170 2167 439 2239 fuerunt
490 2169 691 2239 melle
738 2182 804 2238 et
836 2169 986 2239 favo
1032 2169 1135 2237 ori
1167 2182 1284 2238 tuo
1323 2168 1686 2237 dulciora?

261 2260 296 2343 ἓ
359 2265 517 2329 782.
572 2262 736 2327 Cum
789 2257 956 2328 haec
1004 2257 1287 2327 dixisset
1333 2257 1563 2327 fratris
1609 2257 1816 2337 filiae,
1873 2267 1938 2326 et
1999 2256 2171 2326 nihil
2230 2258 2317 2328 ab
2379 2280 2459 2327 ea
2505 2255 2705 2327 audi-

177 2343 375 2414 visset
414 2346 798 2436 (Quomodo
856 2347 1066 2428 enim,
1102 2368 1260 2415 cum
1306 2344 1426 2415 illa
1473 2345 1542 2414 in
1593 2345 1968 2415 diversorio
2001 2357 2384 2416 versaretur
2414 2347 2482 2414 in
2516 2367 2704 2414 amo-

181 2432 365 2503 ribus
407 2450 473 2506 et
502 2435 1230 2525 comessationibus‘l),
1284 2447 1514 2526 aperte
1540 2434 1859 2526 cognovit
1884 2434 2216 2505 visionem
2253 2435 2337 2505 de
2369 2456 2448 2505 ea
2481 2434 2538 2504 si
2594 2433 2696 2502 ni-

178 2520 406 2592 ficare:
475 2537 540 2594 et
588 2525 904 2616 protinus
966 2525 1373 2615 gravissimo
1423 2524 1654 2594 dolore
1704 2525 2009 2605 affectuS‚
2072 2536 2138 2595 et
2191 2525 2260 2592 in
2323 2523 2559 2595 visceri
2618 2546 2700 2594 us

179 2630 373 2702 supra
419 2614 705 2684 modum
757 2614 1132 2694 cruciatus.
1190 2613 1492 2703 suspirio
1522 2613 1733 2683 veluti
1778 2612 2078 2700 quodam
2114 2611 2305 2682 fumo
2329 2635 2408 2682 ex
2434 2614 2706 2682 interna

175 2698 440 2772 flamma
490 2704 768 2783 emiss0,
825 2708 1040 2773 Deum
1090 2704 1394 2792 rogabat,
1427 2714 1503 2773 ut
1549 2724 1629 2771 ea
1676 2702 2106 2792 resipisceret
2133 2713 2199 2770 et
2225 2714 2604 2791 exurgeret,
2636 2711 2702 2769 et

169 2788 405 2860 rediret
452 2791 544 2863 ad
608 2791 904 2881 priorem
956 2791 1208 2882 probae
1269 2791 1445 2861 vitae
1493 2790 1989 2860 institutionem
2024 2789 2082 2859 ⁸.
2145 2796 2310 2860 Nam
2361 2791 2490 2859 etsi
2540 2802 2703 2860 tunc

168 2876 544 2968 ignorabat,
598 2880 943 2966 quomodo
991 2880 1455 2960 abscessisset,
1509 2892 1574 2949 et
1619 2878 1877 2960 locum,
1930 2879 1999 2947 in
2032 2901 2169 2967 quo
2219 2878 2430 2948 Maria
2475 2900 2706 2948 versa-

162 2965 399 3038 batur:
452 2969 641 3056 quod
691 2982 918 3038 tamen
972 2968 1258 3037 latenter
1304 2968 1719 3048 recessisset,
1785 2980 1850 3037 et
1909 2980 2188 3058 propter
2235 2968 2569 3038 visionem
2617 2965 2704 3035 il-

163 3053 296 3124 lam
341 3079 521 3146 quae
569 3070 1007 3149 apparuerat,
1064 3079 1197 3126 non
1250 3057 1499 3126 bonam
1554 3078 1746 3147 spem
1782 3057 1867 3126 de
1913 3078 1992 3126 ea
2040 3068 2467 3148 conceperat.
2522 3060 2703 3126 Duos

158 3143 379 3232 itaque
425 3168 648 3216 annos
708 3152 921 3216 Deum
991 3167 1115 3237 pro
1176 3168 1252 3214 ea
1317 3146 1597 3236 rogavit.
1654 3144 1914 3215 Somnii
1963 3145 2149 3214 enim
2197 3146 2453 3237 duplex
2500 3144 2694 3225 visin,

156 3231 511 3305 biennium
558 3248 688 3304 tem
746 3235 886 3304 oris
920 3233 1379 3325 significabat.
1435 3234 1625 3304 Circa
1673 3234 1885 3303 finem
1935 3246 2164 3303 autem
2216 3233 2501 3304 secundi
2536 3232 2702 3302 anni

160 3325 514 3394 revertitur
560 3325 678 3412 qui
733 3347 844 3394 am
894 3324 1164 3392 amicus
1211 3322 1333 3410 qui
1362 3322 1446 3391 ad
1480 3345 1629 3392 eam
1665 3322 2132 3408 quaerendam
2166 3321 2387 3393 fuerat
2436 3321 2706 3411 abipso

163 3412 436 3495 missUS,
491 3413 779 3482 ubinam
847 3423 1235 3483 versaretur
1304 3410 1533 3481 fratris
1572 3410 1742 3502 ‚filia
1806 3425 1870 3480 et
1917 3411 2108 3500 apud
2172 3433 2378 3497 quem
2421 3423 2487 3481 et
2532 3432 2703 3497 quo-

165 3501 384 3583 modo,
438 3501 675 3571 omnia
723 3514 956 3590 aperte
1022 3500 1428 3591 significans
1476 3499 1818 3569 Abrami0.
1872 3499 1997 3568 Ille.
2054 3522 2207 3570 vero
2256 3500 2483 3569 statim
2535 3497 2709 3567 nihil

161 3602 545 3669 cunctatus,
598 3589 717 3659 sed
772 3589 1067 3660 multum
1130 3589 1355 3658 valere
1412 3589 1672 3680 jubens
1739 3602 1805 3658 et
1850 3588 2121 3658 senium
2173 3600 2238 3657 et
2295 3587 2716 3658 exercitatio-

159 3696 311 3747 nem
358 3691 425 3748 et
474 3677 854 3759 silentium,
912 3679 1511 3765 monasticumque
1576 3677 1892 3747 habitum
1941 3689 2007 3762 et
2055 3676 2401 3747 incessum
2437 3732 2452 3760 ,
2505 3689 2583 3745 ut
2629 3675 2711 3744 li-

156 3762 421 3837 beraret
462 3768 771 3836 animam
819 3789 858 3836 a
909 3766 1174 3853 laqueis
1213 3767 1495 3847 diaboli,
1546 3787 1709 3835 cum
1758 3778 2009 3835 vestem
2061 3764 2401 3836 induisset
2453 3764 2711 3834 milita-

158 3872 293 3923 rem
345 3869 411 3926 et
464 3855 536 3924 in
587 3856 820 3925 sinum
869 3875 1237 3925 nummum
1274 3878 1494 3925 unum
1547 3854 1949 3924 immisisset
1977 3854 2276 3944 (tantum
2325 3854 2509 3924 enim
2561 3864 2708 3922 erat

160 3941 217 4009 ei
261 3943 493 4045 opus),
546 3956 612 4013 et
658 3965 915 4031 equum
983 3943 1426 4014 conduxisset
1472 3955 1537 4012 et
1581 3966 1740 4012 eum
1792 3942 2317 4034 quamprimum
2379 3963 2713 4013 conscen-

166 4028 388 4114 disset,
437 4057 460 4101 1
516 4054 587 4101 se
623 4053 898 4120 quoque
946 4032 1165 4102 instar
1213 4031 1422 4122 primi
1469 4032 1801 4112 Abrahae,
1850 4033 2031 4101 viam
2083 4031 2238 4102 iniit
2281 4053 2461 4120 quae
2507 4030 2715 4101 duce-

167 4115 270 4189 bat
314 4121 402 4191 ad
507 4121 937 4191 iversorium.
1008 4126 1178 4192 Nam
1228 4120 1345 4189 ille
1402 4121 1685 4208 quidem
1749 4120 2180 4211 expeditione
2226 4132 2545 4212 suscepta
2592 4119 2715 4188 ad-

168 4225 399 4280 versus
448 4210 758 4297 quinque
821 4231 1054 4301 reges,
1112 4214 1230 4278 Lot
1278 4208 1510 4279 fratris
1574 4208 1801 4278 filium
1876 4209 2167 4280 servavit
2213 4231 2255 4278 a
2297 4208 2709 4301 captivitate.

157 4296 274 4366 Hic
322 4309 580 4380 autem,
636 4320 799 4369 cum
847 4297 918 4367 in
959 4310 1302 4368 certamen
1355 4298 1799 4389 processisset
1830 4311 2067 4369 contra
2115 4297 2615 4378 adversarium,
2649 4307 2719 4365 et

212 4414 238 4440 '⁸
266 4415 390 4456 Nota
408 4416 616 4457 Abx-mli
640 4416 907 4458 industrem
926 4416 1083 4458 zelum
1102 4417 1157 4456 ut
1174 4416 1366 4466 neptem
1383 4425 1412 4456 a
1428 4416 1561 4466 turpi
1580 4416 1825 4457 abstrahat
1842 4416 1971 4457 vitae
1990 4416 2199 4457 licentia.
