3327 4999
220 269 474 355 MART.
527 270 614 335 22
908 286 989 334 ΒΕ
1037 286 1091 335 s.
1147 286 1511 337 cxruxmnx
1560 289 1731 338 vute.
1786 291 1862 339 m*
1910 290 2108 338 vmux
2576 272 2707 338 439

222 371 517 472 longum
561 370 783 440 valere
806 370 1051 460 jussis,
1105 371 1433 462 deinceps
1472 396 1544 443 se
1593 373 1807 442 nullis
1845 396 2133 464 prorsus
2199 373 2599 443 ludentibus
2662 372 2798 441 mi-

223 472 444 530 scuit:
511 458 726 527 immo
775 470 1013 527 contra
1074 458 1266 528 illius
1340 464 1583 532 aetatis
1642 462 2029 553 ingenium,
2093 459 2447 549 quandam
2510 483 2674 552 prae
2722 482 2797 531 se

222 568 504 617 morum
553 546 812 615 ferebat
861 548 1352 617 maturitatem.

317 637 355 723 ξ
414 639 506 706 8.
562 635 691 704 Ubi
739 634 825 703 ad
876 634 1153 704 nubiles
1206 638 1515 726 pervenit
1561 659 1805 719 annm,
1860 638 2076 707 voluit
2122 650 2315 728 pater
2352 647 2430 706 ut
2477 636 2792 707 nuberet.

228 722 361 793 Illa
401 745 580 809 quae
646 722 867 791 multa
927 723 998 791 in
1050 729 1263 794 Deum
1313 738 1378 795 et
1427 726 1676 795 Christi
1736 726 2247 795 sanctissimam
2313 738 2600 796 matrem
2655 746 2799 795 ser-

227 811 499 881 vandae
547 811 960 901 integritatis
1007 811 1267 881 fiducia
1317 813 1672 897 niteretur,
1727 836 1864 884 non
1925 814 2287 883 recusavit.
2343 813 2589 904 Nupsit
2634 834 2798 903 ergo

225 899 377 969 viro
413 898 629 967 nobili
664 897 1021 988 Eghardo:
1068 901 1186 969 sed
1229 900 1322 970 ita
1379 902 1640 992 nupsit,
1694 915 1771 972 ut
1830 903 2063 993 ipsum
2132 924 2409 989 quoque
2456 922 2799 991 sponsum

230 987 318 1056 ad
385 987 936 1077 nuncupandum
1013 993 1142 1056 Deo
1190 990 1523 1059 castitatis
1569 1001 1832 1071 votum,
1885 990 2121 1059 divina
2192 990 2481 1060 faciente
2530 989 2794 1078 gratia,

229 1074 618 1144 adduxerit.
655 1076 866 1144 Ambo
897 1074 1111 1164 igitur
1143 1097 1338 1145 suam
1393 1077 1829 1168 pudicitiam,
1874 1078 2277 1168 interposito
2300 1076 2790 1167 jurejurandO,

231 1163 503 1233 Christo
553 1175 1067 1244 consecrarunt,
1134 1175 1198 1233 et
1245 1164 1573 1255 deinceps
1621 1166 1693 1234 in
1754 1167 2044 1236 Domino
2110 1166 2494 1236 castissime
2544 1166 2802 1255 pariter

229 1251 580 1341 degentes,
637 1252 767 1320 sub
840 1271 1094 1342 pompa
1165 1253 1462 1322 seculari
1537 1256 1777 1323 sancta
1823 1255 2127 1340 quadam
2188 1253 2564 1324 calliditate
2613 1252 2796 1322 hosti

230 1339 611 1431 pudicitiae
659 1337 1052 1408 illuserunt.
1091 1346 1259 1409 Nam
1313 1363 1397 1411 ne
1443 1364 1603 1412 caro
1652 1342 2113 1424 insolesceret,
2182 1364 2341 1411 cum
2393 1364 2533 1428 qua
2593 1340 2796 1409 nobis

230 1440 335 1496 est
368 1427 631 1496 bellum
662 1426 1093 1507 intestinum,
1152 1441 1596 1518 posteaquam
1648 1431 1904 1502 sanctis
1940 1431 2305 1521 precibus,
2420 1428 2800 1498 enussexio-

230 1515 444 1585 nibus
489 1528 554 1584 et
601 1513 856 1605 vigiliis
918 1529 1124 1584 noctu
1174 1518 1680 1600 incubuerant,
1743 1518 1941 1587 humi
1993 1519 2065 1587 in
2116 1517 2367 1587 cubicu
2401 1540 2440 1586 o
2490 1517 2796 1586 subster-

232 1604 492 1673 nebant
526 1624 839 1692 pannum
889 1603 1216 1689 aliquem,
1269 1606 1617 1695 capitique
1663 1606 2026 1676 cervicalia
2075 1606 2352 1696 singula
2396 1625 2800 1695 supponen-

233 1703 358 1771 tes,
413 1691 506 1760 ita
553 1690 925 1781 separatim
974 1691 1346 1775 cubabant,
1401 1716 1489 1764 ne
1536 1694 1784 1783 hyeme
1829 1694 2111 1781 quidem
2149 1694 2336 1763 hunc
2369 1714 2630 1762 morem
2664 1692 2796 1761 im-

235 1791 608 1849 mutantes.

313 1871 359 2022 [9
408 1872 492 1939 ιΙ.
548 1866 818 1966 Solebat
871 1869 1521 1967 sancta-Catharina
1583 1870 1973 1939 castissimo
2020 1868 2304 1968 conjugi
2381 1891 2508 1937 suo
2556 1868 2799 1937 crebro

231 1976 305 2024 re
337 1976 486 2024 erre
534 1967 865 2025 virtutum
917 1968 1238 2024 exercitia
1284 1969 1350 2026 et
1397 1958 1833 2047 asperitatem
1887 1958 2368 2047 poenitentiae,
2415 1977 2591 2042 quae
2642 1955 2663 2023 i
2719 1976 2798 2024 sa

236 2043 307 2111 in
362 2043 799 2111 sanctissima
848 2056 1065 2112 matre
1114 2066 1238 2114 sua
1270 2045 1554 2135 Birgitta
1602 2046 1852 2134 partim
1891 2045 2172 2124 viderat,
2232 2044 2483 2134 partim
2519 2043 2607 2111 ab
2641 2066 2680 2109 a
2713 2042 2800 2111 iis

237 2131 611 2200 didicerat:
654 2143 733 2200 ut
789 2131 923 2221 ipsi
970 2152 1244 2218 quoque
1292 2132 1401 2202 his
1449 2154 1596 2203 sese
1643 2131 2177 2201 conformarent.
2246 2138 2486 2218 Itaque
2532 2129 2795 2218 vigiliis

236 2232 304 2288 et
345 2219 668 2308 precibus
715 2220 919 2288 etiam
960 2219 1230 2308 jejunia
1264 2220 1760 2311 adjungebant,
1797 2234 1871 2290 ut
1917 2221 1986 2288 in
2041 2220 2434 2289 servitutem
2486 2240 2646 2287 caro
2693 2238 2800 2286 re-

238 2306 633 2397 digeretur:
689 2306 1073 2393 Christique
1119 2330 1355 2377 amore
1405 2330 1538 2378 non
1595 2307 1800 2376 modo
1834 2330 1874 2376 a
1907 2309 2151 2388 vetitis,
2192 2309 2309 2377 sed
2361 2330 2400 2375 a
2450 2307 2802 2397 plerisque

235 2395 443 2464 etiam
495 2394 703 2464 licitis
751 2394 1141 2465 abstinebat
1185 2397 1362 2466 escis
1392 2396 1451 2462 ¹⁴².
1498 2402 1835 2466 Noverant
1882 2396 2068 2466 enim
2137 2407 2397 2482 quanta
2447 2396 2535 2465 sit
2583 2393 2802 2462 absti-

235 2483 510 2552 nentiae
541 2482 783 2562 virtus,
839 2483 1008 2574 quip
1061 2506 1098 2554 e
1144 2507 1322 2571 quae
1366 2485 1572 2554 vitam
1624 2484 2002 2574 producat,
2057 2484 2439 2554 castitatem
2501 2493 2797 2563 tueatur,

237 2576 451 2641 Deum
489 2571 831 2650 conciliet,
874 2506 1189 2661 profflget
1220 2573 1614 2654 daemones,
1652 2573 1950 2642 illustret
1980 2572 2433 2652 intellectum,
2480 2572 2800 2640 animum

236 2659 621 2739 confirmet,
676 2658 839 2728 vitia
885 2672 1253 2750 expugnet,
1292 2682 1569 2730 carnem
1621 2661 1915 2741 edomet,
1956 2660 2171 2729 divini
2205 2659 2463 2729 amoris
2498 2657 2797 2749 gratiam

237 2748 309 2816 in
360 2747 666 2816 hominis
715 2760 954 2837 pectus
1002 2748 1300 2817 invehat.
1348 2749 1530 2818 Felix
1582 2749 1786 2839 plane
1834 2750 2082 2818 horum
2143 2748 2546 2837 conjugium
2611 2744 2801 2832 quod

238 2857 374 2905 non
426 2834 622 2903 foeda
668 2836 899 2906 carnis
971 2835 1209 2916 libldO,
1265 2836 1383 2908 sed
1447 2837 1716 2906 sincera
1765 2838 1836 2905 in
1901 2837 2166 2906 Christo
2214 2836 2490 2904 dilectio
2540 2834 2805 2904 confla-

236 2935 455 2992 verat:
512 2934 578 2991 et
623 2944 854 2992 coram
908 2928 1038 2993 Deo
1079 2924 1363 3010 quidem
1413 2925 1632 2994 instar
1693 2924 1999 2994 liliorum
2052 2925 2354 2995 suaviter
2401 2922 2808 2992 redolebant

237 3009 617 3099 fragrantia
665 3011 1029 3080 castitatis:
1072 3034 1274 3101 porro
1317 3013 1504 3102 apud
1557 3013 1908 3103 proximos
1957 3012 2288 3081 virtutum
2350 3009 2686 3100 exemplis
2735 3019 2803 3079 et

239 3099 583 3168 exercitiis
629 3110 694 3167 et
741 3100 962 3189 gratia
1012 3099 1232 3168 bonae
1279 3100 1503 3170 famae
1551 3114 1617 3170 et
1645 3101 1946 3190 optimae
1984 3100 2537 3169 existimationis.
2594 3103 2806 3165 Erant

237 3208 397 3255 vero
444 3186 515 3254 in
565 3208 801 3256 eorum
878 3186 1140 3255 familia
1190 3188 1506 3257 homines
1563 3187 1899 3278 spiritalis
1947 3189 2122 3257 vitae
2170 3188 2379 3256 rudes
2443 3186 2564 3273 qui
2614 3183 2805 3274 apud

241 3274 557 3344 Carolum
593 3275 998 3343 Catharinae
1027 3275 1333 3356 fratrem,
1368 3298 1518 3344 eam
1552 3276 2066 3366 superstitionis
2116 3275 2626 3345 insimularent.
2677 3271 2803 3340 Ille

240 3363 492 3431 ductus
539 3363 958 3446 curiositate,
1013 3363 1189 3433 clam
1241 3363 1312 3431 in
1362 3385 1600 3433 eorum
1651 3361 2057 3433 cubiculum
2107 3362 2537 3452 ingreditur,
2590 3359 2808 3429 videt-

240 3472 376 3538 que
423 3472 537 3520 eos
587 3472 723 3518 non
761 3450 1096 3540 voluptati
1141 3451 1434 3533 deditos,
1488 3452 1605 3520 sed
1657 3451 1877 3520 laneis
1935 3451 2158 3537 iisque
2205 3450 2470 3539 asperis
2518 3449 2806 3517 indutos

240 3538 570 3618 vestibuS,
626 3552 858 3627 spreta
905 3537 1061 3608 lecti
1109 3538 1439 3621 mollitie,
1517 3539 1717 3608 humi
1792 3539 2161 3628 sejunctim
2222 3539 2504 3609 cubare.
2560 3536 2636 3604 Id
2689 3535 2808 3604 ille

239 3625 527 3695 moleste
574 3624 823 3708 ferenS,
874 3640 952 3696 ut
999 3627 1219 3696 solent
1266 3628 1387 3713 qui
1436 3648 1573 3696 non
1608 3627 1891 3718 sapiunt
1928 3649 2008 3695 ea
2054 3647 2230 3713 quae
2278 3637 2439 3696 sunt
2487 3624 2800 3714 spirituS,

240 3727 574 3800 tanquam
623 3712 848 3783 fatuos
895 3727 961 3784 et
1025 3715 1538 3805 superstitiosos
1603 3738 1720 3787 eos
1767 3713 2201 3804 objurgavit:
2264 3736 2388 3781 nec
2436 3712 2657 3781 effecit
2706 3722 2809 3780 ta-

238 3823 426 3879 men,
478 3813 558 3870 ut
603 3801 768 3871 ullis
814 3802 917 3870 vel
968 3803 1647 3902 reprehensionibUS,
1681 3801 1785 3871 vel
1835 3801 2468 3880 obtrectationibuS‚
2507 3797 2612 3867 vel
2645 3798 2805 3868 irri-

241 3890 559 3960 sionibus
607 3912 646 3958 a
694 3890 1158 3960 continentiae
1204 3902 1269 3961 et
1317 3891 1775 3966 abstinentiae
1823 3888 2073 3960 studiis
2128 3889 2666 3958 retraherentur.

330 3980 367 4077 ξ
430 3983 518 4050 5.
576 3977 703 4047 Sed
753 3978 918 4065 quia
965 3978 1197 4048 carnis
1244 3980 1668 4050 continentia
1702 3976 1852 4048 sola
1899 3999 2036 4046 non
2082 3976 2361 4058 sufficit,
2416 3975 2553 4044 nisi
2600 3975 2812 4044 etiam

241 4087 524 4135 animus
557 4066 648 4136 sit
696 4066 1104 4156 impollutus
1142 4079 1209 4137 et
1236 4090 1278 4137 a
1324 4068 1691 4157 superbiae
1734 4065 1986 4136 foetore
2033 4064 2341 4135 alienus:
2395 4061 2812 4133 venerabilis

242 4153 492 4223 Christi
539 4153 796 4223 ancilla
828 4155 1191 4225 Catharina
1224 4178 1389 4225 suae
1439 4156 1815 4247 pudicitiae
1875 4154 2157 4222 firmum
2210 4151 2639 4250 praesidium
2691 4150 2813 4219 ad-

240 4241 493 4325 hibuit,
530 4264 761 4312 veram
788 4257 861 4313 *et
892 4243 1351 4314 voluntariam
1385 4245 1606 4314 animi
1637 4241 2178 4314 submissionem
2212 4254 2278 4311 et
2312 4238 2804 4312 humilitatem.

294 4358 323 4385 ¹·
350 4358 522 4400 Eximit
540 4358 857 4401 abstinentiae
876 4360 1089 4402 effectus.
