3327 4999
127 342 229 409 Ex
276 340 463 407 AUG.
521 340 603 406 16
932 359 1012 406 na
1060 357 1119 406 s.
1172 355 1488 407 nctovto
1531 356 1830 406 amscoro
2439 341 2566 407 615

129 440 422 512 insania.
476 444 697 516 Pater,
753 436 956 529 cujus
1003 439 1261 518 animo,
1314 437 1458 509 filia
1506 450 1935 529 aegrotante,
1989 438 2164 508 nihil
2216 450 2477 530 poterat
2521 460 2672 509 esse

124 528 543 621 jucundum,
595 526 681 596 ad
735 528 1154 597 medendum
1189 528 1371 597 filiae
1418 550 1608 608 suae,
1661 528 1927 597 felicem
1978 528 2220 597 invitat
2268 528 2674 599 Maclovium

133 640 337 705 quem
384 617 547 687 olim
596 614 911 687 audierat
957 617 1025 685 in
1078 617 1514 686 curationum
1564 615 1867 687 efficacia
1895 638 2044 688 esse
2090 617 2498 708 gloriosum.
2545 622 2676 686 Nec

132 707 356 778 differt
395 705 507 775 ille
561 703 1133 785 misericordiam,
1170 705 1288 773 sed
1324 706 1613 775 credens
1650 707 1817 793 quia
1871 705 2071 775 facile
2117 717 2219 775 est
2275 709 2429 786 Deo,
2486 727 2681 796 prae·

138 809 311 867 stare
358 793 654 864 fideliter
688 794 940 884 petenti
992 794 1355 871 medelam,
1400 795 1618 885 pergit
1652 794 1739 863 ad
1776 794 2106 884 puellam:
2158 807 2223 865 et
2257 793 2490 864 volens
2539 794 2684 865 dia-

130 885 388 955 bolicae.
424 881 726 952 malitiae
772 905 926 953 com
981 884 1228 953 rimere
1277 882 1541 971 dolum,
1593 884 1956 953 sudarium
2016 905 2224 953 suum
2277 883 2563 973 projecit
2609 884 2681 952 in

128 972 419 1044 furentis
498 971 766 1061 puellae
825 972 929 1042 col
968 994 1108 1042 um.
1162 978 1353 1041 Tunc
1408 994 1566 1042 vero
1620 973 1959 1064 potuisses
2020 972 2261 1041 audire
2314 971 2679 1043 horribiles

131 1085 326 1133 voces
391 1061 837 1141 daemonum,
892 1082 1084 1133 servo
1146 1060 1260 1130 Dei
1320 1060 1390 1129 in
1459 1061 1626 1131 haec
1686 1064 1893 1132 verba
1966 1061 2577 1151 exprobrantium:
2632 1064 2684 1130 Ο

135 1150 594 1221 transmarine
627 1149 874 1230 incola,
912 1171 1050 1220 non
1103 1148 1323 1240 potuit
1356 1162 1417 1220 te
1456 1150 1797 1220 sustinere
1838 1150 2056 1251 patria
2107 1162 2223 1219 tua
2269 1150 2391 1235 qui
2441 1149 2687 1219 venisti

130 1240 266 1310 huc
292 1259 625 1327 quaerere
657 1238 907 1320 aliena,
938 1250 1003 1308 et
1034 1260 1156 1308 nos
1203 1238 1542 1328 expellere
1588 1239 1674 1307 de
1722 1261 2000 1330 regione
2052 1242 2315 1308 nostra?
2367 1238 2678 1328 Discipu-

137 1328 247 1399 lus
286 1327 535 1398 Christi
570 1326 1002 1418 vilipendens
1047 1326 1216 1396 haec
1266 1327 1536 1397 inimici
1569 1328 2105 1418 improperia,et
2152 1327 2463 1418 gaudens
2514 1349 2676 1397 cum

135 1419 467 1508 magistro
514 1428 580 1485 et
630 1416 916 1487 Domino
942 1438 1070 1486 suo
1097 1416 1230 1486 sibi
1269 1438 1346 1485 ea
1377 1438 1525 1486 esse
1572 1417 1994 1497 communia,
2031 1417 2144 1485 cui
2191 1415 2485 1486 subdola
2515 1437 2680 1486 con·

133 1504 432 1576 sessione
475 1504 952 1575 acclamabant
998 1504 1386 1574 daemonia.
1442 1505 1615 1587 Quid
1670 1506 1869 1576 nobis
1901 1518 1967 1575 et
2006 1504 2152 1587 tibi,
2204 1510 2369 1574 Jesu
2418 1504 2517 1573 fili
2569 1505 2686 1575 Dei

134 1595 317 1664 vivi?
352 1593 611 1663 Venisti
658 1607 815 1662 ante
864 1608 1138 1684 tempus
1176 1593 1454 1682 perdere
1488 1598 1655 1663 nos?
1686 1594 1999 1685 exemplo
2033 1593 2424 1663 Dominicae
2459 1595 2683 1664 incre-

135 1684 458 1774 pationis,
513 1683 1014 1771 comprimebat
1059 1682 1374 1754 falsitatis
1441 1683 1858 1768 vaniloquia.
1914 1683 2284 1770 Sciensque
2344 1681 2472 1751 hoc
2520 1682 2682 1753 dae-

135 1774 450 1842 monium
500 1793 650 1841 esse
697 1770 780 1840 de
830 1772 945 1841 illo
994 1793 1264 1862 genere,
1321 1770 1407 1840 de
1442 1793 1580 1859 quo
1628 1772 1883 1842 dicitur
1934 1795 1972 1842 a
2027 1772 2330 1851 Domin0,
2387 1776 2522 1841 Hoc
2563 1795 2682 1862 qe-

126 1883 254 1929 nus
300 1885 433 1930 non
459 1871 670 1950 potest
711 1862 888 1951 ejici,
924 1863 1062 1929 nisi
1112 1863 1182 1929 in
1211 1862 1509 1930 orati-me
1549 1871 1610 1928 et
1648 1863 1944 1951 jejunio:
1981 1860 2134 1929 fusa
2181 1882 2391 1950 super
2428 1882 2680 1946 aquam

126 1949 487 2018 exorcismi
532 1949 837 2018 oratione
869 1962 935 2018 et
971 1949 1206 2018 addita
1254 1949 1642 2038 Episcopali
1694 1950 2190 2030 benedictione,
2231 1962 2462 2039 potum
2496 1948 2683 2019 dedit

129 2037 427 2127 puellae.
469 2043 593 2107 Per
628 2058 848 2123 aquae
880 2038 1275 2108 benedictae
1310 2038 1659 2127 poculum,
1697 2037 1928 2108 infusa
1963 2039 2206 2107 virtute
2256 2037 2677 2107 benedictio-

129 2126 239 2195 nis
291 2148 411 2215 per
460 2128 770 2197 membra
806 2126 1097 2217 puellae,
1145 2127 1488 2197 diabolica
1537 2126 1968 2196 immissione
2022 2126 2146 2196 diu
2194 2127 2506 2214 contrita,
2571 2127 2680 2194 ce-

126 2213 299 2284 cidit
338 2215 403 2284 in
456 2228 705 2285 terram
790 2216 993 2296 uella,
1029 2216 1230 2302 quasi
1276 2229 1565 2286 mortua.
1600 2215 1966 2306 Paulopost
2013 2229 2365 2305 resumpto
2400 2214 2674 2305 spiritu,

128 2304 425 2372 surrexit
455 2326 620 2374 sana
650 2317 715 2373 et
772 2317 944 2385 aeta,
996 2305 1290 2395 effugato
1330 2304 1609 2395 pessimi
1645 2305 2025 2394 pervasoris
2063 2305 2345 2394 impetu,
2368 2315 2433 2372 et
2483 2303 2678 2372 laeti-

131 2389 361 2460 ficavit
406 2391 577 2461 alios
628 2414 748 2481 pro
799 2393 1061 2482 integro
1111 2407 1485 2463 restaurate
1519 2393 2014 2463 incolumitatis
2062 2405 2269 2463 statu.
2332 2398 2525 2462 Pater
2575 2393 2676 2460 vi-

129 2479 304 2550 dens
359 2480 785 2552 satisfactum
840 2482 1200 2554 desideriis
1249 2482 1396 2553 suis
1426 2538 1441 2566 ,
1505 2505 1626 2572 pro
1675 2484 2056 2583 gratiarum
2097 2483 2363 2553 actione
2434 2481 2679 2552 ditavit

131 2583 441 2639 sanctam
505 2570 875 2641 Ecclesiam
929 2571 1038 2640 Dei
1087 2571 1387 2663 praediis
1434 2586 1498 2642 et
1536 2573 1757 2641 xeniis
1824 2573 2155 2650 pretiosis,
2207 2571 2383 2654 Quia
2456 2569 2678 2661 gloria

128 2671 249 2728 aut
299 2680 472 2741 raro,
511 2672 629 2729 aut
686 2681 1065 2747 numquam
1127 2674 1311 2730 caret
1366 2661 1647 2742 invidia,
1707 2682 1838 2730 non
1892 2661 2171 2751 pertulit
2231 2660 2356 2729 diu
2414 2672 2678 2730 tantam

128 2747 436 2818 Maclovii
484 2748 777 2840 gloriam
817 2750 1083 2837 antiqui
1122 2750 1334 2821 hostis
1367 2751 1699 2820 versutia:
1747 2750 1865 2820 sed
1919 2772 2000 2818 ne
2053 2749 2121 2818 in
2170 2771 2381 2840 regno
2425 2748 2678 2818 Christi

126 2835 569 2907 invalesceret
627 2860 737 2908 am
799 2839 932 2908 lius
984 2839 1143 2908 boni
1205 2839 1445 2909 militis
1493 2840 1745 2930 gratia,
1810 2839 2162 2910 suscitavit
2224 2851 2464 2907 contra
2512 2859 2680 2906 eum

129 2923 355 2997 hostes
388 2941 687 2997 armatos
783 2928 893 2998 olo
940 2939 1004 2997 et
1064 2928 1423 3019 injustitia,
1475 2929 1765 3019 insuper
1799 2927 2005 2998 fultos
2045 2949 2181 2996 non
2242 2925 2685 2997 mediocriter

131 3015 428 3084 seculari
480 3016 801 3106 potentia.

216 3106 253 3190 ἓ
309 3109 451 3176 11.
505 3103 789 3174 Hailoch
836 3103 1124 3191 quidam
1152 3105 1271 3191 qui
1323 3115 1628 3193 potenter
1668 3105 2191 3196 principabatur
2239 3104 2358 3174 toti
2408 3103 2683 3173 Britan-

129 3191 311 3271 niae,
375 3192 769 3261 stimulatus
819 3193 1151 3261 instinctu
1197 3192 1575 3263 diabolicae
1637 3194 1958 3276 malitiae,
2026 3194 2250 3284 coepit
2307 3192 2672 3263 basilicam

129 3278 506 3360 destruere,
551 3301 759 3368 quam
797 3282 1037 3350 beatus
1075 3281 1441 3351 Maclovius
1488 3280 1891 3352 fundaverat
1923 3284 1994 3351 in
2048 3282 2327 3372 praedio
2360 3303 2526 3351 suae
2556 3303 2674 3370 pa-

130 3366 430 3436 rochiae.
485 3369 597 3467 yir
645 3369 757 3438 Dei
807 3370 995 3459 apud
1043 3391 1246 3442 aures
1295 3371 1632 3461 principis
1681 3372 1925 3461 agebat
1974 3371 2302 3461 lacrymis
2341 3383 2406 3440 et
2460 3369 2677 3460 preci-

129 3453 289 3535 bus,
333 3467 405 3523 ut
434 3455 504 3524 dt
561 3471 836 3527 naretur
882 3458 1210 3527 desistere
1258 3482 1296 3528 a
1344 3459 1806 3529 destructione
1843 3459 2358 3530 Ecclesiasticae
2393 3459 2672 3528 domus.

132 3543 259 3613 Sed
297 3544 410 3613 ille
453 3548 513 3614 cl
544 3557 772 3615 eratus
808 3568 927 3636 per
974 3559 1376 3638 conceptam
1426 3547 1810 3635 iniquitatis
1864 3547 2328 3626 insolentiam,
2367 3569 2502 3615 non
2566 3569 2683 3636 po-

133 3644 305 3702 terat
356 3633 649 3723 mitigari
704 3635 803 3704 vel
855 3633 1183 3708 refrenari
1235 3658 1355 3728 per
1400 3635 1709 3723 aliquam
1774 3635 1925 3724 piae
1972 3635 2470 3705 admonitionis
2526 3657 2682 3726 gra-

131 3721 324 3792 tiam.
364 3725 605 3792 Contra
643 3723 1039 3812 bujusmodi
1089 3724 1421 3794 secularis
1448 3724 1941 3794 dominationis
1975 3723 2376 3815 potentiam.
2406 3723 2491 3792 ad
2529 3746 2681 3793 mu-

133 3812 366 3880 nlmen
416 3824 481 3880 et
531 3810 1045 3882 firmamentum
1093 3813 1227 3885 sui.
1282 3812 1499 3883 solam
1553 3814 1923 3884 Maclovius
1977 3812 2359 3898 assumpsit
2410 3812 2683 3903 patien-

133 3897 321 3969 tiam.
378 3900 503 3970 Sed
554 3899 676 3988 qui
723 3900 807 3970 ad
860 3924 1023 3972 suos
1060 3901 1293 3971 fideles
1325 3901 1631 3989 loquitur
1728 3925 1798 3973 er
1834 3902 2226 3994 propbetas,
2273 3903 2404 3983 Qui
2456 3903 2679 3992 tanqit

132 4008 265 4066 voa,
313 3991 534 4093 tangit
579 3992 762 4060 oculi
804 3993 943 4060 mei
981 3993 1323 4080 pupillam
1375 3992 1609 4080 (Zaclt.
1650 4015 1671 4060 1
1711 4015 1726 4059 :
1779 4005 1880 4071 et,
1941 3991 2107 4060 Mihi
2148 3991 2554 4070 vindictam,
2617 4000 2684 4058 et

132 4095 251 4173 eqo
278 4081 649 4148 retribuam
675 4078 899 4169 (Dent.
935 4079 1158 4169 nno:
1197 4102 1331 4150 non
1359 4080 1624 4149 dimisit
1649 4080 1946 4150 inultam
1978 4100 2362 4170 pauperum
2390 4100 2680 4148 suorum

132 4164 495 4262 injuriam:
532 4180 598 4237 et
626 4168 809 4239 sicut
847 4168 1135 4238 Saulum
1171 4168 1721 4240 recalcitrantem
1774 4168 2112 4259 percussit
2160 4166 2486 4237 triduana
2535 4188 2686 4237 cae-

133 4265 354 4336 citate,
394 4270 470 4327 ut
501 4270 732 4347 postea
762 4269 981 4328 totum
1013 4257 1355 4328 mundum
1400 4258 1829 4329 illuminaret
1856 4273 2132 4328 aeterna
2160 4256 2496 4327 claritate:
2535 4277 2688 4357 per-

135 4345 348 4413 cussit
375 4357 440 4414 et
471 4345 656 4417 hunc
688 4346 1046 4438 temporali
1080 4346 1424 4429 caecitate,
1458 4358 1534 4417 ut
1569 4369 1690 4437 per
1715 4347 2030 4417 tenebras
2054 4345 2484 4417 transitorias
2515 4344 2687 4415 libe-

137 4443 399 4502 raretur
443 4456 487 4504 a
533 4447 973 4525 peccatorum
1020 4435 1459 4508 obscuritate.
1515 4436 1868 4527 Extemplo
1916 4436 2003 4506 ad
2052 4458 2171 4506 cor
2218 4456 2557 4514 reversus,
2620 4443 2689 4503 et
