3327 4999
677 351 807 416 520
1309 368 1388 414 niz
1436 368 1492 415 S.
1546 366 1919 417 Atax-innixo
1965 367 2178 415 murs
2224 367 2417 414 imur.
2752 348 3003 415 MART.
3057 348 3155 416 27

590 452 783 518 «Nos
832 445 1358 517 decreveramus
1415 447 1590 516 nihil
1658 447 1781 517 tibi
1829 447 2094 516 dicere:
2139 446 2487 533 quomodo
2557 445 2772 537 igitur
2832 457 2912 515 tu
2969 446 3173 517 haec·

589 535 743 627 ipsa
783 557 863 605 co
919 534 1422 604 novisti?›—«
1447 539 1587 604 Non
1643 556 1922 607 necesse
1973 535 2212 615 habe0‚
2257 534 2485 621 inquit
2512 534 2910 616 Alexander,
2948 536 3156 606 vobis

586 622 809 692 multa
902 621 1113 708 oqui,
1165 623 1496 710 quoniam
1559 626 1853 713 propero
1900 622 1984 692 ad
2036 635 2383 692 certamen
2441 623 2617 692 mihi
2678 622 3147 712 propositum,

587 711 772 797 quod
822 709 1135 780 coelestis
1185 715 1566 800 Imperator
1622 711 1797 781 mihi
1847 711 2301 802 praeparavit.
2373 716 2509 801 Ego
2570 710 2756 779 enim
2814 711 2902 779 ab
2968 711 3155 781 urbe

586 803 806 868 Roma
853 798 1256 887 Byzantium
1304 820 1527 885 usque
1563 799 1787 869 iturus
1836 822 2020 870 sum.
2050 828 2075 859 ι»
2130 804 2311 869 Haec
2344 820 2503 868 cum
2568 798 2854 868 dixisset
2899 798 3152 869 beatus

587 886 987 966 Alexander,
1044 885 1295 956 milites
1343 886 1413 953 in
1465 886 1699 976 ipsum
1759 908 2012 957 manus
2074 886 2564 976 conjecerunt,
2625 908 2929 972 eumque
2985 888 3144 956 vin-

589 987 778 1044 ctum
813 973 897 1042 ad
936 973 1429 1044 Maximianum
1465 979 1954 1065 Imperatorem
1990 973 2360 1044 duxerunt.
2407 980 2616 1043 Mater
2648 987 2879 1043 autem
2916 974 3149 1064 ipsius

588 1062 954 1131 Poemenia
999 1083 1151 1130 eam
1220 1082 1362 1130 rem
1413 1062 1798 1152 ignorabat.
1857 1062 2103 1131 Milites
2151 1062 2365 1153 igitur
2422 1062 2842 1133 festinabant
2882 1082 3147 1148 quam-

590 1150 896 1240 primum
935 1148 1018 1218 ad
1054 1151 1497 1241 Imperatoris
1545 1150 1851 1220 tribunal
1883 1149 2342 1220 Alexandrum
2376 1149 2652 1220 ducere.
2689 1150 2956 1219 Turbae
2986 1171 3151 1219 vero

590 1259 749 1307 cum
801 1260 964 1306 eum
1012 1237 1366 1317 vidissent,
1422 1258 1838 1329 magnopere
1897 1238 2447 1338 obstupuerunt:
2500 1250 2645 1308 erat
2691 1238 2879 1307 enim
2921 1250 3149 1307 aetate

590 1325 789 1394 valde
817 1325 1164 1407 robustus,
1203 1347 1466 1395 annum
1496 1348 1709 1416 agens
1740 1328 1941 1413 quasi
1974 1326 2674 1405 decimumoctavum,
2729 1339 3016 1415 aspectu
3050 1327 3151 1394 ita

591 1413 914 1496 formoso,
960 1426 1039 1483 ut
1069 1413 1303 1504 Angeli
1338 1413 1638 1503 alicujus
1687 1414 1985 1504 speciem
2040 1436 2201 1504 prae
2236 1435 2307 1483 se
2357 1413 2531 1482 feri-e.
2579 1414 2946 1483 videretur.

680 1504 717 1588 ἓ
785 1507 873 1573 5.
927 1505 1094 1569 Cum
1145 1523 1300 1570 vero
1347 1513 1414 1570 et
1460 1502 1887 1592 aspexissent
1917 1501 2115 1570 illum
2146 1500 2342 1569 valde
2377 1501 2694 1582 hilarem,
2730 1501 2963 1570 furore
2994 1523 3154 1571 ma-

643 1611 730 1657 no
790 1589 1069 1678 perciti.
1141 1590 1495 1659 dixerunt:
1551 1612 1586 1656 «
1638 1595 1733 1658 An
1787 1611 1921 1659 non
1974 1590 2101 1658 iste
2148 1590 2267 1675 qui
2320 1588 2476 1659 talis
2523 1601 2664 1667 est,
2721 1588 2939 1658 multo
2987 1602 3153 1658 ante

592 1612 883 1746 debebat
931 1676 1117 1777 apud
1169 1682 1660 1766 Imperatorem
1712 1675 2077 1746 deferriP»
2128 1682 2308 1746 Haec
2356 1699 2516 1747 cum
2570 1679 2811 1746 beatus
2858 1678 3181 1747 Alexam.

592 1763 717 1833 dei·
761 1764 1161 1844 audivisset,
1201 1765 1286 1834 ad
1352 1765 1674 1834 scelestos
1723 1765 1880 1834 illos
1938 1766 2254 1836 homines
2301 1785 2720 1835 conversus:
2765 1770 2980 1843 «Vos,
3038 1766 3153 1833 in—

592 1852 765 1940 quit,
819 1853 904 1921 de
957 1874 1063 1921 me
1108 1854 1517 1943 Imperatori
1552 1865 1773 1923 vestro
1814 1852 2223 1922 nunciate.»
2251 1853 2707 1922 Maximianus
2742 1852 2956 1942 igitur
2982 1873 3153 1921 cum

593 1940 970 2011 audivisset
1016 1940 1473 2009 Alexandrum
1528 1954 1799 2031 praesto
1845 1963 2018 2020 esse,
2070 1942 2525 2029 Tyberianuni
2560 1941 2878 2010 accersiri
2903 1941 3145 2031 jussit.

594 2029 725 2112 Qui
764 2049 926 2097 cum
977 2028 1306 2099 venisset:
1362 2034 1536 2110 «En,
1574 2028 1801 2115 inquit
1849 2034 2251 2118 Imperator,
2308 2029 2499 2098 adest
2530 2028 2666 2109 ille,
2704 2029 2907 2116 cujus
2935 2033 3157 2098 causa

595 2116 851 2185 milites
900 2116 1247 2185 misimus,
1280 2140 1315 2182 »
1366 2122 1673 2203 Cumque
1725 2117 1890 2185 haec
1921 2117 2227 2198 dixisset,
2251 2117 2464 2206 jussit
2503 2117 2960 2185 Alexandrum
2991 2127 3152 2185 ante

595 2204 900 2274 tribunal
952 2204 1126 2274 sisti.
1173 2211 1361 2273 Tunc
1393 2205 1893 2275 Maximianus:
1948 2209 2169 2273 «Vere
2209 2226 2317 2285 ne,
2430 2204 2773 2285 lexander‚
2833 2205 3154 2291 majesta-

594 2304 731 2362 tem
781 2312 1005 2361 meam
1056 2293 1555 2392 contempsisti,
1612 2293 1780 2380 quia
1828 2293 1921 2362 ita
1979 2292 2183 2362 stulte
2230 2306 2297 2361 at
2396 2314 2434 2361 e
2481 2292 2859 2362 insolenter
2906 2292 3156 2360 Tribu-

595 2402 764 2449 num
806 2401 947 2449 una
987 2402 1148 2449 curn
1184 2382 1389 2450 sociis
1437 2381 1576 2450 tuis
1624 2381 1713 2449 ad
1763 2379 2099 2470 templum
2152 2381 2347 2467 sequi
2396 2379 2705 2461 noluisti,
2743 2392 2821 2448 ut
2868 2401 3150 2449 mecum

595 2468 805 2538 simul
844 2489 1176 2558 magnum
1211 2468 1419 2539 deum
1467 2474 1704 2538 Jovem
1752 2469 2101 2539 coleres‘P»
2157 2469 2247 2538 Ad
2285 2469 2451 2538 haec
2500 2467 2900 2538 Alexander:
2936 2472 3148 2559 «Ego,

592 2557 843 2643 inquit,
897 2561 1110 2626 Deum
1165 2578 1396 2626 meum
1443 2558 1563 2645 qui
1613 2559 1685 2626 in
1734 2557 1944 2627 coelis
1975 2568 2099 2637 est,
2138 2557 2311 2636 0010,
2357 2569 2423 2626 et
2468 2557 2619 2646 ejus
2652 2555 2876 2625 filium
2904 2562 3152 2626 Jesum

596 2645 965 2726 Christum,
1017 2657 1085 2714 et
1131 2645 1462 2736 Spiritum
1515 2650 1886 2715 Sanctum:
1940 2644 2155 2714 alium
2219 2645 2406 2714 enim
2475 2646 2623 2735 ipse
2682 2666 2908 2730 neque
2958 2645 3146 2724 novi,

594 2754 817 2820 neque
875 2732 1185 2802 confiteri
1236 2755 1545 2823 possum,
1590 2755 1752 2802 cum
1816 2732 2055 2804 nullus
2103 2733 2284 2804 alius
2333 2734 2420 2802 sit
2470 2738 2670 2812 Deus,
2738 2733 2874 2802 nisi
2931 2754 3150 2819 quem

593 2821 744 2911 ipse
777 2820 948 2890 colo.
989 2824 1153 2889 Cum
1206 2820 1419 2910 igitur
1466 2832 1735 2910 praeter
1778 2821 2137 2890 coelestem
2175 2821 2364 2890 hunc
2395 2826 2608 2890 Deum
2645 2820 2829 2891 alius
2860 2842 3000 2889 non
3028 2821 3148 2901 sit,

595 2931 683 2978 ne
732 2930 841 2977 me
887 2908 1191 2996 amplius
1240 2908 1323 2976 de
1370 2908 1497 2978 deo
1528 2908 1663 2979 alio
1713 2911 2113 2999 interroges.
2151 2910 2345 2992 Quod
2397 2930 2553 2978 vero
2588 2909 2673 2976 ad
2716 2908 3155 2996 majestatem

594 3008 786 3066 tuam
819 2995 1133 3085 pertinet,
1186 3018 1311 3085 ego
1343 3018 1563 3083 neque
1612 2997 1863 3077 minaS,
1912 3018 2135 3083 neque
2183 3008 2524 3067 tormenta
2572 3010 2688 3067 tua
2745 2997 3148 3078 extimescO,

592 3103 1076 3171 quaecumque
1122 3105 1162 3152 a
1209 3096 1272 3152 te
1321 3085 1493 3153 mihi
1523 3084 1871 3154 afferenda
1919 3095 2165 3154 sunt.»

683 3173 720 3258 ξ
781 3173 875 3240 6.
930 3171 1051 3239 His
1098 3171 1355 3241 auditis
1388 3226 1403 3252 ‚
1467 3173 1684 3241 iratus
1735 3172 2214 3253 MaximianuS‚
2269 3172 2472 3242 dixit:
2546 3195 2582 3239 «
2631 3177 2710 3240 Et
2756 3169 2928 3258 quid
2982 3193 3153 3240 nam

593 3271 814 3351 potest
866 3258 1089 3328 facere
1145 3265 1318 3329 Deus
1368 3260 1518 3340 iste,
1563 3282 1771 3346 quem
1821 3273 1897 3329 tu
1943 3261 2224 3329 dicis‘l»
2288 3266 2420 3330 Res
2474 3260 2669 3329 ondit
2724 3259 3144 3328 Alexander:

596 3352 832 3417 «Deus
881 3368 1078 3416 meus
1105 3348 1472 3438 .corporeis
1518 3348 1741 3420 oculis
1789 3370 1925 3417 non
1979 3348 2270 3430 videtur,
2332 3371 2405 3417 se
2502 3347 2738 3418 onmia
2787 3360 3009 3437 potest
3048 3347 3154 3416 sa-

592 3456 782 3505 cere:
856 3456 1076 3522 neque
1137 3438 1511 3523 quicquam
1559 3449 1685 3517 est,
1741 3435 1924 3523 quod
1973 3437 2124 3526 ejus
2169 3436 2514 3536 potentiae
2561 3435 2953 3525 subjectum
3008 3457 3151 3505 non

593 3523 702 3594 sit.
737 3545 774 3590 »
826 3528 902 3593 At
949 3523 1446 3601 Maximianus:
1501 3530 1673 3594 «Est
1721 3546 1807 3593 ne
1858 3528 2034 3594 Deus
2064 3546 2184 3611 qui
2234 3524 2322 3592 ab
2370 3522 2779 3592 hominibus
2822 3524 2895 3592 in
2941 3545 3154 3593 cruce

596 3610 888 3682 suffixus
929 3624 1134 3699 atque
1180 3611 1579 3683 interfectus
1637 3612 1815 3681 fuit?
1850 3634 1886 3678 »
1920 3651 2010 3662 —
2050 3635 2085 3678 κ(
2121 3612 2554 3692 obmutesce,
2610 3624 2876 3692 satana,
2923 3611 3156 3698 inquit

592 3698 1010 3770 Alexander:
1064 3721 1200 3769 non
1250 3700 1434 3770 enim
1483 3700 1743 3770 dianus
1790 3722 1863 3771 es
1910 3700 2033 3788 qui
2083 3700 2429 3770 Christum
2480 3699 2893 3769 crucifixum
2925 3700 3153 3768 nomi—

588 3808 736 3856 nes.
793 3789 1032 3869 Stulte,
1085 3810 1291 3889 quem
1343 3753 1756 3858 crucifixum
1806 3811 1886 3857 ac
1936 3800 2291 3858 mortuum
2327 3788 2541 3858 fuisse
2588 3787 2849 3868 dixisti,
2889 3808 2977 3855 an
3008 3808 3149 3855 non

588 3874 914 3945 eumdem
965 3875 1290 3946 audivisti
1346 3899 1387 3945 a
1434 3876 1726 3945 moi-tuis
1782 3876 1987 3946 etiam
2051 3876 2547 3957 resurrexisse,
2613 3886 2680 3945 et
2730 3874 2973 3944 multis
3027 3875 3153 3960 qui

590 3964 847 4033 mortui
895 3964 1186 4045 fuerant,
1248 3964 1457 4034 vitam
1522 3965 1998 4035 restituissei»
2051 3964 2141 4033 Ad
2193 3964 2362 4033 haec
2412 3963 2910 4034 Maximianus:
2966 3962 3151 4031 «Mi-

587 4055 771 4120 seret
819 4074 927 4121 me
963 4051 1352 4141 juventutis
1411 4063 1568 4122 tuae
1614 4052 1801 4139 quod
1849 4063 2066 4121 aetate
2114 4051 2496 4121 admodum
2538 4050 2837 4139 J’uvenili
2888 4061 2953 4120 te
3000 4070 3153 4120 esse

589 4139 812 4209 video.
840 4162 1047 4207 »—-«
1074 4141 1385 4209 Misereat
1415 4153 1498 4221 te,
1533 4140 1765 4228 inquit
1793 4139 2191 4220 Alexander,
2226 4140 2645 4210 conditionis
2693 4150 2874 4218 tuae,
2930 4149 2997 4207 et
3044 4159 3153 4206 re-

592 4227 933 4317 sipiscens
978 4227 1169 4319 eripe
1216 4228 1514 4318 teipsum
1564 4250 1606 4298 a
1647 4227 1913 4314 laqueis
1945 4227 2290 4298 diaboli.»
2324 4233 2495 4297 Tum
2535 4227 2996 4296 Maximianus
3044 4225 3155 4295 di-

577 4315 730 4386 xit:
784 4315 1100 4386 «Accede
1142 4315 1550 4396 miserrime,
1592 4326 1657 4385 et
1702 4315 1859 4386 Jovi
1911 4314 2039 4385 deo
2074 4315 2418 4398 sacrifica,
2457 4337 2543 4384 ne
2578 4327 2795 4384 morte
2846 4313 3155 4405 pessima

593 4402 915 4475 intereas
945 4425 1140 4472 »—-«
1176 4404 1525 4494 Teipsum,
1577 4403 1808 4491 inquit
1853 4403 2255 4487 Alexander,
2318 4403 2793 4476 miserrimum
2842 4400 3147 4494 appella,
