3327 4999
226 328 472 394 MART.
529 328 610 392 ⁴6
925 346 1002 391 nn
1052 347 1107 391 s.
1161 343 1514 391 nsainssnro
1564 341 1789 389 coron.
1843 341 2042 389 Erisc.
2572 327 2700 391 329

228 429 607 519 magisterii
634 428 968 519 dignitate
990 428 1305 497 subditos
1335 439 1633 505 terreret,
1671 425 1808 495 nisi
1830 448 2008 512 quos
2033 424 2308 495 dilectio
2330 426 2781 509 confortabat,

228 539 404 602 quae
452 517 598 586 sola
650 517 763 585 Dei
812 530 878 586 et
926 529 1327 586 sanctorum
1375 516 1529 602 ejus
1576 526 1862 603 aspectu
1894 514 2107 604 digna
2138 525 2264 582 est.
2305 520 2445 584 Hoc
2478 515 2785 605 amplius

226 605 670 699 indignantes
718 605 986 685 invidi,
1052 604 1587 683 execrabantur,
1644 602 2024 691 procaciter
2069 602 2157 669 ad
2229 601 2633 672 alterutrum
2687 603 2794 673 lo-

220 708 534 779 quentes,
589 705 655 762 et
716 693 1121 762 daemonem
1173 714 1334 760 eum
1385 706 1533 761 esse
1582 690 1927 771 dicebant,
1970 712 2179 776 quem
2230 692 2590 760 constabat
2636 712 2792 760 esse

220 782 556 881 angelum
609 782 903 850 Domini.
943 781 1196 861 Videte,
1250 780 1549 869 ajebant,
1586 778 2021 859 daemonem,
2068 779 2418 865 quomodo
2466 801 2541 847 se
2588 779 2659 847 in
2696 778 2794 848 es-

216 869 459 960 figiem
513 870 964 959 transfigurat
1011 868 1265 956 angeli,
1320 868 1414 937 ita
1464 879 1539 935 ut
1588 887 1791 936 nemo
1843 877 2156 934 nostrum
2199 866 2447 935 faciem
2489 869 2643 957 ejus
2675 867 2788 935 in-

218 958 401 1027 tueri
442 959 680 1047 possit.
722 963 799 1026 Et
832 956 996 1043 quid
1033 957 1317 1035 mirum,
1360 955 1416 1025 si
1459 955 1721 1024 Veritas
1770 976 2009 1023 verum
2060 954 2255 1035 dixit,
2294 967 2359 1023 et
2392 955 2781 1025 secundum

218 1046 493 1115 dictum
544 1046 695 1132 ejus
743 1044 954 1114 locuti
997 1056 1160 1113 sunt
1211 1044 1570 1112 domestici
1619 1042 1995 1112 falsitatis?
2042 1042 2220 1110 Dixit
2262 1044 2490 1112 enim:
2543 1046 2622 1112 Si
2660 1066 2794 1143 pa—

214 1136 701 1308 tremfcltime'lg'as
748 1133 1111 1202 Beelzebub
1144 1142 1573 1211 vocaverunt,
1621 1142 1874 1222 quanto
1905 1133 2129 1220 maqz's
2173 1131 2560 1200 domesticos
2606 1132 2790 1219 elus?

214 1228 431 1308 (inan
490 1278 503 1291 .
540 1244 591 1289 X
632 1276 644 1290 .

311 1313 351 1397 ἓ
402 1315 563 1380 ²⁶2.
637 1315 843 1378 Porro
909 1309 1204 1398 maj0res
1252 1308 1509 1376 fluctus
1557 1306 1661 1375 illi
1709 1307 2050 1376 excitabat
2097 1307 2169 1374 in
2221 1307 2666 1395 Imperatoris
2717 1329 2791 1376 a-

218 1399 416 1466 nimo
466 1409 708 1466 ventus
747 1398 1163 1476 contrarius,
1208 1396 1373 1482 quia
1417 1394 1730 1465 videlicet
1760 1394 2258 1485 suspicionem,
2299 1416 2511 1480 quam
2548 1408 2791 1464 contra

221 1497 544 1556 sanctum
595 1486 820 1554 virum
883 1484 950 1552 in
1004 1484 1202 1553 initio
1247 1487 1444 1573 regni
1493 1484 1654 1563 sui,
1711 1483 1893 1552 sicut
1931 1483 2078 1572 jam
2131 1504 2212 1550 su
2267 1483 2609 1551 radictum
2660 1495 2785 1564 est,

224 1586 455 1643 mente
482 1584 913 1663 conceperat,
948 1572 1165 1640 invidi
1184 1573 1335 1662 jam
1375 1572 1543 1640 dicti
1592 1593 1868 1661 semper
1914 1573 2169 1660 augere
2247 1570 2627 1640 aborabant
2672 1571 2793 1639 de-

222 1662 568 1732 tractoriis
616 1660 1241 1730 susurrationibuS.
1279 1661 1585 1746 Denique
1631 1681 1742 1729 res
1787 1681 2094 1746 eousque
2144 1660 2502 1748 processit,
2543 1672 2618 1727 ut
2635 1660 2786 1749 jam

219 1751 455 1821 dictus
502 1755 907 1838 Imperator,
962 1749 1178 1817 nimio
1226 1761 1466 1817 contra
1512 1747 1714 1817 illum
1780 1749 2012 1817 furore
2061 1768 2441 1816 succensus
2489 1748 2545 1827 ¹⁴,
2601 1748 2790 1817 Colo-

222 1839 417 1908 niam
472 1849 749 1927 peteret‚
794 1838 924 1907 hoc
977 1838 1406 1927 propositum
1459 1836 1750 1911 habens,
1802 1848 1879 1904 ut
1926 1858 2088 1905 eum
2139 1834 2547 1926 pontificatu
2597 1857 2791 1903 amo-

222 1939 432 1996 veret:
487 1939 606 1996 aut
652 1938 873 2008 certe,
928 1926 988 1993 si
1054 1926 1184 1994 hoc
1233 1924 1735 1993 rationabiliter
1780 1924 1933 1992 fieri
1983 1945 2119 1991 non
2172 1934 2424 2012 posset,
2479 1923 2791 2008 quolibet
2887 1992 2893 1998 ,

225 2015 432 2085 modo
478 2014 812 2103 injuriose
879 2013 1078 2082 illum
1141 2024 1206 2082 et
1261 2012 1550 2101 indigne
1602 2024 1944 2081 tractaret.
2011 2016 2088 2080 At
2135 2033 2293 2080 vero
2366 2016 2538 2079 Deus
2570 2022 2788 2091 ,non

222 2103 541 2193 permisit
589 2102 964 2192 procellam
1016 2101 1197 2170 hanc
1245 2101 1607 2186 hucusque
1657 2100 2050 2189 procedere,
2096 2110 2174 2167 ut
2223 2098 2583 2189 perficeret
2645 2103 2787 2165 Im-

228 2205 526 2281 perator,
578 2190 759 2278 quod
813 2189 1224 2259 intenderat:
1280 2188 1400 2258 sed
1463 2209 1839 2256 occurrens
1898 2187 2219 2257 subvenit
2267 2186 2633 2266 ambobus,
2687 2186 2791 2253 vi-

227 2279 501 2359 delicet,
552 2292 618 2348 et
663 2279 749 2358 ei,
796 2278 916 2364 qui
956 2277 1363 2367 patiebatur
1395 2276 1812 2356 immerituS,
1858 2287 1923 2343 et
1970 2275 2098 2355 illi,
2130 2274 2252 2359 qui
2285 2275 2370 2342 de
2402 2275 2791 2343 innocentis

226 2367 648 2436 conscientia
696 2367 877 2435 male
915 2366 1241 2444 sentienS,
1304 2365 1628 2454 peccabat
1676 2385 1906 2433 errore
1954 2364 2307 2452 deceptus.
2346 2367 2592 2443 Causa,
2633 2384 2793 2452 pro-

231 2467 389 2556 pter
431 2478 636 2543 quam
671 2455 789 2524 tali
829 2477 993 2526 cum
1042 2454 1276 2524 animo
1326 2460 1709 2543 Imperator
1758 2451 2107 2521 Coloniam
2161 2451 2598 2542 properabat,
2658 2451 2785 2520 bu-

216 2545 539 2636 Jusmodi
585 2545 918 2614 extiterat.
974 2547 1358 2632 Imperator
1403 2543 1708 2611 exercitu
1757 2553 2123 2620 commoto,
2165 2540 2494 2609 Comitem
2545 2561 2792 2625 quem-

225 2633 391 2701 dam
443 2637 755 2702 Ottonem
790 2685 804 2712 ,
860 2630 1077 2701 seculi
1125 2631 1462 2720 dignitate
1562 2630 2052 2719 raepollentem
2088 2684 2102 2709 ,
2157 2629 2226 2697 in
2294 2640 2543 2707 castrO,
2598 2627 2784 2714 quod

226 2721 487 2790 dicitur
534 2720 991 2800 Hamerstein,
1038 2719 1167 2789 sito
1209 2741 1423 2809 supra
1464 2724 1517 2788 R
1575 2719 1689 2786 eni
1739 2718 1928 2797 litus,
1968 2716 2350 2787 obsederat.
2390 2720 2456 2784 Is
2489 2737 2790 2800 namque

226 2813 383 2879 Otto
429 2809 906 2899 episcopatum
958 2807 1441 2896 Moguntinum
1494 2807 1714 2876 multa
1774 2806 2213 2875 infestatione
2284 2804 2567 2892 saepius
2632 2806 2787 2892 per-

222 2919 511 2985 vagans,
564 2897 743 2966 ferro
807 2909 873 2965 et
918 2895 1079 2986 igne
1129 2895 1618 2985 populabatur,
1673 2894 1833 2963 odio
1881 2915 2136 2984 magno
2184 2907 2423 2961 contra
2473 2891 2792 2980 ejusdem

223 2985 527 3056 civitatis
575 2984 967 3074 praesulem
1019 2984 1456 3053 vehementer
1504 2983 2004 3050 inflammatus
2061 2987 2307 3050 Fuerat
2353 3001 2659 3066 namque
2707 2979 2795 3047 ab

226 3073 354 3142 illo
403 3087 685 3162 propter
731 3072 876 3141 illic
934 3071 1255 3141 illicitum
1324 3071 1757 3141 connubium
1801 3069 2072 3160 judicio
2122 3068 2470 3160 generalis
2519 3066 2797 3136 concilii

226 3162 875 3231 anathematizatus
945 3164 1109 3230 Cum
1179 3181 1342 3249 ergo
1422 3159 1860 3245 querimonia
1908 3158 2218 3248 ejusdem
2272 3155 2617 3246 praesulis
2682 3177 2799 3223 ex-

226 3249 485 3319 citatus
534 3253 935 3337 Imperator,
975 3247 1322 3337 praedicto
1356 3248 1425 3315 in
1469 3258 1696 3315 castro
1733 3246 1931 3315 illum
1968 3246 2371 3325 obsedisset,
2411 3242 2793 3312 venerabili

229 3337 402 3407 huic
449 3337 591 3406 viro
638 3336 1104 3415 demandavit,
1155 3348 1503 3421 quatenus
1550 3347 1615 3403 et
1663 3335 1812 3423 ipse
1860 3357 2021 3403 cum
2066 3334 2213 3404 suis
2264 3333 2346 3402 ad
2403 3333 2532 3402 hoc
2581 3351 2794 3420 nego-

230 3426 410 3494 tium
461 3424 753 3496 festinus
801 3425 1177 3493 adveniret.
1212 3429 1292 3491 At
1338 3423 1488 3512 ipse
1536 3434 1704 3491 tunc
1754 3422 2118 3491 immensis
2166 3421 2542 3489 vexabatur
2588 3419 2798 3488 febri-

225 3515 392 3584 bus:
443 3526 508 3582 et
559 3513 815 3582 idcirco
856 3512 1239 3601 adimplere
1288 3533 1423 3579 non
1475 3510 1717 3590 valuit,
1773 3511 1958 3596 quod
2009 3510 2508 3597 imperabatur.
2564 3512 2786 3589 Quam

226 3601 861 3689 impossibilitatem
901 3601 1054 3690 ejus
1085 3621 1372 3669 causam
1421 3609 1499 3668 ut
1545 3598 1811 3667 audivit
1852 3602 2257 3688 Imperator,
2298 3618 2433 3664 non
2469 3595 2790 3674 credidit,

226 3689 551 3760 videlicet
597 3691 883 3776 antiqua
932 3688 1330 3778 suspicione
1373 3698 1958 3777 praeoccupatuS‚
1993 3696 2058 3754 et
2089 3696 2346 3775 putans
2377 3683 2577 3752 illum
2614 3704 2794 3753 sem·-

226 3800 357 3870 per
402 3800 605 3848 exosa
652 3781 759 3847 sui
811 3777 1063 3846 habere
1111 3789 1422 3865 tempora
1471 3775 1772 3864 imperii.
1853 3772 2303 3862 Respondens
2364 3772 2579 3862 igitur
2641 3792 2794 3839 ma-

227 3887 371 3958 gno
412 3889 573 3935 cum
623 3866 874 3956 spiritu
922 3863 1358 3933 iracundiae:
1425 3863 1544 3943 Si,
1588 3863 1867 3947 inquit,
1913 3861 1998 3929 ad
2052 3882 2161 3929 me
2209 3859 2635 3948 dedignatur
2685 3879 2798 3926 ve-

228 3955 430 4037 nire,
487 3954 508 4022 i
563 3976 633 4024 se
679 3975 888 4036 eum,
960 3953 1127 4039 quia
1174 3962 1501 4042 aegrotat,
1557 3950 1778 4018 habeo
1819 3948 2146 4017 visitare:
2201 3959 2407 4034 atque
2453 3970 2616 4017 cum
2670 3945 2800 4014 hac

230 3976 598 4113 iracundia
646 4061 825 4123 mox,
862 4040 985 4109 ubi
1028 4042 1289 4109 hostem
1325 4038 1768 4139 expugnavit,
1825 4036 2202 4117 Coloniam,
2242 4049 2317 4106 ut
2342 4036 2490 4126 jam
2527 4035 2793 4104 dictum

232 4145 358 4206 est.
413 4130 850 4222 properabat,
906 4128 1438 4198 imminentibus
1472 4126 1913 4211 mmiumque
1963 4146 2111 4196 sese
2160 4124 2641 4225 ingerentibus
2689 4122 2797 4189 in-

231 4221 411 4290 vidis
451 4241 663 4309 supra
727 4216 1162 4298 memoratis,
1220 4216 1342 4303 qui
1406 4214 1573 4285 satis
1625 4213 1980 4284 ardentem
2042 4211 2297 4282 furoris
2345 4213 2501 4301 ejus
2561 4212 2799 4300 ignem

286 4380 313 4408 ⁴¹
341 4377 670 4425 Inimicitiam,
691 4377 746 4415 ut
758 4376 859 4424 jam
881 4375 939 4414 ad
958 4373 978 4424 5
999 4375 1023 4413 7
1046 4373 1332 4414 monuimus,
1353 4370 1519 4410 auctor
1539 4371 1793 4420 exaggerat
1810 4370 2116 4419 Imperatoris
2134 4370 2327 4411 Hem-ici
2345 4369 2398 4410 in
2418 4370 2463 4410 Β.
2491 4368 2646 4418 Episc.
2684 4365 2799 4405 Vide

233 4433 394 4474 tmen
410 4432 538 4472 Infra
557 4435 612 4469 ut
629 4430 762 4478 pium
780 4430 1047 4476 Principem
1069 4435 1096 4465 ι.
1116 4427 1280 4466 sancto
1298 4424 1524 4464 Praesule
1545 4425 1732 4463 veniam
1751 4424 1995 4472 petentem
2015 4424 2256 4464 describit.
