3327 4999
223 315 471 380 MART.
529 314 618 380 40
1117 333 1197 378 nn
1245 332 1302 380 s.
1356 332 1601 379 Arum
1662 330 1906 379 ΑΒΒΑΤΕ
2224 292 2233 302 ’
2580 315 2708 380 ΜἹ

218 415 379 488 sinit
421 437 545 485 eos
582 415 972 505 pertinaces
1032 414 1244 485 abire.
1301 420 1672 502 Postquam
1719 436 1882 505 ergo
1935 434 2007 484 se
2060 412 2276 504 regati
2322 415 2624 487 suntab
2673 425 2779 499 eo,

217 502 333 573 alii
375 524 626 574 eorum
661 503 953 574 marinis
980 502 1253 573 sinibus
1300 503 1555 594 recepti
1604 515 1791 582 sunt,
1848 501 1967 571 alii
2041 523 2243 571 ocum
2294 502 2511 572 eremi
2567 504 2655 573 ob
2699 503 2788 572 li-

216 591 545 662 bertatem
582 590 974 661 habendam
1013 591 1395 682 petierunt:
1449 591 1569 660 sed
1604 590 2004 660 temeritatis
2033 602 2098 659 et
2128 591 2561 680 arrogantiae
2611 612 2782 661 suae

219 680 392 751 inibi
443 678 654 771 positi
701 701 857 748 mox
894 679 1152 748 damna
1182 690 1572 750 senserunt.
1607 684 1777 749 Nam
1811 701 1975 749 cum
2007 677 2079 747 in
2118 677 2383 748 eisdem
2417 679 2587 749 locis
2639 701 2784 749 mo-

216 781 539 838 rarentur
570 778 638 837 et
681 767 907 836 virum
962 767 1075 836 Dei
1123 768 1271 839 suis
1302 766 1848 837 detractionibus
1907 766 2269 847 laniarent,
2309 789 2497 837 unus
2542 788 2785 836 eorum

212 857 336 943 qui
399 856 838 926 Roccolenus
884 854 1267 936 dicebatur,
1332 855 1454 942 qui
1502 867 1568 926 et
1603 856 1727 946 jur
1781 855 2029 936 'orum,
2083 866 2161 925 ut
2206 855 2639 938 credebatur,
2675 855 2788 923 in-

212 957 567 1014 crementa
613 943 1148 1026 ministraverat,
1207 944 1436 1015 subito
1493 944 1638 1014 ictu
1684 942 1751 1013 fe
1800 944 1983 1013 rium
2032 943 2237 1034 igneo
2267 965 2626 1026 accensuS,
2683 943 2791 1014 in-

211 1045 314 1102 ter
355 1053 743 1123 poenarum
801 1031 1124 1102 incendia
1171 1032 1473 1102 clamare
1519 1031 1768 1123 coepit,
1825 1053 1897 1100 se
1944 1032 2005 1101 si
2058 1031 2427 1112 valuisset,
2485 1032 2571 1101 ad
2623 1032 2788 1101 bea-

211 1132 360 1190 tum
398 1119 694 1190 Attalam
749 1121 978 1190 venire
1011 1120 1182 1189 velle
1228 1132 1293 1191 et
1325 1120 1634 1190 admissa
1680 1120 1996 1189 criminis
2029 1119 2289 1189 damna
2328 1120 2788 1210 poenitentiae

206 1208 726 1279 medicamento
760 1207 999 1277 lenire.
1056 1213 1188 1279 Nec
1216 1230 1432 1291 mora,
1485 1209 1598 1277 vix
1646 1208 1818 1278 haec
1857 1208 2085 1277 dicere
2132 1206 2354 1290 licuit,
2414 1208 2789 1295 statimque

202 1298 588 1374 obmutuit,
627 1318 708 1365 ac
740 1307 1124 1366 extremum
1173 1296 1467 1366 halitum
1516 1295 1806 1366 dimisit.
1863 1300 1976 1366 Ast
2033 1296 2107 1365 hi
2159 1296 2282 1383 qui
2321 1295 2632 1378 aderant,
2688 1297 2787 1364 vi·

205 1385 456 1454 dentes
497 1385 629 1454 viri
676 1383 793 1452 Dei
849 1385 1146 1474 injurias
1192 1384 1430 1453 divina
1472 1383 1741 1454 ultione
1789 1383 2150 1466 vindicari,
2204 1384 2495 1474 plurimi
2543 1405 2789 1453 eorum

201 1473 298 1543 ad
332 1473 567 1544 virum
618 1472 736 1541 Dei
767 1483 1100 1553 remeant,
1144 1494 1446 1559 suasque
1475 1495 1691 1543 noxas
1737 1473 2177 1553 confitentur,
2211 1494 2283 1542 se
2321 1472 2392 1541 in
2427 1471 2783 1555 omnibuS,

201 1561 268 1632 si
316 1561 777 1652 recipiantur,
849 1560 1337 1631 emendaturos
1434 1559 1829 1631 ollicentur.
1882 1566 2064 1645 Quos
2112 1560 2218 1630 vir
2271 1571 2556 1630 sanctus
2605 1560 2786 1629 miro

201 1650 497 1740 gaudio,
537 1671 620 1719 ac
668 1648 726 1720 si
773 1670 811 1718 e
858 1648 1183 1739 luporum
1232 1670 1349 1719 ore
1381 1583 1706 1719 liberatas
1753 1671 1912 1719 oves
1960 1649 2217 1738 recepit
2262 1661 2328 1718 et
2375 1649 2523 1719 suis
2572 1649 2644 1718 in
2678 1648 2781 1717 lo-

199 1739 312 1808 cis
361 1736 684 1828 singulos
731 1758 971 1806 eorum
1045 1736 1366 1807 restituit.
1417 1741 1494 1807 At
1540 1759 1700 1808 vero
1748 1737 1869 1807 alii
1923 1737 2048 1826 qui
2107 1737 2523 1806 verecundia
2586 1758 2788 1829 prae-

202 1827 553 1905 veniente,
610 1823 716 1893 vel
766 1826 1142 1895 temeritate
1189 1847 1269 1894 ac
1306 1826 1742 1916 arrogantiae
1770 1825 1929 1894 vitio
1980 1825 2332 1905 maculati,
2387 1824 2613 1894 redire
2665 1847 2786 1893 no-

203 1913 502 1984 luerunt
538 1924 604 1982 et
634 1912 874 1983 datum
904 1913 1359 2002 poenitentiae
1385 1913 1617 1983 locum
1657 1926 1927 1983 contem
1986 1924 2248 1995 serunt,
2285 1913 2578 1985 diversis
2608 1933 2784 1983 mor-

205 2002 405 2072 tibus
445 2013 615 2072 sunt
662 2000 936 2091 direpti:
966 2013 1044 2071 ut
1074 2000 1435 2071 manifeste
1463 2001 1746 2071 daretur
1793 1935 2110 2092 intelligi,
2160 2002 2382 2072 socios
2406 2023 2523 2073 eos
2570 1999 2789 2071 fuisse

203 2090 365 2179 ejus
414 2090 503 2158 ad
567 2089 931 2159 excitanda
976 2090 1454 2160 contumaciae
1524 2089 1952 2160 incrementa
2023 2110 2231 2176 quem
2303 2089 2476 2159 ultio
2549 2088 2788 2160 divina

211 2178 664 2269 percusserit,
722 2200 803 2247 ac
884 2191 1191 2267 ropterea
1221 2200 1379 2247 cum
1413 2177 1701 2248 caeteris
1730 2177 2004 2247 veniam
2046 2198 2183 2247 non
2218 2177 2578 2248 meruisse.
2617 2182 2789 2246 Nam

207 2288 404 2337 unus
447 2287 718 2346 eorum,
772 2200 1357 2335 Tsseodomundus
1402 2265 1728 2347 nomine,
1783 2265 2010 2335 securi
2058 2286 2436 2365 percussus
2487 2265 2784 2334 interiit:

209 2353 398 2422 alius
424 2354 599 2423 dum
633 2354 826 2444 parvi
879 2353 1190 2423 fluminis
1220 2353 1493 2422 alveum
1540 2362 2013 2435 transmearet,
2051 2352 2334 2423 1rretitis
2370 2352 2777 2442 poplitibus,

214 2442 638 2534 perparvula
670 2442 867 2512 fluvii
913 2441 1106 2512 unda
1153 2453 1438 2512 necatus
1469 2452 1594 2511 est.
1652 2441 1921 2514 Tertius
1974 2461 2133 2512 vero
2181 2441 2303 2528 qui
2359 2440 2786 2514 Theodarius

212 2530 623 2610 dicebatur,
677 2553 838 2599 cum
888 2552 961 2600 se
1007 2530 1285 2600 carinae
1344 2529 1788 2612 credidisset,
1842 2530 1915 2600 in
1964 2530 2143 2599 mari
2217 2530 2581 2601 demersus
2655 2541 2783 2599 est.

211 2618 541 2689 Videntes
589 2618 757 2687 haec
814 2618 939 2705 qui
994 2618 1225 2688 adhuc
1274 2640 1358 2688 su
1409 2629 1726 2700 ererant,
1792 2617 2210 2687 verecundia
2276 2618 2598 2689 submota
2632 2672 2647 2699 ,
2702 2617 2792 2686 ad

209 2705 499 2776 beatum
549 2715 817 2797 patrem
865 2706 1151 2776 Attalam
1189 2640 1544 2806 repedant,
1580 2729 1622 2777 a
1667 2727 1830 2794 quo,
1875 2718 1951 2777 ut
1984 2706 2103 2776 alii
2153 2727 2366 2797 supra
2402 2705 2787 2786 memorati,

213 2794 525 2886 benigne
574 2794 879 2884 suscepti
926 2816 1007 2864 ac
1042 2793 1284 2864 salvati
1335 2806 1521 2864 sunt.
2526 2861 2531 2865 .

303 2885 346 2969 ξ
412 2888 507 2954 3.
561 2881 771 2952 Plura
817 2894 970 2972 post
1000 2882 1170 2952 haec
1217 2882 1304 2952 ab
1335 2904 1414 2952 eo
1463 2893 1733 2973 patrata
1781 2882 2143 2964 miracula,
2199 2882 2515 2953 omnium
2568 2882 2639 2950 in
2675 2903 2792 2951 su·

219 2970 536 3060 pradicto
586 2970 1002 3041 monasterio
1047 2968 1340 3040 fratrum
1392 2971 1785 3042 testimonio
1833 2971 2331 3062 approbantur.
2389 2977 2574 3041 Inter
2611 2992 2788 3071 quos

214 3080 348 3149 ego
398 3058 667 3149 positus
712 3069 779 3127 et
825 3058 1007 3128 beati
1042 3058 1168 3127 viri
1210 3057 1592 3129 ministerio
1621 3059 1996 3150 deputatus
2047 3061 2354 3131 tenebar.
2392 3065 2483 3128 De
2528 3060 2793 3147 qulbus

212 3147 429 3217 etiam
481 3168 673 3217 nunc
721 3145 959 3234 aliqua
1006 3146 1345 3217 disserere
1393 3148 1691 3217 tentabo.
1738 3148 2054 3231 Quodam
2093 3160 2403 3239 tempore
2435 3147 2789 3228 fluviolus,

217 3234 474 3306 Bobius
525 3234 833 3317 nomine,
880 3234 1180 3305 turbidis
1226 3256 1568 3322 aquarum
1625 3235 1932 3307 molibus
1978 3258 2059 3306 ac
2107 3236 2343 3326 rapaci
2391 3257 2608 3306 cursu
2645 3236 2794 3303 vio-

215 3322 442 3392 lenter
487 3322 849 3399 dessuens.
899 3334 978 3393 ut
1026 3322 1249 3393 solent
1305 3335 1638 3394 torrentes
1686 3345 1767 3394 ex
1814 3323 2083 3415 alpium
2151 3323 2637 3395 cacuminibus
2686 3321 2794 3390 di-

215 3410 398 3501 lapsi
445 3421 514 3480 et
562 3408 895 3480 imbrium
945 3411 1405 3483 effusionibus
1449 3412 1659 3493 aucti,
1714 3434 2039 3482 saxorum
2085 3433 2293 3502 rupes
2341 3425 2407 3482 et
2453 3413 2787 3481 arborum

214 3499 603 3588 congeries,
658 3498 877 3569 nimia
909 3500 971 3567 vi
1009 3513 1421 3577 tumescens,
1474 3501 1942 3582 coacervabat,
1970 3500 2590 3587 molendinumque
2639 3520 2792 3568 mo-

217 3586 506 3656 nasterii
547 3586 818 3677 impetu
847 3586 1076 3657 valido
1109 3587 1451 3658 suffodere
1497 3599 1562 3657 et
1596 3598 1807 3658 totam
1840 3589 1990 3677 jam
2024 3587 2376 3657 officinam
2439 3587 2787 3675 quatienS,

215 3675 622 3766 demergere
670 3674 1040 3745 nitebatur.
1076 3680 1227 3759 Quo
1272 3674 1543 3766 fragore
1590 3675 1830 3745 audito
1861 3731 1876 3758 ,
1912 3688 2145 3747 custos
2192 3675 2603 3757 molendini,
2661 3695 2788 3743 no-

215 3762 409 3834 mine
457 3762 810 3853 Agibodus
840 3818 856 3844 ,
909 3763 997 3832 ad
1046 3763 1528 3833 molendinum
1576 3763 1900 3835 velociter
1959 3763 2320 3845 cucurrit,
2374 3775 2453 3834 ut
2500 3763 2786 3844 videret,

215 3851 277 3921 si
321 3852 494 3921 tanti
541 3849 836 3941 fragoris
883 3850 1101 3920 moles
1135 3851 1310 3922 inibi
1341 3850 1693 3951 dispendii
1734 3851 1991 3922 damna
2021 3864 2406 3943 generaret.
2448 3857 2594 3934 Quo
2623 3873 2790 3922 cum

214 3939 541 4021 venisset,
595 3938 788 4020 vidit,
833 3938 970 4010 nisi
1003 3938 1211 4009 celeri
1257 3939 1513 4010 auxillo
1545 3939 1964 4021 subveniret,
2000 3951 2252 4011 cuncta
2283 3940 2636 4032 direptum
2672 3938 2787 4009 iri.

214 4026 536 4098 Festinus
575 4026 796 4118 igitur
840 4027 1020 4117 patri
1065 4027 1323 4097 Attalae
1379 4027 1863 4099 nunciandum
1919 4027 2252 4111 credidit,
2307 4039 2385 4099 ut
2429 4029 2787 4117 adjutores

216 4115 543 4204 praebeat
586 4114 710 4202 qui
758 4126 1149 4205 opportuna
1198 4115 1591 4186 necessitati
1637 4138 1717 4185 ex
1764 4137 2107 4202 aquarum
2157 4117 2490 4187 fluctibus
2540 4117 2793 4186 libera-

217 4214 392 4272 rent.
428 4202 522 4273 Ad
572 4223 780 4290 quem
815 4204 920 4272 vir
943 4203 1060 4273 Dei
1089 4203 1206 4272 ait:
1235 4202 1484 4285 «Vade,
1521 4225 1690 4279 voca
1722 4203 1895 4272 mihi
1930 4204 2336 4276 Sinoaldum
2372 4205 2788 4276 diaconum:

219 4302 298 4359 tu
341 4311 503 4360 vero
550 4302 772 4360 stratu
804 4302 921 4361 tuo
969 4304 1307 4391 receptus,
1364 4312 1695 4365 somnum
1744 4313 1936 4383 cape,
1994 4313 2121 4363 nec
2156 4306 2344 4364 metu
2391 4293 2625 4381 aliquo
2664 4291 2787 4362 de-

221 4390 456 4450 tentus
499 4378 630 4461 siS,
682 4391 804 4448 aut
853 4400 1148 4448 moerori
1200 4391 1500 4450 mentem
1554 4378 1915 4469 subjicias.
1971 4404 2008 4448 ›>
2065 4386 2224 4452 Erat
2277 4382 2465 4451 enim
2535 4401 2738 4451 mane
2770 4434 2786 4463 ‚
