<?xml version="1.0" encoding="UTF-8"?>
<!DOCTYPE html PUBLIC "-//W3C//DTD XHTML 1.0 Transitional//EN"
    "http://www.w3.org/TR/xhtml1/DTD/xhtml1-transitional.dtd">
<html xmlns="http://www.w3.org/1999/xhtml" xml:lang="en" lang="en">
 <head>
  <title>
</title>
<meta http-equiv="Content-Type" content="text/html;charset=utf-8" />
  <meta name='ocr-system' content='tesseract 3.04.00' />
  <meta name='ocr-capabilities' content='ocr_page ocr_carea ocr_par ocr_line ocrx_word'/>
</head>
<body>
  <div class='ocr_page' id='page_1' title='image "./historiaeseuvit04lippgoog_0749.png"; bbox 0 0 3327 4999; ppageno 0'>
   <div class='ocr_carea' id='block_1_1' title="bbox 168 307 2633 405">
    <p class='ocr_par' dir='ltr' id='par_1_1' title="bbox 168 307 2633 405">
     <span class='ocr_line' id='line_1_1' title="bbox 168 307 2633 405; baseline 0.002 -7"><span class='ocrx_word' id='word_1_1' title='bbox 168 335 279 399; x_wconf 82' lang='lat' dir='ltr'><strong>Ex</strong></span> <span class='ocrx_word' id='word_1_2' title='bbox 329 334 510 400; x_wconf 89' lang='lat' dir='ltr'><strong>NOV.</strong></span> <span class='ocrx_word' id='word_1_3' title='bbox 569 336 648 398; x_wconf 70' lang='lat'><strong>43</strong></span> <span class='ocrx_word' id='word_1_4' title='bbox 830 355 906 399; x_wconf 76' lang='lat' dir='ltr'><strong>nr.</strong></span> <span class='ocrx_word' id='word_1_5' title='bbox 956 355 1007 400; x_wconf 87' lang='lat' dir='ltr'><strong>s.</strong></span> <span class='ocrx_word' id='word_1_6' title='bbox 1065 355 1473 405; x_wconf 60' lang='lat' dir='ltr'><strong>anahamon</strong></span> <span class='ocrx_word' id='word_1_7' title='bbox 1521 357 1691 403; x_wconf 75' lang='lat' dir='ltr'><strong>vinc.</strong></span> <span class='ocrx_word' id='word_1_8' title='bbox 1747 357 1821 403; x_wconf 73' lang='lat' dir='ltr'><strong>ar</strong></span> <span class='ocrx_word' id='word_1_9' title='bbox 1871 356 2058 403; x_wconf 63' lang='lat' dir='ltr'><strong>Mirr.</strong></span> <span class='ocrx_word' id='word_1_10' title='bbox 2385 307 2390 316; x_wconf 63' lang='lat'><strong>.</strong></span> <span class='ocrx_word' id='word_1_11' title='bbox 2505 340 2633 404; x_wconf 76' lang='lat' dir='ltr'><strong>7t9</strong></span> 
     </span>
    </p>
   </div>
   <div class='ocr_carea' id='block_1_2' title="bbox 166 437 2726 4250">
    <p class='ocr_par' dir='ltr' id='par_1_2' title="bbox 166 437 2726 1680">
     <span class='ocr_line' id='line_1_2' title="bbox 166 437 2723 528; baseline 0.002 -22"><span class='ocrx_word' id='word_1_12' title='bbox 166 455 235 506; x_wconf 85' lang='lat' dir='ltr'><strong>ct</strong></span> <span class='ocrx_word' id='word_1_13' title='bbox 298 438 439 506; x_wconf 92' lang='lat' dir='ltr'><strong>illic</strong></span> <span class='ocrx_word' id='word_1_14' title='bbox 507 437 761 526; x_wconf 80' lang='lat' dir='ltr'><strong>vigiliis</strong></span> <span class='ocrx_word' id='word_1_15' title='bbox 827 451 892 508; x_wconf 88' lang='lat' dir='ltr'><strong>et</strong></span> <span class='ocrx_word' id='word_1_16' title='bbox 952 440 1276 528; x_wconf 87' lang='lat' dir='ltr'><strong>precibus</strong></span> <span class='ocrx_word' id='word_1_17' title='bbox 1326 439 1604 510; x_wconf 79' lang='lat' dir='ltr'>assidue</span> <span class='ocrx_word' id='word_1_18' title='bbox 1654 464 1955 520; x_wconf 88' lang='lat' dir='ltr'><strong>vacans,</strong></span> <span class='ocrx_word' id='word_1_19' title='bbox 2011 462 2149 509; x_wconf 90' lang='lat' dir='ltr'><strong>non</strong></span> <span class='ocrx_word' id='word_1_20' title='bbox 2201 439 2336 508; x_wconf 88' lang='lat' dir='ltr'><strong>nisi</strong></span> <span class='ocrx_word' id='word_1_21' title='bbox 2384 440 2469 509; x_wconf 87' lang='lat' dir='ltr'><strong>ad</strong></span> <span class='ocrx_word' id='word_1_22' title='bbox 2522 441 2723 510; x_wconf 89' lang='lat' dir='ltr'><strong>breve</strong></span> 
     </span>
     <span class='ocr_line' id='line_1_3' title="bbox 170 526 2723 626; baseline 0.002 -32"><span class='ocrx_word' id='word_1_23' title='bbox 170 536 449 626; x_wconf 87' lang='lat' dir='ltr'><strong>tempus</strong></span> <span class='ocrx_word' id='word_1_24' title='bbox 507 526 667 595; x_wconf 90' lang='lat' dir='ltr'><strong>inde</strong></span> <span class='ocrx_word' id='word_1_25' title='bbox 737 528 1007 596; x_wconf 80' lang='lat' dir='ltr'>exibat:</span> <span class='ocrx_word' id='word_1_26' title='bbox 1070 551 1232 598; x_wconf 90' lang='lat' dir='ltr'><strong>cum</strong></span> <span class='ocrx_word' id='word_1_27' title='bbox 1301 541 1495 599; x_wconf 87' lang='lat' dir='ltr'><strong>nocte</strong></span> <span class='ocrx_word' id='word_1_28' title='bbox 1556 529 1859 616; x_wconf 86' lang='lat' dir='ltr'><strong>quadam</strong></span> <span class='ocrx_word' id='word_1_29' title='bbox 1920 529 2098 599; x_wconf 89' lang='lat' dir='ltr'><strong>fessa</strong></span> <span class='ocrx_word' id='word_1_30' title='bbox 2152 528 2461 598; x_wconf 89' lang='lat' dir='ltr'><strong>membra</strong></span> <span class='ocrx_word' id='word_1_31' title='bbox 2508 530 2723 616; x_wconf 82' lang='lat' dir='ltr'>quieti</span> 
     </span>
     <span class='ocr_line' id='line_1_4' title="bbox 167 615 2724 707; baseline 0.002 -25"><span class='ocrx_word' id='word_1_32' title='bbox 167 615 495 696; x_wconf 82' lang='lat' dir='ltr'><strong>dedisset,</strong></span> <span class='ocrx_word' id='word_1_33' title='bbox 549 637 586 683; x_wconf 92' lang='lat' dir='ltr'><strong>e</strong></span> <span class='ocrx_word' id='word_1_34' title='bbox 626 615 813 685; x_wconf 89' lang='lat' dir='ltr'><strong>coelo</strong></span> <span class='ocrx_word' id='word_1_35' title='bbox 864 615 1129 706; x_wconf 89' lang='lat' dir='ltr'><strong>lapsam</strong></span> <span class='ocrx_word' id='word_1_36' title='bbox 1182 618 1445 687; x_wconf 89' lang='lat' dir='ltr'><strong>audivit</strong></span> <span class='ocrx_word' id='word_1_37' title='bbox 1493 640 1752 698; x_wconf 87' lang='lat' dir='ltr'><strong>vocem,</strong></span> <span class='ocrx_word' id='word_1_38' title='bbox 1810 618 2031 707; x_wconf 88' lang='lat' dir='ltr'><strong>ipsam</strong></span> <span class='ocrx_word' id='word_1_39' title='bbox 2082 617 2593 698; x_wconf 85' lang='lat' dir='ltr'><strong>admonentem,</strong></span> <span class='ocrx_word' id='word_1_40' title='bbox 2646 630 2724 688; x_wconf 92' lang='lat' dir='ltr'><strong>ut</strong></span> 
     </span>
     <span class='ocr_line' id='line_1_5' title="bbox 168 704 2719 802; baseline 0.001 -30"><span class='ocrx_word' id='word_1_41' title='bbox 168 704 254 772; x_wconf 90' lang='lat' dir='ltr'><strong>ad</strong></span> <span class='ocrx_word' id='word_1_42' title='bbox 308 704 581 773; x_wconf 87' lang='lat' dir='ltr'><strong>beatum</strong></span> <span class='ocrx_word' id='word_1_43' title='bbox 654 704 1139 774; x_wconf 87' lang='lat' dir='ltr'><strong>Vindicianum</strong></span> <span class='ocrx_word' id='word_1_44' title='bbox 1192 711 1748 776; x_wconf 87' lang='lat' dir='ltr'><strong>Cameracenscm</strong></span> <span class='ocrx_word' id='word_1_45' title='bbox 1803 708 2217 802; x_wconf 78' lang='lat' dir='ltr'><strong>Episcopum</strong></span> <span class='ocrx_word' id='word_1_46' title='bbox 2270 718 2426 786; x_wconf 91' lang='lat' dir='ltr'><strong>eat,</strong></span> <span class='ocrx_word' id='word_1_47' title='bbox 2483 706 2719 776; x_wconf 90' lang='lat' dir='ltr'><strong>illum-</strong></span> 
     </span>
     <span class='ocr_line' id='line_1_6' title="bbox 167 793 2720 885; baseline 0.001 -24"><span class='ocrx_word' id='word_1_48' title='bbox 167 815 307 879; x_wconf 86' lang='lat' dir='ltr'><strong>que</strong></span> <span class='ocrx_word' id='word_1_49' title='bbox 356 793 707 872; x_wconf 86' lang='lat' dir='ltr'><strong>hortetur,</strong></span> <span class='ocrx_word' id='word_1_50' title='bbox 766 805 841 861; x_wconf 93' lang='lat' dir='ltr'><strong>ut</strong></span> <span class='ocrx_word' id='word_1_51' title='bbox 888 816 1142 883; x_wconf 85' lang='lat' dir='ltr'><strong>corpus</strong></span> <span class='ocrx_word' id='word_1_52' title='bbox 1201 807 1473 865; x_wconf 88' lang='lat' dir='ltr'><strong>sanctae</strong></span> <span class='ocrx_word' id='word_1_53' title='bbox 1549 796 1841 885; x_wconf 81' lang='lat' dir='ltr'><strong>virginis</strong></span> <span class='ocrx_word' id='word_1_54' title='bbox 1888 819 1924 863; x_wconf 91' lang='lat' dir='ltr'><strong>e</strong></span> <span class='ocrx_word' id='word_1_55' title='bbox 1974 809 2152 864; x_wconf 87' lang='lat' dir='ltr'><strong>terra</strong></span> <span class='ocrx_word' id='word_1_56' title='bbox 2229 795 2526 864; x_wconf 88' lang='lat' dir='ltr'><strong>levatum</strong></span> <span class='ocrx_word' id='word_1_57' title='bbox 2564 849 2579 875; x_wconf 92' lang='lat'><strong>,</strong></span> <span class='ocrx_word' id='word_1_58' title='bbox 2633 795 2720 864; x_wconf 89' lang='lat' dir='ltr'><strong>ad</strong></span> 
     </span>
     <span class='ocr_line' id='line_1_7' title="bbox 170 881 2722 974; baseline 0.002 -26"><span class='ocrx_word' id='word_1_59' title='bbox 170 881 404 950; x_wconf 89' lang='lat' dir='ltr'><strong>locum</strong></span> <span class='ocrx_word' id='word_1_60' title='bbox 455 882 686 950; x_wconf 90' lang='lat' dir='ltr'><strong>caedis</strong></span> <span class='ocrx_word' id='word_1_61' title='bbox 733 882 883 969; x_wconf 77' lang='lat' dir='ltr'><strong>eJus</strong></span> <span class='ocrx_word' id='word_1_62' title='bbox 936 894 1272 972; x_wconf 89' lang='lat' dir='ltr'><strong>reportet,</strong></span> <span class='ocrx_word' id='word_1_63' title='bbox 1326 883 1509 969; x_wconf 86' lang='lat' dir='ltr'><strong>quod</strong></span> <span class='ocrx_word' id='word_1_64' title='bbox 1567 890 1741 953; x_wconf 86' lang='lat' dir='ltr'><strong>Deus</strong></span> <span class='ocrx_word' id='word_1_65' title='bbox 1788 883 1930 952; x_wconf 90' lang='lat' dir='ltr'><strong>illic</strong></span> <span class='ocrx_word' id='word_1_66' title='bbox 1981 883 2200 974; x_wconf 85' lang='lat' dir='ltr'><strong>signis</strong></span> <span class='ocrx_word' id='word_1_67' title='bbox 2248 894 2312 951; x_wconf 87' lang='lat' dir='ltr'><strong>et</strong></span> <span class='ocrx_word' id='word_1_68' title='bbox 2362 883 2722 954; x_wconf 77' lang='lat' dir='ltr'><strong>miraculis</strong></span> 
     </span>
     <span class='ocr_line' id='line_1_8' title="bbox 169 969 2713 1062; baseline 0.002 -25"><span class='ocrx_word' id='word_1_69' title='bbox 169 991 327 1038; x_wconf 89' lang='lat' dir='ltr'><strong>eam</strong></span> <span class='ocrx_word' id='word_1_70' title='bbox 393 969 739 1039; x_wconf 89' lang='lat' dir='ltr'><strong>illustrare</strong></span> <span class='ocrx_word' id='word_1_71' title='bbox 802 970 983 1040; x_wconf 90' lang='lat' dir='ltr'><strong>velit.</strong></span> <span class='ocrx_word' id='word_1_72' title='bbox 1056 971 1280 1040; x_wconf 81' lang='lat' dir='ltr'><strong>Refert</strong></span> <span class='ocrx_word' id='word_1_73' title='bbox 1331 971 1446 1041; x_wconf 92' lang='lat' dir='ltr'><strong>illa</strong></span> <span class='ocrx_word' id='word_1_74' title='bbox 1494 995 1673 1059; x_wconf 87' lang='lat' dir='ltr'><strong>quae</strong></span> <span class='ocrx_word' id='word_1_75' title='bbox 1722 972 2077 1052; x_wconf 80' lang='lat' dir='ltr'><strong>audierat,</strong></span> <span class='ocrx_word' id='word_1_76' title='bbox 2132 971 2214 1039; x_wconf 88' lang='lat' dir='ltr'><strong>ad</strong></span> <span class='ocrx_word' id='word_1_77' title='bbox 2268 972 2713 1062; x_wconf 85' lang='lat' dir='ltr'>Episcopum,</span> 
     </span>
     <span class='ocr_line' id='line_1_9' title="bbox 170 1058 2713 1149; baseline 0.001 -23"><span class='ocrx_word' id='word_1_78' title='bbox 170 1059 369 1145; x_wconf 89' lang='lat' dir='ltr'><strong>isque</strong></span> <span class='ocrx_word' id='word_1_79' title='bbox 413 1058 581 1127; x_wconf 86' lang='lat' dir='ltr'><strong>nihil</strong></span> <span class='ocrx_word' id='word_1_80' title='bbox 619 1058 988 1139; x_wconf 79' lang='lat' dir='ltr'><strong>haesitanS‚</strong></span> <span class='ocrx_word' id='word_1_81' title='bbox 1025 1073 1208 1130; x_wconf 90' lang='lat' dir='ltr'><strong>certo</strong></span> <span class='ocrx_word' id='word_1_82' title='bbox 1247 1059 1357 1129; x_wconf 88' lang='lat' dir='ltr'><strong>die</strong></span> <span class='ocrx_word' id='word_1_83' title='bbox 1390 1060 1739 1149; x_wconf 81' lang='lat' dir='ltr'><strong>adjunctis</strong></span> <span class='ocrx_word' id='word_1_84' title='bbox 1787 1062 1917 1132; x_wconf 90' lang='lat' dir='ltr'><strong>sibi</strong></span> <span class='ocrx_word' id='word_1_85' title='bbox 1972 1083 2105 1130; x_wconf 90' lang='lat' dir='ltr'><strong>non</strong></span> <span class='ocrx_word' id='word_1_86' title='bbox 2157 1060 2399 1149; x_wconf 83' lang='lat' dir='ltr'>paucis</span> <span class='ocrx_word' id='word_1_87' title='bbox 2432 1083 2468 1129; x_wconf 90' lang='lat' dir='ltr'><strong>e</strong></span> <span class='ocrx_word' id='word_1_88' title='bbox 2499 1060 2713 1140; x_wconf 79' lang='lat' dir='ltr'><strong>Clero.</strong></span> 
     </span>
     <span class='ocr_line' id='line_1_10' title="bbox 168 1146 2716 1249; baseline 0.001 -36"><span class='ocrx_word' id='word_1_89' title='bbox 168 1160 236 1216; x_wconf 80' lang='lat' dir='ltr'><strong>et</strong></span> <span class='ocrx_word' id='word_1_90' title='bbox 277 1147 448 1216; x_wconf 86' lang='lat' dir='ltr'><strong>vitae</strong></span> <span class='ocrx_word' id='word_1_91' title='bbox 483 1146 842 1236; x_wconf 81' lang='lat' dir='ltr'><strong>religiosae</strong></span> <span class='ocrx_word' id='word_1_92' title='bbox 875 1147 1061 1229; x_wconf 87' lang='lat' dir='ltr'><strong>viris,</strong></span> <span class='ocrx_word' id='word_1_93' title='bbox 1099 1149 1356 1234; x_wconf 92' lang='lat' dir='ltr'><strong>quibus</strong></span> <span class='ocrx_word' id='word_1_94' title='bbox 1392 1150 1718 1238; x_wconf 84' lang='lat' dir='ltr'><strong>sejunxit</strong></span> <span class='ocrx_word' id='word_1_95' title='bbox 1756 1150 2000 1249; x_wconf 79' lang='lat' dir='ltr'><strong>ingens</strong></span> <span class='ocrx_word' id='word_1_96' title='bbox 2043 1147 2279 1238; x_wconf 93' lang='lat' dir='ltr'><strong>populi</strong></span> <span class='ocrx_word' id='word_1_97' title='bbox 2319 1148 2716 1228; x_wconf 90' lang='lat' dir='ltr'><strong>multitud0‚</strong></span> 
     </span>
     <span class='ocr_line' id='line_1_11' title="bbox 169 1235 2716 1328; baseline 0.001 -25"><span class='ocrx_word' id='word_1_98' title='bbox 169 1236 358 1304; x_wconf 70' lang='lat' dir='ltr'><strong>fama</strong></span> <span class='ocrx_word' id='word_1_99' title='bbox 411 1235 507 1303; x_wconf 72' lang='lat' dir='ltr'><strong>rei</strong></span> <span class='ocrx_word' id='word_1_100' title='bbox 555 1257 731 1321; x_wconf 86' lang='lat' dir='ltr'><strong>quae</strong></span> <span class='ocrx_word' id='word_1_101' title='bbox 779 1236 1142 1317; x_wconf 89' lang='lat' dir='ltr'><strong>acciderat,</strong></span> <span class='ocrx_word' id='word_1_102' title='bbox 1190 1238 1430 1318; x_wconf 84' lang='lat' dir='ltr'><strong>excita,</strong></span> <span class='ocrx_word' id='word_1_103' title='bbox 1468 1237 1550 1306; x_wconf 91' lang='lat' dir='ltr'><strong>ad</strong></span> <span class='ocrx_word' id='word_1_104' title='bbox 1597 1239 1888 1328; x_wconf 79' lang='lat' dir='ltr'><strong>virginis</strong></span> <span class='ocrx_word' id='word_1_105' title='bbox 1928 1237 2326 1326; x_wconf 89' lang='lat' dir='ltr'><strong>sepulcrum</strong></span> <span class='ocrx_word' id='word_1_106' title='bbox 2374 1249 2716 1327; x_wconf 83' lang='lat' dir='ltr'><strong>properat.</strong></span> 
     </span>
     <span class='ocr_line' id='line_1_12' title="bbox 169 1324 2726 1410; baseline 0.001 -18"><span class='ocrx_word' id='word_1_107' title='bbox 169 1329 482 1410; x_wconf 83' lang='lat' dir='ltr'><strong>Cumque</strong></span> <span class='ocrx_word' id='word_1_108' title='bbox 528 1345 607 1391; x_wconf 90' lang='lat' dir='ltr'><strong>eo</strong></span> <span class='ocrx_word' id='word_1_109' title='bbox 658 1336 934 1394; x_wconf 86' lang='lat' dir='ltr'><strong>ventum</strong></span> <span class='ocrx_word' id='word_1_110' title='bbox 986 1337 1110 1405; x_wconf 86' lang='lat' dir='ltr'><strong>est,</strong></span> <span class='ocrx_word' id='word_1_111' title='bbox 1164 1348 1321 1394; x_wconf 92' lang='lat' dir='ltr'><strong>cum</strong></span> <span class='ocrx_word' id='word_1_112' title='bbox 1399 1337 1587 1395; x_wconf 89' lang='lat' dir='ltr'><strong>metu</strong></span> <span class='ocrx_word' id='word_1_113' title='bbox 1648 1339 1714 1395; x_wconf 89' lang='lat' dir='ltr'><strong>et</strong></span> <span class='ocrx_word' id='word_1_114' title='bbox 1764 1326 2141 1395; x_wconf 87' lang='lat' dir='ltr'><strong>reverentia</strong></span> <span class='ocrx_word' id='word_1_115' title='bbox 2190 1324 2486 1394; x_wconf 89' lang='lat' dir='ltr'><strong>levatum</strong></span> <span class='ocrx_word' id='word_1_116' title='bbox 2536 1348 2572 1394; x_wconf 87' lang='lat' dir='ltr'><strong>e</strong></span> <span class='ocrx_word' id='word_1_117' title='bbox 2622 1340 2726 1396; x_wconf 92' lang='lat' dir='ltr'><strong>tu-</strong></span> 
     </span>
     <span class='ocr_line' id='line_1_13' title="bbox 169 1413 2717 1504; baseline 0.001 -23"><span class='ocrx_word' id='word_1_118' title='bbox 169 1413 367 1481; x_wconf 91' lang='lat' dir='ltr'><strong>mulo</strong></span> <span class='ocrx_word' id='word_1_119' title='bbox 417 1434 671 1501; x_wconf 87' lang='lat' dir='ltr'><strong>corpus</strong></span> <span class='ocrx_word' id='word_1_120' title='bbox 719 1434 1019 1494; x_wconf 86' lang='lat' dir='ltr'><strong>sacrum,</strong></span> <span class='ocrx_word' id='word_1_121' title='bbox 1074 1414 1144 1481; x_wconf 85' lang='lat' dir='ltr'><strong>in</strong></span> <span class='ocrx_word' id='word_1_122' title='bbox 1188 1414 1431 1483; x_wconf 89' lang='lat' dir='ltr'><strong>feretro</strong></span> <span class='ocrx_word' id='word_1_123' title='bbox 1478 1436 1784 1504; x_wconf 85' lang='lat' dir='ltr'><strong>congrue</strong></span> <span class='ocrx_word' id='word_1_124' title='bbox 1869 1424 2221 1504; x_wconf 89' lang='lat' dir='ltr'><strong>raeparato</strong></span> <span class='ocrx_word' id='word_1_125' title='bbox 2255 1414 2717 1504; x_wconf 86' lang='lat' dir='ltr'><strong>componitur,</strong></span> 
     </span>
     <span class='ocr_line' id='line_1_14' title="bbox 166 1500 2720 1592; baseline 0 -22"><span class='ocrx_word' id='word_1_126' title='bbox 166 1514 235 1570; x_wconf 89' lang='lat' dir='ltr'><strong>et</strong></span> <span class='ocrx_word' id='word_1_127' title='bbox 285 1522 442 1569; x_wconf 89' lang='lat' dir='ltr'><strong>cum</strong></span> <span class='ocrx_word' id='word_1_128' title='bbox 496 1500 916 1589; x_wconf 83' lang='lat' dir='ltr'><strong>hymnorum</strong></span> <span class='ocrx_word' id='word_1_129' title='bbox 974 1501 1540 1592; x_wconf 83' lang='lat' dir='ltr'><strong>psalmorumque</strong></span> <span class='ocrx_word' id='word_1_130' title='bbox 1590 1504 1802 1573; x_wconf 87' lang='lat' dir='ltr'><strong>modu</strong></span> <span class='ocrx_word' id='word_1_131' title='bbox 1836 1505 2062 1573; x_wconf 90' lang='lat' dir='ltr'><strong>atione</strong></span> <span class='ocrx_word' id='word_1_132' title='bbox 2134 1502 2215 1570; x_wconf 91' lang='lat' dir='ltr'><strong>ad</strong></span> <span class='ocrx_word' id='word_1_133' title='bbox 2272 1502 2500 1572; x_wconf 91' lang='lat' dir='ltr'><strong>locum</strong></span> <span class='ocrx_word' id='word_1_134' title='bbox 2534 1558 2548 1584; x_wconf 94' lang='lat'>‚</span> <span class='ocrx_word' id='word_1_135' title='bbox 2602 1503 2720 1590; x_wconf 89' lang='lat' dir='ltr'><strong>qui</strong></span> 
     </span>
     <span class='ocr_line' id='line_1_15' title="bbox 168 1589 1424 1680; baseline 0 -21"><span class='ocrx_word' id='word_1_136' title='bbox 168 1589 619 1659; x_wconf 80' lang='lat' dir='ltr'><strong>Clialdericus</strong></span> <span class='ocrx_word' id='word_1_137' title='bbox 666 1589 945 1671; x_wconf 89' lang='lat' dir='ltr'><strong>dicitur,</strong></span> <span class='ocrx_word' id='word_1_138' title='bbox 1002 1591 1424 1680; x_wconf 87' lang='lat' dir='ltr'><strong>deportatur.</strong></span> 
     </span>
    </p>

    <p class='ocr_par' dir='ltr' id='par_1_3' title="bbox 167 1678 2725 3187">
     <span class='ocr_line' id='line_1_16' title="bbox 258 1678 2721 1769; baseline -0 -20"><span class='ocrx_word' id='word_1_139' title='bbox 258 1681 295 1764; x_wconf 67' lang='grc' dir='ltr'>ξ</span> <span class='ocrx_word' id='word_1_140' title='bbox 330 1684 421 1749; x_wconf 73' lang='grc'><strong>6.</strong></span> <span class='ocrx_word' id='word_1_141' title='bbox 477 1678 787 1747; x_wconf 82' lang='lat' dir='ltr'><strong>Pervenit</strong></span> <span class='ocrx_word' id='word_1_142' title='bbox 816 1692 1045 1747; x_wconf 91' lang='lat' dir='ltr'><strong>autem</strong></span> <span class='ocrx_word' id='word_1_143' title='bbox 1079 1678 1162 1747; x_wconf 86' lang='lat' dir='ltr'><strong>ad</strong></span> <span class='ocrx_word' id='word_1_144' title='bbox 1210 1680 1540 1749; x_wconf 88' lang='lat' dir='ltr'><strong>miserum</strong></span> <span class='ocrx_word' id='word_1_145' title='bbox 1577 1681 2042 1760; x_wconf 87' lang='lat' dir='ltr'><strong>Harduinum‚</strong></span> <span class='ocrx_word' id='word_1_146' title='bbox 2082 1679 2436 1748; x_wconf 82' lang='lat' dir='ltr'><strong>transferri</strong></span> <span class='ocrx_word' id='word_1_147' title='bbox 2467 1702 2721 1769; x_wconf 88' lang='lat' dir='ltr'><strong>corpus</strong></span> 
     </span>
     <span class='ocr_line' id='line_1_17' title="bbox 169 1766 2724 1857; baseline 0.001 -23"><span class='ocrx_word' id='word_1_148' title='bbox 169 1766 487 1855; x_wconf 85' lang='lat' dir='ltr'><strong>virginis.</strong></span> <span class='ocrx_word' id='word_1_149' title='bbox 528 1771 764 1853; x_wconf 87' lang='lat' dir='ltr'><strong>ltaque</strong></span> <span class='ocrx_word' id='word_1_150' title='bbox 815 1781 1173 1857; x_wconf 88' lang='lat' dir='ltr'><strong>assumpto</strong></span> <span class='ocrx_word' id='word_1_151' title='bbox 1237 1769 1503 1838; x_wconf 88' lang='lat' dir='ltr'><strong>itineris</strong></span> <span class='ocrx_word' id='word_1_152' title='bbox 1552 1769 1753 1849; x_wconf 89' lang='lat' dir='ltr'><strong>duce,</strong></span> <span class='ocrx_word' id='word_1_153' title='bbox 1812 1769 1993 1838; x_wconf 90' lang='lat' dir='ltr'><strong>venit</strong></span> <span class='ocrx_word' id='word_1_154' title='bbox 2040 1768 2310 1837; x_wconf 90' lang='lat' dir='ltr'><strong>obviam</strong></span> <span class='ocrx_word' id='word_1_155' title='bbox 2348 1790 2542 1837; x_wconf 89' lang='lat' dir='ltr'><strong>sacro</strong></span> <span class='ocrx_word' id='word_1_156' title='bbox 2575 1790 2724 1838; x_wconf 91' lang='lat' dir='ltr'><strong>cor-</strong></span> 
     </span>
     <span class='ocr_line' id='line_1_18' title="bbox 170 1854 2723 1948; baseline 0 -23"><span class='ocrx_word' id='word_1_157' title='bbox 170 1856 363 1946; x_wconf 92' lang='lat' dir='ltr'><strong>pori,</strong></span> <span class='ocrx_word' id='word_1_158' title='bbox 419 1854 754 1941; x_wconf 92' lang='lat' dir='ltr'><strong>humique</strong></span> <span class='ocrx_word' id='word_1_159' title='bbox 812 1877 884 1924; x_wconf 91' lang='lat' dir='ltr'><strong>se</strong></span> <span class='ocrx_word' id='word_1_160' title='bbox 941 1867 1286 1938; x_wconf 87' lang='lat' dir='ltr'><strong>sternens,</strong></span> <span class='ocrx_word' id='word_1_161' title='bbox 1340 1879 1500 1926; x_wconf 87' lang='lat' dir='ltr'><strong>cum</strong></span> <span class='ocrx_word' id='word_1_162' title='bbox 1551 1857 1876 1944; x_wconf 84' lang='lat' dir='ltr'><strong>lacrymis</strong></span> <span class='ocrx_word' id='word_1_163' title='bbox 1928 1858 2092 1948; x_wconf 91' lang='lat' dir='ltr'><strong>petit</strong></span> <span class='ocrx_word' id='word_1_164' title='bbox 2138 1856 2411 1925; x_wconf 85' lang='lat' dir='ltr'><strong>veniam</strong></span> <span class='ocrx_word' id='word_1_165' title='bbox 2461 1856 2723 1926; x_wconf 89' lang='lat' dir='ltr'><strong>facino-</strong></span> 
     </span>
     <span class='ocr_line' id='line_1_19' title="bbox 170 1944 2722 2032; baseline 0 -18"><span class='ocrx_word' id='word_1_166' title='bbox 170 1966 329 2014; x_wconf 90' lang='lat' dir='ltr'><strong>rum</strong></span> <span class='ocrx_word' id='word_1_167' title='bbox 381 1964 690 2022; x_wconf 88' lang='lat' dir='ltr'><strong>suorum‚</strong></span> <span class='ocrx_word' id='word_1_168' title='bbox 742 1944 1122 2032; x_wconf 81' lang='lat' dir='ltr'><strong>recipitque</strong></span> <span class='ocrx_word' id='word_1_169' title='bbox 1171 1945 1507 2016; x_wconf 87' lang='lat' dir='ltr'><strong>amissum</strong></span> <span class='ocrx_word' id='word_1_170' title='bbox 1581 1946 1939 2015; x_wconf 91' lang='lat' dir='ltr'><strong>oculorum</strong></span> <span class='ocrx_word' id='word_1_171' title='bbox 1993 1945 2252 2014; x_wconf 86' lang='lat' dir='ltr'><strong>lumen.</strong></span> <span class='ocrx_word' id='word_1_172' title='bbox 2307 1944 2378 2014; x_wconf 94' lang='lat' dir='ltr'><strong>Id</strong></span> <span class='ocrx_word' id='word_1_173' title='bbox 2432 1965 2722 2014; x_wconf 90' lang='lat' dir='ltr'><strong>cernens</strong></span> 
     </span>
     <span class='ocr_line' id='line_1_20' title="bbox 169 2031 2725 2188; baseline 0 -86"><span class='ocrx_word' id='word_1_174' title='bbox 169 2031 503 2125; x_wconf 80' lang='lat' dir='ltr'><strong>populuS,</strong></span> <span class='ocrx_word' id='word_1_175' title='bbox 558 2031 951 2188; x_wconf 72' lang='lat' dir='ltr'><strong>prorumpit</strong></span> <span class='ocrx_word' id='word_1_176' title='bbox 999 2033 1068 2099; x_wconf 90' lang='lat' dir='ltr'><strong>in</strong></span> <span class='ocrx_word' id='word_1_177' title='bbox 1123 2032 1362 2103; x_wconf 85' lang='lat' dir='ltr'><strong>laudes</strong></span> <span class='ocrx_word' id='word_1_178' title='bbox 1415 2034 1551 2103; x_wconf 89' lang='lat' dir='ltr'><strong>Dei.</strong></span> <span class='ocrx_word' id='word_1_179' title='bbox 1607 2040 1812 2104; x_wconf 88' lang='lat' dir='ltr'><strong>Porro</strong></span> <span class='ocrx_word' id='word_1_180' title='bbox 1878 2033 2282 2102; x_wconf 88' lang='lat' dir='ltr'><strong>Harduinus</strong></span> <span class='ocrx_word' id='word_1_181' title='bbox 2331 2045 2517 2103; x_wconf 89' lang='lat' dir='ltr'><strong>tanto</strong></span> <span class='ocrx_word' id='word_1_182' title='bbox 2564 2033 2725 2102; x_wconf 81' lang='lat' dir='ltr'><strong>affe-</strong></span> 
     </span>
     <span class='ocr_line' id='line_1_21' title="bbox 168 2120 2719 2212; baseline -0.001 -21"><span class='ocrx_word' id='word_1_183' title='bbox 168 2135 329 2191; x_wconf 89' lang='lat' dir='ltr'><strong>ctus</strong></span> <span class='ocrx_word' id='word_1_184' title='bbox 380 2121 551 2189; x_wconf 92' lang='lat' dir='ltr'><strong>bene</strong></span> <span class='ocrx_word' id='word_1_185' title='bbox 582 2120 736 2200; x_wconf 82' lang='lat' dir='ltr'><strong>icio,</strong></span> <span class='ocrx_word' id='word_1_186' title='bbox 792 2120 1049 2210; x_wconf 86' lang='lat' dir='ltr'><strong>gratias</strong></span> <span class='ocrx_word' id='word_1_187' title='bbox 1099 2120 1476 2191; x_wconf 88' lang='lat' dir='ltr'><strong>immensas</strong></span> <span class='ocrx_word' id='word_1_188' title='bbox 1524 2123 1668 2212; x_wconf 81' lang='lat' dir='ltr'><strong>agit</strong></span> <span class='ocrx_word' id='word_1_189' title='bbox 1715 2134 1991 2192; x_wconf 85' lang='lat' dir='ltr'><strong>sanctae</strong></span> <span class='ocrx_word' id='word_1_190' title='bbox 2042 2122 2317 2212; x_wconf 84' lang='lat' dir='ltr'><strong>virgini,</strong></span> <span class='ocrx_word' id='word_1_191' title='bbox 2374 2135 2439 2190; x_wconf 93' lang='lat' dir='ltr'><strong>et</strong></span> <span class='ocrx_word' id='word_1_192' title='bbox 2487 2143 2719 2190; x_wconf 87' lang='lat' dir='ltr'><strong>coram</strong></span> 
     </span>
     <span class='ocr_line' id='line_1_22' title="bbox 167 2209 2724 2298; baseline 0 -20"><span class='ocrx_word' id='word_1_193' title='bbox 167 2209 502 2278; x_wconf 87' lang='lat' dir='ltr'><strong>omnibus</strong></span> <span class='ocrx_word' id='word_1_194' title='bbox 539 2209 766 2298; x_wconf 84' lang='lat' dir='ltr'><strong>palam</strong></span> <span class='ocrx_word' id='word_1_195' title='bbox 817 2210 1204 2290; x_wconf 81' lang='lat' dir='ltr'><strong>confitetur,</strong></span> <span class='ocrx_word' id='word_1_196' title='bbox 1244 2210 1834 2297; x_wconf 86' lang='lat' dir='ltr'><strong>quemadmodum</strong></span> <span class='ocrx_word' id='word_1_197' title='bbox 1875 2232 2026 2280; x_wconf 88' lang='lat' dir='ltr'><strong>eam</strong></span> <span class='ocrx_word' id='word_1_198' title='bbox 2077 2211 2225 2298; x_wconf 88' lang='lat' dir='ltr'><strong>ipse</strong></span> <span class='ocrx_word' id='word_1_199' title='bbox 2272 2209 2622 2291; x_wconf 90' lang='lat' dir='ltr'><strong>occiderit,</strong></span> <span class='ocrx_word' id='word_1_200' title='bbox 2657 2221 2724 2278; x_wconf 91' lang='lat' dir='ltr'><strong>et</strong></span> 
     </span>
     <span class='ocr_line' id='line_1_23' title="bbox 169 2297 2722 2384; baseline 0 -17"><span class='ocrx_word' id='word_1_201' title='bbox 169 2298 439 2370; x_wconf 87' lang='lat' dir='ltr'><strong>lumine</strong></span> <span class='ocrx_word' id='word_1_202' title='bbox 486 2297 768 2366; x_wconf 89' lang='lat' dir='ltr'><strong>orbatus</strong></span> <span class='ocrx_word' id='word_1_203' title='bbox 816 2298 926 2365; x_wconf 89' lang='lat' dir='ltr'><strong>sit.</strong></span> <span class='ocrx_word' id='word_1_204' title='bbox 968 2303 1332 2384; x_wconf 86' lang='lat' dir='ltr'><strong>Postquam</strong></span> <span class='ocrx_word' id='word_1_205' title='bbox 1384 2311 1611 2367; x_wconf 88' lang='lat' dir='ltr'><strong>autem</strong></span> <span class='ocrx_word' id='word_1_206' title='bbox 1666 2299 1735 2367; x_wconf 89' lang='lat' dir='ltr'><strong>in</strong></span> <span class='ocrx_word' id='word_1_207' title='bbox 1786 2299 2168 2367; x_wconf 77' lang='lat' dir='ltr'><strong>Clnalderici</strong></span> <span class='ocrx_word' id='word_1_208' title='bbox 2207 2298 2566 2367; x_wconf 90' lang='lat' dir='ltr'><strong>ecclesiam</strong></span> <span class='ocrx_word' id='word_1_209' title='bbox 2611 2319 2722 2368; x_wconf 86' lang='lat' dir='ltr'><strong>ve-</strong></span> 
     </span>
     <span class='ocr_line' id='line_1_24' title="bbox 170 2385 2720 2474; baseline -0.001 -18"><span class='ocrx_word' id='word_1_210' title='bbox 170 2391 362 2466; x_wconf 76' lang='lat' dir='ltr'><strong>nere,</strong></span> <span class='ocrx_word' id='word_1_211' title='bbox 422 2407 692 2456; x_wconf 86' lang='lat' dir='ltr'><strong>sacrum</strong></span> <span class='ocrx_word' id='word_1_212' title='bbox 746 2408 1000 2474; x_wconf 86' lang='lat' dir='ltr'><strong>corpus</strong></span> <span class='ocrx_word' id='word_1_213' title='bbox 1044 2385 1184 2455; x_wconf 87' lang='lat' dir='ltr'><strong>illic</strong></span> <span class='ocrx_word' id='word_1_214' title='bbox 1234 2387 1611 2456; x_wconf 82' lang='lat' dir='ltr'><strong>honorilice</strong></span> <span class='ocrx_word' id='word_1_215' title='bbox 1658 2388 2014 2457; x_wconf 88' lang='lat' dir='ltr'><strong>conditum</strong></span> <span class='ocrx_word' id='word_1_216' title='bbox 2058 2400 2181 2467; x_wconf 89' lang='lat' dir='ltr'><strong>est,</strong></span> <span class='ocrx_word' id='word_1_217' title='bbox 2243 2399 2306 2455; x_wconf 89' lang='lat' dir='ltr'><strong>et</strong></span> <span class='ocrx_word' id='word_1_218' title='bbox 2357 2387 2720 2457; x_wconf 87' lang='lat' dir='ltr'><strong>Missarum</strong></span> 
     </span>
     <span class='ocr_line' id='line_1_25' title="bbox 170 2474 2722 2566; baseline -0.002 -18"><span class='ocrx_word' id='word_1_219' title='bbox 170 2474 532 2548; x_wconf 83' lang='lat' dir='ltr'><strong>solemniis</strong></span> <span class='ocrx_word' id='word_1_220' title='bbox 579 2474 1017 2545; x_wconf 85' lang='lat' dir='ltr'><strong>devotissime</strong></span> <span class='ocrx_word' id='word_1_221' title='bbox 1066 2475 1448 2557; x_wconf 74' lang='lat' dir='ltr'><strong>celebrati5‚</strong></span> <span class='ocrx_word' id='word_1_222' title='bbox 1504 2477 1970 2563; x_wconf 87' lang='lat' dir='ltr'><strong>omnibusque</strong></span> <span class='ocrx_word' id='word_1_223' title='bbox 2006 2476 2128 2545; x_wconf 86' lang='lat' dir='ltr'><strong>rite</strong></span> <span class='ocrx_word' id='word_1_224' title='bbox 2163 2475 2480 2566; x_wconf 84' lang='lat' dir='ltr'><strong>peractis,</strong></span> <span class='ocrx_word' id='word_1_225' title='bbox 2528 2474 2722 2566; x_wconf 89' lang='lat' dir='ltr'><strong>plebs</strong></span> 
     </span>
     <span class='ocr_line' id='line_1_26' title="bbox 174 2563 2722 2656; baseline -0.002 -20"><span class='ocrx_word' id='word_1_226' title='bbox 174 2566 468 2636; x_wconf 85' lang='lat' dir='ltr'><strong>dimissa</strong></span> <span class='ocrx_word' id='word_1_227' title='bbox 518 2578 642 2634; x_wconf 86' lang='lat' dir='ltr'><strong>est.</strong></span> <span class='ocrx_word' id='word_1_228' title='bbox 698 2563 1080 2653; x_wconf 59' lang='lat' dir='ltr'><strong>Eiiscopus</strong></span> <span class='ocrx_word' id='word_1_229' title='bbox 1131 2587 1285 2634; x_wconf 91' lang='lat' dir='ltr'><strong>vero</strong></span> <span class='ocrx_word' id='word_1_230' title='bbox 1335 2565 1627 2637; x_wconf 78' lang='lat' dir='ltr'><strong>Clericos</strong></span> <span class='ocrx_word' id='word_1_231' title='bbox 1673 2578 1739 2635; x_wconf 90' lang='lat' dir='ltr'><strong>et</strong></span> <span class='ocrx_word' id='word_1_232' title='bbox 1785 2565 2141 2656; x_wconf 82' lang='lat' dir='ltr'><strong>religiosas</strong></span> <span class='ocrx_word' id='word_1_233' title='bbox 2190 2565 2524 2633; x_wconf 89' lang='lat' dir='ltr'><strong>foeminas</strong></span> <span class='ocrx_word' id='word_1_234' title='bbox 2581 2564 2722 2633; x_wconf 92' lang='lat' dir='ltr'><strong>illic</strong></span> 
     </span>
     <span class='ocr_line' id='line_1_27' title="bbox 173 2588 2720 2744; baseline -0.002 -17"><span class='ocrx_word' id='word_1_235' title='bbox 173 2653 555 2734; x_wconf 90' lang='lat' dir='ltr'><strong>constituit,</strong></span> <span class='ocrx_word' id='word_1_236' title='bbox 610 2666 686 2722; x_wconf 94' lang='lat' dir='ltr'><strong>ut</strong></span> <span class='ocrx_word' id='word_1_237' title='bbox 736 2588 1061 2743; x_wconf 73' lang='lat' dir='ltr'><strong>deinceps</strong></span> <span class='ocrx_word' id='word_1_238' title='bbox 1113 2654 1227 2733; x_wconf 87' lang='lat' dir='ltr'><strong>ita,</strong></span> <span class='ocrx_word' id='word_1_239' title='bbox 1285 2669 1360 2724; x_wconf 90' lang='lat' dir='ltr'><strong>ut</strong></span> <span class='ocrx_word' id='word_1_240' title='bbox 1415 2677 1537 2744; x_wconf 88' lang='lat' dir='ltr'><strong>par</strong></span> <span class='ocrx_word' id='word_1_241' title='bbox 1596 2667 1763 2734; x_wconf 86' lang='lat' dir='ltr'><strong>erat,</strong></span> <span class='ocrx_word' id='word_1_242' title='bbox 1819 2654 2010 2724; x_wconf 90' lang='lat' dir='ltr'><strong>omni</strong></span> <span class='ocrx_word' id='word_1_243' title='bbox 2061 2667 2364 2742; x_wconf 88' lang='lat' dir='ltr'><strong>tempore</strong></span> <span class='ocrx_word' id='word_1_244' title='bbox 2411 2651 2720 2723; x_wconf 90' lang='lat' dir='ltr'><strong>debitum</strong></span> 
     </span>
     <span class='ocr_line' id='line_1_28' title="bbox 170 2741 2724 2842; baseline -0.003 -25"><span class='ocrx_word' id='word_1_245' title='bbox 170 2749 269 2817; x_wconf 92' lang='lat' dir='ltr'><strong>ibi</strong></span> <span class='ocrx_word' id='word_1_246' title='bbox 320 2742 625 2816; x_wconf 86' lang='lat' dir='ltr'><strong>ollicium</strong></span> <span class='ocrx_word' id='word_1_247' title='bbox 674 2741 1192 2832; x_wconf 84' lang='lat' dir='ltr'><strong>persolveretur.</strong></span> <span class='ocrx_word' id='word_1_248' title='bbox 1234 2748 1308 2811; x_wconf 91' lang='lat' dir='ltr'><strong>In</strong></span> <span class='ocrx_word' id='word_1_249' title='bbox 1360 2764 1658 2829; x_wconf 87' lang='lat' dir='ltr'><strong>quorum</strong></span> <span class='ocrx_word' id='word_1_250' title='bbox 1703 2753 2025 2842; x_wconf 90' lang='lat' dir='ltr'><strong>sumptus</strong></span> <span class='ocrx_word' id='word_1_251' title='bbox 2059 2741 2480 2811; x_wconf 88' lang='lat' dir='ltr'><strong>necessarios</strong></span> <span class='ocrx_word' id='word_1_252' title='bbox 2506 2745 2724 2810; x_wconf 89' lang='lat' dir='ltr'><strong>Hum-</strong></span> 
     </span>
     <span class='ocr_line' id='line_1_29' title="bbox 171 2830 2724 2922; baseline -0.004 -15"><span class='ocrx_word' id='word_1_253' title='bbox 171 2838 363 2907; x_wconf 92' lang='lat' dir='ltr'><strong>linus</strong></span> <span class='ocrx_word' id='word_1_254' title='bbox 401 2842 677 2901; x_wconf 87' lang='lat' dir='ltr'><strong>sanctae</strong></span> <span class='ocrx_word' id='word_1_255' title='bbox 729 2830 1014 2921; x_wconf 84' lang='lat' dir='ltr'><strong>virginis</strong></span> <span class='ocrx_word' id='word_1_256' title='bbox 1065 2844 1277 2922; x_wconf 90' lang='lat' dir='ltr'><strong>pater,</strong></span> <span class='ocrx_word' id='word_1_257' title='bbox 1334 2832 1512 2901; x_wconf 90' lang='lat' dir='ltr'><strong>intra</strong></span> <span class='ocrx_word' id='word_1_258' title='bbox 1559 2832 1761 2922; x_wconf 88' lang='lat' dir='ltr'><strong>cujus</strong></span> <span class='ocrx_word' id='word_1_259' title='bbox 1810 2831 2141 2901; x_wconf 76' lang='lat' dir='ltr'><strong>ditionem</strong></span> <span class='ocrx_word' id='word_1_260' title='bbox 2186 2831 2352 2899; x_wconf 88' lang='lat' dir='ltr'><strong>baec</strong></span> <span class='ocrx_word' id='word_1_261' title='bbox 2387 2830 2724 2919; x_wconf 86' lang='lat' dir='ltr'><strong>gereban—</strong></span> 
     </span>
     <span class='ocr_line' id='line_1_30' title="bbox 174 2917 2725 3018; baseline -0.002 -25"><span class='ocrx_word' id='word_1_262' title='bbox 174 2938 311 3005; x_wconf 85' lang='lat' dir='ltr'><strong>tur,</strong></span> <span class='ocrx_word' id='word_1_263' title='bbox 368 2943 609 2990; x_wconf 88' lang='lat' dir='ltr'><strong>omnes</strong></span> <span class='ocrx_word' id='word_1_264' title='bbox 659 2918 1017 2990; x_wconf 86' lang='lat' dir='ltr'><strong>facultates</strong></span> <span class='ocrx_word' id='word_1_265' title='bbox 1067 2943 1230 2990; x_wconf 89' lang='lat' dir='ltr'><strong>suas</strong></span> <span class='ocrx_word' id='word_1_266' title='bbox 1278 2919 1570 2989; x_wconf 88' lang='lat' dir='ltr'><strong>contulit</strong></span> <span class='ocrx_word' id='word_1_267' title='bbox 1634 2920 1963 2990; x_wconf 84' lang='lat' dir='ltr'><strong>ecclesiae</strong></span> <span class='ocrx_word' id='word_1_268' title='bbox 2013 2919 2137 2998; x_wconf 89' lang='lat' dir='ltr'><strong>illi,</strong></span> <span class='ocrx_word' id='word_1_269' title='bbox 2191 2918 2342 3008; x_wconf 88' lang='lat' dir='ltr'><strong>ejus</strong></span> <span class='ocrx_word' id='word_1_270' title='bbox 2404 2917 2725 3018; x_wconf 84' lang='lat' dir='ltr'><strong>expensis</strong></span> 
     </span>
     <span class='ocr_line' id='line_1_31' title="bbox 171 3006 2723 3100; baseline -0.004 -16"><span class='ocrx_word' id='word_1_271' title='bbox 171 3027 237 3084; x_wconf 80' lang='lat' dir='ltr'><strong>et</strong></span> <span class='ocrx_word' id='word_1_272' title='bbox 285 3013 492 3100; x_wconf 74' lang='lat' dir='ltr'><strong>opera</strong></span> <span class='ocrx_word' id='word_1_273' title='bbox 540 3019 905 3077; x_wconf 85' lang='lat' dir='ltr'><strong>extructae.</strong></span> <span class='ocrx_word' id='word_1_274' title='bbox 963 3013 1053 3077; x_wconf 86' lang='lat' dir='ltr'><strong>Eo</strong></span> <span class='ocrx_word' id='word_1_275' title='bbox 1091 3021 1321 3078; x_wconf 88' lang='lat' dir='ltr'><strong>autem</strong></span> <span class='ocrx_word' id='word_1_276' title='bbox 1374 3022 1699 3098; x_wconf 78' lang='lat' dir='ltr'><strong>tempore,</strong></span> <span class='ocrx_word' id='word_1_277' title='bbox 1742 3008 1978 3079; x_wconf 87' lang='lat' dir='ltr'><strong>multis</strong></span> <span class='ocrx_word' id='word_1_278' title='bbox 2011 3007 2547 3077; x_wconf 82' lang='lat' dir='ltr'><strong>evidentissimis</strong></span> <span class='ocrx_word' id='word_1_279' title='bbox 2597 3006 2723 3075; x_wconf 89' lang='lat' dir='ltr'><strong>mi-</strong></span> 
     </span>
     <span class='ocr_line' id='line_1_32' title="bbox 175 3096 2232 3187; baseline -0.004 -15"><span class='ocrx_word' id='word_1_280' title='bbox 175 3098 436 3171; x_wconf 82' lang='lat' dir='ltr'><strong>raculis</strong></span> <span class='ocrx_word' id='word_1_281' title='bbox 474 3119 594 3187; x_wconf 91' lang='lat' dir='ltr'><strong>per</strong></span> <span class='ocrx_word' id='word_1_282' title='bbox 642 3109 921 3165; x_wconf 85' lang='lat' dir='ltr'><strong>sanctae</strong></span> <span class='ocrx_word' id='word_1_283' title='bbox 971 3097 1262 3187; x_wconf 84' lang='lat' dir='ltr'><strong>virginis</strong></span> <span class='ocrx_word' id='word_1_284' title='bbox 1310 3098 1551 3168; x_wconf 87' lang='lat' dir='ltr'><strong>merita</strong></span> <span class='ocrx_word' id='word_1_285' title='bbox 1582 3098 1775 3168; x_wconf 92' lang='lat' dir='ltr'><strong>locus</strong></span> <span class='ocrx_word' id='word_1_286' title='bbox 1810 3096 1927 3166; x_wconf 91' lang='lat' dir='ltr'><strong>ille</strong></span> <span class='ocrx_word' id='word_1_287' title='bbox 1977 3096 2232 3166; x_wconf 88' lang='lat' dir='ltr'><strong>floruit.</strong></span> 
     </span>
    </p>

    <p class='ocr_par' dir='ltr' id='par_1_4' title="bbox 171 3170 2725 4250">
     <span class='ocr_line' id='line_1_33' title="bbox 264 3170 2722 3275; baseline -0.002 -16"><span class='ocrx_word' id='word_1_288' title='bbox 264 3197 301 3269; x_wconf 68' lang='grc' dir='ltr'>ἓ</span> <span class='ocrx_word' id='word_1_289' title='bbox 351 3170 428 3259; x_wconf 62' lang='grc' dir='ltr'><strong>ί.</strong></span> <span class='ocrx_word' id='word_1_290' title='bbox 487 3190 719 3254; x_wconf 86' lang='lat' dir='ltr'><strong>Postea</strong></span> <span class='ocrx_word' id='word_1_291' title='bbox 768 3208 925 3254; x_wconf 87' lang='lat' dir='ltr'><strong>vero</strong></span> <span class='ocrx_word' id='word_1_292' title='bbox 965 3208 1219 3275; x_wconf 73' lang='lat' dir='ltr'><strong>corpus</strong></span> <span class='ocrx_word' id='word_1_293' title='bbox 1267 3186 1418 3275; x_wconf 85' lang='lat' dir='ltr'><strong>ejus</strong></span> <span class='ocrx_word' id='word_1_294' title='bbox 1468 3190 1914 3255; x_wconf 77' lang='lat' dir='ltr'><strong>Cameracum</strong></span> <span class='ocrx_word' id='word_1_295' title='bbox 1983 3184 2420 3266; x_wconf 88' lang='lat' dir='ltr'><strong>translatum,</strong></span> <span class='ocrx_word' id='word_1_296' title='bbox 2491 3184 2559 3252; x_wconf 90' lang='lat' dir='ltr'><strong>in</strong></span> <span class='ocrx_word' id='word_1_297' title='bbox 2610 3205 2722 3253; x_wconf 90' lang='lat' dir='ltr'><strong>ec-</strong></span> 
     </span>
     <span class='ocr_line' id='line_1_34' title="bbox 173 3271 2725 3353; baseline -0.003 -6"><span class='ocrx_word' id='word_1_298' title='bbox 173 3276 385 3347; x_wconf 90' lang='lat' dir='ltr'><strong>clesia</strong></span> <span class='ocrx_word' id='word_1_299' title='bbox 436 3272 613 3341; x_wconf 89' lang='lat' dir='ltr'><strong>beati</strong></span> <span class='ocrx_word' id='word_1_300' title='bbox 656 3273 950 3353; x_wconf 86' lang='lat' dir='ltr'><strong>Martini,</strong></span> <span class='ocrx_word' id='word_1_301' title='bbox 996 3273 1642 3343; x_wconf 87' lang='lat' dir='ltr'><strong>sanctimonialibus</strong></span> <span class='ocrx_word' id='word_1_302' title='bbox 1691 3275 1916 3342; x_wconf 86' lang='lat' dir='ltr'><strong>debita</strong></span> <span class='ocrx_word' id='word_1_303' title='bbox 1951 3272 2092 3342; x_wconf 90' lang='lat' dir='ltr'><strong>illic</strong></span> <span class='ocrx_word' id='word_1_304' title='bbox 2126 3271 2353 3342; x_wconf 83' lang='lat' dir='ltr'><strong>officia</strong></span> <span class='ocrx_word' id='word_1_305' title='bbox 2399 3271 2725 3341; x_wconf 85' lang='lat' dir='ltr'><strong>exhiben-</strong></span> 
     </span>
     <span class='ocr_line' id='line_1_35' title="bbox 174 3361 2724 3451; baseline -0.002 -17"><span class='ocrx_word' id='word_1_306' title='bbox 174 3368 387 3442; x_wconf 85' lang='lat' dir='ltr'><strong>tibus,</strong></span> <span class='ocrx_word' id='word_1_307' title='bbox 443 3361 853 3447; x_wconf 88' lang='lat' dir='ltr'><strong>aliquandiu</strong></span> <span class='ocrx_word' id='word_1_308' title='bbox 902 3362 1181 3446; x_wconf 82' lang='lat' dir='ltr'><strong>quievit.</strong></span> <span class='ocrx_word' id='word_1_309' title='bbox 1258 3362 1380 3430; x_wconf 85' lang='lat' dir='ltr'><strong>Sed</strong></span> <span class='ocrx_word' id='word_1_310' title='bbox 1435 3385 1593 3430; x_wconf 92' lang='lat' dir='ltr'><strong>cum</strong></span> <span class='ocrx_word' id='word_1_311' title='bbox 1648 3361 1838 3431; x_wconf 90' lang='lat' dir='ltr'><strong>locus</strong></span> <span class='ocrx_word' id='word_1_312' title='bbox 1892 3362 2002 3429; x_wconf 88' lang='lat' dir='ltr'><strong>ille</strong></span> <span class='ocrx_word' id='word_1_313' title='bbox 2054 3374 2331 3451; x_wconf 90' lang='lat' dir='ltr'><strong>propter</strong></span> <span class='ocrx_word' id='word_1_314' title='bbox 2407 3362 2724 3430; x_wconf 87' lang='lat' dir='ltr'><strong>habitan·</strong></span> 
     </span>
     <span class='ocr_line' id='line_1_36' title="bbox 177 3448 2725 3530; baseline -0.003 -6"><span class='ocrx_word' id='word_1_315' title='bbox 177 3456 348 3525; x_wconf 86' lang='lat' dir='ltr'><strong>tium</strong></span> <span class='ocrx_word' id='word_1_316' title='bbox 405 3449 759 3528; x_wconf 87' lang='lat' dir='ltr'><strong>demerita,</strong></span> <span class='ocrx_word' id='word_1_317' title='bbox 815 3450 1075 3517; x_wconf 84' lang='lat' dir='ltr'><strong>crebris</strong></span> <span class='ocrx_word' id='word_1_318' title='bbox 1134 3463 1311 3518; x_wconf 80' lang='lat' dir='ltr'><strong>esset</strong></span> <span class='ocrx_word' id='word_1_319' title='bbox 1361 3449 1701 3519; x_wconf 87' lang='lat' dir='ltr'><strong>incendiis</strong></span> <span class='ocrx_word' id='word_1_320' title='bbox 1748 3451 2110 3530; x_wconf 78' lang='lat' dir='ltr'><strong>obnoxiu5‚</strong></span> <span class='ocrx_word' id='word_1_321' title='bbox 2159 3449 2499 3519; x_wconf 85' lang='lat' dir='ltr'><strong>Rotardus</strong></span> <span class='ocrx_word' id='word_1_322' title='bbox 2546 3448 2725 3517; x_wconf 92' lang='lat' dir='ltr'><strong>vice-</strong></span> 
     </span>
     <span class='ocr_line' id='line_1_37' title="bbox 172 3538 2722 3627; baseline -0.003 -14"><span class='ocrx_word' id='word_1_323' title='bbox 172 3544 399 3613; x_wconf 88' lang='lat' dir='ltr'><strong>simus</strong></span> <span class='ocrx_word' id='word_1_324' title='bbox 448 3562 487 3606; x_wconf 92' lang='lat' dir='ltr'><strong>a</strong></span> <span class='ocrx_word' id='word_1_325' title='bbox 538 3540 732 3607; x_wconf 88' lang='lat' dir='ltr'><strong>beato</strong></span> <span class='ocrx_word' id='word_1_326' title='bbox 785 3538 1186 3607; x_wconf 76' lang='lat' dir='ltr'><strong>vindiciano</strong></span> <span class='ocrx_word' id='word_1_327' title='bbox 1237 3538 1616 3627; x_wconf 86' lang='lat' dir='ltr'><strong>Episcopus</strong></span> <span class='ocrx_word' id='word_1_328' title='bbox 1668 3544 1867 3620; x_wconf 80' lang='lat' dir='ltr'><strong>(saec.</strong></span> <span class='ocrx_word' id='word_1_329' title='bbox 1925 3539 2038 3625; x_wconf 85' lang='lat' dir='ltr'><strong>x),</strong></span> <span class='ocrx_word' id='word_1_330' title='bbox 2093 3550 2410 3607; x_wconf 88' lang='lat' dir='ltr'><strong>sanctum</strong></span> <span class='ocrx_word' id='word_1_331' title='bbox 2468 3560 2722 3627; x_wconf 87' lang='lat' dir='ltr'><strong>corpus</strong></span> 
     </span>
     <span class='ocr_line' id='line_1_38' title="bbox 176 3625 2722 3713; baseline -0.002 -14"><span class='ocrx_word' id='word_1_332' title='bbox 176 3630 339 3699; x_wconf 83' lang='lat' dir='ltr'><strong>inde</strong></span> <span class='ocrx_word' id='word_1_333' title='bbox 373 3627 726 3698; x_wconf 87' lang='lat' dir='ltr'><strong>transtulit</strong></span> <span class='ocrx_word' id='word_1_334' title='bbox 774 3627 842 3694; x_wconf 91' lang='lat' dir='ltr'><strong>in</strong></span> <span class='ocrx_word' id='word_1_335' title='bbox 892 3626 1126 3695; x_wconf 83' lang='lat' dir='ltr'><strong>beatae</strong></span> <span class='ocrx_word' id='word_1_336' title='bbox 1177 3626 1424 3696; x_wconf 84' lang='lat' dir='ltr'><strong>Mariae</strong></span> <span class='ocrx_word' id='word_1_337' title='bbox 1472 3626 1875 3703; x_wconf 90' lang='lat' dir='ltr'><strong>oratorium,</strong></span> <span class='ocrx_word' id='word_1_338' title='bbox 1929 3626 2108 3712; x_wconf 88' lang='lat' dir='ltr'><strong>quod</strong></span> <span class='ocrx_word' id='word_1_339' title='bbox 2173 3626 2315 3695; x_wconf 90' lang='lat' dir='ltr'><strong>illic</strong></span> <span class='ocrx_word' id='word_1_340' title='bbox 2363 3648 2584 3713; x_wconf 86' lang='lat' dir='ltr'><strong>usque</strong></span> <span class='ocrx_word' id='word_1_341' title='bbox 2635 3625 2722 3693; x_wconf 91' lang='lat' dir='ltr'><strong>ad</strong></span> 
     </span>
     <span class='ocr_line' id='line_1_39' title="bbox 178 3715 2724 3804; baseline -0.003 -15"><span class='ocrx_word' id='word_1_342' title='bbox 178 3716 521 3798; x_wconf 89' lang='lat' dir='ltr'><strong>Lietberti‚</strong></span> <span class='ocrx_word' id='word_1_343' title='bbox 565 3716 741 3784; x_wconf 88' lang='lat' dir='ltr'><strong>tertii</strong></span> <span class='ocrx_word' id='word_1_344' title='bbox 791 3716 878 3784; x_wconf 87' lang='lat' dir='ltr'><strong>ab</strong></span> <span class='ocrx_word' id='word_1_345' title='bbox 927 3737 1005 3783; x_wconf 81' lang='lat' dir='ltr'><strong>(o</strong></span> <span class='ocrx_word' id='word_1_346' title='bbox 1054 3715 1402 3793; x_wconf 71' lang='lat' dir='ltr'><strong>antistitiS,</strong></span> <span class='ocrx_word' id='word_1_347' title='bbox 1458 3729 1766 3804; x_wconf 79' lang='lat' dir='ltr'><strong>tempora</strong></span> <span class='ocrx_word' id='word_1_348' title='bbox 1819 3716 2218 3804; x_wconf 84' lang='lat' dir='ltr'><strong>permansit.</strong></span> <span class='ocrx_word' id='word_1_349' title='bbox 2259 3715 2388 3797; x_wconf 79' lang='lat' dir='ltr'><strong>Qui</strong></span> <span class='ocrx_word' id='word_1_350' title='bbox 2422 3737 2580 3783; x_wconf 88' lang='lat' dir='ltr'><strong>cum</strong></span> <span class='ocrx_word' id='word_1_351' title='bbox 2616 3736 2724 3782; x_wconf 87' lang='lat' dir='ltr'><strong>es-</strong></span> 
     </span>
     <span class='ocr_line' id='line_1_40' title="bbox 174 3802 2724 3884; baseline -0.004 -5"><span class='ocrx_word' id='word_1_352' title='bbox 174 3824 277 3879; x_wconf 90' lang='lat' dir='ltr'><strong>set</strong></span> <span class='ocrx_word' id='word_1_353' title='bbox 327 3808 462 3876; x_wconf 72' lang='lat' dir='ltr'><strong>vita</strong></span> <span class='ocrx_word' id='word_1_354' title='bbox 499 3805 1003 3883; x_wconf 86' lang='lat' dir='ltr'><strong>sanctissimus,</strong></span> <span class='ocrx_word' id='word_1_355' title='bbox 1061 3805 1236 3872; x_wconf 87' lang='lat' dir='ltr'><strong>inter</strong></span> <span class='ocrx_word' id='word_1_356' title='bbox 1284 3804 1416 3871; x_wconf 89' lang='lat' dir='ltr'><strong>alia</strong></span> <span class='ocrx_word' id='word_1_357' title='bbox 1470 3818 1647 3873; x_wconf 82' lang='lat' dir='ltr'><strong>recte</strong></span> <span class='ocrx_word' id='word_1_358' title='bbox 1676 3804 1851 3873; x_wconf 87' lang='lat' dir='ltr'><strong>facta</strong></span> <span class='ocrx_word' id='word_1_359' title='bbox 1901 3826 2047 3883; x_wconf 90' lang='lat' dir='ltr'><strong>sua,</strong></span> <span class='ocrx_word' id='word_1_360' title='bbox 2083 3809 2402 3884; x_wconf 89' lang='lat' dir='ltr'><strong>Peronae,</strong></span> <span class='ocrx_word' id='word_1_361' title='bbox 2442 3802 2561 3872; x_wconf 87' lang='lat' dir='ltr'><strong>ubi</strong></span> <span class='ocrx_word' id='word_1_362' title='bbox 2597 3802 2724 3870; x_wconf 90' lang='lat' dir='ltr'><strong>suit</strong></span> 
     </span>
     <span class='ocr_line' id='line_1_41' title="bbox 173 3892 2721 3980; baseline -0.004 -13"><span class='ocrx_word' id='word_1_363' title='bbox 173 3894 491 3967; x_wconf 85' lang='lat' dir='ltr'><strong>aedicula</strong></span> <span class='ocrx_word' id='word_1_364' title='bbox 543 3895 762 3963; x_wconf 89' lang='lat' dir='ltr'><strong>sancti</strong></span> <span class='ocrx_word' id='word_1_365' title='bbox 827 3892 1143 3974; x_wconf 75' lang='lat' dir='ltr'><strong>Quintini</strong></span> <span class='ocrx_word' id='word_1_366' title='bbox 1209 3893 1550 3980; x_wconf 68' lang='lat' dir='ltr'><strong>martyris,</strong></span> <span class='ocrx_word' id='word_1_367' title='bbox 1625 3893 1696 3960; x_wconf 88' lang='lat' dir='ltr'><strong>iu</strong></span> <span class='ocrx_word' id='word_1_368' title='bbox 1746 3892 1968 3961; x_wconf 86' lang='lat' dir='ltr'><strong>sancti</strong></span> <span class='ocrx_word' id='word_1_369' title='bbox 2038 3892 2342 3962; x_wconf 75' lang='lat' dir='ltr'><strong>Andreae</strong></span> <span class='ocrx_word' id='word_1_370' title='bbox 2392 3892 2721 3959; x_wconf 88' lang='lat' dir='ltr'><strong>honorem</strong></span> 
     </span>
     <span class='ocr_line' id='line_1_42' title="bbox 176 3981 2723 4070; baseline -0.004 -14"><span class='ocrx_word' id='word_1_371' title='bbox 176 3984 677 4056; x_wconf 87' lang='lat' dir='ltr'><strong>monasterium</strong></span> <span class='ocrx_word' id='word_1_372' title='bbox 754 3981 1093 4061; x_wconf 86' lang='lat' dir='ltr'><strong>extruxit,</strong></span> <span class='ocrx_word' id='word_1_373' title='bbox 1166 3993 1369 4067; x_wconf 85' lang='lat' dir='ltr'><strong>atque</strong></span> <span class='ocrx_word' id='word_1_374' title='bbox 1416 4003 1495 4050; x_wconf 85' lang='lat' dir='ltr'><strong>eo</strong></span> <span class='ocrx_word' id='word_1_375' title='bbox 1567 3981 1860 4070; x_wconf 89' lang='lat' dir='ltr'><strong>pretiosa</strong></span> <span class='ocrx_word' id='word_1_376' title='bbox 1918 4003 2205 4070; x_wconf 90' lang='lat' dir='ltr'><strong>corpora</strong></span> <span class='ocrx_word' id='word_1_377' title='bbox 2249 3992 2526 4049; x_wconf 84' lang='lat' dir='ltr'><strong>sanctae</strong></span> <span class='ocrx_word' id='word_1_378' title='bbox 2585 3984 2723 4047; x_wconf 85' lang='lat' dir='ltr'><strong>Ma-</strong></span> 
     </span>
     <span class='ocr_line' id='line_1_43' title="bbox 171 4067 2714 4158; baseline -0.004 -13"><span class='ocrx_word' id='word_1_379' title='bbox 171 4074 507 4145; x_wconf 84' lang='lat' dir='ltr'><strong>xellendis</strong></span> <span class='ocrx_word' id='word_1_380' title='bbox 540 4085 606 4142; x_wconf 89' lang='lat' dir='ltr'><strong>et</strong></span> <span class='ocrx_word' id='word_1_381' title='bbox 639 4071 818 4140; x_wconf 88' lang='lat' dir='ltr'><strong>beati</strong></span> <span class='ocrx_word' id='word_1_382' title='bbox 852 4070 1020 4139; x_wconf 83' lang='lat' dir='ltr'><strong>Sarii</strong></span> <span class='ocrx_word' id='word_1_383' title='bbox 1061 4069 1494 4149; x_wconf 86' lang='lat' dir='ltr'><strong>confessoris,</strong></span> <span class='ocrx_word' id='word_1_384' title='bbox 1541 4072 1905 4139; x_wconf 76' lang='lat' dir='ltr'><strong>Cameraco</strong></span> <span class='ocrx_word' id='word_1_385' title='bbox 1954 4069 2384 4158; x_wconf 87' lang='lat' dir='ltr'><strong>apportanda</strong></span> <span class='ocrx_word' id='word_1_386' title='bbox 2427 4067 2714 4138; x_wconf 88' lang='lat' dir='ltr'><strong>curavit.</strong></span> 
     </span>
     <span class='ocr_line' id='line_1_44' title="bbox 178 4156 2715 4250; baseline -0.004 -18"><span class='ocrx_word' id='word_1_387' title='bbox 178 4164 328 4233; x_wconf 89' lang='lat' dir='ltr'><strong>Dies</strong></span> <span class='ocrx_word' id='word_1_388' title='bbox 384 4160 696 4250; x_wconf 71' lang='lat' dir='ltr'><strong>martyrii</strong></span> <span class='ocrx_word' id='word_1_389' title='bbox 756 4172 1031 4228; x_wconf 87' lang='lat' dir='ltr'><strong>sanctae</strong></span> <span class='ocrx_word' id='word_1_390' title='bbox 1082 4158 1522 4229; x_wconf 75' lang='lat' dir='ltr'><strong>Maxellendis</strong></span> <span class='ocrx_word' id='word_1_391' title='bbox 1561 4158 1949 4228; x_wconf 86' lang='lat' dir='ltr'><strong>celebratur</strong></span> <span class='ocrx_word' id='word_1_392' title='bbox 1981 4158 2220 4228; x_wconf 89' lang='lat' dir='ltr'><strong>Idibus</strong></span> <span class='ocrx_word' id='word_1_393' title='bbox 2249 4156 2715 4229; x_wconf 68' lang='lat' dir='ltr'><strong>Novembris*.</strong></span> 
     </span>
    </p>
   </div>
   <div class='ocr_carea' id='block_1_3' title="bbox 171 4314 2723 4437">
    <p class='ocr_par' dir='ltr' id='par_1_5' title="bbox 171 4314 2723 4437">
     <span class='ocr_line' id='line_1_45' title="bbox 223 4314 2723 4380; baseline -0.003 -7"><span class='ocrx_word' id='word_1_394' title='bbox 223 4335 248 4361; x_wconf 77' lang='lat'><strong>¹·</strong></span> <span class='ocrx_word' id='word_1_395' title='bbox 282 4335 504 4373; x_wconf 73' lang='lat' dir='ltr'><strong>Nonnihil</strong></span> <span class='ocrx_word' id='word_1_396' title='bbox 527 4334 678 4372; x_wconf 74' lang='lat' dir='ltr'><strong>adhuc</strong></span> <span class='ocrx_word' id='word_1_397' title='bbox 701 4332 1028 4380; x_wconf 75' lang='lat' dir='ltr'><strong>Reliqniarum</strong></span> <span class='ocrx_word' id='word_1_398' title='bbox 1050 4330 1093 4369; x_wconf 82' lang='lat' dir='ltr'><strong>S.</strong></span> <span class='ocrx_word' id='word_1_399' title='bbox 1115 4331 1425 4370; x_wconf 72' lang='lat' dir='ltr'><strong>Maxellendts</strong></span> <span class='ocrx_word' id='word_1_400' title='bbox 1446 4330 1605 4378; x_wconf 80' lang='lat' dir='ltr'><strong>(vulgo</strong></span> <span class='ocrx_word' id='word_1_401' title='bbox 1624 4330 1726 4369; x_wconf 80' lang='lat' dir='ltr'><strong>illic</strong></span> <span class='ocrx_word' id='word_1_402' title='bbox 1747 4329 1933 4369; x_wconf 75' lang='lat' dir='ltr'><strong>Masltn‘</strong></span> <span class='ocrx_word' id='word_1_403' title='bbox 1956 4330 2004 4369; x_wconf 78' lang='lat' dir='ltr'><strong>iu</strong></span> <span class='ocrx_word' id='word_1_404' title='bbox 2021 4340 2138 4379; x_wconf 74' lang='lat' dir='ltr'><strong>pago</strong></span> <span class='ocrx_word' id='word_1_405' title='bbox 2168 4314 2410 4369; x_wconf 74' lang='lat' dir='ltr'><strong>Cniderlco</strong></span> <span class='ocrx_word' id='word_1_406' title='bbox 2431 4328 2723 4368; x_wconf 68' lang='lat' dir='ltr'><strong>asservatur.</strong></span> 
     </span>
     <span class='ocr_line' id='line_1_46' title="bbox 171 4382 2685 4437; baseline -0.003 -10"><span class='ocrx_word' id='word_1_407' title='bbox 171 4388 353 4437; x_wconf 65' lang='lat' dir='ltr'><strong>Instent</strong></span> <span class='ocrx_word' id='word_1_408' title='bbox 374 4387 623 4428; x_wconf 74' lang='lat' dir='ltr'><strong>admodum</strong></span> <span class='ocrx_word' id='word_1_409' title='bbox 644 4387 692 4427; x_wconf 83' lang='lat' dir='ltr'><strong>ct</strong></span> <span class='ocrx_word' id='word_1_410' title='bbox 709 4385 935 4435; x_wconf 73' lang='lat' dir='ltr'><strong>liturgico</strong></span> <span class='ocrx_word' id='word_1_411' title='bbox 959 4388 1008 4425; x_wconf 80' lang='lat' dir='ltr'><strong>et</strong></span> <span class='ocrx_word' id='word_1_412' title='bbox 1028 4384 1245 4434; x_wconf 66' lang='lat' dir='ltr'><strong>populari</strong></span> <span class='ocrx_word' id='word_1_413' title='bbox 1266 4384 1439 4434; x_wconf 71' lang='lat' dir='ltr'><strong>gaudet</strong></span> <span class='ocrx_word' id='word_1_414' title='bbox 1457 4384 1591 4425; x_wconf 80' lang='lat' dir='ltr'><strong>cultu</strong></span> <span class='ocrx_word' id='word_1_415' title='bbox 1612 4384 1655 4424; x_wconf 88' lang='lat' dir='ltr'><strong>S.</strong></span> <span class='ocrx_word' id='word_1_416' title='bbox 1678 4384 1822 4433; x_wconf 70' lang='lat' dir='ltr'><strong>virgo</strong></span> <span class='ocrx_word' id='word_1_417' title='bbox 1839 4383 2021 4431; x_wconf 70' lang='lat' dir='ltr'><strong>martyr</strong></span> <span class='ocrx_word' id='word_1_418' title='bbox 2041 4383 2091 4422; x_wconf 72' lang='lat' dir='ltr'><strong>tn</strong></span> <span class='ocrx_word' id='word_1_419' title='bbox 2110 4383 2435 4423; x_wconf 67' lang='lat' dir='ltr'><strong>cameracensi</strong></span> <span class='ocrx_word' id='word_1_420' title='bbox 2456 4382 2685 4423; x_wconf 73' lang='lat' dir='ltr'><strong>Dioccest.</strong></span> 
     </span>
    </p>
   </div>
  </div>
 </body>
</html>
