3327 4999
668 322 798 387 236
1478 342 1556 388 na
1605 344 1660 390 s.
1716 343 2028 392 cnsseomo
2078 344 2238 391 rArA
2551 272 2556 279 -
2746 325 2991 390 MART.
3048 326 3140 389 ⁴2

577 432 643 490 et
681 423 756 491 fit
802 420 1236 512 plerumque,
1291 433 1368 491 ut
1395 445 1535 492 uno
1584 423 1652 491 in
1704 446 1815 493 me
1862 438 2165 515 tempore
2212 422 2418 492 ardor
2463 445 2621 494 cum
2675 422 2910 492 dolore
2967 444 3141 493 con-

578 511 772 600 fligat
815 523 880 579 et
934 532 1187 601 corpus
1236 511 1305 580 in
1359 534 1465 580 me
1513 512 1925 599 animusque
1998 512 2294 581 deficiat.
2349 513 2637 594 Quantis
2687 526 2915 581 autem
2966 511 3135 581 aliis

576 600 1099 669 necessitatibus
1128 612 1313 668 extra
1347 600 1496 682 ha5‚
1523 624 1698 688 quas
1726 602 2003 691 protuli,
2049 600 2482 670 infirmitates
2512 600 2801 680 afficiar,
2842 622 3140 670 enume-

577 711 730 758 rare
770 712 903 758 non
956 688 1169 757 valeo,
1233 688 1359 759 Sed
1411 690 1704 759 breviter
1734 692 1890 760 dico
1923 692 2085 777 quia
2140 692 2237 759 sic
2278 712 2388 758 me
2437 689 2712 758 infectio
2762 690 2947 758 noxii
3004 690 3148 759 hu-

578 778 793 848 moris
828 777 1124 858 imbibit,
1179 790 1256 846 ut
1302 778 1522 848 vivere
1571 780 1747 849 mihi
1805 802 2022 870 poena
2075 779 2162 848 sit
2208 793 2272 847 et
2320 791 2607 847 mortem
2659 777 3143 847 desideranter

577 879 924 957 expectem
974 887 1181 953 quam
1219 867 1590 957 gemitibus
1625 869 1798 937 meis
1831 868 2048 938 solam
2083 890 2231 937 esse
2261 867 2464 936 credo
2514 866 2922 936 remedium.
2967 873 3140 937 Pro-

577 955 740 1024 inde
773 955 978 1025 frater
1025 955 1431 1026 charissime
1479 955 1753 1026 divinae
1789 980 1911 1048 pro
1944 979 2051 1026 me
2102 957 2370 1046 pietatis
2421 955 2964 1026 misericordiam
3017 956 3144 1024 de-

581 1065 884 1135 precare,
924 1055 1001 1113 ut
1050 1045 1514 1130 percussionis
1564 1068 1728 1115 suae
1781 1069 1943 1136 erga
1997 1068 2106 1114 me
2163 1044 2434 1135 flagella
2485 1068 2606 1135 pro
2662 1045 2822 1114 itius
2873 1044 3149 1135 mitiget

581 1146 647 1203 et
690 1133 1085 1224 patientiam
1126 1133 1457 1202 tolerandi
1513 1134 1864 1216 concedat,
1922 1158 2006 1203 ne
2055 1134 2292 1211 nimio,
2336 1134 2519 1221 quod
2560 1156 2595 1203 a
2654 1133 2760 1212 sit,
2805 1134 3024 1202 taedio
3058 1133 3140 1202 in

584 1222 1088 1312 impatientiam
1152 1244 1269 1290 cor
1329 1236 1669 1313 erumpat,
1715 1236 1780 1293 et
1811 1245 1987 1311 quae
2056 1224 2285 1292 curari
2350 1244 2472 1313 per
2530 1222 2808 1312 plagam
2867 1234 3142 1312 poterat

581 1311 810 1400 culpa,
865 1321 1126 1381 crescat
1164 1334 1244 1379 ex
1281 1333 1710 1380 murmure.»

672 1402 708 1486 ξ
778 1404 926 1472 58.
967 1399 1197 1468 Tantis
1249 1401 1573 1490 precibus
1621 1401 1989 1490 Gregorius
2028 1401 2301 1470 tandem
2365 1398 2741 1485 aliquando
2793 1398 3139 1469 divinitus

581 1488 967 1568 exauditUS,
1054 1502 1365 1574 ostquam
1414 1489 1642 1558 sedem
1697 1504 1972 1559 sanctae
2005 1490 2385 1559 Catholicae
2434 1501 2497 1557 et
2546 1487 2965 1574 Apostolicae
2999 1492 3147 1557 Ro-

583 1599 832 1645 manae
880 1582 1007 1647 Ecc
1041 1577 1219 1645 esiae
1268 1578 1471 1646 annis
1522 1579 1871 1657 tredecim,
1931 1579 2288 1648 mensibus
2323 1600 2435 1647 sex
2465 1589 2530 1646 et
2570 1576 2818 1645 diebus
2865 1576 3139 1657 decem,
3223 1628 3227 1632 .

582 1665 916 1735 doctrinis
964 1666 1219 1755 pariter
1265 1687 1344 1735 ac
1393 1667 1718 1756 operibus
1751 1666 2169 1736 felicissimis
2202 1666 2592 1748 illustravit,
2631 1686 2816 1734 anno
2858 1665 3145 1754 imperii

584 1754 845 1824 Phocae
893 1754 1221 1834 secundo,
1281 1754 1652 1824 indictione
1711 1756 2026 1846 septima,
2083 1768 2329 1842 quarto
2378 1755 2628 1824 Iduum
2681 1754 3086 1823 Martiarum
3122 1809 3138 1836 ,

582 1865 619 1911 a
670 1844 901 1912 carnis
931 1844 1371 1933 corruptione
1406 1845 1798 1914 subtractus
1844 1859 1968 1926 est,
2003 1843 2543 1933 incorruptionis
2578 1855 2946 1933 perpetuae
2986 1841 3148 1942 glo-

583 1930 687 2000 ria
735 1932 1249 2003 sublimandus.
1303 1933 1432 2015 Qui
1509 1932 1823 2002 videlicet
1878 1935 2067 2003 omni
2143 1935 2317 2002 vitae
2372 1953 2535 2001 suae
2585 1944 2888 2021 tempore
2951 1943 3142 2002 smut

586 2042 798 2090 novas
848 2021 1169 2092 basilicas
1220 2021 1504 2091 minime
1552 2021 1940 2101 fabricarat,
1984 2023 2078 2091 ita
2128 2021 2457 2090 nimirum
2492 2020 2981 2089 fabricatarum
3020 2042 3149 2090 ve-

581 2120 803 2178 terum
846 2122 1205 2179 sartatecta
1251 2133 1411 2179 cum
1469 2134 1747 2181 summo
1797 2111 2024 2181 studio
2072 2109 2464 2179 annualiter
2513 2109 2894 2199 reparabat.
2949 2113 3148 2192 Quas

584 2198 948 2279 reditibuS,
1002 2199 1492 2280 luminaribuS‚
1545 2200 1794 2272 officiis
1842 2213 2044 2285 atque
2093 2199 2399 2269 donariis
2448 2196 2842 2278 cumulans,
2890 2197 2959 2265 in
2997 2198 3149 2271 ba-

582 2286 777 2356 silica
826 2292 895 2355 B.
951 2287 1126 2356 Petri
1175 2287 1464 2378 apostoli
1514 2287 1865 2389 fastigium
1917 2290 2001 2357 de
2049 2300 2329 2377 argento
2404 2286 2797 2377 purissim0‚
2853 2286 3038 2372 quod
3088 2308 3141 2357 a

583 2380 801 2444 Leone
851 2376 1044 2445 tertio
1094 2377 1414 2466 pontifice
1449 2378 1518 2444 in
1557 2378 1842 2446 basilica
1892 2378 2215 2456 Sixtiana,
2254 2389 2529 2446 sanctae
2579 2374 2825 2443 Mariae
2862 2374 3139 2443 nomini

581 2464 916 2546 dedicata,
957 2465 1364 2535 translatum
1414 2478 1537 2542 est,
1593 2466 1985 2536 fabricavit:
2020 2478 2085 2535 et
2132 2466 2202 2535 in
2253 2464 2538 2534 basilica
2582 2463 2761 2533 beati
2815 2463 3003 2533 Pauli
3059 2486 3142 2533 a-

582 2554 829 2655 postoli
880 2576 1089 2645 super
1134 2555 1345 2625 altare
1396 2554 1851 2624 nihilominus
1882 2556 2068 2625 aliud
2121 2555 2471 2645 fastigium
2527 2553 2939 2643 procuravit.
2993 2557 3142 2622 Hu-

571 2666 691 2732 Jus
742 2656 1085 2744 praeterea
1136 2643 1521 2712 venerabile
1546 2667 1801 2734 corpus
1849 2645 1916 2713 in
1969 2659 2264 2714 extrema
2299 2644 2568 2733 porticu
2592 2641 2920 2712 basilicae
2952 2643 3138 2711 beati

581 2737 757 2801 Petri
806 2731 1096 2822 apostoli
1145 2745 1299 2801 ante
1339 2733 1780 2801 secretarium
1824 2746 1989 2803 tunc
2039 2733 2603 2820 antiquissimum
2636 2748 2790 2817 quo·
2817 2729 3138 2801 videlicet

584 2825 735 2904 Leo,
793 2820 1232 2910 SimpliciuS,
1291 2821 1601 2890 Gelasius
1661 2834 1866 2908 atque
1919 2822 2376 2911 Symmachus
2412 2875 2426 2899 ,
2481 2819 2905 2910 Apostolicae
2953 2817 3137 2887 sedis

583 2909 925 2999 Episcopi,
962 2930 1122 2978 cum
1173 2909 1527 2979 nonnullis
1575 2910 1730 2979 aliis
1781 2911 2124 2998 tumulati,
2179 2911 2325 2979 suis
2373 2911 2710 2979 hactenus
2766 2906 3135 3000 epitaphiis

592 2999 1101 3086 praedicantur,
1157 2998 1501 3088 sepultum
1561 2999 1681 3068 tali
1731 2999 1925 3069 titulo
1972 3000 2379 3068 decoratur:

980 3139 1225 3216 Suscipe
1271 3146 1430 3203 terra
1482 3149 1584 3202 tuo
1620 3157 1840 3218 corpus
1879 3142 1955 3202 de
1999 3158 2255 3222 corpore
2287 3147 2626 3218 sumptum.

1062 3219 1331 3283 Reddere
1368 3222 1530 3299 quod
1574 3222 1772 3283 valeas
1813 3221 2169 3283 vivificante
2217 3223 2359 3282 Dee.

982 3311 1246 3390 Spiritus
1287 3319 1442 3375 astra
1486 3317 1668 3392 petit:
1704 3314 1831 3375 Leti
1883 3314 1965 3374 nil
1991 3315 2128 3392 jura
2159 3313 2470 3386 valebunt,

1060 3391 1168 3453 Cui
1202 3395 1364 3454 vitae
1392 3393 1645 3456 alterius
1676 3411 1840 3454 mors
1873 3396 2063 3472 magis
2095 3396 2214 3473 ipsa
2260 3395 2353 3455 via
2388 3403 2498 3454 est.

979 3484 1289 3547 Pontificis
1317 3490 1541 3548 summi
1584 3488 1698 3548 hoc
1728 3486 2094 3549 clauduntur
2123 3488 2395 3549 membra
2440 3486 2737 3564 sepulcrO,

1059 3566 1167 3638 Qui
1201 3567 1544 3627 innumeris
1570 3583 1810 3646 semper
1841 3568 1996 3627 vivit
2029 3567 2254 3645 ubique
2298 3567 2495 3630 boniS.

973 3658 1255 3719 Esuriem
1294 3658 1549 3750 dapibus
1576 3661 1914 3739 superavit,
1963 3660 2188 3735 frigora
2223 3668 2410 3730 veste,

1058 3738 1256 3815 Atque
1286 3755 1520 3801 animas
1552 3740 1803 3800 monitis
1835 3740 1984 3800 texit
2010 3740 2085 3801 ab
2116 3740 2286 3801 hoste
2316 3740 2533 3800 sacris:

974 3830 1386 3908 Implebutque
1428 3839 1561 3893 actu
1608 3830 1898 3910 quicquid
1927 3848 2205 3895 sermone
2247 3832 2527 3903 docebat,

1057 3911 1223 3971 Esset
1252 3917 1318 3971 ut
1346 3912 1718 3990 exemplum,
1750 3914 1993 3989 mystica
2035 3913 2216 3976 verba
2248 3912 2523 3990 loquens,

977 4003 1209 4079 Anglos
1236 4003 1311 4066 ad
1341 4002 1651 4067 Christum
1682 4005 1983 4066 convertit
2013 4011 2218 4068 mente
2245 4005 2543 4083 benigna,

1012 4141 1015 4142 a
1057 4083 1156 4145 Sic
1186 4084 1324 4145 fidei
1356 4085 1680 4164 acquirens
1708 4084 1952 4161 agmina
1983 4093 2166 4163 gente
2197 4101 2377 4149 nova.

978 4175 1090 4236 Hic
1117 4175 1310 4251 labor,
1336 4177 1449 4238 hoc
1476 4178 1771 4249 studium,
1804 4177 1952 4239 haec
1979 4177 2087 4239 tibi
2119 4194 2286 4251 cura,
2320 4179 2430 4240 hoc
2458 4184 2657 4256 pastor
2685 4177 2927 4257 agebaS,

1058 4254 1133 4315 Ut
1160 4255 1417 4317 Domino
1444 4257 1696 4318 offerres
1727 4257 1987 4334 plurima
2030 4257 2198 4320 lucra
2231 4260 2468 4336 gregis:

976 4347 1201 4425 Hisque
1234 4347 1337 4408 Dei
1370 4349 1577 4410 consul
1623 4350 1811 4410 factus
1839 4349 2064 4412 laetare
2094 4350 2440 4427 triumphis,

1050 4425 1205 4488 Nam
1233 4426 1575 4489 mercedem
1608 4443 1863 4505 operum
1884 4432 2012 4503 jam
2040 4431 2172 4493 sine
2205 4429 2332 4491 sine
2364 4436 2550 4491 tenes,
