3327 4999
211 325 450 392 MART.
508 326 588 390 ⁴6
912 341 990 388 nr.
1038 341 1095 389 s.
1147 341 1496 389 nemmfflro
1544 340 1767 390 conon.
1821 341 2019 391 Emsc.
2524 327 2653 392 319

212 426 494 494 Domino
544 420 865 513 redargui
914 421 1166 507 meruit
1215 421 1418 511 paulo
1465 434 1621 491 ante
1668 422 1932 492 obitum
1980 423 2223 504 sancti,
2260 424 2441 509 quod
2493 424 2563 493 in
2616 440 2741 495 suo

207 513 351 584 loco
399 534 724 604 praesens
772 511 1074 580 narratio
1126 532 1259 578 non
1319 511 1736 601 praeteribit.
1773 517 1968 580 Nunc
2006 512 2562 583 memorabilium
2594 514 2747 603 ejus

206 603 290 672 ad
341 601 620 671 laudem
681 599 953 669 Domini
1001 599 1341 669 miracula
1400 621 1912 689 percurramus,

291 693 329 779 ἓ
378 696 459 761 8.
516 690 897 761 Subsecuta
943 687 1384 778 postmodum
1434 689 1732 770 siccitaS,
1770 700 2048 779 peccata
2097 689 2508 779 populorum
2541 690 2753 759 vehe—

205 792 474 850 menter
521 778 875 870 arguebat,
927 790 1004 846 ut
1059 776 1198 846 sere
1244 777 1470 846 omnis
1528 777 1742 847 herba
1849 791 2257 857 raemortua‚
2315 778 2543 848 omnis
2591 801 2755 868 ager

204 880 514 950 exustus,
568 889 704 937 non
755 864 1335 952 qualemcumque
1375 864 1652 947 samem,
1690 800 2084 936 sedpsamem
2119 866 2538 936 mortiferam
2562 868 2746 956 jam-

198 959 489 1050 jamque
565 956 969 1025 minaretur.
1033 955 1339 1040 Denique
1415 977 1573 1023 cum
1639 955 1944 1025 siccitate
2015 954 2404 1045 pestilentia
2479 976 2756 1042 quoque

204 1048 571 1126 saeviebat,
627 1043 967 1130 multique
1015 1044 1522 1124 moriebantur,
1581 1044 1783 1113 multi
1832 1044 2060 1112 adhuc
2108 1066 2313 1134 aegra
2359 1044 2468 1113 vix
2519 1044 2747 1113 trahe-

200 1136 371 1206 bant
419 1154 731 1225 corpora.
777 1138 935 1202 Erat
979 1154 1141 1288 ergo
1188 1132 1502 1222 piissimo
1553 1133 1860 1232 pontifici
1903 1154 2037 1202 non
2075 1155 2283 1223 parva
2334 1132 2433 1201 vel
2482 1133 2747 1219 qualis-

204 1245 507 1310 cumque
556 1221 943 1292 solicitudo:
979 1243 1050 1291 se
1147 1236 1211 1290 et
1259 1221 1326 1289 in
1381 1221 1819 1290 solicltudine
1867 1221 2346 1312 compatientis
2377 1222 2594 1290 animi
2627 1221 2744 1291 tri-

203 1313 492 1393 bulatio,
545 1322 610 1380 et
656 1312 727 1379 in
780 1309 1219 1379 tribulatione
1257 1309 1449 1399 jugis
1496 1322 1562 1378 et
1621 1309 2005 1399 lacrymosa
2053 1311 2291 1379 oratio,
2363 1310 2555 1380 Unde
2604 1332 2750 1379 me-

203 1403 344 1472 ruit
392 1412 456 1471 et
506 1422 592 1490 po
646 1398 844 1468 ulum
895 1398 1338 1467 reconciliare
1400 1402 1569 1479 De0‚
1625 1398 1803 1467 sicut
1842 1399 1926 1467 de
1974 1399 2321 1467 sacerdote
2370 1420 2622 1489 magno
2689 1409 2756 1468 et

204 1490 421 1581 digno
467 1488 588 1575 qui
641 1511 751 1557 am
803 1489 1078 1577 sapiens
1124 1486 1318 1555 dixit:
1370 1491 1451 1554 Et
1500 1489 1571 1556 in
1615 1498 1905 1578 tempore
1951 1489 2348 1556 iracundiae
2388 1491 2610 1576 saclas
2658 1499 2754 1557 est

201 1579 661 1649 reconciliatio
692 1578 927 1665 (Eccli.
966 1574 1160 1663 xciv),
1198 1589 1263 1645 et
1294 1575 1473 1646 inter
1504 1575 2118 1657 reconciliandum,
2206 1576 2455 1646 lorioso
2534 1577 2747 1647 lorifi·

206 1669 349 1737 cari
386 1665 749 1736 miraculo.
779 1664 1044 1733 Indicto
1064 1664 1332 1754 jejunio
1364 1664 1709 1745 triduano,
1744 1664 2101 1735 luctuosus
2130 1666 2150 1732 i
2203 1677 2270 1734 at
2303 1687 2485 1755 popu
2519 1688 2602 1735 us
2636 1688 2755 1755 per

204 1758 449 1826 urbem
485 1753 892 1823 foecundam
928 1766 1021 1822 tot
1061 1766 1483 1834 sanctorum,
1522 1766 1587 1823 et
1632 1753 1719 1822 ad
1751 1754 2187 1845 singulorum
2235 1755 2618 1843 patrocinia
2657 1753 2754 1825 lo-

206 1867 445 1914 corum
498 1843 791 1913 fideliter
851 1856 1054 1928 atque
1121 1842 1524 1933 suppliciter
1588 1841 2011 1933 lacrymosas
2070 1842 2403 1911 fundebat
2470 1865 2747 1933 preces,

208 1947 552 2020 quatenus
584 1932 669 2001 ab
703 1931 1253 2012 imminentibus,
1279 1931 1710 2021 jamjamque
1745 1931 2219 2022 praesentibus
2269 1929 2470 2000 malis
2518 1932 2743 2021 eripe-

211 2035 419 2091 retur.
503 2027 660 2090 Erat
706 2032 932 2089 autem
988 2020 1312 2110 publicus
1359 2019 1524 2089 cleri
1571 2033 1635 2089 et
1684 2020 1974 2110 populi,
2028 2019 2526 2089 monachorum
2575 2041 2750 2105 quo-

209 2132 344 2197 que
373 2123 574 2197 atque
606 2108 1241 2178 sanctimonialium
1292 2130 1679 2198 processus,
1734 2123 1799 2178 et
1845 2131 1925 2177 ex
1974 2109 2165 2177 omni
2213 2107 2453 2177 ordine
2491 2108 2751 2177 utrius-

210 2221 348 2285 que
395 2221 617 2279 sexuS,
654 2198 915 2288 lingua
962 2197 1244 2284 quidem
1284 2197 1575 2278 diversa,
1625 2198 1738 2266 sed
1782 2219 1924 2267 una
1971 2197 2348 2265 intentione
2396 2209 2460 2265 et
2505 2197 2747 2267 eodem

221 2308 433 2355 sensu
478 2286 953 2378 concrepando
1001 2286 1199 2386 kyrie
1230 2285 1509 2367 eleison,
1546 2285 1835 2356 altitudo
1869 2285 2043 2354 coeli
2093 2285 2522 2377 pulsabatur.
2565 2290 2749 2356 Inter

218 2396 456 2444 omnes
522 2389 587 2445 et
650 2398 814 2466 prae
878 2375 1206 2444 omnlbus
1267 2389 1570 2443 moestus
1617 2386 1683 2445 et
1730 2375 2020 2464 supplex
2079 2375 2378 2443 tristium
2444 2373 2751 2444 filiorum

217 2485 375 2555 spes
443 2476 507 2534 et
563 2478 755 2555 pater
821 2465 1081 2555 patriae
1131 2462 1540 2554 procedebat
1584 2464 2202 2556 Archiepiscopus,
2258 2464 2353 2533 ita
2400 2463 2755 2534 vulnerato

212 2554 418 2623 corde
466 2554 809 2641 tantisque
855 2576 1013 2623 cum
1113 2552 1462 2634 emitibus‚
1517 2565 1594 2622 ut
1640 2554 1816 2623 miro
1866 2553 2066 2623 modo
2114 2552 2578 2623 consolatione
2627 2575 2755 2624 sua

210 2641 280 2710 di
336 2665 505 2712 num
554 2664 711 2712 eum
764 2646 943 2710 Deus
979 2643 1060 2732 ju
1116 2642 1345 2711 icaret.

286 2667 333 2819 Ξ
382 2750 476 2815 9.
533 2735 698 2800 Cum
749 2730 962 2820 igitur
1006 2730 1378 2800 oratorium
1431 2732 1652 2799 sancti
1688 2730 1987 2800 Severini
2035 2730 2278 2799 litania
2310 2729 2640 2799 solemnis
2678 2752 2750 2799 e-

209 2841 469 2909 gressa,
517 2819 696 2888 beati
771 2819 1203 2889 Pantaleonis
1252 2818 1472 2888 adiret
1531 2820 1932 2899 oratorium,
2002 2841 2158 2890 ecce
2205 2819 2387 2887 nivei
2433 2818 2755 2889 candoris

207 2907 557 2990 columba,
612 2908 1005 2978 videntibus
1052 2908 1316 2989 multiS,
1371 2924 1579 2998 caput
1615 2909 1766 2976 e‘us
1812 2907 2427 2987 circumvolitabat,
2481 2906 2755 2976 eadem-

201 3018 337 3083 que
401 3008 680 3087 repente
744 2997 1148 3086 disparens,
1202 2997 1452 3067 iterum
1522 2997 1648 3065 visi
1705 2997 1816 3065 ilis
1877 2999 2340 3086 comparebat.
2421 2996 2756 3066 videbant

201 3107 358 3155 eam
408 3086 635 3166 multi,
691 3085 809 3154 sed
860 3107 998 3154 non
1047 3107 1310 3155 omnes:
1380 3086 1544 3171 quia
1592 3085 1909 3154 videlicet
1954 3107 2089 3154 non
2144 3099 2412 3155 terrena
2460 3083 2749 3174 specieS‚

202 3175 325 3246 sed
391 3175 703 3246 coelestis
766 3186 911 3243 erat
978 3174 1245 3264 gratia,
1300 3196 1508 3260 quam
1560 3174 1914 3260 aliquibus
1963 3174 2192 3243 videre
2240 3174 2572 3243 donatum
2623 3186 2748 3243 est.

200 3267 285 3333 Ut
334 3276 567 3332 autem
631 3276 910 3332 ventum
959 3274 1061 3333 est
1108 3262 1192 3330 ad
1244 3262 1472 3331 locum
1502 3317 1518 3343 ,
1569 3263 1693 3332 ubi
1743 3262 1889 3353 jam
1940 3263 2166 3332 dictus
2214 3261 2584 3332 consessorv
2625 3267 2757 3331 Do-

200 3352 378 3421 mini
434 3352 796 3423 Severinus
843 3352 914 3420 in
968 3352 1262 3421 transitu
1310 3350 1489 3420 beati
1537 3351 1811 3419 Martini
1859 3374 2058 3421 voces
2118 3352 2525 3442 angelorum
2569 3350 2754 3441 psal-

200 3439 499 3515 lentium
548 3441 789 3510 audire
832 3441 1105 3511 meruit:
1159 3440 1391 3508 vident
1429 3440 1705 3508 eminus
1751 3441 2066 3510 eamdem
2116 3439 2506 3510 columbam
2545 3450 2756 3528 caput

196 3528 387 3599 beati
459 3528 589 3598 viri
655 3530 850 3598 tertio
915 3528 1524 3600 circumvolantem
1562 3584 1577 3609 ‚
1629 3550 1807 3614 quae
1854 3542 1919 3598 et
1966 3530 2283 3620 protinus
2333 3531 2401 3597 in
2454 3526 2756 3597 sublime

198 3617 493 3698 elevata,
564 3617 791 3687 coelos
859 3619 1074 3708 petiit,
1138 3640 1261 3686 nec
1313 3617 1497 3686 ultra
1551 3618 1964 3708 comparuit.
2031 3618 2395 3688 verissime
2451 3639 2612 3685 cum
2666 3616 2758 3687 si-

248 3730 337 3777 no
390 3705 797 3796 hujusmodi
828 3720 1133 3777 orantem
1171 3706 1426 3796 pariter
1463 3717 1528 3775 et
1559 3719 1948 3796 gementem
1989 3729 2151 3796 prae
2189 3706 2518 3776 omnibus
2568 3705 2756 3774 hune

195 3730 617 3885 designabat
666 3796 962 3887 Spiritus
997 3795 1225 3865 Sancti
1255 3795 1498 3885 gratia,
1538 3810 1602 3864 et
1640 3795 1726 3864 de
1759 3795 1889 3865 isto
1928 3817 2203 3882 quoque
2240 3794 2754 3881 quodammodo

192 3884 521 3975 idipsum
572 3885 864 3966 dicebat,
919 3884 1103 3972 quod
1151 3884 1236 3953 de
1283 3884 1418 3953 alio
1465 3883 1769 3970 quodam
1821 3906 1959 3954 non
2008 3885 2280 3974 ignom,
2336 3884 2450 3952 sed
2501 3883 2754 3953 eximio

194 3973 567 4064 propheta,
621 3973 885 4043 dictum
932 3996 1129 4043 sacra
1170 3983 1403 4042 narrat
1462 3973 1758 4063 pagina:
1812 3975 1939 4042 Hic
1991 3987 2088 4042 esc
2140 3975 2436 4061 fratrum
2489 3983 2755 4042 amator

196 4075 261 4133 et
317 4065 566 4163 populi
598 4064 735 4131 sui:
784 4063 892 4130 liic
949 4072 1067 4142 cst,
1123 4064 1245 4152 qui
1289 4065 1582 4132 multum
1630 4073 1781 4131 orat
1830 4085 1953 4152 pro
1985 4065 2237 4162 populo
2296 4072 2358 4131 et
2409 4084 2537 4152 pro
2586 4062 2755 4129 civi-

198 4162 343 4221 tate
394 4161 527 4218 ista
572 4151 644 4238 (2
691 4151 906 4219 Mach.
959 4158 1089 4237 xv).
1138 4150 1490 4221 'Nimirum
1539 4164 1604 4219 et
1663 4152 1792 4221 iste
1838 4150 1943 4218 vir
1989 4172 2059 4219 ιη
2129 4149 2384 4241 populo
2450 4171 2578 4218 suo
2626 4148 2757 4218 mi-

196 4240 521 4310 tissimus
568 4238 935 4329 apparuit,
1000 4239 1386 4308 secundum
1449 4239 1980 4308 similitudinem
2037 4238 2398 4308 columbae
2453 4238 2639 4308 mitis
2686 4249 2753 4307 et

197 4325 592 4417 simplicis,
646 4340 880 4398 sancto
930 4327 1330 4397 redundans
1391 4328 1640 4417 spiritu
1703 4327 2012 4427 pietatis:
2068 4340 2271 4414 atque
2318 4326 2574 4396 idcirco
2627 4346 2745 4416 ge·

197 4417 428 4486 mitus
473 4428 539 4484 et
586 4417 798 4487 oratio
856 4415 1007 4507 ejus
1066 4417 1289 4507 perire
1333 4438 1471 4486 non
1524 4429 1771 4507 potuit.
1835 4422 2002 4489 Nam
2057 4417 2181 4487 ubi
2230 4417 2314 4486 ad
2365 4414 2750 4506 prandium
