3327 4999
184 322 432 416 MAR'T.
487 350 528 414 3
931 367 1009 414 nn
1057 367 1110 415 s.
1167 365 1595 415 cananaeam
1645 367 1777 412 mr.
1832 364 2004 412 vinc.
2579 348 2666 412 29

184 468 615 539 magnopere
660 446 994 515 admirari
1061 468 1199 515 non
1253 457 1547 517 cessent.
1608 449 1881 514 Praeter
1928 443 2055 513 has
2116 443 2343 543 princi
2397 444 2541 514 ales
2590 466 2761 514 suae

179 536 612 627 operationis
668 534 1040 635 primarias
1086 534 1414 604 ecclesias
1469 555 1646 621 quae
1695 531 2171 602 conventualis
2227 533 2517 602 eccesia
2574 553 2756 619 quae

183 624 605 695 monasteria
663 623 945 699 illorum
993 621 1315 692 donativo
1376 624 1513 690 nbn
1565 620 1985 711 gloriantur,
2040 641 2113 688 se
2160 620 2399 689 aut-in
2457 621 2761 711 praediis

184 714 497 794 dilatata,
553 722 678 782 aut
729 711 1046 780 decorata
1100 711 1577 780 ornamentis?
1623 708 1804 778 Alias
1852 708 2039 776 enim
2088 708 2495 794 antiquitate
2555 707 2766 778 colla-

182 824 347 893 psas
397 800 1062 870 reaedificaverunt:
1115 798 1455 885 quasdam
1512 796 1719 866 etiam
1769 796 2156 865 destructas
2203 810 2270 865 et
2313 796 2399 865 ad
2455 795 2755 865 nihilum

186 890 530 969 redactas,
588 888 661 956 in
714 888 1084 977 pristinum
1133 887 1236 956 vel
1305 886 1511 955 etiam
1562 886 1631 954 in
1693 884 2047 954 meliorem
2100 896 2352 954 statum
2415 884 2762 954 instaura-

186 989 459 1059 verunt,
485 988 555 1045 et
604 975 811 1045 sicuti
861 976 1234 1065 prudentes
1280 974 1606 1065 virgineS,
1660 973 1892 1043 oleum
1942 993 2107 1041 suae
2142 972 2660 1042 misericordiae
2688 971 2762 1040 in

190 1066 505 1135 diversos
554 1064 975 1143 effuderunt,
1019 1076 1096 1134 ut
1144 1063 1389 1133 merito
1436 1061 1666 1131 dicere
1707 1060 1995 1151 possint:
2041 1059 2290 1130 Christi
2323 1062 2549 1131 bonus
2596 1059 2768 1130 odor

190 1176 442 1225 sumus
494 1152 567 1222 in
619 1152 813 1221 omni
862 1151 1036 1222 loco.

272 1245 311 1329 ξ
358 1246 453 1313 3.
511 1245 566 1310 O
603 1240 1033 1331 conjugium,
1086 1261 1224 1308 non
1275 1239 1644 1330 voluptate,
1691 1236 1809 1307 sed
1860 1237 2041 1306 bona
2074 1235 2424 1305 voluntate
2472 1235 2762 1327 copula-

187 1344 362 1401 tum.
419 1335 472 1399 Ο
524 1341 844 1398 sanctum
897 1328 1444 1408 matrimonium,
1487 1326 1610 1397 ubi
1660 1349 1805 1395 una
1851 1324 2024 1394 fides
2068 1323 2434 1393 inviolatae
2481 1325 2758 1394 castita-

191 1420 302 1497 tis,
370 1418 496 1487 ubi
546 1438 737 1485 unus
785 1416 1071 1507 spiritus
1120 1415 1637 1486 misericordiae
1684 1425 1749 1483 et
1797 1412 2121 1493 veritatiS,
2186 1412 2308 1483 ubi
2360 1412 2544 1482 idem
2594 1413 2768 1481 velle

190 1508 260 1577 in
312 1505 699 1576 virtutibus
744 1517 809 1574 et
855 1504 1038 1574 idem
1091 1503 1273 1573 nolle
1322 1505 1393 1573 in
1444 1504 1669 1573 vitiis:
1708 1502 1832 1572 ubi
1881 1523 2004 1570 nec
2071 1500 2366 1590 primus,
2415 1523 2538 1570 nec
2583 1500 2771 1569 -alter

188 1593 501 1665 discerni
544 1594 789 1683 potuit,
841 1592 1013 1662 dum
1060 1592 1234 1661 alter
1277 1592 1461 1680 quod
1499 1592 1772 1683 primus
1831 1589 2081 1658 voluit:
2110 1589 2233 1657 ubi
2287 1612 2409 1678 par
2456 1588 2763 1669 animUS,

187 1684 259 1753 in
296 1680 709 1752 multifariis
754 1701 1040 1770 operum
1102 1681 1481 1763 effectibuS,
1536 1701 1737 1771 pares
1804 1677 1871 1746 in
1925 1676 2200 1747 duobus
2248 1677 2552 1747 ostendit
2600 1677 2766 1746 affe-

187 1784 368 1842 ctus.
422 1769 682 1852 Quales
728 1769 854 1837 has
890 1768 1168 1857 nuptias
1198 1769 1515 1849 dixerim,
1552 1766 1809 1837 nescio,
1845 1771 2073 1835 Unum
2124 1765 2265 1836 scio
2314 1766 2481 1854 quia
2531 1777 2765 1834 nostra

191 1859 414 1929 nescit
446 1857 656 1927 modo
692 1857 876 1946 regio
907 1857 1097 1939 tales,
1137 1856 1307 1926 dum
1342 1869 1617 1946 propter
1647 1877 1943 1946 regnum
1967 1853 2317 1923 coelorum
2351 1875 2425 1923 se
2455 1867 2767 1923 castran-

194 1959 320 2027 teS,
378 1967 503 2037 nec
569 1945 834 2036 prolem
887 1956 1193 2015 terrenae
1250 1943 1736 2014 foecunditatis
1796 1953 2274 2032 expectanteS,
2346 1941 2684 2012 caelibem
2732 1964 2773 2010 a

194 2040 331 2104 Deo
361 2033 876 2134 generationem
930 2032 1347 2123 reciperent,
1400 2055 1441 2101 a
1486 2053 1785 2118 quorum
1831 2051 1948 2099 ore
1995 2030 2149 2099 laus
2207 2029 2323 2115 Dei
2376 2052 2766 2118 numquam

196 2123 491 2192 deficiet.
538 2126 723 2191 Haec
777 2132 880 2190 est
972 2120 1273 2190 eneratio
1320 2119 1807 2208 quaerentium
1839 2118 2235 2198 Dominum,
2289 2119 2412 2204 qui
2461 2117 2769 2189 viventes

193 2212 268 2279 in
320 2211 591 2280 Christo
646 2221 713 2277 et
753 2230 933 2278 mem
988 2231 1065 2279 ra
1111 2231 1240 2279 sua
1289 2208 1783 2277 mortificantes
1835 2217 2112 2361 propter
2151 2205 2507 2276 Christum
2551 2227 2767 2296 super

197 2312 453 2368 terram
512 2296 985 2378 morientium,
1040 2297 1246 2367 modo
1294 2308 1660 2387 regnantes
1708 2315 1872 2363 cum
1915 2299 1957 2362 C
2015 2293 2202 2372 risio,
2260 2293 2441 2362 bona
2492 2293 2766 2362 Domini

195 2387 310 2457 sui
360 2386 597 2455 vident
642 2386 715 2454 in
793 2386 1069 2476 regione
1130 2384 1528 2455 viventium.
1585 2382 1923 2467 Quoniam
1980 2381 2066 2450 de
2103 2380 2242 2449 vita
2294 2394 2360 2450 et
2408 2381 2770 2451 miraculis

198 2476 299 2567 pii
350 2474 655 2556 Henrici,
709 2473 1154 2564 Imperatoris
1211 2471 1785 2544 christianissimi
1818 2481 1886 2541 et
1921 2469 2008 2540 de
2056 2468 2619 2542 miserationibus
2650 2492 2768 2539 va-

199 2565 324 2633 riis
373 2585 549 2650 quas
589 2562 748 2632 fecit
795 2563 866 2631 in
922 2563 1129 2632 domo
1177 2563 1474 2644 Domini,
1526 2562 1612 2631 de
1659 2560 1881 2652 signis
1929 2580 2207 2646 quoque
2253 2571 2319 2627 et
2377 2558 2760 2638 miraculis,

197 2673 378 2739 quae
414 2662 568 2741 post
616 2652 984 2721 transitum
1034 2651 1187 2740 ejus
1225 2672 1343 2751 per
1388 2672 1549 2720 eum
1577 2649 1736 2719 fecit
1770 2654 1968 2728 Deus,
2003 2646 2171 2716 satis
2210 2669 2289 2714 ac
2338 2646 2550 2735 digne
2598 2646 2766 2715 scri-

198 2753 340 2831 pta,
394 2751 634 2808 sancta
684 2739 939 2829 recepit
987 2739 1330 2808 Ecclesia:
1383 2761 1572 2807 nunc
1622 2737 1943 2807 animum
1995 2735 2293 2825 pupugit
2326 2756 2405 2804 ac
2447 2734 2517 2802 in
2570 2755 2770 2802 men-

198 2843 335 2898 tem
369 2827 554 2896 venit
602 2825 809 2895 vitam
866 2826 1354 2896 memorandae
1405 2826 1695 2916 virginis
1744 2837 2016 2894 nostrae
2083 2824 2379 2893 breviter
2424 2821 2773 2912 explicare

198 2929 264 2987 et
299 2914 676 2984 memoriae
723 2914 981 3005 scripto
1019 2913 1529 2994 commendare,
1583 2925 1661 2983 ut
1693 2911 1777 2981 ad
1831 2910 2229 3001 exemplum
2271 2911 2485 2999 hujus
2539 2931 2610 2978 se
2659 2909 2770 2977 in-

198 3016 472 3074 tuentes
519 3023 1002 3089 quaecumque
1051 3003 1354 3092 virgines
1426 3022 1910 3089 quaecumque
1955 3021 2155 3069 verae
2205 2999 2493 3080 viduae,
2549 2997 2771 3088 perfe-

199 3105 352 3162 ctae
399 3091 578 3160 vitae
628 3112 945 3160 normam
1004 3091 1428 3161 arbitrentur
1486 3088 2077 3159 conversationem
2130 3087 2344 3157 illius.
2391 3086 2770 3176 Indignum

200 3180 391 3251 enim
436 3179 638 3247 nobis
670 3189 738 3247 et
768 3179 991 3269 magis
1038 3201 1287 3268 operae
1336 3178 1634 3268 pretium
1669 3175 1882 3266 digne
1920 3175 2276 3257 duximuS,
2331 3197 2416 3244 ne
2464 3175 2568 3243 illi
2619 3174 2774 3243 offi-

201 3270 396 3369 cium
444 3266 945 3367 subtrahamus
991 3267 1155 3348 oriS,
1192 3268 1395 3357 cujus
1426 3264 1857 3356 providentia
1902 3263 2210 3351 quotidie
2239 3262 2570 3334 alimenta
2621 3284 2777 3352 per-

202 3378 513 3446 cipimus
562 3376 895 3445 corporiS.
1500 3407 1503 3410 -

294 3446 334 3531 ξ
381 3448 469 3515 4.
514 3444 811 3513 Henrico
861 3443 1092 3530 itaque
1141 3465 1290 3522 suo,
1346 3462 1513 3512 suae
1561 3440 1899 3512 castitatis
1948 3438 2455 3531 patientissimo
2505 3460 2782 3529 semper

206 3531 520 3611 custode,
577 3531 701 3602 ubi
749 3554 901 3601 eam
942 3531 1090 3601 suis
1129 3530 1497 3621 virginem,
1550 3531 1656 3600 uti
1700 3527 2202 3611 transduxerat,
2241 3528 2313 3595 in
2352 3526 2618 3597 Christo
2671 3547 2779 3595 re-

212 3619 560 3709 signavit,
614 3619 699 3687 ad
750 3619 1067 3689 coelestia
1115 3641 1294 3708 quae
1331 3619 1594 3709 jugiter
1643 3617 2061 3707 suspirabat,
2115 3615 2373 3707 gaudia
2422 3613 2777 3694 translat0,

206 3708 333 3776 illa
380 3730 455 3777 se
494 3706 584 3776 ad
619 3712 858 3788 Deum,
893 3720 971 3777 ut
1018 3729 1313 3798 semper,
1352 3719 1558 3777 totam
1611 3705 1927 3786 contulit,
1968 3706 2198 3796 ipsum
2245 3724 2410 3773 suae
2457 3702 2778 3783 castitati,

208 3795 607 3865 necessitati
668 3819 748 3865 ac
791 3795 1023 3878 saluti,
1070 3795 1271 3882 illum
1323 3796 1471 3864 suis
1516 3795 1853 3875 ecclesiis,
1911 3792 2113 3863 illum
2163 3792 2329 3862 filiis
2375 3813 2551 3878 quos
2598 3792 2661 3860 ei
2712 3791 2783 3859 in

211 3883 480 3953 Christo
512 3898 1027 4040 aggregaverat,
1061 3896 1488 3976 praesentem
1527 3884 1886 3963 advocare,
1925 3880 2182 3973 vigiliis
2212 3879 2785 3966 orationibusque

214 3971 498 4050 instare,
608 3995 668 4042 te
717 3973 1091 4063 practicam
1140 3994 1301 4043 curn
1354 3973 1654 4053 Martha,
1711 3983 1920 4040 noctu
1966 3968 2571 4058 contemplativam
2623 3990 2782 4037 cum

214 4061 426 4129 Maria
476 4059 685 4129 vitam
754 4082 954 4150 agere
1016 4081 1154 4129 non
1231 4062 1565 4131 cessabat.
1621 4065 1895 4142 Quanta
1961 4079 2116 4128 vero
2181 4057 2786 4157 eleemosynarum

218 4147 554 4238 largitate,
606 4163 867 4235 quanta
913 4149 1245 4219 orationis
1290 4149 1622 4218 instantia
1655 4170 1780 4238 pro
1827 4147 2008 4216 beati
2039 4145 2357 4236 conjugis
2387 4167 2623 4214 anima
2671 4144 2786 4213 de-

215 4236 585 4317 sudaverit,
642 4238 711 4305 in
764 4237 1158 4328 subscripta
1205 4238 1462 4337 pagina
1508 4259 1719 4323 quam
1771 4235 1926 4326 ipsa
1975 4257 2097 4326 per
2144 4257 2216 4306 se
2271 4235 2496 4325 (nam
2545 4232 2780 4302 litera-

217 4344 369 4393 rum
420 4337 487 4393 et
534 4325 787 4396 artium
822 4324 1120 4396 aliarum
1170 4325 1600 4415 distinguere
1647 4346 1821 4393 auro
1877 4323 2313 4415 gemmisque
2371 4344 2606 4394 sacras
2668 4342 2783 4390 ve-

220 4423 345 4482 stes
380 4414 826 4504 paratissima
872 4413 1032 4503 fuit)
1078 4414 1471 4506 composuit
1516 4426 1582 4483 et
1630 4413 1932 4503 scripsit,
1969 4413 2399 4501 quicumque
2447 4410 2766 4489 voluerit,
