3327 4999
182 334 293 398 Ex
339 335 373 398 J
387 333 511 398 UL.
568 318 620 399 4'
1024 353 1103 399 nn
1150 354 1208 401 s.
1261 350 1573 399 unAmeo
1620 351 1917 400 EPtSCOPo
2535 336 2666 401 593

274 437 311 518 ,ἃ
366 438 512 504 ss).
559 439 690 503 Nec
722 436 1300 522 praetereundum
1334 435 1517 521 quod
1559 449 1834 525 propter
1866 435 2091 525 ipsius
2142 436 2406 517 merita,
2449 437 2754 527 plurima

187 522 494 591 infirmis
546 522 1075 611 praestabantur
1112 524 1490 593 beneficia:
1543 536 1611 592 et
1671 523 1968 591 maxime
2027 524 2148 609 qui
2208 525 2469 594 caduco
2518 548 2759 615 grava-

185 612 450 680 bantur
500 610 763 691 morb0,
867 633 942 679 er
979 612 1133 699 ejus
1194 612 1744 681 benedictionem
1782 634 1823 680 a
1876 624 2059 680 tanto
2127 611 2604 682 liberabantur
2650 615 2759 682 in-

187 697 581 768 commodO.
650 703 796 782 Quo
901 699 993 767 ita
1053 700 1471 769 humilitatis
1518 700 1731 769 causa
1798 699 2064 769 studuit
2129 701 2522 781 occultare,
2575 714 2651 771 ut
2698 701 2755 770 si

184 786 359 856 sorte
398 786 613 872 aliqui
666 786 945 855 illorum
985 788 1162 855 hanc
1212 788 1527 857 sanitatis
1557 788 1851 878 gratiam
1892 788 2116 876 palam
2157 788 2605 876 postularent,
2638 790 2758 860 do-

189 897 359 944 num
414 875 918 945 benedictionis
979 876 1448 956 subtraheret,
1523 876 1650 944 hoc
1700 876 1925 976 magis
1972 898 2288 945 asserens
2335 878 2759 967 Apostolicae

189 963 514 1052 dignitati
563 985 773 1049 quam
854 986 1021 1033 suae
1078 986 1460 1056 congruere
1522 964 1865 1054 parvitati.
1919 969 2043 1033 Per
2088 964 2316 1034 oleum
2353 1020 2368 1047 ‚
2422 967 2510 1036 ab
2557 988 2637 1034 eo
2682 966 2754 1034 in

191 1056 416 1121 Coena
452 1052 725 1120 Domini
759 1066 1265 1135 consecratum,
1319 1052 1527 1122 variis
1589 1052 2045 1141 languoribus
2091 1051 2371 1131 detenti,
2427 1054 2758 1143 pristinae

189 1140 493 1208 restituti
545 1151 708 1209 sunt
757 1141 1074 1209 sanitati:
1131 1163 1397 1210 necnon
1446 1152 1511 1208 et
1558 1140 1919 1209 oculorum
1962 1140 2259 1230 caligine
2297 1143 2750 1224 obtenebrati,

191 1228 410 1337 hujus
453 1229 670 1296 sancti
724 1227 857 1296 olei
897 1228 1225 1297 unctione
1265 1228 1710 1297 merebantur
1757 1228 2166 1297 illuminari.

278 1323 314 1402 ς
360 1318 531 1386 2⁰.
585 1319 845 1404 Operae
882 1317 1174 1403 pretium
1211 1329 1313 1385 est
1355 1316 1627 1398 inferre,
1667 1316 1964 1402 qualiter
2009 1317 2214 1386 etiam
2254 1317 2404 1407 ipse
2445 1339 2568 1408 per
2609 1318 2759 1387 effi-

187 1404 513 1473 cientiam
568 1404 778 1493 hujus
827 1405 1047 1474 sancti
1099 1404 1411 1491 liquoris,
1445 1417 1861 1474 consecutus
1907 1418 2009 1473 est
2048 1405 2341 1495 gratiam
2377 1405 2749 1496 sospitatis.

188 1492 502 1575 Quodam
556 1492 818 1578 itaque·
839 1506 1143 1581 tempore
1176 1493 1263 1561 ad
1308 1493 1801 1562 monasterium
1856 1493 2401 1581 campidonense
2448 1494 2751 1576 venien3‚

192 1592 378 1650 tanta
430 1579 833 1649 infirmitate
884 1580 1264 1662 tenebatur,
1323 1593 1395 1650 ut
1428 1603 1566 1650 non
1617 1581 1755 1649 nisi
1803 1581 1981 1649 inter
2013 1580 2308 1649 aliorum
2356 1604 2608 1653 manus
2638 1604 2759 1651 su-

191 1679 559 1748 stentatuS,
628 1689 979 1754 quoquam
1052 1682 1282 1758 posset
1342 1691 1657 1757 gressum
1713 1670 2005 1749 movere,
2061 1669 2162 1737 vel
2213 1669 2379 1755 quid
2431 1670 2571 1739 cibi
2634 1692 2758 1760 pro

194 1756 616 1826 recreatione
648 1757 899 1824 virium
944 1756 1320 1845 percipere.
1354 1762 1545 1826 Tunc
1579 1757 1710 1825 sub
1760 1757 1950 1825 omni
1998 1756 2340 1826 celeritate
2378 1763 2756 1845 Augustam

189 1845 519 1914 mittitur:
580 1844 807 1913 oleum
861 1845 949 1913 ab
982 1867 1060 1913 eo
1108 1857 1613 1925 consecratum,
1647 1844 1974 1914 defertur.
2030 1851 2177 1927 Quo
2217 1846 2286 1913 in
2320 1845 2474 1936 ipsa
2523 1858 2761 1917 sancta

195 1938 626 2004 Pentecostes
678 1933 936 2022 vigilia,
978 1932 1147 2001 hora
1190 1933 1328 2000 diei
1380 1937 1563 2002 nona
1612 1934 1991 2011 delibutuS,
2047 1935 2390 2006 intantum
2439 1956 2557 2023 per
2603 1957 2760 2024 gra-

197 2022 364 2090 tiam
420 2021 535 2090 Dei
572 2036 813 2089 contra
863 2043 1055 2110 spem
1107 2022 1423 2089 omnium
1494 2021 1725 2090 subito
1772 2017 2156 2101 convaluit,
2213 2035 2288 2091 ut
2332 2043 2406 2090 se
2454 2022 2763 2091 reficeret

194 2109 373 2190 cibo,
433 2132 511 2177 ac
575 2133 734 2178 cum
804 2108 1138 2180 fratribus
1188 2109 1614 2199 vespertinae
1663 2109 1901 2196 synaxi
1953 2110 2325 2180 incolumis
2374 2110 2754 2191 interesset,

193 2208 546 2283 totamque
579 2198 906 2267 instantis
955 2197 1341 2267 festivitatis
1390 2198 1572 2267 diem
1631 2197 1925 2287 spiritali
1983 2198 2407 2268 ‘ucunditate
2455 2199 2760 2267 celebra-

195 2297 319 2354 ret.
377 2287 622 2370 Sicque
670 2286 998 2356 omnibus
1050 2287 1114 2354 in
1168 2307 1541 2354 commune
1589 2285 1966 2375 gratulanti
2021 2308 2140 2366 us,
2195 2286 2342 2376 ipse
2402 2308 2640 2378 sospes
2688 2288 2757 2355 in

207 2395 407 2443 suam
460 2373 688 2441 sedern
739 2386 840 2444 est
889 2396 1227 2443 reversus,
1680 2390 1684 2395 ·
1891 2434 1899 2443 .

287 2467 324 2548 ς’
379 2466 522 2535 21.
578 2462 890 2544 Quodam
943 2475 1246 2556 tempore
1295 2484 1458 2532 cum
1510 2461 1612 2536 vir
1654 2463 1768 2530 Dei
1828 2462 2179 2530 Vindicem
2235 2461 2523 2531 fluvium
2584 2474 2763 2532 esset

201 2551 648 2630 transituruS,
706 2551 1048 2620 intantum
1115 2551 1288 2619 alvei
1337 2551 1490 2640 ejus
1537 2573 1824 2619 cursum
1888 2552 2268 2620 excrevisse
2333 2551 2631 2631 invenit,
2686 2562 2763 2620 ut

194 2638 435 2707 nullus
483 2661 770 2707 suorum
821 2639 1110 2708 auderet
1162 2640 1454 2708 transire
1518 2661 1639 2728 per
1716 2638 1942 2707 illum.
2010 2645 2199 2707 Tunc
2249 2639 2614 2712 sociissui
2655 2640 2759 2707 iti·

196 2728 384 2798 neris
415 2727 859 2807 abeuntibuS,
902 2741 965 2796 et
1001 2727 1278 2808 vadum,
1319 2728 1545 2796 sicubi
1584 2739 1863 2817 possent
1915 2727 2233 2815 reperire,
2270 2727 2353 2795 ad
2400 2740 2765 2796 transeun-

190 2816 360 2884 dum
409 2816 924 2902 quaerentibus,
980 2816 1127 2906 ipse
1160 2837 1320 2884 cum
1352 2838 1495 2885 uno
1524 2816 1776 2884 clerico
1825 2815 2017 2884 solus
2053 2815 2406 2896 remansit,
2444 2838 2523 2883 ac
2560 2837 2760 2904 prae-

191 2904 457 2972 dictum
507 2905 799 2974 fluvium
833 2904 982 2972 sine
1030 2904 1264 2989 aliqua
1316 2904 1770 2993 trepidatione
1804 2904 1872 2972 in
1917 2905 2196 2972 nomine
2228 2904 2496 2972 Domini
2531 2916 2759 2973 trans-

193 2992 335 3061 ivit.
408 2998 486 3062 Et
531 3005 609 3062 ut
660 2993 880 3082 magis
930 2992 1235 3070 mireris,
1304 2993 1600 3060 clericus
1663 2992 1892 3060 altiori
1956 2992 2224 3060 caballo
2294 2992 2655 3071 residenS,
2722 3014 2765 3061 a

192 3080 477 3169 cingulo
511 3081 833 3151 deorsum
886 3102 958 3148 se
1009 3094 1221 3148 totum
1258 3085 1438 3165 aqua
1474 3080 1809 3148 infusum:
1859 3080 1945 3149 de
1979 3081 2299 3170 Episcopi
2340 3093 2568 3149 autem
2608 3103 2762 3150 soc-

192 3169 294 3237 cis
334 3190 371 3236 e
419 3190 583 3258 sago
630 3168 827 3237 sactis
874 3189 1047 3253 quos
1084 3181 1359 3257 propter
1407 3167 1629 3266 frigus
1680 3168 2020 3248 induerat,
2077 3191 2202 3238 nec
2255 3169 2497 3239 saltem
2535 3191 2761 3238 unum

194 3256 421 3346 pilum
475 3254 931 3323 madefactum
986 3255 1351 3345 perspexit.
1409 3261 1528 3324 Cui
1579 3256 1773 3324 valde
1823 3278 2032 3345 super
2065 3258 2193 3326 hoc
2241 3257 2617 3326 admiranti
2655 3258 2759 3325 in-

198 3343 608 3414 terminatus
655 3354 778 3425 est,
817 3343 1095 3413 dicens:
1138 3348 1372 3415 «Cave.
1432 3365 1538 3411 me
1586 3345 1815 3412 adhuc
1867 3359 2186 3414 manente
2234 3345 2304 3412 in
2357 3368 2588 3421 carne,
2630 3345 2761 3413 hoc

197 3431 410 3502 alicui
461 3431 722 3501 dicere:
798 3432 1210 3501 humilitatis
1262 3432 1669 3521 magistrum
1729 3454 2024 3517 sequens
2059 3434 2180 3518 qui
2243 3433 2328 3501 de
2395 3434 2767 3522 semetipso

196 3519 568 3609 discipulis
632 3522 1001 3609 praecepit,
1054 3534 1131 3587 ut
1179 3520 1512 3588 visionem
1562 3541 1774 3605 quam
1839 3521 2210 3600 vidissent,
2267 3521 2529 3588 nemini
2580 3522 2767 3590 dice-

204 3622 380 3688 rent,
437 3608 657 3676 donec
714 3609 929 3678 Filius
980 3607 1285 3677 hominis
1334 3631 1374 3676 a
1426 3609 1717 3676 mortuis
1753 3621 2158 3697 resurgeret.
2197 3614 2338 3676 Tua
2388 3621 2552 3676 sunt
2603 3610 2769 3678 haec

196 3721 239 3767 o
289 3697 551 3765 Christe
599 3719 844 3786 opera,
906 3708 1179 3764 tuarum
1245 3697 1626 3785 gratiarum
1678 3696 1810 3763 insi
1870 3695 1982 3763 nia
2030 3697 2149 3782 qui
2202 3696 2271 3764 in
2324 3697 2583 3765 sanctis
2632 3697 2770 3766 tuis

194 3787 404 3855 etiam
458 3806 644 3854 nunc
693 3785 975 3870 antiqua
1022 3805 1387 3853 coruscare
1437 3782 1607 3852 facis
1648 3784 1820 3851 mira
1881 3783 2021 3852 ilia.
2075 3784 2203 3866 Qui
2254 3785 2438 3852 enim
2493 3785 2594 3853 illi
2644 3807 2770 3854 an-

194 3875 390 3960 tiquo
440 3873 911 3942 Hebraeorum
979 3872 1235 3962 populo
1283 3871 1637 3958 quondam
1692 3872 1913 3941 diviso
1966 3873 2135 3940 mari
2206 3872 2416 3942 rubro
2492 3874 2771 3943 aridum

196 3965 326 4032 iter
379 3962 803 4052 praebuisti:
871 3973 944 4030 tu
997 3961 1182 4030 hunc
1241 3959 1585 4029 famulum
1657 3972 1855 4028 tuum
1919 3982 2040 4049 per
2089 3961 2270 4029 idem
2351 3961 2772 4031 elementum

202 4051 408 4120 siccis
451 4051 758 4120 vestibus
810 4050 1215 4118 traduxisti:
1264 4049 1398 4117 nisi
1448 4048 1633 4135 quod
1682 4047 1823 4116 illis
1871 4071 2090 4135 aquae
2138 4063 2334 4118 erant.
2389 4073 2511 4140 pro
2556 4050 2775 4128 muris

197 4163 235 4208 a
278 4140 537 4208 dextris
585 4154 652 4208 et
699 4163 739 4208 a
773 4138 1098 4220 sinistris,
1155 4151 1230 4205 ut
1269 4138 1475 4206 siccis
1528 4137 1835 4226 vestigiis
1871 4160 1992 4227 per
2029 4139 2331 4207 medium
2373 4141 2768 4209 transirent:

198 4228 330 4297 iste
381 4250 536 4296 vero
588 4250 709 4318 per
758 4227 1022 4296 medias
1075 4227 1416 4295 transiens
1467 4248 1808 4314 aquarum
1861 4225 2127 4308 undas,
2188 4228 2253 4296 in
2300 4228 2492 4296 nullo
2545 4226 2775 4296 made-

203 4315 447 4398 factuS,
505 4330 568 4386 te
614 4318 813 4396 duce,
852 4315 1158 4406 pervenit
1206 4316 1288 4383 ad
1326 4314 1558 4384 litus.»
1605 4315 1750 4384 Alio
1787 4315 1943 4384 item
1981 4327 2289 4404 tempore
2337 4317 2504 4385 dum
2555 4316 2774 4384 Ratis-

206 4404 462 4474 bonam
531 4407 806 4495 navigio
874 4427 997 4495 per
1046 4405 1440 4473 Danubium
1515 4404 1871 4487 tenderet,
1943 4426 2023 4474 ex
2080 4404 2352 4474 incuria
2401 4418 2773 4473 nautarum

379 4525 620 4581 surius
648 4553 672 4567 ·
717 4521 873 4582 Vitae
896 4522 1004 4585 SS.
1034 4554 1059 4565 -
1084 4522 1211 4582 Vol.
1254 4521 1355 4578 111.
2539 4526 2614 4580 38
