3327 4999
215 351 468 417 MART.
522 350 604 415 22
909 366 986 412 nn
1034 366 1089 412 s,
1143 364 1500 414 emmanu
1546 364 1717 412 vmc.
1769 365 1843 411 m·
1890 364 2082 411 vmuA
2532 347 2663 412 449

216 449 550 541 pleraque
580 446 717 517 alia
762 446 825 515 ei
859 446 1195 515 revelavit.
1236 451 1311 515 Et
1344 446 1463 514 illa
1490 445 1770 531 quidem
1812 442 2245 515 sanctissima
2279 457 2590 514 matrona
2620 451 2752 514 Ro-

218 559 377 607 mae
418 536 735 605 defuncta
783 547 885 605 est
929 545 993 604 et
1032 535 1353 604 humata:
1408 534 1524 606 sed
1577 547 1727 624 post
1772 534 2079 620 quinque
2125 532 2542 621 septimanas
2588 533 2752 603 inde

216 626 551 695 recedens
584 624 726 693 filia
756 625 930 713 ejus,
967 645 1201 693 secum
1239 623 1389 713 ejus
1423 644 1652 693 sacras
1688 622 2010 709 reliquias
2040 620 2457 710 absportavit
2484 622 2553 689 in
2585 626 2753 691 Sue-

216 714 439 784 diam.
484 713 765 783 Interim
818 712 1071 781 multae
1101 711 1187 780 ad
1235 733 1390 781 eam
1419 710 1835 789 accedebant
1866 724 2215 780 matronae
2264 720 2411 778 tum
2461 710 2746 793 nobileS‚

219 816 371 873 tum
421 803 624 872 etiam
656 824 692 870 e
726 801 943 891 plebe,
984 822 1213 872 sacras
1245 800 1400 870 illas
1433 799 1760 885 reliquias
1791 799 2025 868 devote
2058 798 2548 868 exosculantes:
2580 821 2753 885 quas

217 892 416 981 virgo
457 902 691 962 sancta
740 890 1161 969 hortabatur,
1197 901 1275 958 ut
1320 887 1730 980 posthabitis
1778 888 2020 956 mundi
2081 887 2370 958 labentis
2416 887 2755 958 illecebris

222 1002 307 1049 ac
350 978 652 1080 pompiS,
708 978 1117 1048 coelestibus
1165 977 1365 1046 bonis
1412 978 1730 1047 ardenter
1775 976 2144 1046 inhiarent.
2203 980 2280 1044 Et
2326 975 2527 1045 multi
2593 997 2757 1046 sane

222 1080 590 1153 utriusque
637 1088 838 1138 sexus
899 1066 1186 1146 nobileS,
1240 1066 1388 1156 ejus
1436 1065 1870 1134 sermonibus
1910 1064 2223 1155 permoti,
2263 1064 2348 1132 ad
2400 1063 2752 1134 meliorem

224 1179 375 1227 sese
422 1159 689 1256 frugem
722 1177 1055 1245 recepere.
1099 1156 1289 1224 Venit
1323 1154 1591 1224 tandem
1625 1175 1785 1223 cum
1815 1176 2009 1223 sacro
2041 1153 2323 1243 pignore
2351 1153 2755 1223 Dantiscum

222 1245 299 1313 in
333 1251 704 1325 Prusslam,
741 1245 862 1314 ubi
895 1266 1059 1313 sane
1089 1244 1407 1313 severiter
1433 1242 1868 1333 reprehendit
1896 1255 2170 1332 peccata
2195 1241 2744 1332 Crucigerorum,

224 1334 719 1424 proposuitque
765 1333 863 1401 eis
896 1333 1118 1401 minas
1153 1331 1512 1412 terribiles,
1567 1331 1900 1400 divinitus
1950 1331 2151 1400 matri
2198 1331 2345 1419 ejus
2394 1330 2744 1400 revelataS.

225 1428 494 1492 Poterat
540 1433 684 1490 tum
719 1422 946 1490 dicere
991 1443 1150 1489 cum
1193 1422 1556 1512 propheta:
1612 1420 1964 1508 Loquebar
2027 1420 2097 1488 in
2155 1418 2563 1490 testimoniis
2611 1418 2751 1489 tuis

225 1512 301 1580 in
368 1522 736 1600 conspectu
800 1509 1233 1599 principum,
1299 1521 1363 1577 et
1417 1530 1552 1577 non
1608 1507 2099 1578 confundebar.
2162 1507 2537 1597 Stupebant
2600 1529 2756 1577 vero

229 1600 335 1669 illi
382 1621 540 1668 curn
590 1598 821 1667 divina
870 1598 1202 1687 sapientia
1248 1598 1686 1687 conjunctam
1739 1597 2026 1687 virginis
2086 1595 2567 1682 eloquentiam,
2631 1618 2755 1667 nec

226 1689 452 1780 potuit
498 1688 862 1774 quisquam
913 1686 1376 1755 contradicere
1424 1709 1573 1755 vera
1624 1685 1949 1771 loquenti.
2007 1684 2174 1754 Inde
2219 1684 2374 1753 navi
2426 1698 2543 1754 ant
2583 1689 2752 1753 Sue-

231 1777 418 1846 diam
447 1798 707 1856 versus,
745 1787 809 1843 et
833 1775 1027 1845 stella
1047 1775 1241 1856 duce,
1274 1797 1450 1861 quae
1477 1774 1611 1844 Soli
1634 1772 1885 1843 sfertur
1905 1795 2265 1863 superasse
2292 1795 2372 1863 sp
2402 1773 2749 1856 endorem,

231 1865 520 1935 meridie
568 1864 973 1953 perveniunt
1019 1863 1104 1932 ad
1144 1863 1512 1950 quemdam
1566 1862 1851 1932 Suediae
1887 1876 2180 1952 portum,
2219 1861 2304 1929 de
2350 1884 2485 1948 quo
2534 1883 2618 1930 ne
2644 1884 2756 1931 co·

236 1954 532 2043 gitarant
578 1953 882 2039 quidem.
922 1953 1089 2021 Inde
1122 1952 1476 2033 solventes,
1530 1951 1889 2041 appellunt
1924 1950 2008 2019 ad
2055 1950 2547 2041 Ostrogotthiae
2596 1971 2755 2039 por-

238 2055 381 2112 tum
454 2041 1107 2126 Sudhercopensem.
1158 2040 1279 2109 Ubi
1327 2062 1562 2109 eorum
1613 2040 1947 2114 adventus
1995 2039 2313 2115 innotuit,
2366 2059 2568 2125 quem
2603 2039 2752 2127 jam

236 2130 439 2200 multi
485 2130 681 2198 avide
727 2140 1255 2219 expectaverant,
1310 2128 1674 2197 innumera
1725 2128 1823 2198 eis
1861 2128 2157 2197 occurrit
2216 2126 2584 2195 multitudo
2632 2147 2757 2193 no-

231 2219 507 2298 bilium,
563 2217 1009 2308 plebeiorum,
1045 2218 1446 2287 clericorum
1475 2228 1539 2286 et
1572 2216 2065 2285 monachorum
2098 2215 2218 2303 qui
2250 2215 2403 2283 illos
2432 2226 2495 2283 et
2520 2236 2752 2283 sacras

235 2306 565 2394 reliquias
614 2311 678 2375 S.
717 2306 1056 2396 Birgittae,
1100 2306 1608 2392 multorumque
1640 2304 1932 2374 aliorum
1963 2317 2382 2382 sanctorum,
2414 2325 2586 2390 quas
2615 2325 2757 2372 ma-

238 2395 327 2463 tri
373 2407 446 2464 et·
482 2396 662 2464 filiae
711 2395 1126 2464 donaverant
1173 2394 1596 2473 Cardinales‚
1655 2414 1725 2461 re
1780 2394 1891 2462 ina
1952 2392 2412 2482 Neapolitana,
2466 2393 2757 2461 barones

237 2496 306 2554 et
364 2483 625 2554 nobiles
674 2496 1023 2554 matronae
1089 2488 1471 2564 Romanae,
1539 2505 1740 2573 comp
1777 2504 2066 2568 uresque
2115 2481 2529 2550 monasticae
2582 2480 2751 2550 vitae

240 2573 677 2663 professoreS,
730 2596 888 2642 cum
942 2573 1309 2663 praecipua
1357 2572 1710 2642 devotione
1756 2582 1821 2640 et
1872 2571 2123 2662 gaudio
2157 2592 2374 2656 usque
2402 2570 2486 2638 ad
2521 2591 2758 2638 mona-

242 2660 527 2730 sterium
584 2666 994 2731 Watstenam
1043 2661 1405 2731 deduxere.
1466 2667 1750 2730 Venerat
1803 2682 1959 2729 cum
2012 2665 2075 2729 S.
2117 2658 2474 2728 Catharina
2521 2662 2758 2726 Petrus

240 2750 327 2818 de
356 2748 653 2819 Alvastro
702 2750 965 2820 ordinis
1000 2750 1423 2820 Cisterciensi
1470 2750 1658 2818 Prior
1706 2749 2078 2818 admodum
2122 2746 2551 2816 venerabilis,
2606 2751 2672 2814 Is
2718 2767 2760 2815 a

238 2838 708 2929 Sudhercopia
758 2844 1164 2910 Watstenam
1201 2861 1419 2926 usque
1453 2839 1523 2907 in
1558 2837 1851 2906 urbibus
1896 2850 1959 2906 et
2009 2837 2201 2926 pagis
2232 2835 2468 2905 crebro
2499 2856 2757 2905 sermo-

236 2948 398 2995 nem
449 2927 689 2996 habuit
747 2928 830 2996 ad
883 2927 1217 3017 populum
1263 2928 1745 3006 confluentem,
1802 2948 2145 3016 exponens
2192 2924 2291 2995 eis
2335 2945 2543 3011 quam
2585 2923 2762 2992 mira

236 3021 417 3084 Deus
448 3038 569 3106 per
615 3016 805 3085 illam
856 3016 1145 3096 fecisset,
1181 3015 1592 3102 quantisque
1641 3015 1995 3084 miraculis
2031 3014 2438 3083 illustrasset
2467 3023 2757 3081 matrem

234 3105 391 3193 ejus
441 3105 943 3173 sanctissimam
992 3103 1340 3204 Birgittam
1384 3104 1673 3174 diversis
1721 3103 1789 3171 in
1841 3103 2261 3192 regionibus,

326 3197 363 3279 ξ
427 3199 577 3264 ss).
633 3198 799 3261 Cum
849 3192 1241 3281 Lincopiam
1274 3193 1567 3261 venisset
1615 3196 1680 3260 S.
1727 3192 2087 3261 Catharina
2124 3213 2282 3259 cum
2333 3189 2546 3259 sacris
2601 3187 2761 3257 reli-

239 3281 447 3368 quiiS,
476 3287 524 3350 N
534 3280 792 3352 icolaus
822 3291 1094 3350 sanctae
1125 3281 1493 3351 memoriae
1521 3281 1671 3369 ejus
1697 3281 1891 3350 urbis
1912 3280 2287 3369 Episcopus
2313 3278 2582 3347 obviam
2656 3297 2763 3345 ro-

236 3370 463 3450 cessit,
511 3370 717 3456 idque
747 3369 882 3440 ritu
928 3368 1241 3450 solemni,
1277 3390 1438 3438 cum
1480 3369 1660 3438 clero
1705 3381 1771 3437 et
1809 3368 2186 3449 monachis,
2232 3389 2318 3457 po
2375 3367 2488 3436 ulo
2519 3388 2601 3435 su
2655 3387 2760 3434 se-

236 3472 511 3545 quente.
535 3458 994 3534 Pulsabantur
1011 3480 1408 3548 campanae,
1438 3457 1847 3526 resonabant
1866 3479 2146 3546 organa,
2180 3457 2294 3524 lau
2347 3477 2417 3523 es
2434 3454 2768 3524 caneban-

237 3559 355 3617 tur
382 3552 511 3616 Deo
543 3547 663 3634 qui
694 3558 797 3616 est
825 3546 1160 3616 mirabilis
1189 3548 1254 3614 in
1288 3545 1543 3615 sanctis
1570 3546 1735 3616 suis.
1773 3555 1837 3613 et
1870 3545 2205 3634 glorificat
2237 3543 2765 3612 honorificantes

237 3658 337 3705 se.
376 3636 501 3705 Ubi
529 3637 612 3705 ad
645 3636 972 3725 majorem
1002 3634 1238 3703 aedem
1277 3646 1551 3705 ventum
1586 3647 1707 3714 est,
1743 3633 2068 3702 concione
2099 3632 2432 3712 absoluta,
2488 3631 2765 3720 Episco-

238 3746 412 3814 pum
448 3736 512 3794 et
557 3724 922 3794 canonicos
955 3723 1237 3793 seorsim
1285 3732 1609 3791 convocat
1657 3721 2040 3802 Gatharina,
2094 3743 2220 3790 sua
2251 3719 2520 3809 negotia
2549 3719 2765 3809 expli-

239 3824 372 3894 cat,
411 3825 475 3882 et
514 3813 745 3903 ipsum
795 3812 1162 3882 antistitem
1198 3834 1356 3880 cum
1392 3811 1606 3879 multa
1636 3810 2009 3878 reverentia
2033 3810 2118 3878 de
2146 3806 2562 3895 quibusdam
2586 3808 2768 3898 jeju-

244 3902 385 3971 niis
432 3902 902 3971 immoderatis
927 3900 1307 3970 admonuit.
1341 3898 1548 3968 Multo
1577 3897 1759 3968 enim
1817 3909 1946 3966 tem
2003 3920 2117 3968 ore
2148 3895 2247 3965 illi
2276 3918 2345 3966 se
2373 3896 2764 3978 incluserat,

241 3990 373 4061 soli
407 3995 535 4060 Deo
584 4013 835 4061 vacans
883 3989 950 4058 in
1017 3988 1310 4077 ’ejuniis,
1350 3987 1602 4075 vigiliis
1649 3999 1714 4056 et
1767 3988 1953 4076 preci
2003 4009 2108 4068 uS,
2165 3985 2551 4075 posthabita
2599 3988 2770 4054 cura

240 4078 593 4169 pastorali:
629 4102 763 4148 non
796 4078 978 4166 quod
1001 4013 1311 4147 *laborem
1345 4076 1765 4157 detrectaret,
1802 4075 1917 4144 sed
1950 4075 2129 4162 quod
2168 4073 2347 4142 mala
2377 4073 2769 4160 usqueadeo

241 4168 696 4238 excrevissent
741 4169 812 4237 in
848 4188 1057 4257 regno
1088 4165 1396 4244 Suediae,
1428 4176 1504 4234 ut
1532 4165 1703 4234 citra
1727 4164 1888 4234 cleri
1917 4177 1981 4233 et
2019 4162 2458 4233 ecclesiarum
2488 4162 2770 4252 dispen-

244 4255 361 4325 dia
390 4279 525 4326 non
558 4268 782 4346 posset
822 4277 893 4325 se
919 4278 1199 4325 murum
1229 4275 1571 4344 opponere
1601 4276 1725 4344 pro
1750 4254 1952 4322 domo
1982 4252 2270 4323 Domini.
2298 4250 2489 4322 Zelus
2518 4251 2768 4320 domus

245 4346 364 4413 Dei
410 4346 798 4416 comederat
847 4367 1030 4427 eum,
1093 4354 1158 4413 et
1219 4343 1588 4434 opprobria
1641 4342 2194 4433 exprobrantium
2231 4340 2606 4432 privilegiis
2654 4362 2766 4409 ec-

241 4430 494 4504 clesiae
539 4435 925 4505 ceciderant
990 4455 1200 4523 super
1262 4456 1378 4504 cor
1440 4432 1612 4524 ejus.
1683 4432 1809 4504 Sed
1875 4432 2107 4504 audito
2154 4429 2442 4521 sapienti
2492 4439 2767 4498 sanctae

406 4547 646 4606 surius
662 4576 687 4591 -
712 4545 872 4608 Vitae
895 4544 1004 4608 SS.
1024 4574 1051 4590 ·
1068 4543 1195 4604 Vol.
1236 4542 1340 4602 111.
2531 4539 2609 4598 29
