3327 4999
197 343 444 411 MART.
498 343 581 410 ⁴7
1080 364 1159 410 nr.
1206 364 1263 411 s.
1317 362 1643 412 aramum:
1690 363 1859 411 was.
2526 346 2641 411 341

194 443 416 513 utillo
460 453 669 531 caput
712 442 864 532 ejus
912 453 1273 532 tegeretur:
1322 466 1522 535 porro
1549 444 1620 514 in
1656 442 1973 534 sepulcro
2001 441 2311 513 cilicium
2345 455 2740 534 poneretur:

199 553 327 601 nec
373 530 508 601 alio
556 532 980 623 operimento
1029 554 1100 601 se
1148 534 1417 623 contegi
1455 532 1706 613 voluit,
1772 533 1908 602 nisi
1955 531 2204 613 cilicio,
2259 554 2396 619 quo
2445 545 2588 604 erat
2635 533 2745 602 in-

201 621 373 690 duta
417 631 484 689 et
532 642 761 711 panno
792 621 999 690 veteri
1038 642 1175 708 quo
1207 622 1515 693 cilicium
1564 620 1738 690 illud
1784 621 2156 711 tegebatur.
2211 621 2483 691 Dicebat
2527 622 2740 704 enim,

195 711 554 799 superflua
584 709 755 779 nihil
808 732 1031 797 neque
1080 710 1503 792 viventibuS,
1552 732 1774 797 neque
1837 710 2292 780 morientibus
2341 733 2539 800 posse
2583 733 2746 780 con-

195 798 397 869 ferre:
450 798 633 885 quod
682 799 960 885 quidem
996 799 1089 868 ita
1136 822 1208 869 se
1255 800 1528 879 habere,
1582 801 1788 869 etiam
1836 800 2178 890 sapientes
2227 798 2602 871 affirmant.

280 890 317 974 ξ
366 892 449 959 S.
508 891 673 957 Cum
731 889 861 956 'am
962 910 1123 978 rope
1162 888 1430 958 adesset
1476 888 1623 958 dies
1672 888 1764 956 mi
1823 889 2105 958 rationis
2151 888 2323 977 ejuS,
2366 888 2493 958 uni
2537 888 2622 957 ad
2667 908 2745 957 se

198 979 416 1046 accito
457 998 493 1044 e
525 976 717 1045 fratri
770 998 854 1046 us
901 911 1305 1047 gixittmbi
1368 977 1679 1046 celeriter
1724 910 1818 1046 aff
1862 977 2058 1047 illum
2109 977 2550 1068 peregrinum
2600 997 2747 1045 mo—

202 1066 508 1135 nachum
558 1065 676 1152 qui
721 1065 1007 1137 Ultanus
1056 1066 1342 1145 dicitur,
1405 1067 1726 1156 degitque
1774 1066 1841 1135 in
1895 1066 2307 1135 monasterio
2346 1066 2527 1153 quod
2581 1070 2746 1135 Fos-

200 1176 453 1225 suense
502 1154 875 1244 appellant,
927 1155 1254 1241 dicasque
1301 1155 1439 1224 illi:
1496 1157 1696 1246 Virgo
1742 1155 1985 1224 Christi
2028 1154 2381 1224 Gertrudis
2416 1154 2604 1224 misit
2632 1175 2746 1223 me

198 1243 628 1325 sciscitatum
678 1266 757 1312 ex
808 1256 867 1313 te
913 1265 1051 1331 quo
1085 1245 1172 1313 sit
1218 1243 1330 1314 die
1373 1246 1460 1313 ab
1498 1244 1626 1312 hac
1677 1244 1830 1313 luce
1879 1243 2267 1325 decessura,
2307 1242 2502 1311 valde
2549 1243 2738 1312 enim

194 1354 266 1402 se
314 1331 690 1402 formidare
736 1332 924 1413 dicit,
966 1332 1351 1422 pariterque
1384 1332 1644 1402 laetari.
1683 1338 1887 1402 Porro
1936 1333 2022 1403 ab
2078 1332 2196 1401 illo
2245 1332 2616 1401 auditurus
2670 1354 2745 1401 es

190 1443 365 1506 quae
415 1421 503 1489 ad
545 1443 649 1489 me
696 1442 1028 1511 responsa
1076 1422 1323 1491 referre
1352 1422 1674 1490 debeas.»
1708 1422 1828 1490 Abi
1876 1421 2089 1511 igitur
2135 1420 2307 1489 nihil
2360 1421 2733 1490 haesitans.

196 1511 377 1580 Fecit
406 1509 522 1578 ille
553 1509 734 1595 quod
769 1511 1014 1598 jussus
1042 1524 1220 1580 erat:
1262 1511 1750 1601 responditque
1781 1511 1843 1579 ei
1878 1533 2113 1581 servus
2151 1509 2392 1579 Christi
2423 1509 2736 1579 Ultanus:

200 1599 553 1668 «Crastino
601 1598 711 1666 die
759 1597 937 1668 intra
972 1600 1333 1670 Missarum
1376 1599 1713 1669 solemnia
1760 1599 2004 1669 Christi
2055 1600 2246 1689 virgo
2303 1598 2658 1668 Gertrudis
2705 1619 2745 1669 e

194 1707 481 1777 corpore
522 1686 876 1757 abscedet:
929 1688 1118 1757 dicas
1152 1710 1306 1756 vero
1353 1688 1479 1769 illi,
1533 1711 1619 1757 ne
1661 1688 2036 1776 quicquam
2079 1687 2368 1777 trepidet
2406 1687 2491 1756 ad
2534 1708 2743 1757 suum

192 1776 485 1856 obitum,
532 1776 649 1844 sed
701 1775 875 1845 laeta
916 1777 1410 1866 proficiscatur,
1449 1790 1684 1847 sancto
1720 1777 1993 1846 Patritio
2023 1777 2343 1867 episcopo
2385 1799 2543 1845 cum
2582 1777 2744 1845 bea-

196 1864 486 1934 tissimis
517 1865 848 1955 angelicis
875 1866 1233 1955 spiritibus
1260 1888 1418 1936 cum
1472 1866 1734 1957 ingenti
1773 1866 1992 1956 gloria
2038 1866 2260 1956 ipsam
2303 1878 2743 1954 exceptum.»

203 1956 467 2021 Interro
518 1968 673 2022 ante
720 1952 946 2036 fratre,
992 1977 1159 2023 num
1211 1955 1377 2024 haec
1413 1954 1746 2024 divinitus
1794 1955 1928 2044 ipsi
1974 1966 2202 2024 essent
2249 1953 2562 2033 revelata,
2620 1952 2741 2021 ille

208 2060 457 2129 respon
511 2043 596 2110 it:
637 2046 709 2110 «1
738 2045 1045 2132 propere,
1101 2055 1327 2113 certus
1365 2042 1553 2112 illam
1602 2066 1757 2112 cras
1805 2044 2091 2113 Domino
2141 2043 2458 2134 spiritum
2513 2040 2745 2109 reddi-

206 2140 458 2198 turam.
510 2130 681 2212 Quid
714 2145 1058 2221 praeterea
1102 2153 1181 2201 ex
1215 2153 1324 2202 me
1356 2131 1736 2218 requiriSP»
1768 2132 1943 2201 Abiit
1975 2132 2203 2218 itaque
2246 2132 2449 2201 frater
2480 2143 2544 2199 et
2591 2152 2739 2199 om-

206 2217 319 2286 nia
363 2217 597 2289 ordine
634 2220 976 2289 enarravit
1022 2231 1297 2290 sanctae
1345 2220 1687 2290 Gertrudi.
1725 2220 1850 2289 Illa
1895 2221 2098 2307 quasi
2143 2243 2180 2289 e
2227 2241 2469 2290 somno
2525 2217 2741 2308 evigi-

205 2305 381 2387 lanS‚
426 2309 679 2397 gratias
727 2309 864 2399 egit
932 2315 1064 2378 Deo
1107 2309 1292 2396 quod
1363 2330 1485 2410 per
1541 2331 1815 2378 servum
1885 2332 2090 2379 suum
2139 2309 2362 2399 ipsam
2412 2308 2741 2398 dignatus

199 2409 378 2465 esset
422 2397 799 2467 consolari:
862 2397 1299 2485 multumque
1359 2398 1476 2468 illa
1540 2398 1995 2488 promissione
2059 2397 2469 2478 exhilarata,
2533 2409 2743 2465 totam

196 2501 461 2555 noctem
513 2509 672 2556 cum
722 2487 1073 2557 sororibus
1107 2486 1178 2556 in
1223 2486 1508 2578 psalmis
1555 2499 1618 2557 et
1677 2487 2000 2577 precibus
2057 2486 2252 2556 duxit
2295 2487 2732 2556 insomnem:

200 2574 308 2643 die
372 2587 600 2644 autem
660 2588 929 2665 postero
984 2576 1102 2663 qui
1160 2588 1304 2646 erat
1352 2576 1784 2659 Dominicus‚
1839 2578 2005 2646 hora
2059 2575 2330 2645 circiter
2384 2587 2570 2644 sexta
2606 2629 2621 2654 ‚
2666 2584 2746 2643 ut

199 2663 302 2731 vir
347 2664 462 2733 Dei
507 2664 955 2755 praedixerat,
1009 2664 1551 2736 sacratissimum
1604 2665 1851 2735 Christi
1898 2665 2205 2755 corporis
2254 2676 2318 2734 et
2377 2662 2742 2754 sanguinis

195 2752 515 2822 viaticum
554 2753 856 2843 accepit:
910 2767 1210 2841 cumque
1241 2755 1556 2824 sacerdos
1605 2777 1873 2844 precem
1906 2753 2097 2822 illam
2136 2775 2345 2840 quam
2398 2757 2741 2822 Secretam

193 2856 454 2922 vocant,
514 2841 936 2923 absolvisset,
976 2865 1158 2913 anno
1197 2843 1435 2913 aetatis
1456 2865 1621 2913 suae
1670 2843 2236 2923 tricesimoterti0‚
2293 2847 2375 2910 46
2406 2839 2738 2910 Calendas

186 2930 461 3020 Aprilis,
528 2931 783 3020 gratias
830 2953 1041 3020 agens
1090 2931 1405 3020 piissimo
1461 2925 1757 3002 Creatori
1801 2931 1984 3020 quod
2035 2954 2075 3001 a
2133 2930 2440 3021 corporis
2488 2950 2730 3000 corru-

190 3019 419 3108 ptione
453 3017 753 3088 alienam
805 3018 1026 3109 ipsam
1081 3020 1165 3088 ad
1217 3042 1421 3090 suum
1471 3042 1765 3111 regnum
1813 3042 2052 3090 vocare
2110 3021 2533 3110 dignaretur,
2588 3016 2740 3087 feli-

191 3106 360 3177 citer
405 3108 483 3175 in
537 3107 824 3177 Domino
872 3107 1307 3178 obdormivit.

271 3198 308 3283 ξ
366 3201 467 3265 9.
524 3202 693 3266 Tum
734 3218 894 3266 vero
922 3218 1049 3286 ego
1095 3217 1236 3266 una
1262 3220 1421 3266 cum
1471 3195 1678 3266 fratre
1709 3196 2000 3267 Richino
2038 3199 2416 3267 accersitus
2445 3218 2523 3265 eo
2555 3218 2738 3275 sum,

191 3283 276 3353 ob
336 3305 637 3364 sorores,
697 3286 848 3376 ejus
897 3299 1276 3355 moerentes
1313 3285 1550 3367 obitu,
1603 3285 2085 3357 consolandas.
2140 3285 2316 3354 Dixit
2362 3297 2591 3354 autem
2650 3283 2737 3353 ad

190 3394 299 3444 me
329 3374 543 3445 frater
574 3374 712 3443 ille:
741 3375 1099 3444 «Sentisne
1128 3374 1465 3461 aliquidt»
1483 3375 1855 3465 Respondi:
1892 3373 2113 3443 «Nihil
2150 3374 2468 3460 equidem
2493 3373 2737 3454 sentiO,

190 3463 304 3530 sed
344 3484 616 3532 sorores
662 3462 858 3533 video
904 3463 1472 3534 moestissimas.»
1505 3468 1645 3533 Hoc
1685 3485 1844 3532 cum
1895 3463 2245 3543 dixissem,
2285 3462 2740 3532 suavissimus

191 3553 420 3641 erupit
452 3551 645 3631 odor,
700 3563 1031 3637 tanquam
1059 3551 1511 3642 fragrantium
1554 3565 2093 3642 unguentorum,
2131 3563 2339 3620 totam
2381 3549 2740 3640 complens

192 3639 546 3720 cellulam,
600 3639 721 3709 ubi
756 3661 1030 3728 sacrum
1064 3640 1352 3740 virginis
1398 3641 1891 3730 corpusculum
1944 3639 2254 3732 jacebat:
2307 3639 2742 3725 inhaesitque

192 3727 316 3796 diu
361 3729 487 3799 illa
536 3728 694 3797 miri
729 3728 961 3797 odoris
1008 3743 1310 3799 suavitas
1366 3728 1618 3799 nostris
1666 3729 1975 3810 naribus,
2028 3729 2232 3798 etiam
2289 3739 2737 3820 posteaquam

189 3835 227 3883 e
283 3816 458 3887 cella
512 3816 809 3907 digressi
855 3838 1157 3888 eramus.
1212 3817 1522 3908 Impletis
1568 3829 1798 3887 autem
1862 3817 2127 3886 funeris
2172 3816 2420 3887 officiis
2450 3872 2466 3898 ,
2518 3817 2590 3885 in
2639 3815 2740 3886 ci-

193 3903 411 3981 stella,
464 3928 676 3994 quam
728 3905 880 4063 ispsa
925 3905 1088 3975 olim
1141 3906 1275 3976 sibi
1333 3918 1723 3997 paraverat,
1767 3929 1808 3975 a
1857 3905 2328 3976 sacerdotibus
2381 3918 2446 3975 et
2492 3903 2742 3975 Christi

195 3993 469 4063 ancillis
517 4017 681 4064 cum
780 3994 983 4063 ivinis
1031 3994 1358 4066 laudibus
1423 4017 1697 4065 sacrum
1755 3995 2199 4064 beatissimae
2244 3994 2535 4086 virginis
2592 4015 2743 4063 cor-

199 4083 565 4178 pusculum
616 4082 990 4153 honorifice
1018 4083 1375 4153 conditum
1416 4094 1557 4154 est:
1596 4084 1720 4153 ubi
1765 4083 2070 4169 quotidie
2124 4085 2482 4154 orantibus
2522 4082 2743 4152 multa

201 4164 527 4242 divinitus
562 4183 998 4261 praestantur
1042 4171 1401 4242 beneficia.
1441 4176 1492 4244 Ο
1542 4172 1840 4242 nimium
1876 4171 2105 4242 felices
2146 4171 2301 4243 illos
2329 4173 2450 4260 qui
2498 4170 2571 4240 in
2611 4171 2741 4240 hoc

205 4257 427 4329 seculo
460 4260 809 4352 degentes,
852 4261 1060 4331 vitam
1111 4261 1551 4331 aemulantur
1588 4260 1971 4363 angelicam
2021 4273 2085 4331 et
2124 4261 2281 4332 licet
2328 4282 2613 4351 corpore
2663 4281 2741 4328 a-

205 4357 365 4429 gant
411 4348 587 4420 inter
626 4349 966 4430 homines,
1021 4360 1091 4419 at
1128 4362 1354 4420 mente
1385 4362 1451 4419 et
1481 4349 1737 4420 animis
1780 4350 1851 4419 in
1902 4349 2022 4420 illa
2067 4350 2462 4420 aeternitate
2507 4349 2739 4438 figun-

207 4439 340 4514 tur,
389 4455 758 4527 rerumque
802 4437 1196 4509 divinarum
1246 4449 1310 4508 et
1346 4439 1747 4510 coelestium
1788 4440 2363 4532 contemplatione
2410 4449 2740 4530 perpetuo
