3327 4999
781 381 912 448 436
1606 397 1689 444 mr.
1736 397 1792 444 s.
1846 398 1966 444 LEA
2009 392 2354 444 ABBATISSA
2857 375 3106 447 MART.
3165 377 3257 441 22

778 482 1014 566 §44
1067 482 1298 567 Nuper
1359 497 1662 562 namque
1733 488 1836 546 est
1883 499 1992 548 res
2066 488 2258 568 gesta
2334 496 2544 562 quam
2594 495 2824 544 narro.
2890 471 3255 556 Quaedam

692 567 947 636 mulier
996 578 1222 635 mente
1268 576 1492 655 capta,
1530 564 1701 634 dum
1732 563 2048 635 funditus
2089 586 2369 635 sensum
2410 562 2841 653 perdidisset,
2895 583 3018 652 per
3049 583 3255 631 mon-

693 668 793 725 tes
824 666 888 725 et
927 654 1139 725 valles
1185 665 1251 723 et
1298 654 1527 743 sylvas
1573 663 1639 721 et
1686 674 1836 721 cam
1892 676 1968 723 os
2016 653 2127 723 die
2168 664 2516 739 noctuque
2550 653 2951 753 vagabatur,
3009 649 3253 750 ibique

692 741 1173 813 tantummodo
1224 743 1644 830 quiescebat,
1699 741 1821 810 uhi
1912 764 2041 811 anc
2101 742 2453 830 quiescere
2501 739 2838 810 lassitudo
2886 741 3246 838 coegisset.

693 831 1005 913 Quadam
1039 852 1196 900 vero
1244 830 1355 899 die
1402 830 1570 899 dum
1609 851 1781 919 vaga
1829 830 2126 899 nimium
2160 840 2439 912 erraret,
2492 828 2576 897 ad
2630 829 2808 899 beati
2855 829 2986 895 virt
3042 831 3254 896 Bene-

693 919 861 988 dicti
909 940 1195 1009 specum
1244 918 1540 998 devenit,
1582 916 1817 1004 ibique
1866 918 2183 989 nesciens
2230 918 2544 1008 ingressa
2583 916 2860 986 mansit.
2901 920 3096 984 Mane
3126 937 3252 983 au·

693 1018 830 1077 tem
881 1007 1082 1084 sacto,
1135 1006 1230 1076 ita
1272 1019 1509 1077 sanato
1560 1026 1772 1076 sensu
1817 1029 2093 1097 egressa
2140 1017 2264 1088 est,
2303 1027 2383 1076 ac
2417 1006 2475 1077 si
2522 1027 2671 1074 eam
2720 1025 3087 1090 nunquam
3149 1003 3250 1071 in-

693 1096 891 1165 sania
922 1095 1170 1185 capitis
1201 1096 1345 1165 ulla
1386 1095 1707 1165 tenisset:
1745 1117 1924 1182 quae
1978 1096 2173 1165 omni
2204 1096 2378 1164 vitae
2440 1115 2607 1163 suae
2658 1106 2961 1183 ternpore
3009 1092 3081 1159 in
3138 1093 3248 1189 ea-

693 1184 852 1253 dem
901 1206 1109 1270 quarn
1161 1183 1466 1274 accepit,
1522 1183 1743 1253 salute
1817 1184 2222 1274 permansit.
2275 1181 2621 1265 Quidnam
2671 1194 2902 1252 autem
2952 1200 3104 1249 esse
3149 1177 3246 1277 ᾡ-

692 1273 919 1342 cimus
967 1271 1152 1359 quod
1203 1271 1712 1363 plerumquein
1764 1270 1937 1363 ipsis
1984 1293 2260 1359 quoque
2298 1270 2699 1360 patrociniis
2729 1281 2905 1338 mart
2959 1289 3115 1338 rum
3152 1289 3244 1366 sic

693 1381 845 1430 esse
893 1360 1256 1440 sentimus,
1315 1372 1393 1430 ut
1441 1382 1577 1429 non
1628 1372 1817 1429 tanta
1863 1383 1985 1452 per
2040 1380 2330 1449 corpora
2377 1382 2527 1440 sua,
2596 1370 2856 1446 quanta
2966 1356 3247 1425 eneficia

695 1471 819 1540 per
856 1447 1187 1535 reliquias
1232 1449 1618 1528 ostendant,
1654 1460 1859 1535 atque
1892 1448 2036 1518 illic
2083 1448 2346 1539 majora
2392 1447 2593 1538 signa
2638 1447 2917 1527 faciant,
2971 1444 3097 1514 ubi
3131 1443 3245 1512 mi-

694 1537 885 1605 nime
927 1559 1047 1627 per
1094 1537 1500 1627 semetipsos
1537 1535 1811 1626 jacent?
2733 1592 2746 1603 .
3114 1621 3126 1632 ·
3182 1620 3187 1625 ·

786 1626 823 1712 ξ
870 1629 1024 1697 46.
1080 1624 1208 1694 Ubi
1257 1624 1325 1692 in
1377 1625 1524 1694 suis
1571 1624 1980 1715 corporibus
2021 1625 2241 1694 sancti
2290 1636 2627 1714 martyres
2663 1622 2920 1712 jacent,
2959 1620 3247 1690 dubium

696 1734 834 1782 non
869 1724 972 1782 est
1017 1712 1202 1800 quod
1252 1713 1473 1782 multa
1521 1711 1791 1782 valeant
1856 1714 2057 1803 signa
2104 1715 2600 1792 demonstrare,
2654 1710 2834 1781 sicut
2879 1723 2947 1779 et
2992 1709 3249 1779 faciunt

695 1811 762 1870 et
799 1823 977 1901 pura
1026 1812 1253 1870 mente
1299 1802 1793 1887 quaerentibus
1866 1803 2238 1871 innumera
2286 1800 2623 1871 miracula
2670 1798 3071 1869 ostendunt.
3126 1794 3249 1865 Sed

744 1912 859 1958 uia
907 1890 995 1959 ab
1044 1889 1343 1959 infirmis
1412 1900 1632 1980 potest
1679 1890 2034 1960 mentibus
2082 1890 2410 1970 dubitari,
2476 1900 2716 1958 utrum
2764 1909 2850 1956 ne
2909 1885 2998 1956 ad
3048 1906 3253 1956 exau-

694 1911 1032 2048 giendum
1080 1978 1174 2047 ibi
1225 1989 1621 2078 praesentes
1670 1978 1830 2060 sint,
1884 1978 2007 2048 ubi
2055 1990 2322 2049 constat
2353 1977 2518 2063 quia
2561 1977 2630 2045 in
2665 1975 2814 2045 suis
2844 1974 3252 2074 corporibus

696 2088 834 2135 non
887 2077 1088 2136 sunt:
1141 2066 1242 2135 ib1
1290 2087 1568 2135 necesse
1625 2078 1728 2136 est
1793 2089 1909 2136 eos
1958 2067 2222 2157 majora
2268 2066 2326 2135 si
2381 2087 2471 2135 na
2530 2063 2887 2135 ostendere
2919 2118 2934 2145 ,
3005 2063 3131 2132 ubi
3173 2060 3256 2129 de

698 2174 941 2224 eorum
992 2154 1372 2244 praesentia
1454 2166 1678 2244 potest
1738 2176 1936 2223 mens
1994 2154 2275 2223 infirma
2386 2153 2673 2222 ubitare.
2729 2157 3043 2234 Quorum
3104 2170 3256 2218 vero

697 2264 895 2311 mens
932 2243 1006 2311 in
1042 2247 1175 2310 Deo
1222 2242 1358 2311 fixa
1403 2254 1528 2324 est,
1583 2254 1769 2312 tanto
1821 2243 2048 2332 majus
2114 2243 2320 2312 habet
2375 2241 2536 2311 fidei
2586 2241 2937 2319 meritum,
3000 2251 3256 2325 quanto

697 2330 840 2399 illic
888 2351 1003 2399 ees
1038 2330 1224 2399 novit
1262 2343 1327 2399 et
1367 2352 1505 2399 non
1544 2331 1779 2420 jacere
1826 2353 2111 2422 corpore
2157 2342 2222 2401 et
2271 2342 2498 2400 tamen
2535 2351 2672 2398 non
2723 2328 2963 2399 deesse
3007 2330 3097 2397 ab
3144 2348 3257 2395 ex-

697 2417 1074 2488 auditione.
1131 2417 1323 2488 Unde
1371 2418 1525 2509 ipsa
1585 2441 1861 2506 quoque
1911 2420 2195 2499 veritas,
2248 2432 2326 2487 ut
2372 2418 2580 2488 fidem
2629 2416 2999 2508 discipulis
3047 2436 3258 2506 auge-

696 2519 821 2588 ret,
865 2507 1073 2577 dixit:
1128 2507 1197 2577 Si
1243 2529 1370 2598 ego
1420 2530 1558 2577 non
1596 2510 1854 2589 abler0‚
1899 2509 2291 2578 Paracletus
2325 2529 2463 2576 non
2513 2507 2735 2576 veniet
2773 2505 2859 2575 ad
2911 2528 3055 2575 vos.
3090 2509 3257 2574 Cum

693 2596 884 2664 enim
933 2607 1196 2666 constet
1244 2596 1410 2682 quia
1457 2596 1850 2674 Paracletus
1919 2596 2217 2687 Spiritus
2282 2619 2322 2666 a
2371 2601 2564 2665 Patre
2611 2616 2885 2684 semper
2932 2593 3262 2684 procedat

694 2696 762 2753 et
796 2684 986 2764 Filio,
1033 2705 1160 2753 cur
1208 2704 1280 2752 se
1328 2683 1541 2753 Filius
1590 2706 2023 2754 recessurum
2061 2685 2250 2764 dicit,
2298 2696 2374 2754 ut
2422 2684 2539 2753 ille
2587 2684 2814 2752 veniat
2859 2683 2983 2770 qui
3023 2681 3261 2752 aFilio

695 2794 1086 2858 numquam
1135 2770 1437 2840 recedit?
1513 2771 1640 2841 Sed
1690 2773 1858 2859 quia
1917 2772 2247 2863 discipuli
2298 2772 2668 2842 Dominum
2733 2771 2806 2839 in
2857 2793 3067 2840 carne
3114 2793 3263 2840 cer-

697 2872 961 2940 nentes,
1015 2858 1364 2950 corporeis
1412 2858 1603 2930 hunc
1636 2861 1859 2930 oculis
1917 2883 2192 2951 semper
2237 2861 2468 2930 videre
2517 2859 2864 2941 sitiebant,
2921 2871 3105 2930 recte
3162 2861 3263 2929 eis

697 2946 990 3016 dicitur:
1036 2947 1177 3016 Nisi
1215 2967 1341 3037 ego
1389 2946 1645 3028 abiere,
1703 2948 2094 3019 Paracletus
2134 2972 2272 3018 non
2320 2948 2589 3018 veniet:
2643 2970 2723 3018 ac
2772 2948 2831 3018 si
2873 2960 3109 3037 aperte
3155 2948 3266 3018 di-

697 3047 989 3104 ceretur.
1026 3035 1097 3104 Si
1142 3056 1396 3124 corpus
1464 3057 1602 3105 non
1652 3037 2017 3119 subtraho,
2078 3037 2237 3124 quis
2295 3037 2383 3107 sit
2421 3059 2618 3107 amor
2664 3036 2953 3127 spiritus
3004 3058 3144 3106 non
3196 3058 3266 3107 o-

699 3121 987 3192 stendo:
1040 3134 1106 3191 et
1165 3122 1302 3192 nisi
1352 3145 1460 3192 me
1506 3123 1850 3197 desieritis
1909 3126 2280 3195 carnaliter
2343 3146 2646 3206 cernere,
2712 3145 3101 3213 numquam
3156 3147 3262 3195 me

697 3211 979 3281 discetis
1012 3210 1414 3302 spiritaliter
1442 3233 1697 3283 amare.

1206 3418 1334 3518 DE
1398 3419 1480 3519 S.
1541 3420 1740 3520 [ΕΑ
1805 3422 2380 3523 ABBATISSA
2445 3420 2765 3521 VIDUA

1030 3623 1192 3688 DIV.
1244 3623 1785 3691 HIERONYMUS
1836 3627 2090 3693 EPIST.
2144 3628 2228 3693 24
2286 3626 2389 3693 AD
2439 3625 2930 3693 MARCELLAM

1048 3759 1051 3760 ⁷
1227 3761 1390 3822 Vita
1428 3767 1637 3824 cessit:
1678 3782 1862 3825 anno
1903 3771 2032 3826 384
2059 3798 2138 3810 --
2158 3765 2390 3826 Patria
2415 3770 2742 3826 Romana.

788 3904 826 3991 ξ
871 3909 949 3974 1.
1004 3906 1173 3972 Cum
1222 3913 1500 3994 repente
1547 3904 1748 3974 nobis
1806 3906 2213 3976 nunciatum
2255 3916 2454 3988 esset,
2508 3906 3023 3977 sanctissimam
3061 3912 3259 3978 Leam

700 3992 924 4061 exisse
952 3990 1037 4059 de
1085 4013 1392 4082 corpore,
1446 3992 1541 4061 ita
1595 4004 1659 4062 te
1707 3993 2041 4083 palluisse
2088 3995 2438 4085 conspexi,
2490 4009 2567 4064 ut
2615 4016 2769 4064 vere
2823 4007 2948 4065 aut
2996 4018 3256 4087 pauca,

700 4091 821 4150 aut
856 4078 1051 4148 nulla
1081 4078 1171 4149 sit
1214 4080 1452 4149 anima
1496 4101 1674 4167 quae
1723 4081 1935 4152 fracto
1990 4104 2148 4153 vase
2203 4095 2518 4164 testace0,
2577 4103 2713 4152 non
2765 4084 2983 4153 tristis
3031 4106 3261 4156 erum·

704 4178 846 4259 pat.
885 4171 963 4236 Et
1005 4178 1080 4237 tu
1127 4167 1435 4255 quidem,
1497 4189 1637 4238 non
1686 4170 1871 4257 quod
1921 4169 2140 4242 futuri
2198 4171 2460 4242 incerta
2505 4192 2716 4252 esseS,
2769 4171 3080 4255 dolebas,
3149 4169 3258 4243 sed

703 4311 926 4360 iniphum
943 4311 1225 4352 Monachum
1247 4314 1298 4352 in
1316 4313 1503 4354 Italiam
1524 4314 1742 4355 clanculo
1763 4316 1979 4356 missum.
2011 4316 2270 4366 Utriusque
2289 4317 2469 4357 osclum
2488 4327 2597 4367 pars
2619 4325 2740 4366 quae
2761 4319 3008 4369 sacrilegis
3030 4318 3174 4361 eximi
3189 4328 3259 4369 po-

702 4365 799 4405 tnit
817 4365 1075 4413 gallicanae
1094 4367 1463 4413 perturbationis
1481 4368 1686 4416 ignibus,
1703 4368 1845 4408 isthic
1865 4369 2176 4418 proculdubio
2205 4371 2494 4416 asservatur,
2525 4371 2580 4410 ut
2612 4372 2743 4420 patet
2771 4381 2828 4411 ex
2854 4375 3182 4422 recognitione
3206 4370 3257 4410 oh

702 4418 1034 4458 Aurelianensi
1052 4419 1282 4466 Episcopo
1302 4420 1461 4459 habita
1481 4430 1602 4460 anno
1636 4431 1831 4461 nncccv.
1875 4423 2100 4463 Nonnihil
2129 4423 2326 4471 insuper
2357 4423 2529 4465 horum
2559 4425 2811 4476 pignorum
2840 4427 3096 4475 possident
3121 4425 3259 4468 801oe-

654 4500 675 4517 .
702 4480 865 4514 mense
893 4472 1019 4521 opud
1039 4471 1330 4512 cenomanos
1349 4473 1652 4520 coenobium.
1673 4475 1721 4516 et
1738 4476 2035 4517 Parisionses
2055 4475 2363 4518 Benedictini.
