3327 4999
193 317 460 382 MART.
519 318 600 381 2¹0
973 336 1055 382 nn
1103 333 1553 391 QuAnnAcmrA
1600 333 2003 382 maritumos
2558 318 2687 383 ⁴09

195 429 731 489 commemorat.
814 426 987 489 Tum
1057 418 1176 488 ille
1242 440 1402 489 vera
1476 418 1845 489 confitetur
1919 439 2070 488 esse
2138 439 2264 498 ea,
2348 440 2526 505 quae
2599 425 2781 490 Deus

193 508 643 598 Imperatriei
693 509 1046 578 revelarat:
1093 529 1257 577 nam
1310 529 1404 590 se,
1458 508 1624 594 quia
1687 506 2248 578 adolescentulus
2298 519 2446 576 tum
2499 508 2594 577 ibi
2645 508 2778 579 sub

190 597 495 666 senibus
526 598 1091 687 praeceptoribus
1132 597 1216 665 ad
1254 596 1713 666 monasticam
1755 595 2114 665 institutus
2146 607 2347 676 esset,
2384 609 2568 666 certo
2603 596 2782 667 seire

189 698 547 774 martyres
571 686 805 775 jacere
836 687 1021 756 circa
1055 684 1364 754 loculum
1401 683 1759 755 Eusebiae:
1804 684 2128 774 ignorare
2161 696 2414 764 tamen,
2449 697 2783 755 utrumne

187 774 323 844 sub
373 773 703 854 delubm,
756 797 841 843 an
902 795 1063 843 vero
1113 772 1281 842 alibi
1322 772 1578 843 defossi
1617 772 1781 854 sint,
1826 784 2189 863 propterea
2235 772 2423 858 quod
2474 772 2777 844 multum

187 861 542 952 temporis
589 863 966 943 effluxerit,
1020 873 1085 931 et
1133 861 1326 952 prior
1373 861 1506 931 loci
1553 860 1765 931 facies
1802 861 1875 929 in
1923 881 2079 929 eam
2130 860 2219 931 sit
2269 875 2554 943 mutata,
2602 884 2784 948 quae

182 972 383 1019 nunc
438 963 568 1021 est.
634 974 670 1017 «
706 952 958 1038 Atqui,
1015 950 1244 1036 inquit
1291 949 1815 1040 PolychroniuS,
1870 948 2045 1019 mihi
2095 970 2232 1018 non
2285 948 2467 1018 idem
2500 950 2778 1020 accidit.

184 1039 559 1108 Recordor
603 1040 790 1108 enim
842 1061 953 1109 me
1000 1037 1174 1108 forte
1223 1038 1532 1110 adfuisse
1573 1037 2011 1128 sepeliendae
2044 1037 2327 1127 conjugi
2359 1039 2681 1120 Caesarii,
2718 1050 2786 1109 et

179 1149 263 1196 ex
317 1126 565 1196 vicina
616 1128 722 1196 via
776 1127 1057 1217 publica
1105 1127 1453 1196 rationem
1491 1127 1783 1206 ducens,
1823 1126 2118 1217 conjicio
2149 1148 2299 1194 eam
2326 1126 2560 1216 jacere
2597 1127 2787 1197 circa

179 1216 605 1297 ambonem,
657 1215 842 1303 quod
912 1227 1015 1285 est
1070 1226 1483 1315 suggestum
1543 1215 1907 1285 lectorum.
1971 1214 2298 1295 Proinde,
2352 1216 2785 1305 respondens

179 1304 621 1384 monachus,
672 1304 881 1374 etiam
932 1304 1269 1373 Eusebiae
1317 1303 1626 1384 loculus,
1682 1302 1960 1390 inquit,
2028 1324 2241 1393 prope
2288 1325 2574 1374 uxorem
2625 1310 2785 1374 Cae-

177 1393 360 1461 sarii
392 1392 845 1479 quaerendus
872 1404 996 1462 est:
1024 1392 1590 1480 quandoquidem
1620 1402 1686 1460 et
1715 1392 1907 1459 vivae
1943 1391 2356 1483 plerumque
2384 1414 2528 1460 una
2558 1406 2778 1474 erant,

177 1492 246 1550 et
297 1491 470 1571 post
523 1494 815 1550 mortem
866 1502 939 1550 se
985 1480 1444 1570 conjunctum
1482 1480 1882 1570 sepulcrum
1921 1480 2284 1550 habituras
2315 1494 2557 1570 pactae
2591 1492 2779 1551 sunt.

270 1573 311 1657 ξ
365 1575 461 1642 4.
522 1575 688 1638 Cum
739 1569 970 1655 itaque
1012 1568 1411 1639 secundum
1462 1568 1655 1650 haee,
1711 1590 1889 1655 quae
1937 1568 2125 1638 dicta
2171 1581 2356 1648 sunt,
2414 1569 2671 1650 tbdere,
2720 1581 2787 1640 et

177 1671 480 1727 sanctas
526 1658 691 1727 istas
741 1657 1071 1745 reliquias
1116 1658 1537 1748 investigare
1585 1659 1952 1748 oporteret,
1991 1658 2401 1747 Imperatrix
2434 1657 2612 1728 faeta
2642 1679 2789 1727 eer-

171 1748 344 1827 ⁴tior,
406 1768 594 1836 opus
643 1747 878 1836 urgeri
916 1746 1153 1834 jussit.
1207 1747 1465 1816 Effosso
1514 1746 1732 1846 igitur
1777 1745 1899 1815 illo
1959 1746 2145 1815 eirca
2192 1746 2563 1816 ambonem
2598 1747 2782 1828 loce,

174 1847 519 1925 repertus
549 1834 678 1902 fuit
708 1834 978 1904 loculus
1025 1834 1263 1904 uxoris
1312 1834 1630 1915 Caesarii,
1672 1835 1879 1905 sicuti
1927 1835 2348 1924 conjectaret
2395 1835 2774 1924 Polychro-

178 1925 379 1993 nius.
439 1922 814 1992 Paululum
864 1934 1094 1992 autem
1144 1923 1309 1991 hinc
1358 1922 1627 1993 distans
1676 1945 1757 1992 ex
1796 1934 2184 1994 transverso
2233 1935 2526 1993 stratum
2559 1922 2777 1993 coctis

177 2011 539 2082 lateribus
590 2012 1061 2100 pavimentum
1110 2021 1278 2092 erat,
1331 2022 1397 2080 et
1444 2009 1530 2079 ad
1581 2011 1794 2100 hujus
1842 2012 2186 2081 ambitum
2236 2011 2513 2098 aequali
2575 2034 2775 2081 men-

184 2105 360 2170 sura
413 2099 847 2189 respondens
895 2098 1132 2169 tabula
1180 2121 1591 2179 marmorea,
1647 2100 1779 2169 sub
1826 2120 1967 2185 qua
2014 2100 2236 2189 ipsius
2285 2099 2621 2170 Eusebiae
2672 2100 2778 2170 lo-

184 2189 402 2259 culus
455 2188 972 2269 ostendebatur,
1024 2202 1090 2258 et
1137 2189 1302 2257 huic
1359 2188 1740 2257 imminens
1787 2186 2162 2257 delubrum
2214 2209 2551 2277 perquam
2604 2188 2780 2258 scite

184 2277 677 2347 marmoribus
726 2276 1301 2367 leucoporphyris
1349 2277 1837 2346 incrustatum.
1885 2282 2126 2366 Ipsum
2178 2297 2384 2365 porro
2428 2276 2639 2346 loculi
2676 2288 2781 2346 te-

187 2388 430 2456 gmen,
487 2364 672 2435 velut
701 2365 774 2433 in
827 2387 1140 2434 mensam
1191 2387 1460 2435 sacram
1501 2363 1959 2435 fabrefactum
2009 2376 2177 2433 erat.
2220 2368 2298 2432 In
2334 2386 2612 2435 summo
2646 2388 2778 2435 au-

189 2466 357 2537 tem,
391 2454 527 2524 ubi
571 2467 907 2545 martyres
951 2454 1285 2534 'acebant‚
1328 2453 1661 2543 exiguum
1696 2452 2005 2523 foramen
2065 2452 2466 2543 apparebat.
2528 2457 2776 2524 Astans

187 2544 411 2634 igitur
462 2543 752 2630 quidam
801 2544 886 2612 de
961 2543 1202 2612 amilia
1249 2543 1732 2633 Imperatoris,
1802 2554 2080 2612 tenuem
2131 2542 2505 2631 virgulam,
2566 2563 2777 2627 quam

187 2630 362 2701 forte
415 2632 740 2713 habebat,
780 2653 902 2722 per
947 2632 1258 2701 foramen
1309 2632 1623 2713 immisit,
1678 2642 1744 2700 et
1790 2643 2162 2700 extractam
2197 2631 2489 2699 naribus
2527 2630 2773 2700 admo-

187 2721 310 2801 vit,
365 2734 437 2790 et
487 2733 928 2810 unguentum
978 2720 1631 2810 fragrantissimum
1683 2718 1954 2789 olfecit:
2023 2739 2104 2787 ex
2170 2741 2309 2804 quo
2358 2718 2591 2808 statim
2642 2728 2790 2787 tum

193 2807 712 2890 laborantibus,
767 2820 916 2878 tum
965 2809 1357 2878 astantibus
1404 2808 1598 2878 bona
1653 2830 1811 2899 spes
1860 2808 2138 2876 suborta
2192 2806 2346 2877 fuit.
2399 2892 2411 2907 .

279 2902 318 2986 ξ
385 2903 479 2970 5.
533 2902 772 2984 Itaque
826 2918 986 2966 cum
1039 2895 1350 2967 loculum
1410 2896 1608 2965 avide
1654 2895 2113 2986 aperuissent,
2163 2895 2534 2967 Eusebiam
2584 2894 2779 2963 inve-

191 2986 428 3056 niunt.
476 2984 661 3055 Illud
710 3007 867 3054 vero
916 2984 1100 3072 quod
1150 2985 1238 3053 ad
1287 2998 1498 3076 eaput
1545 2985 1697 3074 ejus
1727 2983 2104 3063 eminebat,
2155 2984 2226 3052 in
2264 3005 2464 3053 arcae
2494 2981 2789 3053 formam

194 3075 528 3155 celatum,
571 3073 849 3164 proprio
898 3075 1089 3144 intus
1139 3075 1500 3162 tegebatur
1547 3073 1919 3173 operculo:
1973 3085 2040 3141 et
2090 3072 2422 3159 utrinque
2455 3073 2518 3141 ei
2568 3071 2654 3140 ad
2693 3071 2794 3141 la-

197 3162 326 3234 bra
363 3162 910 3242 circumdatum,
972 3161 1259 3250 plumbo
1308 3161 1869 3251 conglutinatum
1922 3159 2209 3241 ferrum,
2265 3161 2500 3250 ipsum
2563 3160 2790 3230 conti-

197 3253 433 3322 nebat.
487 3256 567 3319 In
617 3250 771 3339 ejus
818 3250 1047 3319 medio
1096 3272 1344 3320 rursus
1392 3249 1705 3318 foramen
1740 3249 1929 3319 istud
1966 3269 2336 3339 apparens,
2391 3248 2784 3317 etiamnum

199 3338 645 3409 manifestius
690 3338 1086 3408 declarabat
1133 3338 1324 3407 intus
1374 3338 1615 3407 haberi
1677 3350 2042 3425 martyres
2099 3341 2281 3406 Haec
2331 3336 2454 3406 ubi
2504 3358 2786 3406 annun-

199 3428 378 3497 ciata
427 3439 682 3507 essent,
717 3427 1044 3517 evestigio
1093 3437 1472 3495 aecurrunt
1501 3427 1935 3515 imperatrix
1967 3438 2032 3494 et
2065 3426 2450 3516 Episcopus
2484 3425 2573 3494 ad
2607 3447 2792 3493 mar-

203 3518 487 3604 tyrium.
544 3519 720 3584 Tum
770 3514 1015 3585 solutis
1063 3536 1187 3604 per
1235 3515 1535 3584 artifices
1585 3514 1829 3583 ferreis
1862 3514 2013 3584 istis
2056 3513 2383 3595 vinculiS,
2423 3512 2789 3583 confestim

201 3603 350 3673 sine
400 3602 678 3695 negotio
725 3626 765 3673 o
818 3603 1134 3673 erculum
1182 3613 1565 3672 extractum
1599 3602 1754 3683 fuit,
1809 3602 1942 3672 sub
1973 3602 2106 3671 hoc
2132 3614 2370 3671 autern
2414 3601 2635 3671 multa
2661 3623 2792 3669 un-

299 3705 484 3773 enta‚
537 3706 606 3761 et
651 3691 722 3761 in
828 3692 885 3761 is
935 3691 1222 3782 pyxides
1270 3703 1596 3782 argentae
1643 3692 1826 3760 duae
1874 3703 2187 3779 repertae
2255 3702 2441 3771 sunt,
2506 3691 2578 3759 in
2631 3689 2792 3776 qui-

249 3804 332 3851 us
374 3794 658 3850 sanctae
692 3778 1025 3866 reliquiae
1062 3780 1410 3867 jacebant.
1451 3785 1642 3849 Tunc
1670 3780 1888 3871 igitur
1918 3779 2337 3869 imperatrix
2385 3784 2519 3848 Deo
2554 3800 2794 3869 preces

207 3868 697 3958 gratulatorias
744 3867 1103 3949 fundebat,
1173 3881 1321 3938 tum
1370 3868 1557 3955 quod
1618 3891 1695 3938 se
1757 3879 1953 3937 tanta
2001 3867 2415 3936 revelatione
2463 3866 2796 3957 dignatus

209 3972 404 4037 esset,
443 3970 592 4028 tum
643 3957 830 4043 quod
881 3969 1282 4027 sanctarum
1333 3957 1792 4044 reliquiarum
1834 3956 2303 4025 inventionem
2341 3968 2661 4027 assecuta
2689 3977 2797 4024 es-

211 4059 327 4115 set.
370 4051 526 4116 Post
574 4046 747 4114 haec
797 4045 1300 4136 pretiosissima
1349 4046 1550 4116 theca
1599 4055 1938 4133 martyres
1986 4043 2384 4126 honoratOS‚
2430 4046 2633 4135 juxta
2678 4066 2795 4114 ve-

214 4134 592 4204 nerabilem
641 4134 987 4221 Thyrsum
1048 4135 1489 4224 composuit,
1552 4133 1839 4224 publica
1885 4132 2294 4214 festivitate,
2359 4145 2439 4205 ut
2485 4155 2791 4219 aequum

214 4234 376 4303 erat,
419 4245 584 4292 cum
634 4222 868 4291 debito
909 4223 1169 4292 honore
1217 4244 1298 4293 ac
1347 4244 1607 4314 pompa
1655 4244 1735 4291 ac
1787 4222 2202 4312 psalmodiis
2245 4222 2626 4292 celebrata:
2679 4220 2797 4291 eui

217 4311 451 4400 etipse
500 4332 629 4411 ego
681 4310 986 4379 interfui.
1068 4316 1280 4398 Atque
1330 4313 1502 4381 haec
1551 4310 1651 4380 sic
1700 4331 1855 4380 esse
1894 4323 2128 4402 gesta,
2186 4311 2628 4381 testabuntur
2673 4309 2797 4397 qui

213 4392 370 4468 huic
418 4399 770 4470 festivitati
800 4398 1284 4483 interfuerunt,
1324 4422 1568 4470 omnes
1599 4399 1787 4469 enim
1839 4399 2053 4470 ferme
2094 4399 2325 4471 adhue
2375 4409 2782 4491 supersunt.
