3327 4999
692 330 822 395 208
1497 345 1575 392 mi
1623 345 1679 391 s,
1732 342 2043 392 cazoomo
2094 345 2253 392 PAPA
2755 325 2989 392 MART.
3042 325 3115 390 ⁴2

601 428 794 520 gravi
843 426 1170 505 tumultu,
1214 424 1591 505 Mauritius,
1637 423 2073 495 dissimulato
2121 422 2386 505 habitu,
2440 447 2597 494 cum
2648 445 2855 493 uxore
2878 423 3116 492 etfiliis

602 528 810 587 noctu
836 516 1238 584 dromonem
1264 512 1686 594 conscendit,
1715 525 1780 582 et
1806 513 2100 604 lugien5‚
2127 513 2312 602 apud
2341 525 2654 583 sanctum
2677 517 3120 582 Autonomum

601 605 812 674 venit.
838 610 914 673 At
942 625 1098 672 vero
1127 602 1383 672 Phocas
1408 623 1567 670 cum
1594 602 1894 671 exercitu
1921 603 1989 670 in
2024 603 2404 692 Septimum
2438 602 2735 682 veniens,
2764 607 3122 691 Imperator

603 694 923 774 efficitur,
954 715 995 761 a
1023 713 1158 779 quo
1192 690 1545 760 Mauritius
1571 711 1731 759 cum
1764 690 1950 769 filiis,
1986 713 2195 761 uxore
2223 713 2303 760 ac
2329 690 2607 760 filiabus
2681 711 2839 758 enes
2866 688 3120 758 Chalce-

603 782 878 861 donem,
934 779 1523 867 quemadmodum
1575 779 1707 849 sibi
1773 779 2264 849 denunciatum
2317 778 2557 859 suerat,
2659 778 3003 849 ecollatur.
3057 782 3126 846 Et

603 872 768 959 quia
816 870 1030 939 oratio
1080 868 1408 959 Gregorii,
1463 888 1601 954 qua
1657 867 1855 937 illum
1908 869 2192 958 petierat
2249 868 2319 936 in
2381 867 2664 938 terribili
2717 867 2832 935 Dei
2869 865 3122 956 Judicio

607 960 905 1029 liberum
938 981 979 1027 a
1026 957 1293 1028 delictis
1324 956 1648 1027 omnibus
1676 957 1994 1036 inveniri,
2039 978 2256 1026 vacua
2282 978 2430 1026 esse
2470 978 2605 1026 non
2638 968 2917 1047 poterat,
2952 953 3123 1024 idem

604 1046 966 1118 Mauritius
1014 1046 1081 1115 id
1133 1046 1386 1135 recepit
1431 1045 1614 1133 quod
1666 1046 1939 1128 meruit,
1973 1059 2036 1115 et
2086 1048 2152 1114 in
2185 1046 2454 1115 cunctis
2487 1046 2633 1114 suis
2682 1042 3123 1114 incommodis

603 1137 973 1207 Dominum
1033 1135 1469 1214 benedicens,
1535 1156 1575 1202 a
1624 1135 2040 1225 sempiterno
2111 1134 2452 1224 supplicio
2519 1133 2773 1203 meruit
2831 1130 3120 1202 liberari.

605 1225 835 1295 Multis
884 1247 1040 1293 vero
1076 1224 1441 1314 Gregorius
1489 1222 1815 1291 laudibus
1858 1226 1959 1313 (L.
1997 1231 2058 1304 l,
2092 1226 2301 1313 Epist.
2333 1228 2417 1292 43
2456 1233 2519 1291 et
2549 1222 2667 1310 44)
2694 1244 2904 1291 novos
2953 1220 3127 1311 prin·

601 1314 791 1403 cipes
836 1312 1294 1394 demulcebat,
1348 1325 1465 1381 aut
1526 1311 1701 1392 idac,
1764 1324 1840 1381 ut
1888 1314 2246 1382 audientes
2304 1310 2543 1398 quales
2598 1332 2748 1380 esse
2806 1309 3133 1380 debebant

604 1403 845 1472 fierent
893 1402 1221 1482 mitiores,
1258 1423 1467 1488 quam
1512 1400 1870 1472 Mauritius
1917 1402 2158 1479 fuerat,
2210 1400 2412 1486 cujus
2443 1412 2538 1469 tot
2582 1399 2996 1469 criminibus
3029 1398 3127 1466 in-

602 1491 832 1561 voluta
880 1502 1186 1580 tempora
1234 1491 1778 1580 cognoscebant:
1841 1502 1959 1560 aut
2018 1490 2182 1577 quia
2227 1510 2341 1557 eos
2390 1488 2524 1559 sibi
2557 1509 2862 1575 suaeque
2912 1484 3128 1556 Eccle-

603 1580 743 1649 siae
778 1579 1267 1737 ldevotissimos
1314 1600 1623 1659 cernens,
1686 1600 1821 1648 non
1853 1601 1968 1649 eos
2017 1579 2103 1648 ad
2154 1577 2591 1668 tyrannidem
2640 1577 2947 1647 ruituros
2991 1594 3130 1645 esse

656 1681 774 1738 uta
826 1682 915 1738 at.
1654 1676 1658 1681 ’

605 1691 651 1759 p
693 1765 731 1839 ἓ
780 1763 924 1829 15.
975 1756 1071 1826 Ab
1118 1755 1425 1825 adversis
1503 1755 1901 1826 otestatibus
1951 1758 2429 1845 praegravatos
2474 1753 2896 1825 fortissimus
2946 1751 3133 1823 miles

604 1845 854 1914 Christi
901 1846 1268 1935 Gregorius
1334 1843 1458 1912 viri
1494 1843 1618 1912 iter
1688 1843 2123 1913 defendebat:
2206 1844 2595 1934 injusteque
2659 1841 2960 1932 dejectos
3005 1860 3132 1909 non

604 1933 827 2004 solum
873 1934 1051 2002 inter
1096 1932 1440 2023 depositos
1472 1954 1605 2001 non
1657 1932 1972 2011 habebat,
2025 1954 2260 2001 verum
2296 1933 2499 2002 etiam
2550 1931 2869 2023 pristinis
2917 1927 3138 2021 gradi-

603 2022 737 2093 bus
785 2022 1209 2093 auctoritatis
1258 2043 1421 2092 suae
1454 2021 1808 2113 privilegio
1858 2020 2290 2091 reformabat.
2328 2026 2490 2091 Nam
2543 2021 2980 2091 Anastasium
3013 2021 3136 2086 An-

602 2111 1000 2181 tiochenum
1049 2110 1511 2180 Patriarcham
1559 2110 1681 2197 qui
1709 2118 2040 2180 joannem
2074 2109 2906 2199 Constantinopolitanum
2957 2127 3140 2198 prae·

610 2200 831 2271 sulem
882 2221 1042 2270 voce
1113 2199 1329 2270 libera
1389 2199 1919 2289 reprehendenS,
1974 2198 2410 2288 Imperatoris
2454 2198 2714 2267 Justini
2770 2199 2983 2289 jussu
3029 2195 3140 2263 de-

607 2298 845 2359 trusus
893 2289 959 2357 in
1010 2288 1315 2368 exilium,
1369 2288 1456 2357 ab
1505 2289 1675 2379 ipsis
1720 2287 2007 2358 Joannis
2055 2292 2274 2378 Papae
2322 2287 2750 2377 temporibus
2800 2305 3021 2373 usque
3060 2281 3140 2352 ad

608 2378 717 2447 sui
762 2378 1200 2468 pontificatus
1250 2389 1553 2466 tempora
1589 2377 2053 2467 permanebat,
2109 2398 2264 2445 mox
2311 2388 2389 2445 ut
2436 2398 2797 2447 summum
2835 2370 3140 2444 sacerdo-

606 2466 779 2537 tium
831 2467 1104 2546 meruit,
1158 2468 1334 2536 inter
1361 2465 1784 2555 patriarchas
1830 2487 1989 2534 eum
2041 2476 2392 2556 reputans,
2440 2464 2717 2556 scriptis
2771 2463 3029 2534 talibus
3074 2483 3142 2530 a·

600 2556 925 2625 nimavit:
979 2580 1015 2622 «
1049 2561 1417 2635 Praeterea,
1489 2557 1728 2645 inquit,
1782 2554 1982 2624 sicuti
2033 2554 2439 2644 patriarchis
2493 2554 2648 2623 aliis
2703 2553 2996 2646 paribus
3043 2572 3144 2618 ve-

603 2644 787 2724 stris,
842 2644 1246 2733 synodicam
1294 2643 1485 2713 vobis
1531 2643 1890 2733 epistolam
1940 2642 2202 2712 direxi:
2260 2644 2424 2730 quia
2471 2641 2658 2732 apud
2710 2664 2827 2713 me
2874 2659 3139 2732 semper

601 2733 730 2803 hoc
777 2735 941 2802 estis
986 2733 1168 2819 quod
1217 2754 1298 2800 ex
1344 2732 1832 2822 omnipotentis
1886 2731 1995 2800 Dei
2047 2753 2330 2802 munere
2374 2731 2740 2822 accepistis
2772 2753 2949 2816 esse,
3007 2749 3136 2798 non

601 2822 783 2909 quod
835 2844 910 2890 ex
958 2821 1303 2890 voluntate
1351 2819 1710 2889 hominum
1763 2819 2106 2911 putamini
2155 2842 2290 2889 non
2338 2842 2558 2890 esse.»
2609 2824 2784 2889 Item
2816 2819 3040 2889 eidem
3075 2817 3139 2884 in

602 2910 741 2979 alia
787 2909 1074 2999 epistola
1124 2920 1274 2998 post
1314 2930 1445 2978 non
1494 2909 1709 2978 multa
1758 2909 2064 2979 scribens
2104 2909 2238 2978 ait:
2275 2908 2770 2978 «Fraternitati
2830 2922 2989 2979 tuae
3049 2905 3146 2973 in-

600 2998 755 3068 dico
802 2999 966 3085 quia
1013 3020 1055 3066 a
1115 2997 1573 3068 serenissimis
1622 2998 1930 3066 Dominis
1975 2999 2252 3084 quantis
2302 2998 2484 3067 valui
2535 2998 2868 3088 precibus
2969 3006 3145 3065 ostu-

602 3085 760 3167 lavi,
804 3099 881 3155 ut
913 3109 1030 3155 vos
1077 3085 1321 3155 honori
1354 3086 1629 3176 proprio
1677 3087 2046 3167 restitutos,
2081 3086 2167 3154 ad
2202 3087 2420 3156 sancti
2455 3087 2627 3156 Petri
2671 3109 2710 3154 a
2768 3019 3146 3156 ostoforum

600 3174 939 3265 principis
973 3175 1215 3243 limina
1243 3175 1497 3255 venire,
1551 3187 1615 3244 et
1642 3197 2003 3262 quousque
2037 3175 2128 3244 ita
2165 3181 2294 3244 Deo
2329 3175 2687 3266 placuerit,
2783 3175 2849 3243 ic
2887 3189 3148 3242 mecum

601 3263 825 3333 vivere
863 3263 1264 3333 concedant:
1315 3276 1656 3351 quatenus
1705 3263 1870 3333 dum
1923 3284 2042 3332 vos
2087 3264 2314 3333 videre
2357 3286 2693 3346 meruer0,
2753 3261 3148 3354 peregrina-

603 3352 811 3424 tionis
862 3363 1132 3421 nostrae
1179 3351 1507 3432 taedium,
1564 3352 1647 3421 de
1694 3365 1967 3422 aeterna
2004 3353 2222 3443 patria
2272 3353 2562 3422 invicem
2612 3351 2996 3439 loquendO,
3052 3369 3150 3416 re·

603 3439 933 3512 levemus.
976 3441 1277 3527 Denique
1324 3440 1878 3511 studiosissimus
1928 3454 2117 3530 pater
2163 3442 2529 3533 Gregorius
2578 3453 2718 3510 tam
2772 3441 2904 3510 diu
2951 3455 3152 3530 penes

602 3530 997 3599 Mauritium
1075 3530 1554 3620 imperatorem
1625 3530 2186 3620 suggestionibus
2252 3530 2398 3600 suis
2470 3531 2883 3610 imminuit,
2942 3529 3152 3596 donec

605 3633 757 3709 post
827 3618 1203 3690 multorum
1281 3640 1627 3688 annorum
1680 3618 2028 3688 curricula
2097 3641 2204 3687 ma
2263 3641 2392 3689 nus
2440 3620 2850 3702 Anastasius
2916 3615 3153 3686 throno

603 3708 883 3864 pfoprio
956 3708 1376 3778 redderetur.
1448 3708 1567 3778 Cui
1639 3707 2190 3799 congratulabun
2249 3730 2330 3776 us
2401 3708 2784 3796 rescripsit,
2861 3706 3147 3775 dicens:

602 3801 654 3865 G
686 3797 832 3866 oria
865 3797 934 3864 in
983 3796 1269 3866 excelsis
1317 3801 1471 3877 De0,
1526 3809 1593 3866 et
1638 3796 1708 3864 in
1747 3808 1924 3866 terra
1973 3819 2101 3887 pax
2144 3796 2544 3866 hominibus
2575 3797 2804 3866 bonae
2845 3794 3157 3864 volunta-

601 3883 723 3954 tis:
777 3885 943 3973 quia
1001 3907 1296 3975 magnus
1343 3886 1457 3954 ille
1506 3886 1762 3957 fluvius
1817 3886 1937 3972 qui
2001 3885 2351 3972 quondam
2422 3885 2685 3955 arentia
2764 3881 3159 3954 Antiochiae

600 3994 764 4043 saxa
811 3973 1202 4060 reliquerat,
1256 3974 1342 4043 ad
1393 3974 1752 4066 proprium
1786 3973 2058 4044 alveum
2091 3996 2428 4052 reversus,
2465 3973 2819 4064 subjectas
2863 3985 2932 4042 et
2968 3972 3158 4062 juxta

602 4063 862 4152 positas
908 4061 1120 4132 valles
1169 4063 1367 4153 rigat,
1422 4077 1501 4134 ut
1556 4084 1780 4132 unum
1830 4062 2263 4154 trigesimum
2294 4119 2310 4146 ,
2364 4062 2552 4133 aliud
2605 4062 3154 4155 sexagesimum,

602 4151 793 4221 aliud
828 4172 984 4222 vero
1031 4153 1480 4222 centesimum
1534 4149 1837 4221 fructum
1887 4152 2079 4221 ferat.

682 4242 720 4328 ξ
769 4245 914 4310 18.
969 4241 1277 4331 Exceptis
1325 4241 1762 4320 criminibus,
1821 4241 2169 4311 neminem
2212 4240 2297 4312 de
2344 4239 2730 4311 sacerdotio
2784 4234 3162 4332 Gregorius

596 4327 1003 4420 deponebat,
1050 4330 1262 4398 immo
1310 4351 1433 4419 pro
1466 4328 1917 4416 qualitatibus
1964 4329 2399 4412 delictorum,
2444 4327 2812 4399 venialiter
2850 4344 3166 4399 commu·

592 4418 798 4488 nione
843 4418 1177 4511 privabat.
1235 4417 1424 4488 Unde
1467 4419 1730 4489 Joanni
1775 4419 2098 4511 episcopo
2148 4418 2663 4512 Calliopolitano
2716 4430 2881 4510 post
2930 4415 3161 4505 aliqua
