3327 4999
210 335 320 402 EX
367 335 540 402 OCT.
594 337 665 401 Μ
743 354 821 402 nn
867 353 928 402 n.
979 353 1210 403 :acono
1259 309 1592 404 arnasano
1638 354 1784 404 om).
1839 353 2206 402 remmon.
2523 335 2650 401 693

209 434 610 525 quempiam
662 435 1092 506 remotiorem
1141 459 1219 507 ac
1269 437 1696 507 secretiorem
1742 435 2102 526 deligebat.
2141 435 2240 505 Ibi
2292 445 2473 505 totus
2516 446 2741 504 mente

212 538 281 595 et
326 547 607 615 corpore
656 530 787 595 Deo
839 526 1141 596 vacabat.
1219 526 1462 596 Nullus
1523 539 1750 595 autem
1801 525 2199 596 elabebatur
2244 525 2432 607 dies,
2485 525 2555 593 in
2604 539 2754 611 quo'

216 614 588 706 praecipue
637 614 883 684 Christi
933 625 1121 706 gesta
1169 636 1302 685 non
1356 627 1756 698 recenseret,
1808 627 1872 684 et
1918 614 2159 684 multis
2196 636 2355 683 cum
2419 614 2741 702 lacrymis

216 704 408 773 diros
478 705 627 795 ejus
690 705 1037 774 cruciatus
1103 704 1759 792 acerbissimamque
1828 716 2113 773 mortem
2175 714 2522 794 repeteret.
2576 708 2741 772 Cum

218 815 377 863 vero
417 793 560 888 jam
614 793 908 863 multum
960 806 1267 878 orasset,
1319 805 1384 864 et
1441 794 1644 864 finem
1707 792 1997 876 faceret,
2051 793 2247 862 illum
2297 793 2592 879 denique
2639 792 2743 860 di-

212 905 365 952 cere
415 883 705 953 solebat:
742 905 778 949 «
816 883 1042 953 Gloria
1091 883 1235 962 tibi,
1292 884 1594 964 Domine,
1632 883 1754 969 qui
1788 893 1990 954 natus
2019 904 2092 952 es
2121 882 2204 951 de
2237 882 2551 973 Virgine:
2588 904 2742 950 suc-

215 995 418 1042 curre
486 972 656 1041 mihi
721 971 962 1053 hodie,
1015 994 1174 1041 eum
1239 978 1429 1042 Patre
1475 984 1540 1042 et
1588 976 1834 1042 Sancto
1901 971 2160 1062 Spiritu
2207 971 2277 1040 in
2326 971 2741 1061 sempiterna

214 1062 469 1143 secula,
509 1066 790 1131 Amen.»
823 1066 898 1130 Et
946 1061 1029 1129 ad
1082 1060 1453 1153 gloriosam
1502 1062 1871 1152 Virginem,
1906 1081 2113 1149 quam
2147 1061 2514 1152 praecipuo
2544 1059 2740 1129 cultu

218 1151 694 1233 venerabatur,
748 1172 1143 1232 conversus,
1196 1151 1458 1237 ajebat:
1496 1175 1530 1218 «
1566 1157 1694 1220 Ave
1743 1150 2003 1242 Regina
2048 1149 2419 1230 coelorum,
2463 1171 2585 1240 pro
2633 1171 2743 1217 sa-

212 1241 354 1311 lute
401 1263 553 1310 mea
601 1254 665 1310 et
711 1239 1023 1309 omnium
1073 1240 1407 1310 fidelium.
1460 1263 1495 1306 »
1550 1239 1799 1309 Deinde
1847 1240 1932 1308 ad
1984 1252 2254 1310 sanctos
2300 1260 2540 1309 omnes
2590 1259 2737 1308 sese

213 1342 639 1411 convertens,
682 1328 906 1398 dicere
954 1328 1243 1400 solebat:
1280 1353 1314 1395 «
1347 1330 1574 1398 Sancti
1622 1330 1738 1399 Dei
1785 1350 2047 1409 omnes,
2085 1339 2210 1398 ete.
2251 1352 2284 1395 ›>
2320 1333 2556 1398 Postea
2585 1349 2740 1396 vero

214 1420 301 1489 ad
350 1442 590 1490 omnes
636 1418 964 1490 ecclesiae
1009 1440 1162 1488 aras
1208 1419 1608 1500 accedebat,
1661 1419 1893 1505 ibique
1926 1441 1965 1487 a
2002 1418 2197 1487 beata
2249 1417 2519 1508 Virgine
2567 1417 2739 1485 inci-

214 1509 436 1667 Eiem,
489 1509 745 1578 orabat.
801 1513 965 1578 Cum
1027 1530 1182 1577 vero
1212 1510 1360 1600 jam
1410 1509 1855 1588 illucesceret,
1914 1517 2125 1577 totum
2177 1505 2482 1576 officium
2531 1529 2735 1576 suum

265 1598 569 1667 orarium
612 1621 833 1686 usque
881 1598 965 1668 ad
1017 1598 1484 1689 vespertinum
1532 1597 1939 1668 celebrabat:
1974 1608 2038 1666 et
2076 1595 2201 1665 ubi·
2227 1596 2441 1665 saeris
2479 1596 2734 1675 altariS‚

213 1709 426 1775 quam
475 1687 751 1757 Missam
801 1687 1127 1767 dicimuS,
1173 1687 1379 1757 semel
1430 1699 1547 1756 aut
1595 1687 1893 1778 saepius,
1938 1697 2141 1776 prout
2185 1685 2500 1767 dabatur,
2535 1685 2742 1753 inter-

213 1780 460 1859 fuerat,
515 1776 595 1845 ad
649 1798 856 1867 opera
906 1798 1270 1858 manuum,
1306 1798 1603 1863 quorum
1653 1798 1825 1868 pene
1857 1774 1927 1844 in
1978 1774 2168 1846 omni
2217 1796 2462 1865 genere
2509 1796 2745 1844 mona·

214 1866 418 1936 sterio
464 1877 607 1935 erat
653 1865 1088 1944 utilissimUS,
1153 1865 1637 1946 revertebatur,
1694 1880 1771 1936 ut
1824 1864 1921 1936 sie
1970 1863 2221 1933 divinis
2265 1862 2565 1942 functus,
2622 1885 2742 1954 pa-

213 1956 423 2025 ratior
484 1966 660 2026 esset
728 1977 807 2023 ac
855 1954 1264 2045 expeditior,
1340 1955 1398 2023 si
1446 1954 1616 2041 quid
1675 1955 1806 2024 sibi
1855 1953 2199 2044 agendum
2271 1952 2736 2022 mandaretur.

217 2044 339 2113 Sed
395 2043 657 2113 nullam
697 2044 1071 2114 orationem
1106 2043 1491 2115 suaviorem
1534 2044 1665 2114 sibi
1715 2066 1794 2113 ac
1848 2043 2320 2113 'ucundiorem
2357 2041 2732 2133 promebat,

213 2155 422 2221 quam
473 2134 922 2204 Dominicam.
977 2139 1163 2203 Tunc
1194 2134 1394 2204 enim
1444 2133 1728 2225 putabat
1768 2133 1825 2204 si
1878 2133 1898 2201 i
1931 2154 2007 2204 os
2040 2131 2240 2201 melle
2273 2154 2353 2201 ac
2382 2130 2573 2202 omni
2613 2152 2733 2200 ne-

215 2236 399 2294 ctare
447 2223 802 2313 compleri.
2521 2237 2528 2244 ·

302 2314 338 2399 §
383 2316 540 2385 111.
597 2318 876 2403 Semper
921 2324 1147 2381 autem
1200 2311 1417 2380 sancti
1467 2311 1755 2398 aliquid,
1793 2310 1916 2380 ubi
1950 2310 2156 2380 finem
2191 2309 2432 2379 orandi
2464 2309 2736 2391 fecerat,

216 2401 693 2483 meditabatur,
749 2423 871 2471 nec
909 2401 1133 2470 ullum
1183 2401 1449 2470 sinebat
1498 2413 1770 2491 tempus
1808 2399 1987 2469 elabi
2034 2422 2375 2468 vacuum:
2415 2399 2740 2469 habebat-

213 2514 345 2579 que
394 2490 563 2560 illud
617 2490 934 2578 frequens
982 2490 1051 2559 in
1100 2512 1245 2560 ore:
1288 2490 1481 2573 «Qui
1531 2512 1663 2560 non
1716 2489 2002 2569 laborat,
2047 2512 2181 2558 non
2241 2488 2611 2559 manducet
2633 2488 2734 2569 *ων

213 2592 277 2650 et
322 2582 607 2669 insuper
654 2580 824 2650 illud
872 2580 1204 2650 addebat:
1252 2602 1287 2646 «
1323 2580 1530 2649 Multa
1583 2579 1765 2649 mala
1813 2579 2046 2648 docuit
2094 2579 2422 2648 otiositas,
2457 2602 2493 2645 >>
2543 2578 2733 2648 Taci-

216 2670 561 2741 turnitatis
608 2693 764 2740 vero
814 2682 1042 2739 tantus
1089 2681 1232 2738 erat
1277 2669 1521 2751 cultor,
1577 2681 1651 2739 ut
1699 2689 2080 2755 nunquam,
2133 2667 2266 2737 nisi
2306 2691 2475 2738 usus
2518 2667 2742 2768 exige-

217 2772 335 2838 ret,
393 2759 803 2846 loqueretur.
883 2759 1023 2828 Sed*
1058 2770 1122 2828 et
1172 2759 1536 2849 patientiae
1582 2770 1786 2846 atque
1824 2756 2243 2827 constantiae
2293 2756 2736 2826 memorabile

214 2861 358 2918 erat
404 2870 590 2918 exem
651 2848 819 2918 lum.
875 2854 1033 2919 Tres
1080 2848 1522 2937 gravissimas
1570 2847 2036 2939 aegritudines
2083 2868 2330 2936 passus
2375 2857 2515 2928 est,
2568 2868 2742 2932 quas

218 2938 470 3007 intensi
517 2938 604 3007 do
636 2961 787 3008 ores
830 2938 1348 3008 exacerbabant.
1406 2942 1530 3008 Eas
1568 2949 1801 3006 tamen
1853 2936 1946 3005 ita
2004 2934 2486 3015 dissimulavit,
2538 2934 2743 3005 adeo-

215 3049 349 3114 que
398 3027 973 3118 patienterltulit,
1027 3039 1105 3096 ut
1154 3049 1511 3114 nunquam
1579 3048 1619 3094 a
1683 3024 2029 3095 consuetis
2092 3024 2480 3093 actionibus
2542 3023 2745 3093 suerit

219 3128 642 3196 retractatus,
683 3139 805 3185 nec
853 3115 1085 3197 alicui,
1138 3138 1312 3203 quae
1358 3127 1725 3217 pateretur,
1780 3114 2175 3206 prodiderit.
2216 3118 2370 3182 Erat
2401 3126 2741 3203 praeterea
2769 3164 2785 3183 .

220 3204 391 3273 mire
448 3204 765 3287 affabilis,
821 3204 1138 3294 placidus
1186 3206 1533 3285 omnibuS,
1589 3205 1776 3275 salva
1824 3205 2171 3295 gravitate,
2234 3203 2487 3272 charus
2534 3215 2738 3289 atque

219 3293 582 3373 amabiliS,
627 3317 704 3363 ac
755 3295 1211 3384 plurimarum
1260 3294 1591 3363 virtutum
1642 3293 2003 3383 splendore
2051 3291 2543 3361 monstrabilis.
2597 3296 2745 3375 Qua

218 3383 402 3451 fama
452 3382 795 3473 impulsus
845 3382 1135 3453 illustris
1184 3383 1505 3483 princeps
1552 3382 1901 3452 Calabriae
1960 3387 2136 3463 Dux,
2190 3382 2310 3468 qui
2360 3392 2590 3472 postea
2637 3380 2745 3450 Al-

221 3473 534 3561 phonsus
600 3471 948 3543 secundus
1014 3471 1282 3541 Siciliae
1333 3477 1467 3541 Rex
1516 3471 1683 3551 suit,
1737 3494 1894 3541 cum
1946 3471 2318 3540 Bononiam
2370 3470 2736 3561 profectuS,

220 3560 360 3629 divi
411 3560 745 3631 Dominici
796 3560 1191 3651 sepulerum
1242 3560 1507 3641 viseret,
1562 3560 1832 3630 beatum
1884 3560 2084 3630 etiam
2135 3559 2465 3629 Jacobum
2513 3558 2742 3628 videre

218 3649 455 3719 voluit:
507 3672 707 3737 quem
761 3672 1116 3736 nunquam
1165 3661 1364 3719 antea
1411 3649 1541 3718 sibi
1589 3650 1844 3730 visum,
1903 3650 2023 3719 ubi
2072 3670 2227 3718 eum
2304 3648 2539 3717 multis
2587 3647 2744 3717 aliis

216 3740 591 3810 coenobitis
640 3738 723 3807 ad
775 3762 847 3808 se
894 3740 1272 3809 venientem
1321 3738 1694 3828 conspexit,
1749 3738 1977 3808 statim
2032 3738 2368 3828 cognovit,
2422 3751 2487 3807 et
2533 3736 2747 3806 hono-

216 3829 405 3899 rifice
454 3828 795 3910 salutavit,
848 3842 913 3897 et
958 3827 1313 3918 amplexus
1359 3841 1461 3897 est
1507 3849 1586 3896 ac
1634 3827 1917 3917 rogavit,
1957 3838 2031 3895 ut
2073 3849 2195 3917 pro
2237 3849 2309 3896 se
2342 3832 2553 3896 Deum
2593 3849 2746 3916 pre-

212 3932 504 4000 caretur,
558 3930 634 3987 ut
698 3930 921 4008 posset
970 3916 1336 3986 incolumis
1383 3917 1454 3985 in
1507 3917 1799 4007 patriam
1847 3930 1911 3985 et
1958 3915 2043 3985 ad
2093 3916 2471 4006 genitorem
2532 3938 2741 3986 suum

211 4008 477 4078 reverti:
531 4019 597 4078 et
643 4006 863 4077 faetus
909 4017 1008 4076 est
1062 4006 1198 4075 voti
1247 4027 1551 4096 compos.
1621 4006 1712 4074 Ad
1775 4016 2041 4074 tantum
2091 4016 2315 4074 autem
2368 4006 2751 4075 sanctitatis

209 4097 502 4189 gradum
551 4109 900 4177 evaserat,
957 4107 1033 4165 ut
1082 4095 1357 4166 coelesti
1419 4094 1924 4165 circumfusum
1977 4094 2130 4163 luce
2186 4108 2492 4163 orantem
2546 4106 2753 4165 noctu

214 4187 409 4256 multi
480 4186 796 4255 viderint.
874 4185 1204 4255 Infestum
1255 4184 1530 4271 quidem
1595 4206 1718 4273 per
1763 4204 1967 4252 omne
2016 4196 2289 4274 tempus
2336 4183 2745 4253 daemonem

215 4276 478 4346 habuit:
533 4276 651 4347 sed
683 4275 836 4365 ejus
883 4274 1097 4355 dolos,
1141 4273 1503 4361 hucusque
1552 4272 1837 4344 latentes
1885 4285 2205 4364 expertus
2244 4284 2367 4342 est:
2425 4273 2750 4364 deinceps

271 4435 297 4461 *¹
325 4435 518 4483 Quoties
534 4436 650 4476 haec
668 4436 794 4476 esset
813 4435 860 4475 et
880 4434 1178 4475 memoranda
1197 4433 1434 4473 sententia.
1450 4434 1498 4472 et
1516 4442 1668 4482 poena
1685 4431 1959 4484 infligenda!
1990 4430 2082 4471 Sed
2097 4431 2255 4472 minus
2269 4431 2550 4480 plerumque
2567 4431 2753 4480 operosi

220 4489 375 4530 ventri
394 4489 541 4540 magis
563 4491 790 4537 serviunt,
813 4489 1169 4539 alienorumque
1189 4488 1404 4529 laborum
1422 4487 1608 4527 fruetus
1627 4486 1866 4537 copiosius
1887 4482 2128 4526 devorant.
