3327 4999
197 337 299 401 EX
346 335 519 402 OCT.
574 335 657 399 to
975 354 1053 400 ns
1100 353 1156 401 s.
1207 352 1446 402 somme
1493 352 1720 403 emon.
1777 353 1918 400 nse.
2497 336 2623 400 663

195 435 401 522 idque
449 433 640 516 ade0,
693 443 769 503 ut
816 455 940 524 pro
987 433 1264 504 illorum
1315 455 1770 525 supernorum
1820 434 2072 503 civium
2114 434 2509 515 reverentia,
2540 455 2713 521 quos

195 524 325 594 sibi
372 524 688 594 assistere
734 522 1096 603 cernebat,
1152 546 1428 594 rursum
1478 524 1853 614 aspiciens,
1918 522 2157 593 crebro
2204 522 2572 613 deponeret
2612 523 2712 613 pi-

199 613 374 684 leum
407 668 422 693 ,
474 634 723 699 eosque
792 612 1100 682 hilariter
1148 614 1493 684 salutaret.
1575 616 1785 683 Tanta
1832 624 2062 682 autem
2112 613 2439 682 virtutum
2491 612 2712 703 gloria

198 701 628 783 cumulatuS,
682 701 915 772 decem
966 713 1029 770 et
1094 713 1348 794 septem
1400 702 1602 772 annis
1650 702 1903 771 Prioris
1950 700 2176 771 officio
2218 713 2492 772 strenue
2552 701 2710 770 fun-

200 804 342 861 ctus
388 801 510 873 est,
547 801 611 860 et
643 812 826 861 anno
874 790 1112 860 aetatis
1145 812 1310 861 suae
1360 790 1800 882 sexagesimo,
1845 802 2030 860 sexto
2061 791 2225 860 Idus
2259 790 2608 870 Octobris?
2628 793 2706 859 ea

200 882 383 962 hora,
426 902 636 967 quam
671 880 1032 970 Capellano
1083 880 1529 970 praedixerat,
1573 903 1613 949 a
1646 902 1928 972 corpore
1977 879 2293 971 migravit
2341 880 2410 949 in
2459 878 2705 960 coelos,

198 983 254 1039 et
306 970 370 1038 in
417 970 689 1038 divinae
738 969 913 1039 lucis
952 970 1302 1055 abyssum.
1813 1024 1824 1033 .

276 1060 314 1146 ξ
365 1063 534 1131 20.
581 1057 810 1127 Multis
848 1057 965 1126 ille
1012 1058 1338 1128 virtutum
1397 1058 1748 1150 exemplis,
1803 1072 2126 1145 tanquam
2165 1057 2536 1128 luculentis
2603 1079 2710 1126 ra·

199 1147 351 1228 diis,
409 1146 769 1237 militantis
817 1146 1156 1216 Ecclesiae
1203 1147 1740 1228 firmamentum,
1794 1147 1960 1217 dum
2023 1146 2251 1216 adhuc
2300 1147 2571 1225 viveret,
2629 1146 2710 1215 il-

197 1237 522 1308 lustravit.
563 1237 959 1306 Innocentia
989 1236 1144 1306 Abel
1182 1235 1330 1317 fuit,
1368 1237 1598 1306 Enoch
1634 1236 1998 1315 munditia,
2037 1236 2313 1323 quando
2354 1235 2709 1326 proculca-

199 1328 280 1396 tis
315 1326 517 1406 vitiis‚
553 1347 676 1416 per
721 1326 1049 1395 virtutum
1097 1326 1342 1396 itinera
1377 1347 1534 1396 cum
1596 1330 1726 1397 Deo
1782 1324 2179 1395 ambulavit.
2234 1325 2388 1414 Spei
2436 1325 2711 1395 certitu—

199 1417 355 1486 dine
402 1417 558 1497 Noe‚
613 1437 697 1484 ex
741 1414 1074 1484 virtutum
1143 1415 1426 1485 materia
1462 1437 1688 1484 arcam
1739 1414 1967 1485 cordis
2015 1414 2382 1491 fabricans,
2434 1436 2574 1501 qua
2620 1414 2706 1483 ab

197 1505 568 1575 inferorum
619 1502 878 1573 diluvio
906 1515 970 1573 et
1018 1504 1345 1575 fluctibus
1391 1504 1767 1574 aestuantis
1806 1504 2156 1595 gehennae
2204 1502 2531 1573 liberatus
2580 1516 2703 1572 est.

195 1593 529 1663 Abraham
564 1592 722 1671 fide,
774 1592 948 1662 duos
979 1594 1332 1663 enutriens
1378 1593 1579 1674 filios,
1631 1593 1750 1680 qui
1810 1594 1958 1683 ejus
2005 1592 2306 1682 vestigiis
2345 1592 2706 1661 inhaeren-

198 1695 338 1765 teS,
392 1681 565 1751 illud
625 1681 1113 1752 monasterium
1166 1682 1656 1752 miraculorum
1709 1681 1925 1771 signis
1973 1681 2429 1751 illustrarunt.
2489 1681 2708 1751 Jacob

199 1772 447 1852 labore,
497 1784 773 1862 propter
828 1770 1143 1841 Rachelis
1195 1771 1567 1841 obtinenda
1614 1770 1976 1850 consortia,
2029 1772 2183 1840 Liae
2229 1783 2543 1841 actuosas
2600 1791 2712 1839 oc-

196 1862 594 1951 cupationes
657 1882 789 1929 non
842 1881 1189 1931 recusans.
1241 1861 1369 1931 Job
1418 1873 1482 1930 et
1540 1859 1782 1928 Tobias
1830 1859 2195 1950 patientia,
2264 1860 2706 1929 inimicorum

194 1963 470 2020 vexatus
520 1950 835 2041 injuriis,
888 1970 1011 2018 nec
1053 1961 1276 2018 tamen
1322 1970 1613 2039 peccans
1662 1948 1865 2018 labiis
1912 1948 2082 2019 suis.
2128 1947 2529 2018 Humilitate
2580 1953 2708 2017 Da-

196 2038 330 2120 vid,
371 2038 687 2109 Salomon
722 2038 1079 2129 sapientia:
1123 2037 1310 2108 dedit
1346 2037 1531 2106 enim
1577 2037 1639 2106 ei
1693 2038 2017 2109 Dominus
2062 2060 2180 2107 cor
2213 2038 2485 2127 sapiens
2527 2036 2710 2106 ultra

194 2151 432 2199 omnes
478 2128 628 2220 ejus
684 2127 1095 2197 decessores.
1151 2126 1467 2197 Ezechias
1514 2126 1960 2216 poenitentia,
2029 2127 2229 2196 etiam
2281 2125 2366 2195 ob
2417 2126 2707 2194 minima

194 2229 470 2309 peccata
518 2217 755 2287 multis
784 2239 856 2286 se
904 2216 1228 2305 lacrymis
1274 2215 1605 2296 afficiens,
1661 2227 1726 2284 et
1773 2237 1907 2285 non
1960 2215 2390 2285 mediocriter
2434 2214 2698 2282 dolens,

192 2314 491 2376 Joannes
567 2305 994 2396 Evangelista
1060 2305 1365 2375 castitate
1394 2359 1418 2385 ,
1497 2305 1802 2395 corporis
1880 2303 2119 2373 luxum
2183 2303 2567 2393 castiganS,
2642 2315 2708 2372 et

194 2396 425 2466 omnia
470 2395 956 2485 contemplanti
991 2400 1123 2464 Deo
1155 2416 1427 2485 semper
1526 2394 1744 2463 lacere
1788 2392 2207 2462 desiderans.
2254 2398 2553 2462 Joannes
2587 2397 2708 2461 Ba-

196 2486 398 2577 ptista
435 2484 869 2566 abstinentia,
905 2483 1081 2554 inter
1126 2483 1415 2554 delicata
1486 2483 1738 2564 ercula,
1785 2482 2196 2573 contemptio
2245 2480 2447 2572 gulae
2493 2503 2702 2572 appe·

192 2576 343 2657 titu,
384 2574 646 2667 pauciS,
682 2574 902 2661 iisque
932 2574 1217 2644 minime
1251 2573 1582 2654 delicatis,
1625 2583 1987 2644 contentus
2018 2573 2216 2641 escis.
2249 2577 2403 2640 Post
2433 2571 2697 2641 obitum

192 2686 398 2735 suum
451 2664 690 2734 multis
735 2662 983 2733 claruit
1039 2662 1417 2743 miraculis,
1488 2664 1573 2733 ab
1626 2662 1924 2733 obsessis
1986 2660 2263 2752 expellit
2308 2659 2703 2740 daemone-S,

188 2753 604 2846 paralyticos
651 2764 867 2834 sanat,
921 2750 1189 2822 claudis
1237 2753 1532 2823 restituit
1589 2774 1929 2843 gressum,
1973 2750 2195 2820 caecis
2247 2748 2495 2830 visum,
2555 2771 2710 2834 per-

195 2844 451 2913 multos
499 2844 635 2912 vita
682 2842 950 2912 functos
996 2842 1262 2924 excitat,
1298 2843 1600 2931 leprosos
1628 2854 1847 2911 curat:
1882 2841 2116 2910 omnia
2151 2838 2546 2908 morborum
2591 2859 2709 2928 ge-

191 2953 378 3012 nera,
432 2932 489 3000 si
536 2954 693 3000 cum
743 2931 1095 3000 devotione
1142 2932 1517 3011 invocetur,
1574 2931 1937 3022 profligare
2000 2928 2205 2999 novit.
2245 2927 2435 3010 Quod
2479 2928 2536 2996 si
2587 2949 2713 2998 nos

193 3020 591 3110 singulatim
632 3033 957 3090 annotare
1019 3020 1347 3102 velimuS‚
1401 3042 1577 3108 quae
1630 3020 1847 3089 virtus
1907 3018 2141 3088 divina
2185 3030 2251 3088 et
2298 3018 2364 3085 in
2409 3017 2545 3086 vita
2579 3072 2594 3099 ‚
2649 3028 2714 3085 et

191 3122 344 3198 post
400 3109 661 3178 obitum
725 3131 844 3199 per
905 3109 1108 3178 illum
1157 3123 1433 3198 operata
1477 3120 1616 3188 est,
1675 3108 1904 3178 lectori
1963 3108 2176 3176 nimia
2223 3128 2453 3176 rerum
2505 3105 2706 3206 copia

191 3197 543 3266 fastidium
574 3197 962 3268 afferemus.
1007 3203 1083 3267 Et
1115 3210 1339 3268 tamen
1367 3199 1423 3269 si
1457 3199 1614 3284 quis
1641 3219 1840 3268 nosse
1871 3218 1948 3265 ea
1981 3196 2160 3274 velit,
2190 3208 2420 3266 extant
2456 3195 2524 3264 in
2555 3217 2706 3284 ejus

198 3286 611 3355 monasterio
643 3285 934 3364 codices,
972 3286 1039 3355 in
1072 3287 1327 3372 quibus
1352 3287 1718 3355 innumera
1755 3285 2241 3356 beneficiorum
2276 3285 2428 3372 ejus
2458 3305 2712 3375 genera

194 3374 583 3475 conscripta
623 3373 982 3444 habentur.
1035 3375 1214 3445 Obiit
1262 3376 1363 3444 vir
1409 3375 1889 3447 sanctissimus
1935 3397 2116 3444 anno
2154 3396 2192 3444 a
2251 3385 2451 3464 partu
2500 3373 2715 3463 Virgi-

202 3486 313 3533 ms
357 3485 717 3534 ncccmux.
