3327 4999
654 341 781 407 684
1314 358 1393 403 ns
1441 357 1496 405 s.
1550 354 1844 405 oannem:
1889 355 2110 405 conon.
2161 353 2359 404 amsc.
2635 335 2740 402 EX
2787 336 2962 402 OCT.
3022 337 3100 402 Μ

566 442 999 533 perdolenter
1033 454 1099 512 et
1133 440 1674 530 lacrymabiliter
1706 439 1901 511 valde
1945 450 2373 520 excusarent,
2411 438 2871 509 valetudinem
2911 450 3118 529 opta-

566 542 705 601 tam
735 532 806 600 in
839 532 1028 601 brevi
1059 530 1456 621 pollicentes
1484 528 1817 609 futuram,
1857 528 1972 598 ille
2012 527 2226 598 animi
2260 527 2624 607 industria,
2654 550 2794 615 qua
2829 550 3117 618 semper

566 621 809 700 virruit,
864 632 1142 691 econtra
1188 618 1499 688 renisus:
1554 622 1731 687 Dum
1791 629 1923 685 tem
1980 639 2063 686 us
2093 628 2216 698 est,
2252 617 2501 704 inquit,
2537 615 2666 685 hoc
2696 616 2840 685 fiat:
2886 616 3118 686 multa

566 676 769 778 ndbis
815 709 950 778 alia
999 716 1150 798 post
1190 707 1357 777 haec
1416 716 1671 776 restant
1718 728 1752 774 a
1807 727 1889 774 en
1947 728 2009 774 a.
2063 711 2424 795 Ingravata
2473 715 2575 774 est
2619 704 2871 773 deinde
2909 704 3111 773 infir·

566 798 772 866 mitas
819 808 885 866 et
940 795 1268 865 invaluit:
1333 795 1615 883 jamque
1663 816 1749 863 an
1807 793 2032 871 elitus‚
2086 793 2461 863 intercluso
2494 793 2795 863 saucium
2845 806 3112 874 meatu,

565 883 879 954 vitalium
928 883 1409 954 lassitudinem
1462 883 2055 973 praemonstravit.
2109 887 2299 950 Tunc
2361 892 2592 951 vocato
2649 881 2937 963 notario,
2991 904 3111 950 oo-

566 994 713 1041 ram
774 972 1171 1042 memoratis
1230 970 1519 1041 testibus
1578 982 2059 1042 testamentum
2128 992 2336 1039 suum
2398 971 2547 1060 ipse
2611 968 2937 1038 dictavit:
2994 991 3113 1040 res
3185 1045 3207 1066 ο

566 1081 831 1141 omneS,
896 1080 1070 1146 quas
1120 1058 1385 1139 habuit,
1439 1081 1479 1128 a
1525 1081 1713 1141 sese,
1774 1059 1943 1128 dum
2010 1058 2238 1127 adhuc
2286 1058 2355 1128 in
2406 1058 2589 1127 bona
2653 1058 2904 1127 viveret
2950 1080 3105 1147 spe,

566 1147 1001 1229 abalienavit,
1037 1147 1383 1239 dispersit,
1425 1147 1613 1217 dedit
1661 1169 1796 1238 pau
1848 1147 2119 1217 eribus:
2171 1145 2495 1234 quodque
2538 1142 2944 1215 ordinandis
2989 1169 3078 1216 ex

567 1236 934 1307 terioribus
962 1236 1410 1306 ecclesiarum
1462 1235 1577 1305 Dei
1624 1235 1776 1305 aedi
1833 1234 1960 1305 ciis
1989 1235 2354 1325 congessit,
2392 1234 2463 1303 in
2495 1233 2685 1303 brevi
2712 1234 3108 1305 secundum

565 1324 886 1394 collatam
922 1326 1056 1396 sibi
1089 1324 1521 1426 sapientiam,
1575 1323 1752 1393 facta
1796 1335 1863 1393 et
1909 1323 2344 1394 corroborata
2388 1323 2706 1393 cautione
2755 1344 2904 1404 sua,
2938 1345 3110 1393 con-

565 1435 737 1503 grue
783 1424 849 1481 et
896 1413 1318 1504 professione
1364 1434 1491 1483 sua
1523 1412 1734 1503 digne
1765 1412 2020 1483 divisit.

653 1503 690 1587 §
745 1505 909 1572 88.
962 1506 1117 1572 Post
1163 1502 1329 1571 haec
1377 1522 1641 1592 pauper
1675 1500 1946 1580 Christi,
1978 1499 2258 1570 collecta
2291 1499 2509 1570 animi
2541 1500 2810 1581 virtute,
2849 1499 3106 1569 iterum

566 1589 881 1658 semotim
930 1590 1301 1681 Episcopos
1349 1589 1725 1658 advocavit.
1787 1588 2051 1670 Quibus
2099 1587 2588 1669 assidentibus,
2648 1600 2714 1659 et
2761 1587 3110 1658 interiori-

566 1678 699 1746 bus
746 1676 965 1758 factiS,
1006 1678 1173 1747 haec
1204 1677 1431 1758 verba,
1468 1678 1730 1766 gemitu
1761 1677 2174 1746 exuberante
2202 1688 2268 1747 et
2296 1677 2460 1746 fletu
2496 1676 2900 1758 inundante,
2937 1699 3103 1766 pro-

565 1763 786 1835 fudit:
841 1788 876 1832 «
912 1766 1065 1836 Tria
1104 1765 1277 1835 mihi
1324 1764 1648 1834 videntur
1693 1787 1940 1856 genera
1989 1787 2139 1835 esse
2186 1764 2662 1847 consessioniS,
2707 1765 2965 1851 quibus
3029 1789 3110 1836 se

565 1876 684 1923 cor
716 1854 1019 1924 hominis
1069 1854 1355 1923 Domino
1405 1858 1536 1922 Deo
1584 1875 1733 1932 suo,
1772 1875 2018 1922 renum
2067 1854 2243 1933 testi,
2291 1865 2357 1923 et
2388 1854 2752 1923 scrutatori
2781 1855 3106 1924 cordium

568 1941 922 2032 patefacit:
978 1964 1113 2011 non
1149 1952 1226 2011 ut
1274 1942 1407 2032 ipsi
1454 1942 1576 2028 qui
1626 1941 1798 2010 nihil
1859 1962 1995 2010 non
2046 1942 2253 2023 novit,
2306 1941 2611 2011 lucidius
2671 1942 3099 2012 innotescat:

567 2031 682 2100 sed
736 2042 811 2100 ut
860 2031 974 2100 ille
1019 2030 1140 2118 qui
1189 2052 1261 2102 se
1310 2052 1554 2121 parum
1624 2030 1833 2110 novit,
1871 2031 2183 2100 veracius
2241 2030 2477 2100 semeti
2534 2052 2692 2099 sum
2740 2042 3099 2120 agnoscat,

565 2131 630 2188 et
675 2130 793 2188 aut
844 2124 1055 2190 Deum
1106 2119 1177 2186 in
1225 2118 1600 2187 benefactis
1638 2117 1892 2198 laudet,
1960 2129 2080 2188 aut
2127 2140 2199 2187 se
2247 2118 2317 2186 in
2367 2140 2482 2186 ma
2512 2118 2747 2187 elactis
2794 2133 3099 2189 accuset.

566 2212 707 2277 Hoc
753 2230 915 2276 cum
950 2228 1220 2297 semper
1258 2207 1407 2276 fieri
1454 2207 1697 2275 debeat
1741 2205 1884 2294 (sic
1919 2207 2105 2276 enim
2156 2206 2440 2296 vigilare
2523 2206 2965 2296 raecipimur,
3013 2229 3106 2277 ne

564 2294 679 2364 fur
717 2295 964 2377 veniat,
1018 2317 1104 2364 ne
1150 2295 1428 2382 quando
1475 2295 1676 2365 nobis
1724 2294 2022 2364 incautis
2069 2294 2457 2364 damnumi
2491 2295 2758 2364 laturus
2788 2295 3099 2385 irrepat),

566 2395 714 2452 tum
765 2383 1082 2474 pulsante
1131 2384 1419 2453 Domino
1464 2383 1716 2452 domus
1765 2405 1885 2483 per
1913 2383 2335 2453 infirmitatis
2377 2383 2787 2463 molestiam,
2824 2404 3106 2454 necesse

564 2482 716 2552 est,
777 2483 854 2542 ut
903 2495 1096 2543 mens
1145 2493 1239 2554 se,
1293 2473 1547 2560 quibus
1596 2484 1814 2562 possit
1859 2472 2159 2555 viribuS,
2212 2472 2464 2563 erigat:
2520 2494 2656 2560 qua
2721 2471 2940 2541 valeat
2988 2473 3103 2542 in-

566 2561 886 2644 tentione,
913 2562 1139 2651 judici
1185 2584 1312 2631 suo
1359 2561 1946 2653 appropinquanti
1993 2572 2334 2651 assurgat,
2373 2562 2615 2652 sopitis
2664 2562 2955 2630 terrenis
2981 2561 3103 2631 de-

565 2648 862 2730 sideriiS,
905 2672 1026 2740 spe
1049 2649 1131 2718 ad
1185 2671 1485 2742 superna
1525 2651 1612 2719 ssa
1668 2661 1788 2732 ret,
1827 2650 2008 2719 bona
2039 2650 2366 2740 perennia
2413 2662 2478 2718 et
2526 2649 2579 2718 si
2635 2647 2782 2717 non'
2820 2651 3099 2725 meruit.

564 2738 854 2806 minime
903 2750 1129 2807 tamen
1176 2738 1520 2829 desperet:
1576 2739 1634 2806 si
1688 2739 1710 2806 i
1757 2737 2047 2818 diffidat,
2083 2738 2155 2806 in
2207 2737 2495 2806 Domino
2550 2736 2873 2807 confidat.
2929 2744 3103 2807 Ecce

564 2825 807 2895 fratres
845 2827 1099 2906 dilecti,
1155 2826 1334 2896 sicut
1365 2826 1670 2907 cernitis,
1725 2827 2042 2916 pulsatur
2079 2826 2301 2914 janua
2335 2825 2628 2916 pectoris
2676 2826 2811 2894 mei
2857 2826 2923 2892 *ε
2979 2850 3100 2896 vo-

563 2936 681 2983 cor
727 2914 809 2983 ad
874 2914 1297 2983 reddendam
1341 2914 1673 2983 rationem
1722 2914 1950 3004 operis
1999 2915 2167 2984 mei:
2224 2914 2281 2984 si
2329 2915 2499 3002 quid
2559 2913 2863 3004 potestis,
2897 2937 3095 3014 rog0‚

561 3001 728 3070 ferte
776 3002 1223 3092 praesidium,
1269 3002 1597 3071 orationis
1633 3014 1891 3080 vestrae
1940 3002 2267 3093 porrigite
2292 3024 2607 3072 manum.
2651 3005 2965 3071 Incertus
2990 3025 3104 3071 ιη-

562 3100 662 3159 ter
693 3111 886 3177 spem
936 3103 1333 3176 metumque
1366 3089 1582 3158 feror:
1640 3103 1718 3160 ut
1773 3091 1841 3158 in
1897 3103 2209 3160 neutram
2263 3102 2526 3181 partem
2575 3090 2857 3180 pronior
2904 3090 3104 3159 infle-

561 3189 726 3257 ctar,
767 3175 836 3244 id
883 3198 1039 3246 vero
1093 3177 1496 3248 enitendum
1545 3189 1669 3247 est.
1710 3178 1836 3248 Sed
1886 3200 2064 3266 quae
2111 3191 2274 3248 sunt
2322 3180 2499 3249 vires
2550 3183 2791 3249 meae?
2831 3179 3101 3249 Miseri-

561 3264 834 3334 cordiae
880 3265 1263 3334 remedium
1316 3266 1732 3356 praestolor:
1806 3268 1876 3336 in
1943 3288 2157 3337 manu
2202 3267 2530 3337 creatoris
2579 3268 2715 3336 mei
2761 3289 2959 3337 sum:
3014 3269 3105 3338 de

563 3374 673 3421 me
718 3352 901 3438 quod
954 3352 1087 3444 ipsi
1127 3354 1347 3443 placet
1381 3366 1454 3423 ut
1488 3355 1630 3435 fiat,
1671 3369 1971 3446 expecto.
2013 3361 2278 3425 Bonum
2302 3367 2404 3425 est
2433 3356 2746 3426 confiteri
2782 3357 3098 3428 Domino:

567 3443 896 3531 Confessio
926 3452 990 3511 et
1034 3445 1532 3533 maynificcntia
1578 3467 1744 3534 opus
1775 3447 1942 3535 ejus.
1979 3449 2121 3514 Non
2171 3444 2357 3512 enim
2406 3443 2670 3531 aliquid
2720 3444 2908 3525 boni,
2965 3446 3103 3517 nisi

561 3529 713 3620 ipso
761 3542 1124 3619 operante,
1181 3532 1331 3601 fieri
1380 3544 1620 3622 potest.
1676 3538 1790 3603 Est
1835 3545 2065 3602 autem
2122 3533 2464 3620 quaedam
2523 3532 2897 3611 confessio,
2957 3556 3095 3604 non

562 3630 841 3709 peccata
889 3618 1281 3709 deplorans,
1322 3620 1868 3690 misericordiam
1918 3634 2147 3691 tamen
2212 3622 2617 3712 implorans.
2659 3626 2749 3690 De
2794 3643 2930 3708 qua
2981 3645 3105 3713 per

560 3708 993 3777 Psalmistam
1029 3729 1110 3777 ex
1161 3730 1450 3798 persona
1502 3710 1770 3780 Domini
1804 3710 2097 3779 dicitur:
2151 3712 2576 3798 Sacrificium
2624 3710 2849 3779 laudis
2894 3711 3104 3779 hono—

559 3798 849 3885 rificabit
873 3819 999 3876 mc,
1029 3807 1092 3865 et
1116 3800 1262 3866 illic
1288 3800 1440 3879 iter,
1467 3820 1595 3888 quo
1628 3800 1970 3892 ostendam
1996 3800 2112 3867 illi
2137 3802 2444 3868 salutare
2470 3821 2692 3867 meum
2714 3800 2929 3887 (Psal.
2956 3805 3045 3868 49
3083 3855 3098 3867 .

561 3888 704 3953 Hoc
763 3883 1084 3965 salutare,
1151 3884 1220 3953 id
1275 3898 1399 3965 est,
1464 3887 1833 3956 Dominum
1879 3888 2151 3966 Jesum‚
2216 3907 2333 3954 ore
2381 3886 2731 3967 confiteor,
2783 3900 2848 3954 et
2894 3908 3014 3955 cor
3067 3911 3104 3957 e

561 3972 765 4040 credo
811 3972 995 4057 quod
1045 3977 1224 4043 Deus
1262 3973 1462 4043 illum
1515 3974 1868 4044 suscitavit
1908 3998 1948 4043 a
2009 3974 2323 4043 mortuis.
2364 3974 2489 4042 Hic
2539 3996 2778 4044 omnes
2825 3974 3104 4045 thesau-

561 4082 673 4128 ros
712 4060 1089 4149 sapientiae
1134 4072 1200 4131 et
1245 4061 1569 4133 scientiae
1615 4061 2055 4133 absconditos
2093 4084 2417 4151 agnosco.
2472 4067 2673 4131 Hunc
2723 4063 3098 4132 Dominum

558 4147 789 4217 ‚lesum
829 4169 1029 4217 nemo
1077 4161 1297 4249 potest
1342 4150 1591 4233 dicere,
1647 4150 1783 4221 nisi
1818 4151 1886 4218 in
1924 4150 2184 4241 Spiritu
2211 4154 2481 4219 Sancto.
2535 4155 2700 4218 Ante
2747 4149 2946 4218 illum
2997 4165 3104 4220 est

561 4257 763 4305 omne
811 4236 1230 4307 desiderium
1281 4260 1540 4319 meum,
1584 4251 1647 4308 et
1681 4238 1981 4331 gemitus
2029 4260 2225 4308 meus
2271 4238 2360 4308 ab
2390 4261 2469 4307 eo
2501 4260 2636 4307 non
2671 4251 2770 4308 est
2800 4239 3097 4307 abscon-

561 4324 771 4395 ditus.
827 4325 1010 4407 Dixi,
1064 4325 1440 4396 confitebor
1492 4326 1856 4397 adversum
1919 4349 2028 4396 me
2085 4327 2460 4417 injustitias
2527 4347 2714 4396 meas
2781 4326 3095 4409 Domin0,

611 4440 637 4467 ⁴¹
665 4440 816 4490 Digna
835 4441 989 4483 sancti
1009 4444 1058 4483 et
1080 4442 1313 4492 sapientis
1334 4443 1426 4483 viri
1443 4442 1495 4483 tn
1514 4443 1685 4484 mortis
1708 4444 1912 4484 articulo
1933 4444 2091 4484 verba.
2119 4443 2316 4484 'rx-inum
2335 4443 2650 4486 confessionis
2674 4450 2845 4492 genus.
