3327 4999
661 358 746 422 76
1442 377 1520 423 nn
1568 378 1624 424 s.
1679 375 1890 424 mom
1938 370 2257 433 mmmm
2774 354 3024 421 MART.
3085 356 3132 421 7

564 459 946 537 admirans,
992 458 1220 529 videre
1259 459 1391 529 sibi
1427 460 1617 531 visus
1663 473 1766 531 est
1791 459 2019 531 radios
2047 458 2384 548 quosdam
2427 456 2817 528 luculentos
2845 457 2932 528 de
2962 479 3131 616 eius

559 548 758 618 vultu
805 547 1061 618 vibrari
1107 548 1228 636 qui
1278 548 1482 640 longe
1545 549 1812 637 lateque
1863 548 2124 630 diffusi,
2179 546 2608 618 cernentium
2666 547 2906 617 oculos
2953 546 3002 617 il
3041 558 3132 621 u·

564 647 890 707 strarent.

657 727 695 813 ἓ
743 731 836 798 8.
891 724 1080 795 Conti
1136 725 1186 795 it
1253 740 1482 797 autem
1534 732 1603 796 F.
1663 733 1997 797 ,Ioannem
2072 725 2159 797 de
2205 730 2272 796 S.
2324 724 2604 796 Juliano
2638 778 2656 807 ,
2725 725 2930 815 cujus
2975 738 3138 796 erat.

563 813 947 885 admodum
1020 836 1096 884 ce
1126 815 1310 886 ebris
1381 816 1658 917 opini0,
1715 817 1785 886 in
1854 815 2275 903 colloquium
2339 814 2558 884 sancti
2605 812 2905 883 Thomae
2954 826 3138 885 tunc

557 902 874 979 fortassis
938 902 1264 985 incidere,
1329 909 1447 975 Dei
1493 906 1733 992 utique
1793 905 2040 996 spiritu
2089 904 2159 973 id
2209 916 2476 995 agente.
2529 908 2596 971 Is
2643 925 2800 973 eum
2860 903 3136 974 hortari

558 991 809 1083 coepit,
849 1004 928 1061 ut
959 1004 1352 1084 contempta
1384 994 1628 1063 mundi
1676 995 1995 1075 vanitate,
2027 994 2111 1063 ad
2159 992 2588 1062 Dominicani
2638 991 2969 1074 Instituti,
2997 1016 3131 1062 cu-

550 1079 672 1171 jus
731 1080 879 1172 ipse
924 1102 1200 1169 quoque
1244 1104 1323 1152 ex
1372 1081 1676 1173 professo
1706 1096 1849 1152 erat
1897 1083 2305 1162 monachuS,
2347 1081 2782 1172 complexum
2838 1103 2910 1150 se
2953 1103 3134 1150 con-

562 1168 790 1240 ferret.
853 1175 1009 1240 Erat
1037 1171 1167 1241 hoc
1194 1171 1367 1241 nihil
1402 1171 1618 1254 aliud,
1673 1172 1807 1241 nisi
1846 1172 1993 1262 jam
2045 1171 2348 1241 currenti
2383 1170 2612 1240 calcar
2648 1168 2927 1239 addere.
2960 1176 3130 1240 Jam

565 1258 750 1328 enim
805 1256 921 1327 ille
971 1260 1381 1330 venerabilis
1428 1283 1602 1351 puer
1629 1282 1863 1330 secum
1898 1271 2224 1330 statuerat
2254 1259 2338 1328 ad
2373 1258 2546 1328 illud
2597 1280 2668 1327 se
2691 1257 2867 1327 vitae
2898 1281 3136 1349 genus

571 1346 964 1417 transferre.
1020 1353 1256 1435 Itaque
1292 1348 1475 1436 quod
1516 1363 1742 1419 mente
1778 1347 2213 1429 deliberarat,
2266 1346 2527 1416 confert
2556 1346 2624 1415 in
2652 1368 2853 1436 opuS,
2900 1361 2969 1417 et
3002 1370 3139 1417 an-

566 1457 697 1504 nos
749 1448 952 1507 natus
1000 1437 1351 1518 tredecim,
1389 1451 1782 1528 contempta
1819 1450 1952 1506 tam
1994 1436 2246 1507 illustri
2289 1436 2562 1526 generis
2599 1435 2958 1525 dignitate,
3001 1460 3136 1528 po-

569 1523 893 1596 sthabitis
941 1546 1048 1593 am
1109 1526 1396 1596 lissimis
1455 1526 1751 1617 opibuS,
1802 1524 2132 1612 omnique
2186 1524 2365 1595 fastu
2425 1537 2492 1593 et
2538 1529 2793 1615 pompa
2870 1527 3134 1596 mundi

568 1611 782 1695 hujus
840 1635 1055 1704 procu
1087 1619 1236 1685 cata
1271 1670 1287 1697 ,
1339 1614 1567 1685 induit
1630 1615 1945 1685 habitum
2023 1619 2088 1684 S.
2156 1613 2534 1695 Dominici,
2589 1613 2811 1703 magis
2858 1613 3143 1706 eligens

566 1701 881 1791 abjectus
911 1702 1126 1772 videri
1173 1702 1243 1772 in
1295 1703 1499 1774 domo
1546 1704 1688 1785 Dei,
1740 1725 1949 1791 quam
2000 1703 2311 1773 habitare
2351 1702 2419 1770 in
2465 1701 2929 1773 tabernaculis
2968 1726 3140 1794 pec-

565 1803 876 1860 catorum
927 1804 993 1860 et
1040 1792 1366 1864 omnibus
1417 1792 1665 1862 mundi
1719 1792 1934 1883 hujus
1992 1791 2183 1862 salsis
2230 1803 2296 1860 et
2357 1790 2848 1860 commentitiis
2924 1791 3139 1863 bonis

566 1878 1081 1950 circumfluere.
1134 1880 1470 1951 Permovit
1499 1894 1727 1951 autem
1778 1881 2049 1951 animos
2074 1881 2387 1949 omnium
2422 1879 2604 1967 quod
2642 1878 3142 1951 nobilissimus

568 1988 743 2057 puer
794 1990 934 2037 rem
971 1980 1229 2037 tantam
1277 1980 1454 2039 esset
1499 1992 1870 2071 aggressus
1898 1983 1962 2040 et
2008 1992 2087 2039 ex
2133 1969 2458 2061 opulento
2518 1981 2758 2059 sponte
2798 1968 3140 2059 elegisset

568 2055 719 2125 fieri
787 2056 987 2147 inops
1034 2070 1102 2127 et
1150 2080 1411 2149 pauper
1443 2113 1458 2140 ‚
1512 2059 1825 2146 nihilque
1872 2060 2084 2150 hujus
2147 2057 2393 2127 mundi
2462 2057 2832 2147 possidere.
2891 2058 3142 2130 Solent.

567 2144 755 2215 enim
805 2146 877 2214 in
930 2145 1331 2218 hominibus
1378 2147 1511 2238 piis
1552 2159 1618 2218 et
1649 2152 1784 2219 Deo
1845 2148 2103 2217 devotis
2151 2146 2220 2216 id
2272 2167 2710 2235 summopere
2757 2146 3131 2231 admirari,

566 2255 1095 2322 nonnumquam
1145 2235 1349 2306 etiam
1400 2237 1687 2306 irridere
1719 2248 1784 2307 et
1813 2250 2251 2307 contemnere
2281 2234 2384 2303 illi
2431 2235 2554 2321 qui
2603 2235 2672 2304 in
2722 2257 2981 2325 magna
3032 2237 3140 2307 fe-

562 2322 817 2393 licitate
862 2337 1152 2415 ponunt,
1207 2324 1591 2396 honoribus
1629 2339 1695 2396 et
1746 2325 2024 2405 divitiis,
2083 2337 2287 2411 atque
2333 2323 2490 2393 aliis
2545 2322 2612 2391 id
2670 2346 2891 2415 genus
2942 2325 3134 2396 vitae

563 2411 777 2570 hu{us
825 2413 1242 2484 vanitatibus
1291 2413 1595 2483 affluere.
1650 2419 1727 2483 Et
1777 2425 2002 2483 tamen
2051 2412 2136 2482 de
2180 2413 2330 2505 ipso
2381 2412 2523 2481 filio
2567 2412 2683 2481 Dei
2730 2413 2899 2482 dicit
2946 2418 3137 2506 Apo-

561 2512 666 2573 sto
698 2523 804 2583 US,
859 2506 990 2586 Qui
1032 2527 1182 2573 cum
1216 2514 1381 2573 esset
1431 2504 1637 2583 dives,
1690 2514 1968 2594 propter
2016 2526 2129 2572 vos
2177 2506 2426 2595 cycnus
2455 2505 2688 2592 sactus.
2725 2504 2921 2592 estOE
2965 2510 3128 2576 Cor.

560 2591 727 2679 vm).
784 2596 1006 2661 Immo
1053 2614 1211 2662 vero
1287 2592 1436 2682 ipse
1483 2591 1653 2660 dicit
1699 2592 1782 2661 de
1833 2592 2096 2683 seipso:
2142 2597 2382 2684 Vulpes
2454 2595 2683 2682 foveas
2732 2592 3002 2673 liabent,
3059 2606 3132 2663 et

556 2684 860 2750 volucres
893 2684 1059 2750 coele
1108 2681 1346 2750 nidos:
1405 2683 1517 2750 Fil
1548 2703 1625 2750 us
1673 2692 1899 2750 autem
1961 2683 2247 2751 hominis
2278 2705 2410 2750 non
2465 2682 2684 2760 habet,
2740 2682 2860 2749 ubi
2916 2695 3138 2773 caput

557 2791 756 2838 suum
802 2772 1079 2839 reclinet
1108 2770 1377 2858 (Manli.
1416 2704 1581 2858 vuli).

645 2859 681 2944 ξ
741 2859 826 2928 4.
881 2857 1286 2948 Exemplum
1334 2857 1548 2949 igitur
1577 2858 1768 2928 dedit
1797 2858 2018 2939 nobis,
2051 2870 2128 2927 ut
2157 2858 2216 2928 si
2273 2857 2566 2927 velimus
2612 2856 2700 2925 ad
2754 2856 3132 2948 perfectio-

557 2966 717 3013 nem
795 2946 1141 3036 aspirare,
1205 2947 1412 3016 rebus
1478 2947 1808 3017 omnibus
1873 2947 2210 3017 nuncium
2271 2947 2729 3016 remittamus
2785 2951 3133 3020 Fecerunt

558 3033 688 3102 hoc
737 3033 1083 3104 innumeri
1120 3056 1339 3105 -sexus
1382 3036 1744 3123 utriusque
1795 3035 2213 3107 sanctissimi
2262 3036 2610 3117 homines,
2664 3047 2868 3123 atque
2919 3036 2992 3105 in
3039 3037 3132 3110 iis

557 3121 764 3190 etiam
806 3126 1292 3213 Imperatores,
1348 3129 1564 3216 Reges
1609 3137 1675 3194 et
1724 3125 2112 3216 principes:
2181 3123 2341 3195 fecit
2388 3125 2592 3194 etiam
2646 3128 2711 3194 S.
2775 3125 3122 3196 Thomas:

559 3209 679 3280 sed
732 3223 947 3280 mater
992 3213 1166 3302 ejus,
1220 3224 1298 3283 ut
1345 3224 1448 3282 est
1496 3226 1965 3283 matronarum
2016 3213 2089 3282 in
2145 3212 2327 3283 filios
2364 3215 2731 3284 vehemens
2779 3213 3068 3285 affectus
3097 3271 3114 3295 ‚

558 3297 757 3368 valde
806 3299 874 3368 id
922 3302 1165 3371 acerbe
1198 3301 1377 3383 tulit,
1416 3300 1657 3372 nolens
1708 3301 1960 3392 privari
2016 3301 2161 3371 filio
2209 3325 2360 3372 su0.
2420 3307 2655 3389 Itaque
2704 3302 2946 3372 multis
2998 3304 3120 3374 sti-

566 3401 724 3479 pata
774 3390 1129 3471 matronis,
1178 3391 1362 3459 venit
1408 3390 1786 3482 Neapolim.
1841 3396 1917 3461 Et
1957 3391 2025 3459 in
2067 3391 2198 3461 hac
2240 3392 2520 3478 quidem
2571 3412 2645 3460 re
2691 3412 3129 3461 commemo-

565 3475 784 3546 randa
818 3479 1132 3548 nonnihil
1168 3480 1437 3549 variant
1476 3480 1866 3570 scriptores.
1905 3479 2030 3548 Alii
2061 3481 2245 3549 enim
2282 3480 2523 3549 dicunt
2599 3479 2859 3549 avisam
2904 3480 3133 3552 fuisse

562 3578 877 3647 matrem,
913 3590 1073 3637 cum
1124 3568 1478 3638 recordata
1524 3581 1701 3638 esset
1749 3568 1915 3637 olim
1973 3568 2039 3638 id
2086 3568 2509 3669 praedictum
2589 3567 2800 3648 uisse,
2852 3566 2998 3639 sore
3046 3584 3137 3641 ut

564 3655 860 3725 Thomas
891 3678 961 3727 se
1008 3655 1346 3728 conferret
1392 3656 1477 3725 ad
1532 3658 1989 3729 monasticum
2041 3670 2217 3727 vitae
2262 3679 2506 3748 genus:
2543 3670 2749 3744 atque
2792 3660 2872 3726 ea
2905 3664 3132 3730 causa

562 3743 769 3815 ivisse
817 3744 1210 3836 Neapolim,
1252 3756 1329 3815 ut
1378 3744 1600 3815 fllium
1653 3747 1723 3816 in
1765 3768 1844 3816 eo
1907 3747 2254 3838 proposito
2306 3745 2786 3816 confirmaret:
2845 3758 2916 3816 at
2963 3759 3132 3817 tan-

559 3830 719 3901 dem
769 3845 993 3903 tamen
1026 3834 1260 3905 animo
1308 3834 1523 3906 fuisse
1575 3846 2016 3916 commotam,
2069 3858 2227 3905 cum
2282 3857 2416 3904 non
2467 3833 2748 3905 daretur
2794 3834 2857 3905 ei
2897 3834 3135 3906 facul—

564 3932 665 3991 tas
718 3920 945 3992 lilium
1002 3923 1425 4011 alloquendi.
1479 3925 1903 3994 Verebantur
1969 3924 2155 3994 enim
2230 3935 2455 4015 patres
2502 3923 2971 4005 Dominicani‚
3035 3947 3130 3996 ne

566 4020 787 4079 mater
835 4010 1061 4081 filium
1124 4014 1273 4083 suis
1336 4012 1614 4083 blandis
1660 4013 2027 4101 colloquiis
2071 4013 2158 4082 ab
2197 4012 2509 4083 instituto
2556 4023 2944 4082 revocaret:
2998 4012 3132 4082 de-

560 4097 953 4187 deruntque
999 4122 1305 4191 operam,
1357 4115 1433 4172 ut
1480 4102 1787 4192 primum
1839 4109 2152 4183 Romam,
2207 4101 2367 4171 inde
2428 4101 2498 4170 in
2556 4102 2900 4181 Tusciam,
2955 4123 3126 4173 mox

562 4187 864 4258 Parisios
937 4189 1233 4261 Thomas
1309 4190 1822 4282 perduceretur.
1885 4196 2017 4261 Nec
2088 4189 2399 4261 cessabat
2470 4202 2687 4260 mater
2744 4189 3125 4261 abeuntem

563 4279 851 4346 Romam
900 4299 1123 4365 usque
1168 4278 1466 4367 insequi,
1525 4279 1643 4350 sed
1694 4280 1787 4349 ibi
1837 4302 1996 4350 eum
2050 4302 2186 4350 non
2265 4279 2662 4360 inveniens,
2726 4279 3130 4369 perturbari

563 4366 809 4457 coepit,
863 4367 1160 4437 maxime
1191 4368 1377 4455 quod
1428 4390 1565 4438 non
1614 4369 2010 4439 crederetur
2044 4369 2175 4459 ipsi
2208 4367 2613 4450 affirmanti,
2667 4388 2737 4437 se
2785 4387 2919 4436 non
2973 4369 3117 4439 nisi

558 4456 1023 4527 confirmandi
1071 4455 1198 4526 filii
1270 4461 1484 4528 causa
1547 4458 1701 4549 ejus
1764 4457 2188 4546 colloquium
2260 4467 2595 4548 expetere.
2650 4461 2739 4526 Eo
2809 4467 3126 4547 tempore
