3327 4999
162 367 401 432 MART.
454 368 540 432 29
720 385 800 431 ne
848 385 941 432 ss.
993 385 1178 444 som,
1231 386 1610 434 sAnAcmsm
1657 388 1735 434 ET
1784 386 1956 436 socc.
2010 390 2126 436 nm.
2495 375 2626 439 547

170 469 395 540 servili
441 468 683 537 ordine
730 468 1125 540 deserviret.
1167 475 1359 539 Nunc
1408 482 1635 540 autem
1681 471 2000 541 videmus
2047 473 2368 543 homines
2420 496 2556 544 non
2608 498 2721 546 so-

165 557 308 627 lum
357 557 623 638 diviteS,
679 580 918 627 verum
966 559 1169 628 etiam
1223 580 1607 659 pauperes:
1666 582 1799 629 non
1854 561 2071 631 bonos
2120 573 2386 631 tanturn
2425 618 2440 644 ‚
2486 563 2601 633 sed
2654 574 2721 634 et

164 646 402 727 malos,
455 645 639 736 ignis
669 646 770 714 uti
803 647 1101 716 servitio.
1148 651 1318 716 Cum
1370 648 1584 749 igitur
1631 648 1816 738 ignis
1863 650 2280 720 constitutus
2329 650 2418 719 sit
2479 674 2719 723 servus

168 748 391 803 noster
422 735 508 803 ab
548 755 626 803 eo
673 734 796 821 qui
843 735 1003 804 fecit
1060 735 1288 816 illum,
1330 736 1649 822 iniquum
1717 749 1862 817 est,
1918 737 2091 805 velle
2134 759 2259 806 nos
2307 760 2550 828 cogere
2581 795 2596 820 ,
2642 751 2721 809 ut

164 822 387 913 ignem
423 822 821 905 adoremus,
859 845 1068 910 quem
1105 829 1283 894 Deus
1323 824 1407 893 ad
1461 824 1809 895 humanos
1857 847 2031 894 usus
2061 826 2339 907 creavit,
2385 838 2451 895 et
2504 828 2719 897 abne-

162 932 403 1010 gemus
454 912 687 1011 ipsum
737 917 951 1011 Deum
1001 912 1124 999 qui
1180 910 1339 982 fecit
1385 912 1654 982 coelum
1705 923 2098 994 etterram,
2152 926 2218 982 et
2268 935 2480 997 mare,
2535 927 2600 985 et
2649 937 2720 985 o-

157 1021 347 1068 mnta
393 1022 575 1087 quae
625 1021 695 1068 in
756 1021 857 1068 eis
907 1014 1092 1069 sunt.
1123 1023 1159 1067 >›

244 1091 280 1175 ξ
325 1092 402 1158 ⁵2.
460 1094 649 1157 Tunc
701 1087 857 1157 irati
907 1094 1261 1179 Magorum
1307 1088 1683 1179 principeS‚
1722 1101 2097 1188 coeperunt
2126 1111 2243 1158 eos
2283 1089 2620 1160 admirari
2652 1103 2718 1161 et

158 1175 472 1265 ipsorum
522 1176 1008 1259 constantiam,
1063 1199 1142 1246 ac
1191 1177 1461 1246 dicere:
1517 1199 1554 1242 «
1595 1177 2111 1267 Nejudicemus
2160 1177 2315 1247 illos
2366 1178 2493 1247 hoc
2544 1192 2718 1248 tem-

155 1286 337 1354 pore,
378 1286 467 1333 ne
507 1265 664 1351 quis
703 1287 973 1346 eorum,
1019 1266 1138 1351 qui
1174 1265 1270 1356 pii
1320 1278 1505 1345 sunt,
1558 1278 1623 1335 et
1676 1265 1889 1336 solem
1939 1278 2004 1333 et
2057 1268 2286 1355 ignem
2338 1279 2404 1335 et
2462 1290 2718 1353 aquam

155 1353 495 1433 adorant,
575 1353 835 1421 auditis
904 1375 1143 1422 eorum
1214 1354 1653 1423 sermonibus
1688 1408 1704 1435 ‚
1764 1376 1805 1423 a
1857 1352 2191 1443 religione
2253 1366 2485 1423 nostra
2541 1356 2716 1423 defi-

152 1441 360 1519 ciant,
419 1454 485 1508 et
531 1440 900 1510 immolare
947 1454 1299 1510 recusent:
1357 1454 1565 1511 noctu
1614 1442 1846 1531 potius
1895 1442 2051 1510 illos
2098 1441 2498 1523 audiamuS‚
2552 1465 2714 1512 cum

152 1551 391 1597 omnes
428 1528 786 1597 dormiunt
812 1544 880 1598 et
906 1530 1430 1616 conquiescunt,
1473 1552 1556 1599 ne
1590 1531 1748 1616 quis
1787 1543 2178 1619 cognoscat,
2217 1552 2394 1616 quae
2421 1531 2507 1599 ab
2540 1531 2713 1621 ipsis

153 1617 508 1698 dicuntur,
563 1629 683 1685 aut
730 1639 909 1703 quae
956 1618 1136 1685 fiunt
1181 1640 1221 1687 a
1268 1617 1494 1687 nobis,
1538 1640 1574 1683 »
1611 1625 1801 1687 Tunc
1850 1618 2063 1707 igitur
2101 1618 2449 1707 judicium
2506 1619 2718 1688 inter-

158 1706 522 1775 miserunt.
595 1710 799 1774 Nocte
863 1720 1090 1775 autem
1130 1760 1145 1786 ‚
1199 1727 1360 1774 cum
1433 1728 1689 1796 magna
1735 1720 1912 1775 esset
1960 1706 2157 1792 quies
2187 1761 2203 1787 ,
2246 1707 2711 1789 considenteS,

145 1794 514 1883 jusserunt
563 1806 882 1864 sanctum
934 1794 1406 1863 Barachisium
1462 1795 1759 1864 adduci:
1805 1807 1870 1863 et
1917 1817 2027 1863 ma
2086 1817 2172 1862 no
2229 1817 2390 1863 cum
2443 1794 2717 1865 silentio

153 1904 310 1951 eum
355 1882 760 1953 audiebant.
814 1887 1120 1968 Cumque
1171 1881 1389 1950 multa
1445 1881 1630 1952 ultro
1679 1884 1987 1968 citroque
2086 1883 2467 1961 icerentur,
2523 1896 2587 1950 et
2644 1882 2715 1949 in

153 1992 234 2039 ea
281 1971 754 2060 disputatione
803 1984 1087 2039 sanctus
1136 1970 1615 2051 Barachisius,
1688 1971 1923 2039 divina
1973 1971 2313 2059 sapientia
2369 1970 2707 2048 munituS,

156 2059 373 2127 victor
423 2060 766 2127 existeret:
821 2058 1187 2158 indignati,
1237 2058 1605 2147 jusserunt
1666 2058 1843 2127 duas
1891 2057 2127 2148 glebas
2175 2079 2425 2127 aeneas
2472 2057 2720 2125 arden-

160 2146 468 2216 tissimas
517 2146 648 2215 sub
697 2146 941 2215 axillas
987 2146 1213 2235 ipsius
1261 2145 1636 2227 admoveri,
1692 2161 1756 2215 et
1803 2146 2124 2216 dixerunt
2155 2147 2258 2215 ei:
2306 2169 2341 2212 «
2378 2150 2502 2213 Per
2533 2144 2717 2235 regis

162 2256 408 2323 regum
466 2235 730 2303 Saborii
780 2257 1144 2315 coronam,
1208 2234 1428 2325 abjice
1476 2234 1760 2303 alteram
1803 2256 1839 2303 e
1891 2234 2110 2323 glebis
2160 2235 2229 2303 in
2281 2245 2530 2303 terram
2569 2289 2584 2315 ,
2640 2243 2718 2302 ut

159 2322 659 2423 intelligamuS‚
715 2336 776 2391 te
821 2328 1030 2392 Deum
1082 2336 1277 2393 tuum
1332 2322 1733 2422 abnegasse.
1774 2346 1808 2388 »
1849 2323 2228 2411 Respondit
2275 2335 2557 2392 sanctus
2588 2326 2714 2390 Ba-

163 2412 552 2480 rachisius:
590 2411 937 2481 «Ministri
990 2423 1266 2480 satanae
1316 2423 1381 2479 et
1430 2411 1780 2501 principes
1851 2410 2184 2491 scelerati,
2240 2432 2363 2499 per
2419 2409 2714 2480 salutem

161 2501 281 2568 Dei
329 2501 490 2581 mei,
535 2513 600 2569 et
649 2501 1002 2569 interitum
1055 2513 1333 2568 satanae
1383 2498 1597 2588 patris
1639 2499 1868 2580 vestri,
1925 2522 2059 2568 non
2099 2502 2305 2569 timeo
2336 2520 2565 2588 regem
2601 2519 2714 2566 ve-

158 2602 406 2668 strum,
459 2600 526 2658 et
573 2603 886 2657 neutram
939 2587 1295 2677 glebarum
1348 2587 1420 2656 in
1476 2601 1721 2657 terram
1773 2587 2122 2676 abjiciam,
2178 2587 2293 2656 sed
2346 2602 2717 2672 utramque

153 2691 435 2766 propter
485 2698 734 2745 nomen
798 2676 1045 2747 Christi
1099 2675 1459 2766 perferam.
1527 2676 1916 2757 Quinetiam
1968 2698 2087 2744 vos
2134 2676 2383 2763 adjuro
2432 2696 2553 2765 per
2612 2674 2715 2741 vi-

151 2780 422 2834 ventem
475 2771 715 2843 Deum,
772 2778 849 2835 ut
889 2764 972 2833 ad
1028 2765 1214 2833 hunc
1250 2764 1636 2846 cruciatum
1681 2765 1978 2853 majores
2025 2764 2221 2844 alios,
2277 2764 2336 2832 si
2383 2785 2560 2848 quos
2591 2762 2713 2830 ha-

151 2852 351 2933 betis,
401 2853 827 2942 adjungatis,
883 2852 1051 2935 Quis
1098 2853 1279 2921 enirn
1315 2852 1400 2921 ad
1439 2853 1699 2922 bellum
1735 2851 2218 2942 proficiscitur,
2272 2862 2337 2921 et
2386 2851 2456 2918 in
2508 2872 2711 2940 prae-

156 2941 328 3010 lium
384 2943 451 3009 in
512 2939 796 3021 reditur,
836 2942 956 3026 qui
999 2963 1135 3009 non
1188 2955 1550 3030 promptus
1599 2941 1688 3011 sit
1730 2954 2016 3010 mortem
2067 2954 2413 3030 oppetere,
2450 2952 2529 3009 ut
2562 2960 2713 3006 ma-

150 3052 361 3120 gnam
429 3054 473 3119 g
504 3030 720 3098 oriam
760 3084 775 3110 ,
829 3042 894 3097 et
956 3030 1273 3119 praemia,
1322 3029 1540 3097 multa
1576 3083 1590 3108 ‚
1644 3040 1709 3097 et
1758 3029 1986 3097 locum
2041 3029 2375 3128 principis
2424 3050 2463 3096 a
2528 3032 2713 3117 Rege

148 3120 706 3203 consequatur‘l»
740 3122 919 3186 Haec
969 3139 1126 3185 cum
1179 3140 1217 3184 a
1259 3131 1496 3186 sancto
1545 3117 1939 3187 Barachisio
1988 3117 2404 3197 dicerentur,
2444 3116 2513 3184 in
2572 3115 2716 3183 enti

151 3204 506 3274 dementia
538 3205 695 3272 victi
734 3211 1086 3295 Magorum
1122 3204 1506 3294 principes,
1539 3204 1902 3304 ,jusserunt
1936 3204 2300 3295 plumbum
2341 3205 2527 3291 lique
2556 3204 2708 3285 leri,

150 3305 218 3362 et
268 3294 338 3360 in
391 3292 759 3381 palpebras
788 3295 940 3383 ejus
980 3305 1044 3361 et
1086 3313 1284 3361 nares
1318 3293 1594 3382 conjicl.
1633 3298 2080 3379 Rursumque
2113 3292 2450 3379 liquefieri
2483 3292 2716 3392 plum-

148 3382 322 3450 bum
366 3381 750 3468 jusserunt,
807 3395 871 3449 et
919 3380 986 3448 in
1040 3380 1273 3449 fauces
1319 3381 1473 3466 ejus
1520 3392 1584 3450 et
1632 3403 1835 3450 aures
1884 3381 2186 3462 infundi,
2224 3403 2308 3449 ne
2338 3380 2581 3449 audire
2612 3379 2714 3448 lo-

149 3469 361 3557 quive
399 3478 648 3558 posset.
715 3473 867 3537 Post
914 3480 1146 3538 autem
1198 3468 1536 3538 ministris
1584 3468 1784 3536 illum
1840 3468 2308 3548 tradiderunt,
2349 3468 2708 3537 dicentes:

151 3581 187 3624 «
242 3556 577 3624 Abducite
639 3577 801 3624 eum
859 3557 929 3625 in
988 3578 1333 3625 carcerem
1371 3611 1386 3637 ‚
1440 3557 1677 3642 ibique
1724 3578 1866 3625 uno
1915 3556 2088 3646 pede
2137 3577 2560 3645 suspensum
2607 3554 2717 3622 in-

149 3645 434 3715 cludite⁴
476 3668 511 3710 »
2042 3691 2047 3696 ·

241 3741 279 3814 ἓ
331 3738 411 3804 S.
467 3739 657 3801 Tunc
705 3732 1161 3821 imperarunt,
1201 3745 1277 3801 ut
1325 3732 1567 3802 beatus
1599 3738 1815 3800 Jonas
1850 3732 2097 3801 iterum
2137 3731 2219 3799 ad
2261 3741 2712 3819 conspectum

150 3837 361 3891 Suum
413 3821 896 3890 adduceretur.
952 3826 1099 3903 Quo
1148 3820 1427 3907 quidem
1481 3821 1819 3888 adducto:
1855 3844 1889 3886 «
1920 3819 2300 3902 Quomodo,
2352 3819 2708 3905 inquiunt,

154 3932 226 3982 se
281 3910 482 3979 babet
532 3932 786 4000 corpus
837 3922 1058 3978 tuum:
1125 3922 1189 3977 et
1248 3909 1594 3994 quomodo
1643 3921 1909 3976 noctem
1964 3908 2152 3976 illam
2207 3919 2417 3976 totam
2469 3905 2715 3996 glaciei

152 4020 231 4067 ac
283 3996 524 4087 frigori
586 3997 938 4088 expositus
991 3997 1439 4085 transegisti?
1476 4021 1511 4063 »
1573 3997 1953 4086 Respondit
2002 3998 2242 4065 beatus
2301 4001 2551 4075 Jonas,
2618 4006 2706 4075 et,

154 4109 189 4152 «
231 4086 506 4156 Nullam
541 4142 556 4168 ,
613 4086 887 4173 inquit,
948 4087 1118 4155 mihi
1173 4086 1429 4154 credite
1464 4140 1478 4166 ,
1538 4092 1715 4155 Deus
1781 4107 2024 4164 meuS,
2083 4098 2347 4154 noctem
2401 4105 2715 4169 unquam

150 4175 326 4242 mihi
379 4197 594 4261 aeque
645 4175 1089 4260 tranquillam
1144 4174 1247 4242 lar
1299 4175 1435 4244 itus
1484 4187 1621 4255 est,
1679 4195 1803 4242 nec
1856 4173 2143 4242 memini
2205 4193 2556 4256 unquam,
2604 4169 2716 4238 ul—

150 4260 290 4330 lam
344 4265 629 4333 omnino
683 4277 946 4332 noctem
1003 4264 1096 4332 ita
1162 4263 1335 4331 miii
1385 4262 1769 4349 quiescenti
1819 4284 2101 4331 suavem
2154 4260 2551 4329 extitisse.»
2593 4259 2715 4326 His

150 4352 431 4430 auditiS,
491 4353 713 4439 iniqui
766 4358 1118 4442 Magorum
1174 4352 1525 4441 principes
1573 4352 1919 4419 dixerunt:
1977 4350 2248 4437 «Atqui
2298 4347 2504 4417 frater
2554 4358 2716 4444 tuus

151 4440 596 4510 Barachisius
655 4446 871 4510 Deum
932 4453 1129 4510 tuum
1196 4440 1607 4530 abnegavit:
1682 4453 1748 4509 et
1819 4453 1892 4510 tu
1965 4439 2194 4509 adhuc
2243 4438 2317 4508 in
2377 4444 2714 4508 sententia
