<?xml version="1.0" encoding="UTF-8"?>
<!DOCTYPE html PUBLIC "-//W3C//DTD XHTML 1.0 Transitional//EN"
    "http://www.w3.org/TR/xhtml1/DTD/xhtml1-transitional.dtd">
<html xmlns="http://www.w3.org/1999/xhtml" xml:lang="en" lang="en">
 <head>
  <title>
</title>
<meta http-equiv="Content-Type" content="text/html;charset=utf-8" />
  <meta name='ocr-system' content='tesseract 3.04.00' />
  <meta name='ocr-capabilities' content='ocr_page ocr_carea ocr_par ocr_line ocrx_word'/>
</head>
<body>
  <div class='ocr_page' id='page_1' title='image "./historiaeseuvit04lippgoog_0701.png"; bbox 0 0 3327 4999; ppageno 0'>
   <div class='ocr_carea' id='block_1_1' title="bbox 220 352 2639 420">
    <p class='ocr_par' dir='ltr' id='par_1_1' title="bbox 220 352 2639 420">
     <span class='ocr_line' id='line_1_1' title="bbox 220 352 2639 420; baseline -0.002 0"><span class='ocrx_word' id='word_1_1' title='bbox 220 355 327 420; x_wconf 85' lang='lat' dir='ltr'>EX</span> <span class='ocrx_word' id='word_1_2' title='bbox 372 353 544 420; x_wconf 87' lang='lat' dir='ltr'>OCT.</span> <span class='ocrx_word' id='word_1_3' title='bbox 601 354 669 418; x_wconf 78' lang='grc' dir='ltr'>Μ</span> <span class='ocrx_word' id='word_1_4' title='bbox 946 370 1024 416; x_wconf 73' lang='lat' dir='ltr'>na</span> <span class='ocrx_word' id='word_1_5' title='bbox 1072 370 1127 417; x_wconf 91' lang='lat' dir='ltr'>s.</span> <span class='ocrx_word' id='word_1_6' title='bbox 1182 367 1473 416; x_wconf 70' lang='lat' dir='ltr'>sannone</span> <span class='ocrx_word' id='word_1_7' title='bbox 1519 367 1741 417; x_wconf 75' lang='lat' dir='ltr'>coLoN.</span> <span class='ocrx_word' id='word_1_8' title='bbox 1793 367 1988 417; x_wconf 73' lang='lat' dir='ltr'>nrrsc.</span> <span class='ocrx_word' id='word_1_9' title='bbox 2526 352 2639 416; x_wconf 74' lang='grc'>671</span> 
     </span>
    </p>
   </div>
   <div class='ocr_carea' id='block_1_2' title="bbox 220 452 2752 4471">
    <p class='ocr_par' dir='ltr' id='par_1_2' title="bbox 220 452 2750 2960">
     <span class='ocr_line' id='line_1_2' title="bbox 224 452 2735 544; baseline -0.001 -16"><span class='ocrx_word' id='word_1_10' title='bbox 224 456 583 528; x_wconf 80' lang='lat' dir='ltr'>demiseris</span> <span class='ocrx_word' id='word_1_11' title='bbox 629 457 685 524; x_wconf 64' lang='lat'>⁴.</span> <span class='ocrx_word' id='word_1_12' title='bbox 739 461 837 525; x_wconf 90' lang='lat' dir='ltr'>Tu</span> <span class='ocrx_word' id='word_1_13' title='bbox 883 476 1180 542; x_wconf 90' lang='lat' dir='ltr'>namque</span> <span class='ocrx_word' id='word_1_14' title='bbox 1221 453 1518 524; x_wconf 86' lang='lat' dir='ltr'>maxima</span> <span class='ocrx_word' id='word_1_15' title='bbox 1613 452 2043 524; x_wconf 90' lang='lat' dir='ltr'>loriosissimi</span> <span class='ocrx_word' id='word_1_16' title='bbox 2109 452 2320 544; x_wconf 89' lang='lat' dir='ltr'>patris</span> <span class='ocrx_word' id='word_1_17' title='bbox 2385 453 2485 524; x_wconf 89' lang='lat' dir='ltr'>tui</span> <span class='ocrx_word' id='word_1_18' title='bbox 2546 477 2735 539; x_wconf 89' lang='lat' dir='ltr'>cura,</span> 
     </span>
     <span class='ocr_line' id='line_1_3' title="bbox 224 476 2744 637; baseline -0.001 -19"><span class='ocrx_word' id='word_1_19' title='bbox 224 560 289 618; x_wconf 92' lang='lat' dir='ltr'>et</span> <span class='ocrx_word' id='word_1_20' title='bbox 329 559 558 617; x_wconf 88' lang='lat' dir='ltr'>nostra</span> <span class='ocrx_word' id='word_1_21' title='bbox 591 545 830 637; x_wconf 89' lang='lat' dir='ltr'>gloria,</span> <span class='ocrx_word' id='word_1_22' title='bbox 864 544 1032 632; x_wconf 92' lang='lat' dir='ltr'>quid</span> <span class='ocrx_word' id='word_1_23' title='bbox 1069 543 1266 615; x_wconf 90' lang='lat' dir='ltr'>nobis</span> <span class='ocrx_word' id='word_1_24' title='bbox 1314 476 1733 635; x_wconf 44' lang='lat' dir='ltr'>sperandum</span> <span class='ocrx_word' id='word_1_25' title='bbox 1785 542 2138 630; x_wconf 80' lang='lat' dir='ltr'>relinqui3‚</span> <span class='ocrx_word' id='word_1_26' title='bbox 2195 542 2254 611; x_wconf 90' lang='lat' dir='ltr'>si</span> <span class='ocrx_word' id='word_1_27' title='bbox 2301 543 2594 634; x_wconf 88' lang='lat' dir='ltr'>teipsum</span> <span class='ocrx_word' id='word_1_28' title='bbox 2625 567 2744 615; x_wconf 92' lang='lat' dir='ltr'>no-</span> 
     </span>
     <span class='ocr_line' id='line_1_4' title="bbox 227 631 2742 723; baseline -0.002 -16"><span class='ocrx_word' id='word_1_29' title='bbox 227 638 389 707; x_wconf 82' lang='lat' dir='ltr'>stris</span> <span class='ocrx_word' id='word_1_30' title='bbox 438 635 607 706; x_wconf 93' lang='lat' dir='ltr'>votis</span> <span class='ocrx_word' id='word_1_31' title='bbox 648 634 1031 705; x_wconf 73' lang='lat' dir='ltr'>ademeris?</span> <span class='ocrx_word' id='word_1_32' title='bbox 1079 639 1219 702; x_wconf 88' lang='lat' dir='ltr'>Non</span> <span class='ocrx_word' id='word_1_33' title='bbox 1272 633 1557 723; x_wconf 80' lang='lat' dir='ltr'>respicis</span> <span class='ocrx_word' id='word_1_34' title='bbox 1605 632 2072 702; x_wconf 80' lang='lat' dir='ltr'>honorandam</span> <span class='ocrx_word' id='word_1_35' title='bbox 2123 631 2220 723; x_wconf 89' lang='lat' dir='ltr'>pii</span> <span class='ocrx_word' id='word_1_36' title='bbox 2269 633 2596 723; x_wconf 79' lang='lat' dir='ltr'>genitoris</span> <span class='ocrx_word' id='word_1_37' title='bbox 2643 635 2742 703; x_wconf 90' lang='lat' dir='ltr'>tui</span> 
     </span>
     <span class='ocr_line' id='line_1_5' title="bbox 225 720 2746 813; baseline -0.002 -17"><span class='ocrx_word' id='word_1_38' title='bbox 225 726 572 806; x_wconf 82' lang='lat' dir='ltr'>canitiem,</span> <span class='ocrx_word' id='word_1_39' title='bbox 626 747 829 812; x_wconf 89' lang='lat' dir='ltr'>quem</span> <span class='ocrx_word' id='word_1_40' title='bbox 883 735 941 792; x_wconf 92' lang='lat' dir='ltr'>te</span> <span class='ocrx_word' id='word_1_41' title='bbox 986 722 1427 804; x_wconf 79' lang='lat' dir='ltr'>contristare,</span> <span class='ocrx_word' id='word_1_42' title='bbox 1496 723 1610 792; x_wconf 91' lang='lat' dir='ltr'>cui</span> <span class='ocrx_word' id='word_1_43' title='bbox 1661 734 1722 791; x_wconf 91' lang='lat' dir='ltr'>te</span> <span class='ocrx_word' id='word_1_44' title='bbox 1770 721 2098 813; x_wconf 86' lang='lat' dir='ltr'>injuriam</span> <span class='ocrx_word' id='word_1_45' title='bbox 2149 720 2398 792; x_wconf 85' lang='lat' dir='ltr'>inferre</span> <span class='ocrx_word' id='word_1_46' title='bbox 2445 745 2579 792; x_wconf 91' lang='lat' dir='ltr'>non</span> <span class='ocrx_word' id='word_1_47' title='bbox 2632 745 2746 792; x_wconf 86' lang='lat' dir='ltr'>ex-</span> 
     </span>
     <span class='ocr_line' id='line_1_6' title="bbox 228 812 2745 907; baseline -0.001 -21"><span class='ocrx_word' id='word_1_48' title='bbox 228 816 453 907; x_wconf 74' lang='lat' dir='ltr'>pedit?</span> <span class='ocrx_word' id='word_1_49' title='bbox 492 820 629 884; x_wconf 91' lang='lat' dir='ltr'>Non</span> <span class='ocrx_word' id='word_1_50' title='bbox 673 813 1053 884; x_wconf 91' lang='lat' dir='ltr'>recordaris</span> <span class='ocrx_word' id='word_1_51' title='bbox 1091 812 1241 902; x_wconf 89' lang='lat' dir='ltr'>ejus</span> <span class='ocrx_word' id='word_1_52' title='bbox 1289 824 1642 904; x_wconf 89' lang='lat' dir='ltr'>paternam</span> <span class='ocrx_word' id='word_1_53' title='bbox 1679 834 1841 903; x_wconf 88' lang='lat' dir='ltr'>erga</span> <span class='ocrx_word' id='word_1_54' title='bbox 1887 822 1949 881; x_wconf 91' lang='lat' dir='ltr'>te</span> <span class='ocrx_word' id='word_1_55' title='bbox 1982 832 2251 901; x_wconf 85' lang='lat' dir='ltr'>semper</span> <span class='ocrx_word' id='word_1_56' title='bbox 2276 834 2317 881; x_wconf 90' lang='lat' dir='ltr'>a</span> <span class='ocrx_word' id='word_1_57' title='bbox 2365 834 2577 902; x_wconf 89' lang='lat' dir='ltr'>puero</span> <span class='ocrx_word' id='word_1_58' title='bbox 2606 813 2745 902; x_wconf 90' lang='lat' dir='ltr'>pie-</span> 
     </span>
     <span class='ocr_line' id='line_1_7' title="bbox 225 901 2743 991; baseline -0.001 -17"><span class='ocrx_word' id='word_1_59' title='bbox 225 907 480 975; x_wconf 73' lang='lat' dir='ltr'>tatem?</span> <span class='ocrx_word' id='word_1_60' title='bbox 532 909 765 985; x_wconf 90' lang='lat' dir='ltr'>Deum,</span> <span class='ocrx_word' id='word_1_61' title='bbox 805 901 1229 982; x_wconf 90' lang='lat' dir='ltr'>mihicrede,</span> <span class='ocrx_word' id='word_1_62' title='bbox 1283 901 1595 982; x_wconf 79' lang='lat' dir='ltr'>offendiS,</span> <span class='ocrx_word' id='word_1_63' title='bbox 1647 922 1805 970; x_wconf 91' lang='lat' dir='ltr'>cum</span> <span class='ocrx_word' id='word_1_64' title='bbox 1844 912 2100 991; x_wconf 90' lang='lat' dir='ltr'>patrem</span> <span class='ocrx_word' id='word_1_65' title='bbox 2151 901 2557 973; x_wconf 87' lang='lat' dir='ltr'>contemnis.</span> <span class='ocrx_word' id='word_1_66' title='bbox 2598 907 2743 971; x_wconf 90' lang='lat' dir='ltr'>Non</span> 
     </span>
     <span class='ocr_line' id='line_1_8' title="bbox 220 989 2744 1081; baseline -0.002 -17"><span class='ocrx_word' id='word_1_67' title='bbox 220 1006 322 1065; x_wconf 90' lang='lat' dir='ltr'>est</span> <span class='ocrx_word' id='word_1_68' title='bbox 353 993 534 1080; x_wconf 91' lang='lat' dir='ltr'>quod</span> <span class='ocrx_word' id='word_1_69' title='bbox 570 1005 632 1063; x_wconf 92' lang='lat' dir='ltr'>te</span> <span class='ocrx_word' id='word_1_70' title='bbox 678 995 983 1062; x_wconf 70' lang='lat' dir='ltr'>excuses</span> <span class='ocrx_word' id='word_1_71' title='bbox 1016 990 1128 1059; x_wconf 85' lang='lat' dir='ltr'>‘Ad</span> <span class='ocrx_word' id='word_1_72' title='bbox 1180 989 1507 1081; x_wconf 89' lang='lat' dir='ltr'>injuriam</span> <span class='ocrx_word' id='word_1_73' title='bbox 1556 991 1706 1078; x_wconf 78' lang='lat' dir='ltr'>e&#39;us</span> <span class='ocrx_word' id='word_1_74' title='bbox 1747 989 2047 1081; x_wconf 85' lang='lat' dir='ltr'>respicit,</span> <span class='ocrx_word' id='word_1_75' title='bbox 2100 990 2433 1078; x_wconf 89' lang='lat' dir='ltr'>quicquid</span> <span class='ocrx_word' id='word_1_76' title='bbox 2489 1012 2744 1061; x_wconf 92' lang='lat' dir='ltr'>novum</span> 
     </span>
     <span class='ocr_line' id='line_1_9' title="bbox 225 1078 2745 1172; baseline -0.002 -19"><span class='ocrx_word' id='word_1_77' title='bbox 225 1096 463 1153; x_wconf 89' lang='lat' dir='ltr'>contra</span> <span class='ocrx_word' id='word_1_78' title='bbox 511 1083 638 1152; x_wconf 87' lang='lat' dir='ltr'>boc</span> <span class='ocrx_word' id='word_1_79' title='bbox 687 1103 973 1172; x_wconf 91' lang='lat' dir='ltr'>regnum</span> <span class='ocrx_word' id='word_1_80' title='bbox 1023 1081 1281 1167; x_wconf 83' lang='lat' dir='ltr'>absque</span> <span class='ocrx_word' id='word_1_81' title='bbox 1312 1080 1463 1171; x_wconf 90' lang='lat' dir='ltr'>ejus</span> <span class='ocrx_word' id='word_1_82' title='bbox 1512 1102 1591 1149; x_wconf 93' lang='lat' dir='ltr'>vo</span> <span class='ocrx_word' id='word_1_83' title='bbox 1622 1092 1855 1149; x_wconf 89' lang='lat' dir='ltr'>untate</span> <span class='ocrx_word' id='word_1_84' title='bbox 1905 1078 2189 1148; x_wconf 80' lang='lat' dir='ltr'>moliris.</span> <span class='ocrx_word' id='word_1_85' title='bbox 2229 1084 2515 1150; x_wconf 81' lang='lat' dir='ltr'>Causam</span> <span class='ocrx_word' id='word_1_86' title='bbox 2557 1092 2745 1149; x_wconf 91' lang='lat' dir='ltr'>tuam</span> 
     </span>
     <span class='ocr_line' id='line_1_10' title="bbox 226 1168 2746 1257; baseline -0.002 -14"><span class='ocrx_word' id='word_1_87' title='bbox 226 1186 477 1243; x_wconf 87' lang='lat' dir='ltr'>tractas</span> <span class='ocrx_word' id='word_1_88' title='bbox 528 1193 687 1241; x_wconf 91' lang='lat' dir='ltr'>cum</span> <span class='ocrx_word' id='word_1_89' title='bbox 746 1169 1048 1239; x_wconf 91' lang='lat' dir='ltr'>inimicis</span> <span class='ocrx_word' id='word_1_90' title='bbox 1099 1170 1235 1239; x_wconf 86' lang='lat' dir='ltr'>tuis</span> <span class='ocrx_word' id='word_1_91' title='bbox 1297 1168 1482 1257; x_wconf 91' lang='lat' dir='ltr'>quod</span> <span class='ocrx_word' id='word_1_92' title='bbox 1546 1182 1787 1238; x_wconf 89' lang='lat' dir='ltr'>contra</span> <span class='ocrx_word' id='word_1_93' title='bbox 1832 1168 2061 1238; x_wconf 89' lang='lat' dir='ltr'>decuit</span> <span class='ocrx_word' id='word_1_94' title='bbox 2106 1190 2265 1237; x_wconf 90' lang='lat' dir='ltr'>cum</span> <span class='ocrx_word' id='word_1_95' title='bbox 2316 1168 2581 1239; x_wconf 82' lang='lat' dir='ltr'>amicis,</span> <span class='ocrx_word' id='word_1_96' title='bbox 2637 1168 2746 1237; x_wconf 88' lang='lat' dir='ltr'>llli</span> 
     </span>
     <span class='ocr_line' id='line_1_11' title="bbox 222 1257 2746 1346; baseline -0.002 -14"><span class='ocrx_word' id='word_1_97' title='bbox 222 1262 406 1332; x_wconf 92' lang='lat' dir='ltr'>enim</span> <span class='ocrx_word' id='word_1_98' title='bbox 441 1284 574 1330; x_wconf 92' lang='lat' dir='ltr'>non</span> <span class='ocrx_word' id='word_1_99' title='bbox 629 1272 712 1341; x_wconf 91' lang='lat' dir='ltr'>te,</span> <span class='ocrx_word' id='word_1_100' title='bbox 752 1259 868 1329; x_wconf 91' lang='lat' dir='ltr'>sed</span> <span class='ocrx_word' id='word_1_101' title='bbox 918 1281 1091 1346; x_wconf 89' lang='lat' dir='ltr'>quae</span> <span class='ocrx_word' id='word_1_102' title='bbox 1125 1281 1251 1329; x_wconf 89' lang='lat' dir='ltr'>sua</span> <span class='ocrx_word' id='word_1_103' title='bbox 1298 1270 1483 1338; x_wconf 90' lang='lat' dir='ltr'>sunt,</span> <span class='ocrx_word' id='word_1_104' title='bbox 1532 1269 1876 1346; x_wconf 92' lang='lat' dir='ltr'>quaerunt</span> <span class='ocrx_word' id='word_1_105' title='bbox 1924 1257 1994 1327; x_wconf 93' lang='lat' dir='ltr'>in</span> <span class='ocrx_word' id='word_1_106' title='bbox 2044 1270 2150 1326; x_wconf 88' lang='lat' dir='ltr'>te:</span> <span class='ocrx_word' id='word_1_107' title='bbox 2205 1257 2493 1328; x_wconf 90' lang='lat' dir='ltr'>salutem</span> <span class='ocrx_word' id='word_1_108' title='bbox 2554 1271 2746 1328; x_wconf 90' lang='lat' dir='ltr'>tuam</span> 
     </span>
     <span class='ocr_line' id='line_1_12' title="bbox 224 1347 2740 1442; baseline -0.002 -21"><span class='ocrx_word' id='word_1_109' title='bbox 224 1349 765 1442; x_wconf 86' lang='lat' dir='ltr'>parvipendunt:</span> <span class='ocrx_word' id='word_1_110' title='bbox 799 1348 1019 1418; x_wconf 89' lang='lat' dir='ltr'>verbis</span> <span class='ocrx_word' id='word_1_111' title='bbox 1051 1348 1308 1430; x_wconf 88' lang='lat' dir='ltr'>omnia,</span> <span class='ocrx_word' id='word_1_112' title='bbox 1356 1369 1493 1418; x_wconf 93' lang='lat' dir='ltr'>non</span> <span class='ocrx_word' id='word_1_113' title='bbox 1525 1370 1754 1418; x_wconf 89' lang='lat' dir='ltr'>rerum</span> <span class='ocrx_word' id='word_1_114' title='bbox 1785 1347 2081 1428; x_wconf 89' lang='lat' dir='ltr'>veritate,</span> <span class='ocrx_word' id='word_1_115' title='bbox 2120 1347 2519 1417; x_wconf 88' lang='lat' dir='ltr'>metiuntur.</span> <span class='ocrx_word' id='word_1_116' title='bbox 2554 1347 2740 1430; x_wconf 88' lang='lat' dir='ltr'>Vide,</span> 
     </span>
     <span class='ocr_line' id='line_1_13' title="bbox 223 1436 2747 1528; baseline -0.002 -18"><span class='ocrx_word' id='word_1_117' title='bbox 223 1463 502 1528; x_wconf 88' lang='lat' dir='ltr'>quaes0,</span> <span class='ocrx_word' id='word_1_118' title='bbox 547 1445 792 1526; x_wconf 86' lang='lat' dir='ltr'>quo&#39;te</span> <span class='ocrx_word' id='word_1_119' title='bbox 831 1437 1109 1520; x_wconf 87' lang='lat' dir='ltr'>ducant,</span> <span class='ocrx_word' id='word_1_120' title='bbox 1164 1461 1248 1507; x_wconf 92' lang='lat' dir='ltr'>ne</span> <span class='ocrx_word' id='word_1_121' title='bbox 1288 1438 1454 1508; x_wconf 89' lang='lat' dir='ltr'>forte</span> <span class='ocrx_word' id='word_1_122' title='bbox 1508 1438 1861 1508; x_wconf 88' lang='lat' dir='ltr'>seducant.</span> <span class='ocrx_word' id='word_1_123' title='bbox 1916 1436 2043 1520; x_wconf 87' lang='lat' dir='ltr'>Qui</span> <span class='ocrx_word' id='word_1_124' title='bbox 2095 1457 2246 1506; x_wconf 89' lang='lat' dir='ltr'>eras</span> <span class='ocrx_word' id='word_1_125' title='bbox 2298 1436 2633 1527; x_wconf 88' lang='lat' dir='ltr'>gaudium</span> <span class='ocrx_word' id='word_1_126' title='bbox 2681 1447 2747 1506; x_wconf 92' lang='lat' dir='ltr'>et</span> 
     </span>
     <span class='ocr_line' id='line_1_14' title="bbox 226 1525 2748 1620; baseline -0.002 -20"><span class='ocrx_word' id='word_1_127' title='bbox 226 1552 479 1600; x_wconf 90' lang='lat' dir='ltr'>corona</span> <span class='ocrx_word' id='word_1_128' title='bbox 528 1527 767 1620; x_wconf 84' lang='lat' dir='ltr'>patris,</span> <span class='ocrx_word' id='word_1_129' title='bbox 802 1550 967 1618; x_wconf 84' lang='lat' dir='ltr'>spes</span> <span class='ocrx_word' id='word_1_130' title='bbox 1012 1541 1077 1597; x_wconf 90' lang='lat' dir='ltr'>et</span> <span class='ocrx_word' id='word_1_131' title='bbox 1122 1527 1478 1598; x_wconf 90' lang='lat' dir='ltr'>oblectatio</span> <span class='ocrx_word' id='word_1_132' title='bbox 1539 1527 1746 1597; x_wconf 90' lang='lat' dir='ltr'>totius</span> <span class='ocrx_word' id='word_1_133' title='bbox 1795 1525 2010 1617; x_wconf 88' lang='lat' dir='ltr'>regni,</span> <span class='ocrx_word' id='word_1_134' title='bbox 2066 1526 2409 1612; x_wconf 90' lang='lat' dir='ltr'>quomodo</span> <span class='ocrx_word' id='word_1_135' title='bbox 2465 1548 2748 1596; x_wconf 92' lang='lat' dir='ltr'>conver-</span> 
     </span>
     <span class='ocr_line' id='line_1_15' title="bbox 229 1614 2746 1707; baseline -0.002 -17"><span class='ocrx_word' id='word_1_136' title='bbox 229 1642 349 1690; x_wconf 89' lang='lat' dir='ltr'>sus</span> <span class='ocrx_word' id='word_1_137' title='bbox 394 1642 465 1689; x_wconf 91' lang='lat' dir='ltr'>es</span> <span class='ocrx_word' id='word_1_138' title='bbox 514 1619 581 1686; x_wconf 91' lang='lat' dir='ltr'>in</span> <span class='ocrx_word' id='word_1_139' title='bbox 625 1616 1205 1688; x_wconf 74' lang='lat' dir='ltr'>amaritudinem?</span> <span class='ocrx_word' id='word_1_140' title='bbox 1252 1617 1492 1687; x_wconf 90' lang='lat' dir='ltr'>Desine</span> <span class='ocrx_word' id='word_1_141' title='bbox 1543 1617 1816 1687; x_wconf 90' lang='lat' dir='ltr'>tandem</span> <span class='ocrx_word' id='word_1_142' title='bbox 1866 1637 2014 1686; x_wconf 89' lang='lat' dir='ltr'>esse</span> <span class='ocrx_word' id='word_1_143' title='bbox 2047 1614 2363 1699; x_wconf 84' lang='lat' dir='ltr'>Absalon,</span> <span class='ocrx_word' id='word_1_144' title='bbox 2398 1627 2473 1685; x_wconf 90' lang='lat' dir='ltr'>ut</span> <span class='ocrx_word' id='word_1_145' title='bbox 2524 1615 2746 1707; x_wconf 87' lang='lat' dir='ltr'>possis</span> 
     </span>
     <span class='ocr_line' id='line_1_16' title="bbox 225 1704 2747 1807; baseline -0.002 -29"><span class='ocrx_word' id='word_1_146' title='bbox 225 1730 371 1780; x_wconf 90' lang='lat' dir='ltr'>esse</span> <span class='ocrx_word' id='word_1_147' title='bbox 420 1708 762 1778; x_wconf 90' lang='lat' dir='ltr'>Salomon.</span> <span class='ocrx_word' id='word_1_148' title='bbox 818 1707 1048 1807; x_wconf 86' lang='lat' dir='ltr'>Cogita</span> <span class='ocrx_word' id='word_1_149' title='bbox 1075 1707 1232 1794; x_wconf 89' lang='lat' dir='ltr'>quis</span> <span class='ocrx_word' id='word_1_150' title='bbox 1264 1718 1324 1777; x_wconf 91' lang='lat' dir='ltr'>te</span> <span class='ocrx_word' id='word_1_151' title='bbox 1354 1719 1621 1776; x_wconf 88' lang='lat' dir='ltr'>tantum</span> <span class='ocrx_word' id='word_1_152' title='bbox 1648 1704 2060 1786; x_wconf 85' lang='lat' dir='ltr'>exaltaverit,</span> <span class='ocrx_word' id='word_1_153' title='bbox 2098 1705 2256 1793; x_wconf 88' lang='lat' dir='ltr'>quis</span> <span class='ocrx_word' id='word_1_154' title='bbox 2289 1726 2525 1775; x_wconf 90' lang='lat' dir='ltr'>omnes</span> <span class='ocrx_word' id='word_1_155' title='bbox 2553 1705 2747 1796; x_wconf 91' lang='lat' dir='ltr'>regni</span> 
     </span>
     <span class='ocr_line' id='line_1_17' title="bbox 226 1794 2746 1888; baseline -0.001 -22"><span class='ocrx_word' id='word_1_156' title='bbox 226 1798 436 1888; x_wconf 87' lang='lat' dir='ltr'>hujus</span> <span class='ocrx_word' id='word_1_157' title='bbox 485 1796 831 1887; x_wconf 89' lang='lat' dir='ltr'>principes</span> <span class='ocrx_word' id='word_1_158' title='bbox 899 1797 1022 1866; x_wconf 82' lang='lat' dir='ltr'>nbi</span> <span class='ocrx_word' id='word_1_159' title='bbox 1081 1808 1665 1866; x_wconf 88' lang='lat' dir='ltr'>sacramentorum</span> <span class='ocrx_word' id='word_1_160' title='bbox 1715 1794 1849 1864; x_wconf 88' lang='lat' dir='ltr'>fide</span> <span class='ocrx_word' id='word_1_161' title='bbox 1910 1795 2302 1864; x_wconf 84' lang='lat' dir='ltr'>firmaverit.</span> <span class='ocrx_word' id='word_1_162' title='bbox 2356 1799 2576 1879; x_wconf 90' lang='lat' dir='ltr'>Quare</span> <span class='ocrx_word' id='word_1_163' title='bbox 2619 1794 2746 1864; x_wconf 91' lang='lat' dir='ltr'>hoc</span> 
     </span>
     <span class='ocr_line' id='line_1_18' title="bbox 228 1883 2750 1976; baseline -0 -21"><span class='ocrx_word' id='word_1_164' title='bbox 228 1887 439 1957; x_wconf 73' lang='lat' dir='ltr'>fecit?</span> <span class='ocrx_word' id='word_1_165' title='bbox 486 1884 828 1972; x_wconf 80' lang='lat' dir='ltr'>Numquid</span> <span class='ocrx_word' id='word_1_166' title='bbox 879 1895 955 1955; x_wconf 92' lang='lat' dir='ltr'>ut</span> <span class='ocrx_word' id='word_1_167' title='bbox 1002 1886 1313 1976; x_wconf 86' lang='lat' dir='ltr'>ingratus</span> <span class='ocrx_word' id='word_1_168' title='bbox 1360 1885 1646 1954; x_wconf 75' lang='lat' dir='ltr'>existas?</span> <span class='ocrx_word' id='word_1_169' title='bbox 1705 1883 2050 1971; x_wconf 87' lang='lat' dir='ltr'>Numquid</span> <span class='ocrx_word' id='word_1_170' title='bbox 2109 1898 2185 1953; x_wconf 91' lang='lat' dir='ltr'>ut</span> <span class='ocrx_word' id='word_1_171' title='bbox 2250 1883 2555 1975; x_wconf 90' lang='lat' dir='ltr'>proditor</span> <span class='ocrx_word' id='word_1_172' title='bbox 2599 1905 2750 1954; x_wconf 88' lang='lat' dir='ltr'>esse</span> 
     </span>
     <span class='ocr_line' id='line_1_19' title="bbox 225 1972 2748 2063; baseline -0.001 -19"><span class='ocrx_word' id='word_1_173' title='bbox 225 1976 503 2044; x_wconf 73' lang='lat' dir='ltr'>discas?</span> <span class='ocrx_word' id='word_1_174' title='bbox 543 1980 705 2044; x_wconf 90' lang='lat' dir='ltr'>Vere</span> <span class='ocrx_word' id='word_1_175' title='bbox 759 1974 1114 2043; x_wconf 86' lang='lat' dir='ltr'>insaniunt</span> <span class='ocrx_word' id='word_1_176' title='bbox 1174 1974 1294 2060; x_wconf 86' lang='lat' dir='ltr'>qui</span> <span class='ocrx_word' id='word_1_177' title='bbox 1343 1985 1404 2043; x_wconf 86' lang='lat' dir='ltr'>te</span> <span class='ocrx_word' id='word_1_178' title='bbox 1452 1975 1548 2042; x_wconf 92' lang='lat' dir='ltr'>sic</span> <span class='ocrx_word' id='word_1_179' title='bbox 1597 1972 1909 2063; x_wconf 90' lang='lat' dir='ltr'>decipere</span> <span class='ocrx_word' id='word_1_180' title='bbox 1973 1972 2227 2042; x_wconf 87' lang='lat' dir='ltr'>volunt.</span> <span class='ocrx_word' id='word_1_181' title='bbox 2282 1973 2469 2042; x_wconf 89' lang='lat' dir='ltr'>Time</span> <span class='ocrx_word' id='word_1_182' title='bbox 2526 1973 2748 2059; x_wconf 90' lang='lat' dir='ltr'>quoti·</span> 
     </span>
     <span class='ocr_line' id='line_1_20' title="bbox 226 2062 2747 2154; baseline -0.002 -20"><span class='ocrx_word' id='word_1_183' title='bbox 226 2065 470 2134; x_wconf 89' lang='lat' dir='ltr'>dianos</span> <span class='ocrx_word' id='word_1_184' title='bbox 532 2063 899 2154; x_wconf 75' lang='lat' dir='ltr'>singultuS‚</span> <span class='ocrx_word' id='word_1_185' title='bbox 935 2065 1304 2152; x_wconf 81' lang='lat' dir='ltr'>expavesce</span> <span class='ocrx_word' id='word_1_186' title='bbox 1350 2062 1737 2148; x_wconf 85' lang='lat' dir='ltr'>frequentes</span> <span class='ocrx_word' id='word_1_187' title='bbox 1786 2062 2105 2151; x_wconf 82' lang='lat' dir='ltr'>gemituS,</span> <span class='ocrx_word' id='word_1_188' title='bbox 2159 2062 2473 2132; x_wconf 90' lang='lat' dir='ltr'>horresce</span> <span class='ocrx_word' id='word_1_189' title='bbox 2521 2062 2747 2151; x_wconf 84' lang='lat' dir='ltr'>lacry-</span> 
     </span>
     <span class='ocr_line' id='line_1_21' title="bbox 229 2151 2746 2253; baseline -0.001 -30"><span class='ocrx_word' id='word_1_190' title='bbox 229 2176 377 2223; x_wconf 87' lang='lat' dir='ltr'>mas</span> <span class='ocrx_word' id='word_1_191' title='bbox 427 2152 639 2253; x_wconf 87' lang='lat' dir='ltr'>patris</span> <span class='ocrx_word' id='word_1_192' title='bbox 690 2151 811 2221; x_wconf 93' lang='lat' dir='ltr'>tui.</span> <span class='ocrx_word' id='word_1_193' title='bbox 867 2151 1091 2223; x_wconf 88' lang='lat' dir='ltr'>Minus</span> <span class='ocrx_word' id='word_1_194' title='bbox 1139 2173 1337 2244; x_wconf 85' lang='lat' dir='ltr'>aegre</span> <span class='ocrx_word' id='word_1_195' title='bbox 1387 2151 1588 2221; x_wconf 87' lang='lat' dir='ltr'>ferret</span> <span class='ocrx_word' id='word_1_196' title='bbox 1652 2162 1869 2220; x_wconf 91' lang='lat' dir='ltr'>totum</span> <span class='ocrx_word' id='word_1_197' title='bbox 1927 2151 2054 2219; x_wconf 94' lang='lat' dir='ltr'>hoc</span> <span class='ocrx_word' id='word_1_198' title='bbox 2116 2151 2248 2221; x_wconf 91' lang='lat' dir='ltr'>sibi</span> <span class='ocrx_word' id='word_1_199' title='bbox 2296 2152 2382 2221; x_wconf 90' lang='lat' dir='ltr'>ab</span> <span class='ocrx_word' id='word_1_200' title='bbox 2431 2151 2746 2222; x_wconf 90' lang='lat' dir='ltr'>hostibus</span> 
     </span>
     <span class='ocr_line' id='line_1_22' title="bbox 230 2241 2746 2334; baseline -0.001 -22"><span class='ocrx_word' id='word_1_201' title='bbox 230 2241 533 2334; x_wconf 82' lang='lat' dir='ltr'>praempi</span> <span class='ocrx_word' id='word_1_202' title='bbox 565 2263 881 2331; x_wconf 88' lang='lat' dir='ltr'>regnum,</span> <span class='ocrx_word' id='word_1_203' title='bbox 919 2263 1126 2328; x_wconf 90' lang='lat' dir='ltr'>quam</span> <span class='ocrx_word' id='word_1_204' title='bbox 1160 2254 1245 2322; x_wconf 88' lang='lat' dir='ltr'>te,</span> <span class='ocrx_word' id='word_1_205' title='bbox 1291 2241 1404 2311; x_wconf 91' lang='lat' dir='ltr'>cui</span> <span class='ocrx_word' id='word_1_206' title='bbox 1432 2255 1652 2311; x_wconf 90' lang='lat' dir='ltr'>servat</span> <span class='ocrx_word' id='word_1_207' title='bbox 1689 2261 2004 2331; x_wconf 89' lang='lat' dir='ltr'>regnum.</span> <span class='ocrx_word' id='word_1_208' title='bbox 2037 2244 2372 2311; x_wconf 90' lang='lat' dir='ltr'>Innocens</span> <span class='ocrx_word' id='word_1_209' title='bbox 2403 2263 2521 2310; x_wconf 91' lang='lat' dir='ltr'>cor</span> <span class='ocrx_word' id='word_1_210' title='bbox 2546 2254 2746 2311; x_wconf 90' lang='lat' dir='ltr'>tuum</span> 
     </span>
     <span class='ocr_line' id='line_1_23' title="bbox 229 2329 2747 2430; baseline 0 -30"><span class='ocrx_word' id='word_1_211' title='bbox 229 2330 582 2401; x_wconf 90' lang='lat' dir='ltr'>venenosis</span> <span class='ocrx_word' id='word_1_212' title='bbox 631 2330 768 2400; x_wconf 90' lang='lat' dir='ltr'>heu</span> <span class='ocrx_word' id='word_1_213' title='bbox 814 2329 1168 2401; x_wconf 86' lang='lat' dir='ltr'>blanditiis</span> <span class='ocrx_word' id='word_1_214' title='bbox 1231 2329 1586 2401; x_wconf 87' lang='lat' dir='ltr'>seductum</span> <span class='ocrx_word' id='word_1_215' title='bbox 1636 2342 1776 2399; x_wconf 89' lang='lat' dir='ltr'>est:</span> <span class='ocrx_word' id='word_1_216' title='bbox 1851 2341 2170 2420; x_wconf 88' lang='lat' dir='ltr'>paternae</span> <span class='ocrx_word' id='word_1_217' title='bbox 2233 2330 2499 2430; x_wconf 86' lang='lat' dir='ltr'>pietatis</span> <span class='ocrx_word' id='word_1_218' title='bbox 2563 2341 2747 2421; x_wconf 90' lang='lat' dir='ltr'>patet</span> 
     </span>
     <span class='ocr_line' id='line_1_24' title="bbox 228 2418 2741 2510; baseline -0.001 -19"><span class='ocrx_word' id='word_1_219' title='bbox 228 2421 447 2502; x_wconf 83' lang='lat' dir='ltr'>sinuS,</span> <span class='ocrx_word' id='word_1_220' title='bbox 488 2421 559 2489; x_wconf 91' lang='lat' dir='ltr'>in</span> <span class='ocrx_word' id='word_1_221' title='bbox 608 2442 743 2508; x_wconf 91' lang='lat' dir='ltr'>quo</span> <span class='ocrx_word' id='word_1_222' title='bbox 792 2419 1028 2489; x_wconf 91' lang='lat' dir='ltr'>nullus</span> <span class='ocrx_word' id='word_1_223' title='bbox 1074 2432 1175 2489; x_wconf 92' lang='lat' dir='ltr'>est</span> <span class='ocrx_word' id='word_1_224' title='bbox 1221 2418 1443 2489; x_wconf 91' lang='lat' dir='ltr'>dolus.</span> <span class='ocrx_word' id='word_1_225' title='bbox 1500 2418 1686 2489; x_wconf 89' lang='lat' dir='ltr'>Dolet</span> <span class='ocrx_word' id='word_1_226' title='bbox 1735 2419 1890 2509; x_wconf 92' lang='lat' dir='ltr'>pius</span> <span class='ocrx_word' id='word_1_227' title='bbox 1938 2430 2129 2510; x_wconf 87' lang='lat' dir='ltr'>pater</span> <span class='ocrx_word' id='word_1_228' title='bbox 2159 2418 2381 2489; x_wconf 81' lang='lat' dir='ltr'>filium</span> <span class='ocrx_word' id='word_1_229' title='bbox 2429 2419 2560 2491; x_wconf 91' lang='lat' dir='ltr'>sibi</span> <span class='ocrx_word' id='word_1_230' title='bbox 2590 2441 2741 2489; x_wconf 92' lang='lat' dir='ltr'>cor-</span> 
     </span>
     <span class='ocr_line' id='line_1_25' title="bbox 226 2508 2748 2602; baseline -0 -21"><span class='ocrx_word' id='word_1_231' title='bbox 226 2522 587 2602; x_wconf 89' lang='lat' dir='ltr'>ruptorum</span> <span class='ocrx_word' id='word_1_232' title='bbox 640 2510 985 2599; x_wconf 88' lang='lat' dir='ltr'>impietate</span> <span class='ocrx_word' id='word_1_233' title='bbox 1027 2522 1493 2601; x_wconf 86' lang='lat' dir='ltr'>praereptum:</span> <span class='ocrx_word' id='word_1_234' title='bbox 1548 2509 1874 2600; x_wconf 90' lang='lat' dir='ltr'>gaudebit</span> <span class='ocrx_word' id='word_1_235' title='bbox 1911 2508 1995 2578; x_wconf 89' lang='lat' dir='ltr'>ad</span> <span class='ocrx_word' id='word_1_236' title='bbox 2048 2510 2367 2579; x_wconf 90' lang='lat' dir='ltr'>reditum.</span> <span class='ocrx_word' id='word_1_237' title='bbox 2424 2509 2492 2579; x_wconf 85' lang='lat' dir='ltr'>si</span> <span class='ocrx_word' id='word_1_238' title='bbox 2542 2510 2748 2600; x_wconf 89' lang='lat' dir='ltr'>paulo</span> 
     </span>
     <span class='ocr_line' id='line_1_26' title="bbox 227 2598 2743 2681; baseline -0.002 -10"><span class='ocrx_word' id='word_1_239' title='bbox 227 2601 463 2671; x_wconf 90' lang='lat' dir='ltr'>iratior</span> <span class='ocrx_word' id='word_1_240' title='bbox 510 2610 610 2668; x_wconf 90' lang='lat' dir='ltr'>est</span> <span class='ocrx_word' id='word_1_241' title='bbox 670 2598 1145 2670; x_wconf 89' lang='lat' dir='ltr'>seductoribus</span> <span class='ocrx_word' id='word_1_242' title='bbox 1205 2599 1363 2681; x_wconf 77' lang='lat' dir='ltr'>tuiS‚</span> <span class='ocrx_word' id='word_1_243' title='bbox 1415 2600 1549 2669; x_wconf 90' lang='lat' dir='ltr'>cito</span> <span class='ocrx_word' id='word_1_244' title='bbox 1596 2599 1942 2679; x_wconf 88' lang='lat' dir='ltr'>mitescet,</span> <span class='ocrx_word' id='word_1_245' title='bbox 2007 2619 2164 2667; x_wconf 91' lang='lat' dir='ltr'>cum</span> <span class='ocrx_word' id='word_1_246' title='bbox 2229 2610 2288 2668; x_wconf 92' lang='lat' dir='ltr'>te</span> <span class='ocrx_word' id='word_1_247' title='bbox 2347 2621 2509 2669; x_wconf 89' lang='lat' dir='ltr'>suas</span> <span class='ocrx_word' id='word_1_248' title='bbox 2569 2598 2743 2668; x_wconf 87' lang='lat' dir='ltr'>deli-</span> 
     </span>
     <span class='ocr_line' id='line_1_27' title="bbox 225 2687 2747 2780; baseline -0.001 -21"><span class='ocrx_word' id='word_1_249' title='bbox 225 2690 368 2760; x_wconf 89' lang='lat' dir='ltr'>cias</span> <span class='ocrx_word' id='word_1_250' title='bbox 416 2688 781 2780; x_wconf 84' lang='lat' dir='ltr'>receperit:</span> <span class='ocrx_word' id='word_1_251' title='bbox 838 2711 959 2759; x_wconf 93' lang='lat' dir='ltr'>nec</span> <span class='ocrx_word' id='word_1_252' title='bbox 999 2689 1274 2772; x_wconf 88' lang='lat' dir='ltr'>scelere,</span> <span class='ocrx_word' id='word_1_253' title='bbox 1343 2688 1458 2759; x_wconf 89' lang='lat' dir='ltr'>sed</span> <span class='ocrx_word' id='word_1_254' title='bbox 1518 2710 1746 2758; x_wconf 91' lang='lat' dir='ltr'>errore</span> <span class='ocrx_word' id='word_1_255' title='bbox 1807 2688 1933 2757; x_wconf 89' lang='lat' dir='ltr'>hoc</span> <span class='ocrx_word' id='word_1_256' title='bbox 2001 2698 2230 2758; x_wconf 87' lang='lat' dir='ltr'>actum</span> <span class='ocrx_word' id='word_1_257' title='bbox 2284 2708 2432 2758; x_wconf 88' lang='lat' dir='ltr'>esse</span> <span class='ocrx_word' id='word_1_258' title='bbox 2468 2687 2747 2778; x_wconf 89' lang='lat' dir='ltr'>judica-</span> 
     </span>
     <span class='ocr_line' id='line_1_28' title="bbox 225 2776 2748 2879; baseline -0.001 -29"><span class='ocrx_word' id='word_1_259' title='bbox 225 2779 348 2862; x_wconf 87' lang='lat' dir='ltr'>bit,</span> <span class='ocrx_word' id='word_1_260' title='bbox 400 2801 559 2848; x_wconf 91' lang='lat' dir='ltr'>cum</span> <span class='ocrx_word' id='word_1_261' title='bbox 594 2778 831 2879; x_wconf 70' lang='lat' dir='ltr'>tesibi</span> <span class='ocrx_word' id='word_1_262' title='bbox 865 2778 1252 2849; x_wconf 89' lang='lat' dir='ltr'>restitutum</span> <span class='ocrx_word' id='word_1_263' title='bbox 1303 2778 1608 2850; x_wconf 85' lang='lat' dir='ltr'>senserit.</span> <span class='ocrx_word' id='word_1_264' title='bbox 1650 2798 1853 2865; x_wconf 89' lang='lat' dir='ltr'>quem</span> <span class='ocrx_word' id='word_1_265' title='bbox 1903 2776 2105 2846; x_wconf 86' lang='lat' dir='ltr'>etiam</span> <span class='ocrx_word' id='word_1_266' title='bbox 2167 2776 2322 2867; x_wconf 89' lang='lat' dir='ltr'>plus</span> <span class='ocrx_word' id='word_1_267' title='bbox 2369 2800 2576 2866; x_wconf 89' lang='lat' dir='ltr'>quam</span> <span class='ocrx_word' id='word_1_268' title='bbox 2613 2777 2748 2850; x_wconf 90' lang='lat' dir='ltr'>sei-</span> 
     </span>
     <span class='ocr_line' id='line_1_29' title="bbox 228 2879 794 2960; baseline -0.007 -22"><span class='ocrx_word' id='word_1_269' title='bbox 228 2890 431 2960; x_wconf 86' lang='lat' dir='ltr'>psum</span> <span class='ocrx_word' id='word_1_270' title='bbox 470 2879 794 2938; x_wconf 81' lang='lat' dir='ltr'>amavit.»</span> 
     </span>
    </p>

    <p class='ocr_par' dir='ltr' id='par_1_3' title="bbox 224 2954 2752 4471">
     <span class='ocr_line' id='line_1_30' title="bbox 316 2954 2747 3044; baseline -0.001 -16"><span class='ocrx_word' id='word_1_271' title='bbox 316 2959 352 3044; x_wconf 77' lang='lat'>§</span> <span class='ocrx_word' id='word_1_272' title='bbox 415 2962 564 3028; x_wconf 66' lang='lat'>12.</span> <span class='ocrx_word' id='word_1_273' title='bbox 617 2962 796 3026; x_wconf 86' lang='lat' dir='ltr'>Haec</span> <span class='ocrx_word' id='word_1_274' title='bbox 841 2967 905 3026; x_wconf 91' lang='lat' dir='ltr'>et</span> <span class='ocrx_word' id='word_1_275' title='bbox 945 2957 1053 3027; x_wconf 91' lang='lat' dir='ltr'>his</span> <span class='ocrx_word' id='word_1_276' title='bbox 1085 2957 1338 3028; x_wconf 87' lang='lat' dir='ltr'>similia</span> <span class='ocrx_word' id='word_1_277' title='bbox 1370 2956 1696 3027; x_wconf 91' lang='lat' dir='ltr'>dominus</span> <span class='ocrx_word' id='word_1_278' title='bbox 1745 2961 1970 3025; x_wconf 91' lang='lat' dir='ltr'>Bruno</span> <span class='ocrx_word' id='word_1_279' title='bbox 2018 2954 2120 3023; x_wconf 90' lang='lat' dir='ltr'>vir</span> <span class='ocrx_word' id='word_1_280' title='bbox 2166 2956 2412 3036; x_wconf 82' lang='lat' dir='ltr'>bonuS,</span> <span class='ocrx_word' id='word_1_281' title='bbox 2471 2955 2747 3025; x_wconf 93' lang='lat' dir='ltr'>dicendi</span> 
     </span>
     <span class='ocr_line' id='line_1_31' title="bbox 226 3043 2744 3137; baseline -0 -23"><span class='ocrx_word' id='word_1_282' title='bbox 226 3046 511 3136; x_wconf 87' lang='lat' dir='ltr'>peritus,</span> <span class='ocrx_word' id='word_1_283' title='bbox 556 3045 640 3115; x_wconf 93' lang='lat' dir='ltr'>de</span> <span class='ocrx_word' id='word_1_284' title='bbox 673 3046 891 3116; x_wconf 90' lang='lat' dir='ltr'>salute</span> <span class='ocrx_word' id='word_1_285' title='bbox 938 3045 1386 3136; x_wconf 89' lang='lat' dir='ltr'>pulcherrimi</span> <span class='ocrx_word' id='word_1_286' title='bbox 1424 3045 1702 3137; x_wconf 90' lang='lat' dir='ltr'>juvenis</span> <span class='ocrx_word' id='word_1_287' title='bbox 1735 3044 1931 3115; x_wconf 89' lang='lat' dir='ltr'>valde</span> <span class='ocrx_word' id='word_1_288' title='bbox 1978 3043 2311 3126; x_wconf 90' lang='lat' dir='ltr'>solicitus,</span> <span class='ocrx_word' id='word_1_289' title='bbox 2356 3045 2744 3135; x_wconf 88' lang='lat' dir='ltr'>perorabat.</span> 
     </span>
     <span class='ocr_line' id='line_1_32' title="bbox 227 3132 2752 3236; baseline 0 -33"><span class='ocrx_word' id='word_1_290' title='bbox 227 3134 351 3203; x_wconf 92' lang='lat' dir='ltr'>Ille</span> <span class='ocrx_word' id='word_1_291' title='bbox 400 3154 580 3215; x_wconf 88' lang='lat' dir='ltr'>vero,</span> <span class='ocrx_word' id='word_1_292' title='bbox 630 3135 831 3221; x_wconf 88' lang='lat' dir='ltr'>quasi</span> <span class='ocrx_word' id='word_1_293' title='bbox 887 3135 1087 3236; x_wconf 77' lang='lat' dir='ltr'>cujus</span> <span class='ocrx_word' id='word_1_294' title='bbox 1136 3148 1431 3205; x_wconf 88' lang='lat' dir='ltr'>mentem</span> <span class='ocrx_word' id='word_1_295' title='bbox 1479 3133 1775 3225; x_wconf 84' lang='lat' dir='ltr'>Erynnis</span> <span class='ocrx_word' id='word_1_296' title='bbox 1822 3134 1906 3203; x_wconf 89' lang='lat' dir='ltr'>ad</span> <span class='ocrx_word' id='word_1_297' title='bbox 1957 3148 2274 3224; x_wconf 89' lang='lat' dir='ltr'>coeptum</span> <span class='ocrx_word' id='word_1_298' title='bbox 2325 3132 2514 3205; x_wconf 87' lang='lat' dir='ltr'>nefas</span> <span class='ocrx_word' id='word_1_299' title='bbox 2556 3134 2752 3204; x_wconf 88' lang='lat' dir='ltr'>insti-</span> 
     </span>
     <span class='ocr_line' id='line_1_33' title="bbox 228 3223 2750 3314; baseline 0.001 -23"><span class='ocrx_word' id='word_1_300' title='bbox 228 3231 477 3313; x_wconf 89' lang='lat' dir='ltr'>gasset,</span> <span class='ocrx_word' id='word_1_301' title='bbox 529 3244 765 3292; x_wconf 89' lang='lat' dir='ltr'>aurem</span> <span class='ocrx_word' id='word_1_302' title='bbox 807 3223 1034 3295; x_wconf 82' lang='lat' dir='ltr'>cordis</span> <span class='ocrx_word' id='word_1_303' title='bbox 1081 3224 1189 3293; x_wconf 89' lang='lat' dir='ltr'>sui</span> <span class='ocrx_word' id='word_1_304' title='bbox 1236 3223 1637 3310; x_wconf 89' lang='lat' dir='ltr'>neutiquam</span> <span class='ocrx_word' id='word_1_305' title='bbox 1698 3245 1943 3314; x_wconf 89' lang='lat' dir='ltr'>passus</span> <span class='ocrx_word' id='word_1_306' title='bbox 1989 3234 2090 3292; x_wconf 87' lang='lat' dir='ltr'>est</span> <span class='ocrx_word' id='word_1_307' title='bbox 2137 3223 2547 3312; x_wconf 87' lang='lat' dir='ltr'>hujusmodi</span> <span class='ocrx_word' id='word_1_308' title='bbox 2603 3245 2750 3294; x_wconf 91' lang='lat' dir='ltr'>mo-</span> 
     </span>
     <span class='ocr_line' id='line_1_34' title="bbox 229 3309 2745 3393; baseline 0.001 -13"><span class='ocrx_word' id='word_1_309' title='bbox 229 3311 392 3380; x_wconf 92' lang='lat' dir='ltr'>nitis</span> <span class='ocrx_word' id='word_1_310' title='bbox 439 3309 817 3381; x_wconf 89' lang='lat' dir='ltr'>admoveri:</span> <span class='ocrx_word' id='word_1_311' title='bbox 870 3312 980 3381; x_wconf 84' lang='lat' dir='ltr'>vix</span> <span class='ocrx_word' id='word_1_312' title='bbox 1027 3312 1266 3382; x_wconf 90' lang='lat' dir='ltr'>auditu</span> <span class='ocrx_word' id='word_1_313' title='bbox 1296 3313 1630 3393; x_wconf 88' lang='lat' dir='ltr'>exteriori,</span> <span class='ocrx_word' id='word_1_314' title='bbox 1687 3334 1771 3381; x_wconf 93' lang='lat' dir='ltr'>ne</span> <span class='ocrx_word' id='word_1_315' title='bbox 1808 3310 2151 3382; x_wconf 88' lang='lat' dir='ltr'>videretur</span> <span class='ocrx_word' id='word_1_316' title='bbox 2184 3312 2745 3392; x_wconf 83' lang='lat' dir='ltr'>nimis&#39;insolens,</span> 
     </span>
     <span class='ocr_line' id='line_1_35' title="bbox 228 3399 2746 3500; baseline 0 -32"><span class='ocrx_word' id='word_1_317' title='bbox 228 3399 734 3500; x_wconf 89' lang='lat' dir='ltr'>propinquavit.</span> <span class='ocrx_word' id='word_1_318' title='bbox 797 3404 1133 3471; x_wconf 88' lang='lat' dir='ltr'>Innocens</span> <span class='ocrx_word' id='word_1_319' title='bbox 1183 3401 1367 3471; x_wconf 89' lang='lat' dir='ltr'>enim</span> <span class='ocrx_word' id='word_1_320' title='bbox 1417 3403 1502 3472; x_wconf 91' lang='lat' dir='ltr'>ab</span> <span class='ocrx_word' id='word_1_321' title='bbox 1563 3402 1777 3491; x_wconf 87' lang='lat' dir='ltr'>hujus</span> <span class='ocrx_word' id='word_1_322' title='bbox 1824 3400 2274 3472; x_wconf 85' lang='lat' dir='ltr'>dissensionis</span> <span class='ocrx_word' id='word_1_323' title='bbox 2305 3402 2605 3485; x_wconf 76' lang='lat' dir='ltr'>miseria,</span> <span class='ocrx_word' id='word_1_324' title='bbox 2645 3402 2746 3469; x_wconf 89' lang='lat' dir='ltr'>vi-</span> 
     </span>
     <span class='ocr_line' id='line_1_36' title="bbox 227 3489 2745 3581; baseline 0 -23"><span class='ocrx_word' id='word_1_325' title='bbox 227 3489 373 3558; x_wconf 82' lang='lat' dir='ltr'>deri</span> <span class='ocrx_word' id='word_1_326' title='bbox 427 3509 631 3576; x_wconf 88' lang='lat' dir='ltr'>quarn</span> <span class='ocrx_word' id='word_1_327' title='bbox 680 3502 847 3560; x_wconf 70' lang='lat' dir='ltr'>esse‘</span> <span class='ocrx_word' id='word_1_328' title='bbox 888 3490 1217 3560; x_wconf 90' lang='lat' dir='ltr'>honestus</span> <span class='ocrx_word' id='word_1_329' title='bbox 1263 3489 1479 3560; x_wconf 84' lang='lat' dir='ltr'>duxit.</span> <span class='ocrx_word' id='word_1_330' title='bbox 1550 3490 1750 3559; x_wconf 85' lang='lat' dir='ltr'>Movit</span> <span class='ocrx_word' id='word_1_331' title='bbox 1808 3490 1957 3578; x_wconf 88' lang='lat' dir='ltr'>ejus</span> <span class='ocrx_word' id='word_1_332' title='bbox 1995 3489 2372 3581; x_wconf 87' lang='lat' dir='ltr'>juvenilem</span> <span class='ocrx_word' id='word_1_333' title='bbox 2432 3490 2745 3560; x_wconf 91' lang='lat' dir='ltr'>animum</span> 
     </span>
     <span class='ocr_line' id='line_1_37' title="bbox 227 3576 2748 3671; baseline 0 -23"><span class='ocrx_word' id='word_1_334' title='bbox 227 3576 532 3648; x_wconf 82' lang='lat' dir='ltr'>anxietas</span> <span class='ocrx_word' id='word_1_335' title='bbox 578 3590 642 3648; x_wconf 92' lang='lat' dir='ltr'>et</span> <span class='ocrx_word' id='word_1_336' title='bbox 688 3591 911 3648; x_wconf 91' lang='lat' dir='ltr'>metus</span> <span class='ocrx_word' id='word_1_337' title='bbox 951 3579 1618 3671; x_wconf 81' lang='lat' dir='ltr'>elegantissimorum</span> <span class='ocrx_word' id='word_1_338' title='bbox 1659 3577 2035 3648; x_wconf 90' lang='lat' dir='ltr'>comitum:</span> <span class='ocrx_word' id='word_1_339' title='bbox 2089 3580 2209 3666; x_wconf 89' lang='lat' dir='ltr'>qui</span> <span class='ocrx_word' id='word_1_340' title='bbox 2257 3579 2445 3649; x_wconf 89' lang='lat' dir='ltr'>illius</span> <span class='ocrx_word' id='word_1_341' title='bbox 2492 3579 2748 3670; x_wconf 90' lang='lat' dir='ltr'>impiae</span> 
     </span>
     <span class='ocr_line' id='line_1_38' title="bbox 227 3666 2747 3769; baseline -0 -30"><span class='ocrx_word' id='word_1_342' title='bbox 227 3666 723 3758; x_wconf 88' lang='lat' dir='ltr'>conjurationis</span> <span class='ocrx_word' id='word_1_343' title='bbox 770 3668 922 3737; x_wconf 89' lang='lat' dir='ltr'>tabe</span> <span class='ocrx_word' id='word_1_344' title='bbox 960 3681 1185 3739; x_wconf 87' lang='lat' dir='ltr'>essent</span> <span class='ocrx_word' id='word_1_345' title='bbox 1243 3667 1472 3738; x_wconf 88' lang='lat' dir='ltr'>infecti</span> <span class='ocrx_word' id='word_1_346' title='bbox 1519 3667 1620 3736; x_wconf 91' lang='lat' dir='ltr'>vel</span> <span class='ocrx_word' id='word_1_347' title='bbox 1657 3667 1943 3757; x_wconf 89' lang='lat' dir='ltr'>aspersi,</span> <span class='ocrx_word' id='word_1_348' title='bbox 1997 3681 2279 3738; x_wconf 89' lang='lat' dir='ltr'>ornatus</span> <span class='ocrx_word' id='word_1_349' title='bbox 2325 3680 2388 3738; x_wconf 93' lang='lat' dir='ltr'>et</span> <span class='ocrx_word' id='word_1_350' title='bbox 2414 3667 2747 3769; x_wconf 70' lang='lat' dir='ltr'>jucundi-</span> 
     </span>
     <span class='ocr_line' id='line_1_39' title="bbox 226 3756 2745 3915; baseline -0 -88"><span class='ocrx_word' id='word_1_351' title='bbox 226 3769 330 3827; x_wconf 89' lang='lat' dir='ltr'>tas</span> <span class='ocrx_word' id='word_1_352' title='bbox 363 3778 509 3825; x_wconf 88' lang='lat' dir='ltr'>esse</span> <span class='ocrx_word' id='word_1_353' title='bbox 543 3768 817 3915; x_wconf 64' lang='lat' dir='ltr'>Bossent</span> <span class='ocrx_word' id='word_1_354' title='bbox 863 3759 1065 3828; x_wconf 90' lang='lat' dir='ltr'>etiam</span> <span class='ocrx_word' id='word_1_355' title='bbox 1101 3757 1584 3848; x_wconf 87' lang='lat' dir='ltr'>Imperatoriae</span> <span class='ocrx_word' id='word_1_356' title='bbox 1628 3756 1970 3847; x_wconf 87' lang='lat' dir='ltr'>dignitati.</span> <span class='ocrx_word' id='word_1_357' title='bbox 2024 3762 2101 3826; x_wconf 90' lang='lat' dir='ltr'>Et</span> <span class='ocrx_word' id='word_1_358' title='bbox 2151 3769 2312 3826; x_wconf 92' lang='lat' dir='ltr'>tunc</span> <span class='ocrx_word' id='word_1_359' title='bbox 2344 3770 2582 3845; x_wconf 81' lang='lat' dir='ltr'>utique</span> <span class='ocrx_word' id='word_1_360' title='bbox 2609 3769 2745 3828; x_wconf 90' lang='lat' dir='ltr'>tam</span> 
     </span>
     <span class='ocr_line' id='line_1_40' title="bbox 225 3845 2747 3938; baseline -0 -21"><span class='ocrx_word' id='word_1_361' title='bbox 225 3846 540 3917; x_wconf 87' lang='lat' dir='ltr'>desidera</span> <span class='ocrx_word' id='word_1_362' title='bbox 591 3845 774 3927; x_wconf 91' lang='lat' dir='ltr'>ilem,</span> <span class='ocrx_word' id='word_1_363' title='bbox 820 3858 956 3917; x_wconf 90' lang='lat' dir='ltr'>tam</span> <span class='ocrx_word' id='word_1_364' title='bbox 1004 3846 1482 3935; x_wconf 88' lang='lat' dir='ltr'>manufortem,</span> <span class='ocrx_word' id='word_1_365' title='bbox 1538 3858 1678 3916; x_wconf 89' lang='lat' dir='ltr'>tam</span> <span class='ocrx_word' id='word_1_366' title='bbox 1724 3846 2068 3937; x_wconf 91' lang='lat' dir='ltr'>egregiam</span> <span class='ocrx_word' id='word_1_367' title='bbox 2118 3846 2271 3935; x_wconf 89' lang='lat' dir='ltr'>ejus</span> <span class='ocrx_word' id='word_1_368' title='bbox 2319 3846 2577 3938; x_wconf 88' lang='lat' dir='ltr'>prolem</span> <span class='ocrx_word' id='word_1_369' title='bbox 2629 3847 2747 3916; x_wconf 93' lang='lat' dir='ltr'>de-</span> 
     </span>
     <span class='ocr_line' id='line_1_41' title="bbox 225 3934 2747 4027; baseline 0.001 -24"><span class='ocrx_word' id='word_1_370' title='bbox 225 3947 404 4006; x_wconf 83' lang='lat' dir='ltr'>ceret</span> <span class='ocrx_word' id='word_1_371' title='bbox 438 3935 565 4005; x_wconf 90' lang='lat' dir='ltr'>hoc</span> <span class='ocrx_word' id='word_1_372' title='bbox 612 3936 887 4027; x_wconf 86' lang='lat' dir='ltr'>agmine</span> <span class='ocrx_word' id='word_1_373' title='bbox 935 3936 1196 4026; x_wconf 89' lang='lat' dir='ltr'>stipari,</span> <span class='ocrx_word' id='word_1_374' title='bbox 1240 3936 1324 4006; x_wconf 93' lang='lat' dir='ltr'>de</span> <span class='ocrx_word' id='word_1_375' title='bbox 1374 3936 1500 4006; x_wconf 89' lang='lat' dir='ltr'>hac</span> <span class='ocrx_word' id='word_1_376' title='bbox 1548 3935 1758 4005; x_wconf 88' lang='lat' dir='ltr'>electa</span> <span class='ocrx_word' id='word_1_377' title='bbox 1787 3936 2125 4025; x_wconf 60' lang='lat' dir='ltr'>‚juvenum</span> <span class='ocrx_word' id='word_1_378' title='bbox 2175 3934 2574 4005; x_wconf 85' lang='lat' dir='ltr'>excellentia</span> <span class='ocrx_word' id='word_1_379' title='bbox 2651 3936 2747 4005; x_wconf 91' lang='lat' dir='ltr'>lo-</span> 
     </span>
     <span class='ocr_line' id='line_1_42' title="bbox 224 4024 2741 4116; baseline 0 -22"><span class='ocrx_word' id='word_1_380' title='bbox 224 4025 413 4095; x_wconf 89' lang='lat' dir='ltr'>riari.</span> <span class='ocrx_word' id='word_1_381' title='bbox 467 4029 622 4094; x_wconf 87' lang='lat' dir='ltr'>Erat</span> <span class='ocrx_word' id='word_1_382' title='bbox 671 4047 834 4116; x_wconf 91' lang='lat' dir='ltr'>prae</span> <span class='ocrx_word' id='word_1_383' title='bbox 865 4027 1190 4096; x_wconf 90' lang='lat' dir='ltr'>omnibus</span> <span class='ocrx_word' id='word_1_384' title='bbox 1239 4027 1307 4095; x_wconf 91' lang='lat' dir='ltr'>in</span> <span class='ocrx_word' id='word_1_385' title='bbox 1357 4028 1507 4116; x_wconf 76' lang='lat' dir='ltr'>eJus</span> <span class='ocrx_word' id='word_1_386' title='bbox 1554 4025 1785 4094; x_wconf 88' lang='lat' dir='ltr'>animo</span> <span class='ocrx_word' id='word_1_387' title='bbox 1818 4024 2016 4112; x_wconf 89' lang='lat' dir='ltr'>quasi</span> <span class='ocrx_word' id='word_1_388' title='bbox 2063 4024 2345 4112; x_wconf 91' lang='lat' dir='ltr'>quidam</span> <span class='ocrx_word' id='word_1_389' title='bbox 2390 4025 2600 4095; x_wconf 91' lang='lat' dir='ltr'>stimu</span> <span class='ocrx_word' id='word_1_390' title='bbox 2636 4047 2741 4106; x_wconf 90' lang='lat' dir='ltr'>us,</span> 
     </span>
     <span class='ocr_line' id='line_1_43' title="bbox 226 4113 2749 4205; baseline 0 -22"><span class='ocrx_word' id='word_1_391' title='bbox 226 4114 366 4183; x_wconf 88' lang='lat' dir='ltr'>dux</span> <span class='ocrx_word' id='word_1_392' title='bbox 415 4113 619 4205; x_wconf 86' lang='lat' dir='ltr'>paulo</span> <span class='ocrx_word' id='word_1_393' title='bbox 664 4127 819 4184; x_wconf 91' lang='lat' dir='ltr'>ante</span> <span class='ocrx_word' id='word_1_394' title='bbox 884 4115 1344 4197; x_wconf 76' lang='lat' dir='ltr'>fortissimu5‚</span> <span class='ocrx_word' id='word_1_395' title='bbox 1411 4128 1573 4185; x_wconf 86' lang='lat' dir='ltr'>tunc</span> <span class='ocrx_word' id='word_1_396' title='bbox 1629 4126 1857 4184; x_wconf 88' lang='lat' dir='ltr'>autem</span> <span class='ocrx_word' id='word_1_397' title='bbox 1926 4114 2177 4204; x_wconf 88' lang='lat' dir='ltr'>praedo</span> <span class='ocrx_word' id='word_1_398' title='bbox 2235 4113 2749 4185; x_wconf 89' lang='lat' dir='ltr'>audacissimus</span> 
     </span>
     <span class='ocr_line' id='line_1_44' title="bbox 228 4202 2743 4296; baseline -0.001 -23"><span class='ocrx_word' id='word_1_399' title='bbox 228 4207 440 4283; x_wconf 89' lang='lat' dir='ltr'>Cun0,</span> <span class='ocrx_word' id='word_1_400' title='bbox 494 4204 698 4273; x_wconf 89' lang='lat' dir='ltr'>etiam</span> <span class='ocrx_word' id='word_1_401' title='bbox 749 4208 964 4295; x_wconf 75' lang='lat' dir='ltr'>parta,</span> <span class='ocrx_word' id='word_1_402' title='bbox 1019 4219 1096 4275; x_wconf 90' lang='lat' dir='ltr'>ut</span> <span class='ocrx_word' id='word_1_403' title='bbox 1141 4204 1274 4295; x_wconf 91' lang='lat' dir='ltr'>ipsi</span> <span class='ocrx_word' id='word_1_404' title='bbox 1313 4205 1689 4296; x_wconf 88' lang='lat' dir='ltr'>jactabant,</span> <span class='ocrx_word' id='word_1_405' title='bbox 1725 4202 2119 4273; x_wconf 89' lang='lat' dir='ltr'>divitiarum</span> <span class='ocrx_word' id='word_1_406' title='bbox 2153 4213 2218 4273; x_wconf 92' lang='lat' dir='ltr'>et</span> <span class='ocrx_word' id='word_1_407' title='bbox 2247 4204 2440 4295; x_wconf 91' lang='lat' dir='ltr'>regni</span> <span class='ocrx_word' id='word_1_408' title='bbox 2490 4202 2743 4294; x_wconf 72' lang='lat' dir='ltr'>gloria:</span> 
     </span>
     <span class='ocr_line' id='line_1_45' title="bbox 229 4291 2744 4392; baseline -0.001 -29"><span class='ocrx_word' id='word_1_409' title='bbox 229 4291 343 4392; x_wconf 81' lang='lat' dir='ltr'>sed</span> <span class='ocrx_word' id='word_1_410' title='bbox 381 4313 611 4363; x_wconf 87' lang='lat' dir='ltr'>revera</span> <span class='ocrx_word' id='word_1_411' title='bbox 645 4293 837 4363; x_wconf 90' lang='lat' dir='ltr'>labor</span> <span class='ocrx_word' id='word_1_412' title='bbox 878 4293 1126 4366; x_wconf 88' lang='lat' dir='ltr'>sterilis</span> <span class='ocrx_word' id='word_1_413' title='bbox 1184 4316 1307 4384; x_wconf 90' lang='lat' dir='ltr'>pro</span> <span class='ocrx_word' id='word_1_414' title='bbox 1355 4291 1870 4382; x_wconf 90' lang='lat' dir='ltr'>tranquillitate,</span> <span class='ocrx_word' id='word_1_415' title='bbox 1912 4292 2274 4363; x_wconf 91' lang='lat' dir='ltr'>solicitudo</span> <span class='ocrx_word' id='word_1_416' title='bbox 2323 4314 2595 4385; x_wconf 90' lang='lat' dir='ltr'>semper</span> <span class='ocrx_word' id='word_1_417' title='bbox 2624 4314 2744 4362; x_wconf 90' lang='lat' dir='ltr'>an·</span> 
     </span>
     <span class='ocr_line' id='line_1_46' title="bbox 226 4380 2748 4471; baseline 0 -22"><span class='ocrx_word' id='word_1_418' title='bbox 226 4403 337 4450; x_wconf 81' lang='lat' dir='ltr'>xia</span> <span class='ocrx_word' id='word_1_419' title='bbox 376 4402 498 4471; x_wconf 87' lang='lat' dir='ltr'>pro</span> <span class='ocrx_word' id='word_1_420' title='bbox 547 4384 930 4454; x_wconf 89' lang='lat' dir='ltr'>securitate.</span> <span class='ocrx_word' id='word_1_421' title='bbox 984 4389 1148 4454; x_wconf 88' lang='lat' dir='ltr'>Nam</span> <span class='ocrx_word' id='word_1_422' title='bbox 1220 4382 1300 4464; x_wconf 89' lang='lat' dir='ltr'>is,</span> <span class='ocrx_word' id='word_1_423' title='bbox 1363 4383 1501 4464; x_wconf 90' lang='lat' dir='ltr'>cui,</span> <span class='ocrx_word' id='word_1_424' title='bbox 1561 4392 1639 4452; x_wconf 91' lang='lat' dir='ltr'>ut</span> <span class='ocrx_word' id='word_1_425' title='bbox 1691 4381 1783 4451; x_wconf 91' lang='lat' dir='ltr'>ita</span> <span class='ocrx_word' id='word_1_426' title='bbox 1831 4381 2092 4463; x_wconf 89' lang='lat' dir='ltr'>dicam,</span> <span class='ocrx_word' id='word_1_427' title='bbox 2148 4381 2383 4452; x_wconf 89' lang='lat' dir='ltr'>omnia</span> <span class='ocrx_word' id='word_1_428' title='bbox 2430 4392 2624 4451; x_wconf 87' lang='lat' dir='ltr'>erant</span> <span class='ocrx_word' id='word_1_429' title='bbox 2677 4380 2748 4450; x_wconf 91' lang='lat' dir='ltr'>in</span> 
     </span>
    </p>
   </div>
   <div class='ocr_carea' id='block_1_3' title="bbox 284 4504 2654 4559">
    <p class='ocr_par' dir='ltr' id='par_1_4' title="bbox 284 4504 2654 4559">
     <span class='ocr_line' id='line_1_47' title="bbox 284 4504 2654 4559; baseline 0 -15"><span class='ocrx_word' id='word_1_430' title='bbox 284 4504 309 4531; x_wconf 73' lang='lat'>⁸</span> <span class='ocrx_word' id='word_1_431' title='bbox 339 4504 534 4557; x_wconf 65' lang='lat' dir='ltr'>Effregit</span> <span class='ocrx_word' id='word_1_432' title='bbox 549 4508 814 4558; x_wconf 72' lang='lat' dir='ltr'>principun</span> <span class='ocrx_word' id='word_1_433' title='bbox 834 4509 1015 4559; x_wconf 69' lang='lat' dir='ltr'>patrem</span> <span class='ocrx_word' id='word_1_434' title='bbox 1033 4507 1363 4558; x_wconf 66' lang='lat' dir='ltr'>imperatorem</span> <span class='ocrx_word' id='word_1_435' title='bbox 1382 4507 1673 4556; x_wconf 69' lang='lat' dir='ltr'>compti-anti</span> <span class='ocrx_word' id='word_1_436' title='bbox 1689 4506 1892 4547; x_wconf 69' lang='lat' dir='ltr'>consilia</span> <span class='ocrx_word' id='word_1_437' title='bbox 1910 4506 1964 4547; x_wconf 81' lang='lat' dir='ltr'>ut</span> <span class='ocrx_word' id='word_1_438' title='bbox 1981 4507 2160 4547; x_wconf 67' lang='lat' dir='ltr'>nefario</span> <span class='ocrx_word' id='word_1_439' title='bbox 2180 4506 2424 4548; x_wconf 77' lang='lat' dir='ltr'>molimine</span> <span class='ocrx_word' id='word_1_440' title='bbox 2444 4505 2654 4550; x_wconf 58' lang='lat' dir='ltr'>deantu-</span> 
     </span>
    </p>
   </div>
  </div>
 </body>
</html>
