3327 4999
686 331 815 396 720
2303 285 2310 296 ’
2668 327 2774 395 Ex
2822 326 3009 395 Nov.
3066 326 3153 392 26

1756 450 2005 528 VITA

931 642 1013 745 S.
1085 640 1428 742 ALYPll
1499 639 1977 742 ClONlTAE
2043 638 2235 742 SEU
2304 638 2792 741 STYLlTAE

1211 830 1276 875 11)
1322 829 1436 878 EST
1484 828 1593 886 QUI
1641 827 2022 876 MORABATUR
2070 827 2135 876 ΙΝ
2181 826 2503 877 ΒΟῙᾸΠΙΝΑ.

1422 930 1503 978 Ex
1550 930 1822 979 SIMEONE
1863 929 2337 977 METAPHRASTE.

1296 1086 1523 1143 Obiit
1572 1086 1924 1142 ineunte
1985 1087 2147 1141 VII
2208 1087 2439 1143 saec.

678 1235 718 1319 's'
776 1238 853 1305 1.
909 1230 1156 1301 Christi
1207 1252 1445 1302 servus
1494 1229 1781 1320 Alypius
1826 1229 1954 1320 (a),
2010 1243 2084 1299 ut
2135 1229 2336 1300 multi
2384 1251 2464 1299 ex
2497 1228 2850 1299 auditione
2885 1229 3143 1299 didice-

593 1331 779 1400 runt,
836 1319 1078 1389 habuit
1124 1318 1436 1407 quidem·
1486 1318 1803 1408 patriam,
1849 1320 1908 1388 si
1982 1319 2203 1409 patria
2260 1320 2350 1389 sit
2395 1317 2688 1388 dicenda
2755 1318 2823 1387 in
2894 1319 3096 1388 terris
3127 1374 3142 1402 ,

592 1407 1129 1499 Adrianopolim,
1185 1429 1319 1478 non
1370 1429 1546 1494 quae
1591 1405 1883 1479 celebris
1921 1419 2022 1477 est
2080 1408 2149 1475 in
2200 1407 2488 1477 Thracia
2536 1406 2799 1488 civitaS,
2854 1408 2976 1478 sed
3028 1431 3150 1498 op-

596 1496 914 1587 pidulum
951 1498 1021 1565 in
1068 1496 1578 1597 Paphlagonia3
1633 1495 1842 1564 vitam
1892 1508 2120 1567 autem
2181 1517 2359 1583 quae
2408 1496 2722 1567 omnium
2773 1495 3146 1566 hominum

593 1598 874 1675 superat
921 1585 1193 1654 vivendi
1253 1585 1610 1655 rationem.
1668 1589 1883 1666 Quem
1931 1607 2091 1654 cum
2133 1585 2611 1673 praescivisset
2655 1596 2720 1653 et
2768 1585 3148 1674 praedesti-

592 1687 820 1744 nasset
871 1674 1227 1755 Dominus,
1281 1673 1367 1742 ab
1417 1673 1567 1762 ipso
1609 1685 1920 1742 materno
1968 1673 2119 1742 alvo
2177 1672 2238 1742 ei
2288 1673 2657 1752 benedixit,
2718 1672 3148 1761 quibusdam

592 1761 978 1832 visionibus
1025 1773 1091 1831 et
1137 1761 1359 1852 signis
1405 1759 1778 1833 ostendens
1808 1761 1917 1830 sui
1957 1761 2203 1831 famuli
2249 1761 2336 1831 ad
2368 1760 2709 1831 diviniora
2761 1761 3148 1852 profectum

591 1862 657 1921 et
704 1850 1233 1920 incrementum.
1300 1854 1466 1920 Cum
1516 1847 1702 1918 enim
1770 1849 2010 1919 adhuc·
2048 1872 2224 1923 ,eum
2272 1860 2466 1920 utero
2530 1861 2825 1941 gestaret
2874 1862 3100 1920 mater
3131 1905 3146 1931 ,

593 1950 801 2009 noctu
851 1939 994 2009 visa
1035 1938 1167 2011 sibi
1214 1949 1316 2009 est
1367 1935 1591 2007 videre
1660 1935 2044 2008 formosum
2111 1960 2372 2028 agnum
2422 1938 2493 2006 in
2544 1938 2746 2029 cujus
2809 1938 3150 2010 cornibus

592 2027 731 2098 duo
779 2027 1051 2097 accensi
1099 2026 1279 2098 cerei
1336 2048 1409 2097 re
1464 2025 1696 2096 lebant
1754 2026 2042 2096 domum
2093 2026 2383 2107 lumine;
2434 2026 2555 2114 qui
2607 2048 2742 2096 non
2795 2027 2994 2117 prius
3043 2049 3151 2096 re-

592 2137 831 2187 versus
878 2128 979 2187 est
1026 2115 1108 2185 ad
1170 2137 1377 2185 suum
1453 2136 1656 2185 ocum
1706 2135 1915 2201 quam
1988 2115 2055 2183 in
2125 2114 2350 2184 lucem
2402 2114 2732 2206 prodierit
2778 2128 2986 2186 natus
3035 2116 3149 2184 in-

592 2203 768 2284 fans,
830 2214 1043 2273 matre
1091 2203 1377 2274 liberata
1425 2226 1465 2273 a
1515 2215 1755 2293 partus
1803 2203 2183 2273 doloribus.
2240 2208 2381 2272 Non
2427 2203 2644 2273 multo
2707 2215 2860 2293 post
2906 2217 3146 2274 autem

591 2314 799 2379 quam
830 2304 1045 2361 mater
1076 2304 1177 2361 est
1205 2293 1427 2374 enixa,
1449 2313 1531 2361 ea
1562 2291 1629 2359 in
1654 2302 1929 2382 gratum
1961 2312 2281 2362 somnum
2310 2303 2413 2361 est
2444 2292 2767 2370 resoluta;
2804 2304 2869 2361 et
2897 2315 3149 2362 rursus

590 2380 772 2450 videt
819 2380 891 2449 in
957 2381 1247 2451 somniis
1297 2380 1574 2471 publice
1620 2401 1657 2449 e
1706 2403 1832 2450 sua
1879 2380 2152 2450 civitate
2217 2379 2555 2470 populum
2610 2380 2678 2449 in
2744 2380 3032 2469 hymnis
3083 2394 3149 2451 et

589 2468 879 2540 canticis
925 2481 990 2540 et
1036 2469 1665 2562 supplicationibus
1713 2468 2096 2540 venientem
2131 2491 2352 2557 usque
2398 2467 2484 2539 ad
2537 2490 2744 2539 suum
2774 2468 3144 2551 infantem,

589 2570 655 2627 et
700 2580 860 2628 eum
911 2571 1263 2646 tamquam
1296 2571 1817 2628 sacrosanctum
1849 2570 1915 2627 et
1943 2558 2181 2628 divum
2230 2556 2656 2647 quempiam,
2702 2558 3142 2629 adorantem.

590 2651 772 2718 Haec
812 2647 1052 2717 matris
1101 2646 1327 2717 fidelis
1376 2646 1770 2737 spectacula
1824 2666 1976 2716 eam
2043 2659 2619 2735 compunxerunt,
2688 2658 2764 2716 ut
2809 2647 2896 2716 ad
2953 2648 3145 2738 piam

591 2735 852 2805 veniret
899 2735 1407 2826 cogitationem.
1462 2739 1628 2807 Nam
1678 2757 1840 2805 cum
1889 2735 2142 2825 conjux
2180 2736 2329 2825 jam
2363 2758 2443 2805 ex
2484 2735 2611 2804 hac
2662 2734 2798 2805 vita
2843 2736 3149 2827 migras-

590 2835 713 2908 set,
767 2837 832 2895 et
881 2834 1052 2894 totos
1102 2835 1236 2895 tres
1284 2845 1504 2893 annos
1542 2845 1676 2892 non
1728 2823 1972 2894 fuisset
2001 2837 2349 2914 superstes
2398 2823 2541 2894 filio
2573 2823 2813 2909 quiex
2861 2846 2942 2893 eo
2994 2824 3148 2895 fue-

592 2925 694 2984 rat
741 2922 1129 3003 susceptuS,
1185 2912 1335 3003 ipsa
1406 2911 1696 3002 pulchre
1766 2911 2003 2982 statuit
2049 2911 2177 2980 soli
2230 2917 2361 2981 Deo
2436 2912 2655 2982 vivere
2712 2923 2777 2982 et
2827 2912 3024 2983 filio:
3084 2926 3152 2984 et

589 3001 942 3071 decaetero
990 3022 1197 3072 suum
1262 3021 1516 3090 corpus
1566 2999 1796 3089 potius
1852 2999 2221 3090 obsignare
2282 3000 2569 3081 Christe,
2625 3022 2834 3088 quam
2888 3003 3151 3092 probro

588 3111 661 3160 se
708 3088 1003 3168 afficere,
1059 3089 1116 3157 si
1165 3088 1251 3158 ad
1294 3088 1598 3159 secunda
1683 3098 1860 3158 esset
1906 3088 2229 3159 devoluta
2262 3089 2565 3179 nuptias:
2620 3112 2784 3159 cum
2832 3102 2897 3161 et
2944 3112 3151 3162 amor

588 3176 985 3246 charissimi
1031 3175 1160 3245 filii
1206 3187 1271 3246 et
1302 3175 1531 3245 cubile
1580 3112 1807 3246 ssariti
1857 3176 1925 3244 in
1976 3199 2055 3246 ea
2105 3177 2301 3247 valde
2351 3178 2476 3269 pie,
2508 3177 2955 3248 cohabitaret.

678 3266 714 3350 ἓ
776 3269 865 3336 ².
920 3268 1087 3333 Cum
1138 3286 1209 3335 se
1241 3263 1472 3333 divine
1498 3262 1688 3333 hisce
1736 3264 2215 3335 confirmasset
2253 3266 2810 3366 cogitationibus,
2857 3281 3150 3358 accepto

589 3352 773 3435 silio,
827 3352 1014 3422 vadit
1060 3352 1145 3422 ad
1207 3352 1611 3434 ecclesiam,
1667 3354 2139 3443 orphanorum
2190 3366 2256 3424 et
2304 3354 2672 3425 viduarum
2749 3369 3149 3426 curatorem

589 3441 813 3511 solum
864 3441 1124 3511 bonum
1162 3441 1389 3511 sciens
1437 3463 1588 3512 esse
1623 3442 2017 3511 Dominum.
2056 3442 2176 3511 Cui
2216 3443 2422 3513 etiam
2475 3456 2793 3534 prompto
2827 3456 2892 3514 et
2926 3444 3148 3514 alacri

588 3530 823 3600 animo
881 3552 1040 3600 eum
1092 3529 1512 3600 ablactatum
1565 3531 1795 3600 statim
1846 3529 2227 3611 dedicavit,
2306 3545 2657 3618 tamquam
2711 3553 2964 3602 novum
3017 3534 3150 3602 ali-

587 3641 791 3707 quem
844 3618 1228 3688 Samuelem
1261 3674 1276 3700 ,
1331 3618 1505 3689 dans
1556 3619 1625 3686 in
1696 3640 1948 3689 manus
2022 3619 2171 3776 ezus
2219 3621 2343 3706 qui
2395 3632 2556 3690 tunc
2606 3619 3150 3692 administrabat

587 3708 1285 3798 archiepiscopatum.
1341 3713 1555 3789 Quem
1608 3730 1769 3778 cum
1823 3708 1970 3778 suis
2018 3731 2060 3777 u
2097 3709 2204 3777 nis
2278 3731 2437 3779 acce
2496 3707 2705 3789 isset,
2782 3719 3141 3797 tamquam

586 3796 873 3883 quidam
932 3808 1161 3886 pastor
1208 3796 1457 3876 bonuS‚
1512 3795 1817 3865 secundo
1886 3808 2036 3885 post
2087 3808 2372 3866 matrem
2466 3809 2614 3867 acte
2661 3796 2960 3886 spiritali
3010 3820 3148 3869 nu-

590 3883 878 3965 triebat,
948 3883 1159 3954 literis
1226 3897 1291 3955 et
1337 3883 1733 3954 divinarum
1801 3884 2300 3974 scripturarum
2356 3884 2724 3955 dulcedine
2775 3885 3146 3977 pinguefa-

588 3972 778 4044 ciens
826 3971 1098 4042 animae
1144 3972 1541 4043 officinam:
1599 3985 1677 4042 ut
1725 3970 2000 4042 facilius
2048 3973 2383 4043 inveniret
2429 3996 2590 4042 cum
2628 3983 2934 4063 tempore
2991 3997 3142 4044 cre-

591 4071 916 4140 scentem,
972 4072 1038 4130 et
1082 4084 1239 4132 cum
1293 4073 1509 4131 aetate
1557 4060 2042 4130 ascendentem
2080 4060 2298 4130 intelli
2349 4062 2642 4143 entiam;
2696 4062 2880 4149 quod
2932 4063 3143 4133 etiam

589 4149 1042 4221 concurrebat
1101 4170 1259 4220 cum
1323 4148 1647 4239 precibus
1694 4148 1846 4239 ejus
1893 4149 2013 4238 qui
2061 4085 2441 4220 erudiegat.
2496 4154 2655 4220 Erat
2718 4150 2907 4220 enim
2971 4174 3148 4242 puer

642 4265 703 4315 (a)
734 4265 1022 4306 Memor-atur
1051 4266 1241 4315 quidem
1261 4266 1311 4306 iu
1330 4267 1572 4315 Max-tyrol.
1592 4267 1740 4312 Rom,
1760 4266 1844 4306 sed
1864 4267 2022 4307 errato
2043 4267 2230 4317 Scyllam·
2248 4267 2454 4312 nomine.
2474 4267 2610 4316 quasi
2629 4275 2722 4306 non
2743 4276 2931 4308 mex-um
2950 4268 3011 4309 ab
3033 4278 3152 4309 nor.-

589 4337 734 4378 nullis
756 4346 812 4377 ex
829 4337 1072 4378 veteribus
1096 4337 1358 4378 adhibltum
1378 4339 1744 4388 cognomentum
1762 4337 1851 4377 hoc
1882 4340 2011 4378 esset
2039 4348 2095 4377 ex
2123 4328 2321 4392 ςτὺλος,
2353 4338 2580 4389 Columna,
2608 4339 2733 4379 unde
2763 4337 2951 4380 Stilites
2981 4340 3148 4389 plures

588 4399 915 4449 hususcemodi
932 4398 1265 4440 ⁸anticum-etse.
1293 4401 1385 4442 Pro
1407 4402 1562 4452 Alypio
1581 4402 1741 4443 autem
1760 4401 1810 4442 tn
1838 4399 2140 4442 Moschorum
2170 4401 2449 4443 Kalendario
2478 4401 2654 4451 legitur
2687 4401 2928 4452 omum
2958 4401 3148 4447 comm·

590 4453 745 4495 emoto
766 4463 793 4494 a
812 4453 1004 4496 enecta
1025 4462 1074 4495 vt
1097 4452 1201 4494 Kal.
1219 4454 1328 4495 Dec.
