3327 4999
634 338 764 402 222
1437 352 1516 399 ΒΕ
1563 352 1620 398 s.
1675 347 1994 398 carisomo
2043 351 2204 396 rArA
2726 332 2963 397 MART.
3019 332 3092 397 t2

545 433 924 505 oratorium
978 431 1332 523 punienda
1366 429 1747 500 temeritate
1783 430 2264 510 construxerit,
2303 428 2696 516 multosque
2726 428 2864 497 illic
2910 428 3094 498 Chri-

547 522 934 593 stianorum
994 520 1077 590 ad
1143 517 1575 589 adorandum
1621 518 1958 608 sacrilega
2007 517 2407 589 seductione
2456 516 2819 607 deceperit.
2865 517 2990 587 Sed
3034 529 3097 586 et

546 610 956 689 Christiana,
999 618 1076 677 ut
1122 607 1401 686 dicitur,
1459 606 1810 696 mancipia
1848 605 2272 696 comparavit
2320 619 2387 674 et
2434 605 2582 674 suis
2628 628 2707 674 ea
2753 605 3094 693 obsequiis

544 720 625 767 ac
672 696 1090 768 utilitatibus
1163 694 1540 785 deputavit.
1598 699 1772 764 Dum
1847 695 2063 785 igitur
2135 692 2568 763 severissime
2635 693 2703 761 in
2753 714 2910 762 eum
2971 714 3093 795 pro

546 787 756 856 tantis
803 782 1231 854 facinoribus
1287 782 1642 853 debuisset
1686 782 1982 863 ulcisci,
2036 782 2381 872 gloriosus
2434 781 2758 851 Justinus
2808 781 3096 850 medica-

547 886 778 943 mento
823 872 1172 951 avaritiae,
1221 884 1298 941 ut
1345 870 1546 941 nobis
1592 872 1929 961 scriptum
1970 884 2094 951 est,
2147 869 2502 949 delinitus,
2548 870 2658 937 Dei
2694 869 2965 939 distulit
2992 869 3097 938 in-

536 962 799 1050 juriam
850 959 1223 1030 vindicare.
1261 959 1488 1029 Gloria
1536 971 1769 1028 autem
1814 970 2032 1028 vestra
2089 958 2258 1028 haec
2306 958 2543 1027 omnia
2589 957 2901 1027 districta
2946 979 3098 1026 exa—

545 1048 922 1118 minatione
971 1047 1343 1137 perquirat,
1369 1058 1436 1116 et
1467 1046 1527 1117 si
1568 1046 2053 1134 hujuscemodi
2086 1045 2526 1115 manifestum
2560 1067 2712 1116 esse
2746 1046 3087 1135 repererit,

543 1136 639 1206 ita
685 1135 1194 1206 districtissime
1243 1157 1322 1204 ac
1370 1135 1819 1225 corporaliter
1869 1135 1941 1204 in
1994 1134 2314 1204 eumdem
2365 1134 2778 1204 sceleratum
2830 1133 3095 1204 festinet

542 1223 898 1293 vindicare
941 1223 1322 1303 Judaeum,
1375 1235 1718 1310 quatenus
1766 1224 1894 1292 hac
1942 1245 2024 1292 ex
2072 1244 2284 1293 causa
2329 1234 2395 1291 et
2441 1222 2735 1313 gratiam
2800 1222 2931 1291 sibi
2984 1221 3094 1290 Dei

544 1312 763 1384 nostri
837 1311 1158 1382 conciliet
1202 1322 1268 1380 et
1315 1311 1426 1381 his
1484 1332 1558 1380 se
1608 1312 1895 1411 posteris
1944 1333 2067 1400 pro
2115 1334 2244 1381 sua
2308 1309 2620 1380 mercede
2680 1309 3097 1379 imitandum

545 1412 880 1470 monstret
925 1398 1281 1489 exemplis.
1328 1400 1671 1499 Mancipia
1709 1411 1936 1468 autem
1986 1399 2373 1469 Christiana
2415 1420 2902 1485 quaecumque
2946 1418 3100 1466 eum

541 1510 982 1578 comparasse
1022 1488 1340 1578 patuerit,
1394 1487 1481 1556 ad
1532 1487 1942 1567 libertatem,
1988 1487 2183 1573 Juxta
2230 1487 2464 1576 legum
2517 1500 2910 1576 praecepta,
2952 1486 3098 1556 sine

541 1577 994 1667 ambiguitate
1042 1575 1420 1667 perducite,
1471 1595 1554 1644 ne
1599 1575 1787 1662 quod
1835 1575 2037 1656 absit,
2091 1575 2477 1645 Christiana
2527 1574 2771 1665 religio
2809 1574 3098 1644 Judaeis
3171 1601 3175 1606 ·

540 1664 1028 1750 quoquomodo
1076 1663 1354 1733 subdita
1386 1663 1810 1753 polluatur.»
1839 1668 2005 1737 Item
2048 1663 2378 1731 Venantio
2416 1663 2743 1753 episcopo
2775 1662 3096 1733 Lunensi:

543 1752 957 1822 «Multorum
988 1751 1076 1820 ad
1110 1773 1236 1820 nos
1269 1751 1594 1820 relatione
1637 1752 1962 1841 pervenit,
1989 1774 2030 1820 a
2058 1752 2108 1819 J
2113 1751 2351 1820 udaeis
2387 1750 2455 1818 in
2501 1751 2804 1820 Lunensi
2837 1751 3104 1822 civitate

538 1839 623 1909 de
672 1840 973 1920 entibuS,
1028 1839 1099 1907 in
1149 1839 1504 1908 servitium
1555 1839 1942 1910 Christiana
1974 1839 2266 1908 detineri
2301 1839 2694 1929 mancipia.
2756 1845 2945 1922 Quae
2994 1860 3098 1908 res

539 1863 740 1998 nobis
790 1939 976 1997 tanto
1019 1928 1162 1997 visa
1207 1939 1312 1996 est
1357 1927 1689 2017 asperior,
1742 1940 2001 2014 quanto
2048 1950 2088 1997 a
2126 1926 2571 1997 fraternitatis
2622 1939 2785 1997 tuae
2835 1928 3102 2016 patien-

539 2016 633 2086 tia
677 2016 1053 2117 operosior.
1093 2016 1461 2104 Oportebat
1488 2016 1752 2105 quippe
1798 2029 1861 2086 te
1894 2028 2208 2106 respectu
2258 2015 2388 2084 loci
2422 2016 2522 2085 tui
2552 2039 2631 2085 ac
2673 2016 3103 2086 Christianae

540 2103 899 2195 religionis
938 2103 1220 2184 intuitu,
1276 2103 1539 2173 nullam
1582 2104 1970 2191 relinquere
2003 2104 2430 2173 occasionem
2471 2104 3107 2194 superstitioniJu-

539 2192 801 2272 daicae‚
856 2213 942 2260 ne
991 2192 1122 2262 sim
1180 2191 1342 2261 lices
1406 2192 1681 2261 animae
1732 2214 1864 2261 non
1917 2205 2056 2262 tam
2136 2192 2583 2262 suasionibus
2645 2214 2866 2278 quam
2922 2205 3106 2283 pote-

539 2281 732 2355 statis
761 2281 922 2370 jure
966 2302 1104 2367 quo
1158 2280 1477 2349 ammodo
1523 2279 1966 2350 deservirent.
2035 2280 2496 2362 Quamobrem
2547 2281 2924 2351 hortamur
2973 2280 3103 2350 fra-

539 2369 925 2438 ternitatem
990 2382 1206 2447 tuam,
1262 2380 1341 2438 ut
1400 2368 1791 2437 secundum
1862 2368 2333 2458 piissimarum
2409 2367 2640 2458 legum
2707 2370 3101 2447 tramitem,

538 2456 731 2527 nullo
774 2456 1047 2526 Judaeo
1093 2456 1295 2527 liceat
1343 2456 1812 2526 Christianum
1852 2455 2284 2547 mancipium
2334 2456 2401 2524 in
2455 2478 2582 2527 suo
2631 2458 2940 2527 retinere
2988 2456 3108 2528 do-

538 2546 793 2615 minio:
847 2545 965 2614 sed
1016 2545 1075 2614 si
1122 2544 1245 2631 qui
1306 2565 1516 2633 penes
1561 2565 1680 2614 eos
1756 2545 2243 2627 inveniuntur,
2299 2544 2581 2617 libertas
2629 2547 2734 2616 eis
2789 2544 3104 2616 tuitionis

535 2634 793 2702 auxilio
840 2656 921 2703 ex
971 2633 1033 2702 le
1083 2654 1200 2702 um
1248 2633 1607 2702 sanctione
1657 2645 2037 2703 servetur.»

621 2725 660 2810 ξ
705 2727 871 2793 36.
920 2721 1020 2790 Ju
1072 2739 1353 2789 aeorum
1406 2719 1754 2810 mancipia
1789 2721 1997 2791 semel
2046 2721 2515 2810 confugientia
2564 2719 2647 2789 ad
2684 2722 3097 2803 Ecclesiam,

533 2831 920 2895 numquam
967 2807 1392 2894 quibuslibet
1439 2808 1887 2879 suasionibus
1939 2809 2130 2879 reddi
2171 2809 2481 2895 jubebat.
2517 2808 2711 2879 Unde
2757 2810 3107 2881 Januario

534 2897 920 2967 Caralitano
966 2895 1291 2986 episcopo
1339 2895 1518 2966 inter
1547 2909 1813 2966 caetera
1861 2898 2194 2977 scribens,
2232 2898 2367 2968 ait:
2423 2900 2804 2968 «Pervenit
2835 2900 2926 2969 ad
2957 2920 3101 2980 ηοε,

530 3007 760 3055 servos
808 2983 1236 3069 ancillasque
1278 2983 1713 3054 Judaeorum
1746 2985 1908 3056 fidei
1939 2988 2150 3055 causa
2191 2985 2274 3055 ad
2309 2986 2688 3058 Ecclesiam
2744 2986 3104 3077 refugien-

531 3085 654 3152 tes,
709 3084 830 3142 aut
878 3070 1278 3142 infidelibus
1326 3072 1593 3142 restitui
1640 3073 1969 3155 dominis,
2014 3086 2132 3144 aut
2179 3095 2444 3156 eorum,
2485 3076 3104 3156 nei-estimantur,

530 3161 831 3253 pretium
881 3159 1056 3230 dari.
1109 3163 1482 3230 Hortamur
1541 3160 1774 3251 igitur,
1829 3175 1905 3232 ut
1953 3162 2349 3232 nullatenus
2397 3175 2535 3232 tam
2589 3183 2889 3252 pravam
2947 3186 3112 3234 con-

528 3249 969 3320 suetudinem
1021 3269 1301 3319 manere
1349 3249 1729 3338 permittas.
1784 3252 1912 3320 Sed
1961 3274 2121 3321 cum
2157 3251 2446 3336 quilibet
2473 3251 2930 3323 Judaeorum
2964 3274 3108 3323 ser-

531 3360 658 3407 vus
705 3338 792 3407 ad
841 3336 1261 3406 venerabilia
1327 3337 1476 3407 loca
1523 3336 1686 3407 fidei
1753 3342 1967 3410 causa
2014 3339 2423 3430 confugerit,
2479 3339 2897 3410 nullatenus
2946 3362 3108 3411 eum

530 3425 892 3518 patiamini
945 3425 1449 3526 praejudicium
1483 3428 1844 3497 sustinere.
1902 3429 2030 3498 Sed
2066 3428 2206 3498 sive
2237 3427 2404 3506 olim
2455 3427 2936 3512 Christianus,
2974 3428 3114 3500 sive

531 3537 720 3585 nunc
794 3513 1000 3584 suern
1064 3513 1564 3604 baptizandus,
1642 3514 1791 3584 sine
1858 3516 2001 3586 ullo
2077 3514 2624 3587 Christianorum
2762 3535 3116 3608 auperum

527 3603 808 3683 damn0,
866 3602 986 3672 reli
1038 3602 1186 3671 ioso
1234 3601 1747 3674 Ecclesiastirae
1796 3604 2067 3694 pietatis
2129 3605 2533 3694 patrocinio,
2589 3604 2665 3673 in
2743 3606 3116 3677 ibertatem

529 3691 757 3762 modis
804 3691 995 3761 omni
1052 3712 1137 3759 us
1193 3689 1673 3760 defendatur.»

615 3783 652 3867 ἓ
712 3783 859 3851 32.
915 3784 1058 3850 Non
1108 3778 1335 3849 solum
1401 3779 1789 3850 Christiana
1849 3780 2196 3871 mancipia
2258 3781 2627 3871 Gregorius
2691 3782 2770 3852 in
2825 3783 3113 3853 liberta-

524 3879 677 3938 tem·
711 3868 1076 3958 pristinam
1109 3866 1419 3958 legaliter
1452 3868 1833 3948 revocabat,
1875 3889 2109 3937 verum
2151 3870 2357 3939 etiam
2391 3891 2690 3959 pagana,
2742 3871 2837 3940 ad
2893 3871 3111 3940 fidem

525 3956 754 4025 venire
802 3955 1121 4036 volentia,
1178 3954 1381 4025 vendi
1436 3956 1630 4026 nullo
1683 3955 1888 4025 modo
1935 3957 2394 4047 permittebat.
2467 3956 2660 4027 Unde
2727 3964 3113 4029 Fortunato

522 4044 965 4134 Neapolitano
1011 4044 1337 4134 episcopo
1383 4044 1563 4115 inter
1607 4058 1873 4116 caetera
1924 4045 2259 4124 scribens,
2316 4046 2448 4115 ait:
2503 4069 2538 4112 «
2566 4048 3116 4117 Fraternitatem

523 4144 820 4203 vestram
851 4144 1115 4223 oportet
1159 4154 1309 4203 esse
1360 4132 1727 4216 solicitam,
1781 4146 1847 4204 et
1894 4134 1953 4203 si
2003 4133 2088 4203 de
2132 4133 2568 4204 Judaeorum
2618 4137 2923 4206 servitio
2976 4153 3114 4202 non

524 4220 752 4291 solum
825 4220 1144 4291 Judaeus
1188 4276 1203 4302 ,
1291 4221 1409 4289 sed
1487 4222 1694 4291 etiam
1777 4222 2150 4309 quisquam
2230 4244 2668 4314 pantanorum
2758 4223 2918 4294 fieri
3000 4245 3119 4292 vo·-

518 4309 723 4380 luerit
769 4310 1239 4388 ChristianuS‚
1296 4321 1661 4399 postquam
1730 4310 2047 4382 voluntas
2093 4312 2245 4402 ejus
2312 4279 2515 4381 fuerit
2576 4311 2963 4400 patefacta,
3023 4331 3108 4378 ne

519 4397 709 4469 hunc
759 4401 892 4469 sub
952 4396 1260 4485 quolibet
1324 4397 1604 4487 ingenio
1654 4398 1758 4467 vel
1808 4412 2218 4490 argumento
2283 4400 2586 4489 cuipiam
2657 4400 3116 4472 Judaeorum
