3327 4999
216 342 321 409 EX
373 341 591 409 SEPT.
652 341 693 407 3
1049 360 1127 407 na:
1174 361 1230 407 S.
1285 360 1568 409 nemeto
1615 360 1911 409 amscoro
2527 344 2645 410 634
2729 377 2734 385 ·

213 447 333 534 qui
376 445 807 516 miseriarum
872 458 1261 516 nostrarum
1311 446 1438 517 suit
1486 447 1936 539 praecipuum
2005 447 2513 518 levamentum?
2576 447 2742 532 Quis

218 558 420 627 porro
469 537 667 605 nobis
724 535 1130 617 medebitur,
1182 535 1460 622 quando
1507 535 1623 607 ille
1694 559 1819 606 nos
1887 535 2140 606 deserit
2200 536 2318 625 qui
2389 536 2745 608 doloribus

219 625 469 695 nostris
530 624 896 715 praecipue
968 626 1150 695 novit
1214 624 1433 695 facere
1509 625 1977 695 medicinam?
2023 631 2208 708 Quae
2256 625 2466 707 nobis,
2503 625 2745 698 salutis

218 736 376 805 spes
422 715 687 801 reliqua
718 727 840 795 est,
887 713 1053 784 tanti
1135 715 1301 784 atris
1349 715 1733 815 praesentia
1782 714 2186 786 carituris?»

267 805 340 890 ’ξ
382 808 524 876 15.
580 809 827 873 Eorum
876 824 1032 874 vero
1105 825 1406 893 acrymis
1451 815 1515 873 et
1560 803 2012 891 querimoniis
2059 816 2411 895 permotus
2458 803 2559 873 vir
2595 803 2735 884 Dei,

216 891 325 961 his
370 890 506 960 sere
553 891 779 963 verbis
823 914 938 963 eos
976 891 1483 965 consolabatur:
1513 893 1792 973 «Nolite,
1824 915 2100 981 quaeso,
2140 892 2336 964 filioli
2363 892 2580 963 animi
2611 893 2743 963 mei

218 980 643 1070 propositum
690 982 932 1051 vestris
993 982 1311 1053 lamentis
1382 982 1749 1053 retardare.
1813 982 2091 1054 Habetis
2139 988 2350 1054 Deum
2402 994 2740 1073 pastorem

214 1081 279 1139 et
327 1082 592 1159 patrem
642 1069 822 1139 intra
869 1093 1007 1151 vos,
1066 1071 1185 1158 qui
1234 1071 1729 1163 benignissime
1775 1071 2241 1143 consolabitur
2269 1093 2387 1143 vos
2435 1071 2504 1141 in
2538 1071 2743 1141 rebus

212 1157 409 1228 duris
454 1171 519 1229 et
564 1158 889 1230 adversis.
944 1165 1033 1229 Ne
1078 1159 1247 1248 quid
1295 1175 1523 1231 autem
1571 1161 1776 1231 etiam
1824 1161 2245 1231 extrinsecus
2292 1159 2734 1241 desideretiS,

264 1248 641 1318 rovidimus
686 1249 875 1318 vobis
923 1247 1147 1320 tilium
1195 1262 1504 1322 nostrum
1555 1250 2058 1330 Theodardum,
2104 1250 2176 1323 in
2224 1249 2548 1319 omnibus
2583 1271 2741 1341 pro-

265 1349 452 1408 atum
502 1337 622 1424 qui
653 1336 1179 1428 diligentissime
1218 1339 1423 1410 saluti
1459 1351 1715 1410 vestrae
1763 1338 2148 1429 invigilabit
2183 1352 2247 1407 et
2300 1337 2505 1409 tritici
2556 1359 2744 1409 men-

214 1448 444 1496 suram
487 1424 676 1496 vobis
716 1430 989 1497 summa
1033 1426 1165 1497 [ide
1210 1428 1657 1520 dispensabit.
1697 1430 1902 1520 Cujus
1952 1425 2384 1520 prudentiam
2436 1449 2595 1497 cum
2632 1450 2740 1497 vo-

209 1515 321 1587 bis
369 1538 502 1585 non
553 1515 856 1585 dubitem
907 1516 1255 1600 sufficere,
1308 1517 1513 1608 cupio
1578 1530 1845 1609 optatae
1896 1540 2003 1587 me
2049 1515 2211 1586 dare
2267 1514 2623 1586 solitudini
2678 1527 2744 1584 et

214 1604 283 1672 in
327 1604 711 1695 praesentia
758 1603 947 1677 illius
997 1607 1371 1678 ma'estatis
1417 1607 1652 1679 omnia
1686 1606 2215 1698 contemplantis
2262 1604 2568 1675 habitare
2600 1627 2742 1674 me-

215 1715 449 1762 cum.»
484 1694 575 1764 Ad
618 1694 784 1763 haec
832 1715 1077 1785 respon
1132 1708 1335 1766 erunt
1378 1696 1499 1783 qui
1547 1696 1725 1766 inter
1795 1718 1910 1766 eos
1955 1708 2148 1765 crant
2215 1694 2736 1785 prudentiores:

213 1782 420 1852 «Vide
465 1783 666 1852 etiam
718 1795 921 1883 atque
967 1785 1172 1855 etiam
1200 1839 1220 1865 ,
1268 1797 1457 1875 pater
1503 1784 1918 1865 beatissime,
1956 1784 2122 1872 quid
2180 1805 2385 1875 agas:
2439 1783 2735 1864 attende,

212 1894 348 1960 qua
398 1894 521 1943 nos
571 1872 953 1963 ignominia
1000 1872 1283 1944 afficias.
1339 1879 1621 1965 Gregem
1672 1896 1876 1961 quem
1927 1872 2135 1945 semel
2169 1872 2590 1963 pascendum
2624 1895 2742 1942 su-

212 1983 546 2051 sceperaS,
599 1973 676 2032 ut
744 1962 995 2032 babent
1046 1976 1435 2033 sanctorum
1507 1969 1782 2033 Patrum
1832 1975 2105 2044 statuta,
2161 1961 2293 2032 nisi
2343 1960 2743 2031 infirmitate

213 2061 495 2140 cogente
551 2063 616 2121 et
662 2049 794 2120 nisi
872 2063 1110 2141 sponte
1181 2063 1295 2122 tua
1342 2051 1409 2120 id
1461 2051 1673 2123 facias
1748 2051 2133 2140 relinquere
2192 2051 2313 2120 tibi
2369 2072 2505 2120 non
2555 2049 2734 2119 licet.
2796 2122 2804 2137 ,

214 2145 379 2209 Nam
428 2140 598 2209 dum
655 2139 1034 2231 Episcopus
1080 2140 1263 2221 vivit,
1308 2162 1513 2228 quem
1572 2141 1658 2210 ab
1706 2140 1929 2212 officio
1977 2163 2101 2211 suo
2150 2138 2562 2210 valetudinis
2607 2138 2741 2207 im-

213 2228 569 2310 becillitaS,
614 2251 751 2299 non
804 2229 1089 2311 crimen,
1144 2231 1433 2310 revocat,
1509 2229 1723 2299 alium
1800 2228 1900 2299 illi
1952 2228 2343 2320 subrogari,
2398 2227 2534 2299 nisi
2594 2227 2742 2319 ipse

214 2318 408 2408 prius
454 2332 720 2389 recuset
763 2330 827 2388 et
878 2318 1268 2409 petitionem
1303 2319 1557 2409 scripto
1608 2318 1867 2410 probet,
1922 2319 2113 2390 nulla
2160 2318 2331 2389 ratio
2382 2316 2733 2410 permittit.

212 2411 351 2477 Hac
400 2406 609 2498 igitur
657 2408 914 2480 ratione
963 2408 1135 2491 vide,
1165 2418 1352 2499 pater
1401 2408 1856 2489 sanctissime,
1908 2420 2244 2496 quantum
2278 2418 2599 2498 gravetur
2619 2406 2739 2498 ju-

213 2495 475 2567 dicium
527 2509 749 2581 tuum,
799 2498 1051 2586 quidve
1097 2510 1328 2568 nostra
1389 2496 1571 2568 sama
1643 2497 1936 2589 accipiat
1990 2496 2403 2569 detrimenti.
2470 2496 2738 2567 Crimen

215 2586 338 2655 tibi
386 2585 656 2658 nullum
737 2587 1136 2669 intenditur,
1217 2588 1305 2657 ob
1351 2587 1559 2674 quod,
1613 2587 1674 2658 si
1733 2588 2086 2659 convictus
2146 2586 2277 2669 εἰς,
2345 2585 2735 2678 deponaris.

213 2676 487 2746 Morbus
535 2688 598 2747 te
645 2699 780 2748 non
815 2677 1083 2769 premit,
1120 2677 1322 2767 cujus
1349 2680 1560 2747 causa
1595 2689 1922 2764 tanquam
1963 2675 2329 2768 repudium
2380 2674 2733 2757 exhibenS,

206 2788 246 2834 a
295 2777 411 2836 tuo
436 2766 843 2838 ‘ministerio
891 2765 1361 2858 suspendaris,
1418 2771 1653 2854 Itaque
1690 2766 2081 2856 petitionem
2116 2778 2303 2836 tuam
2352 2786 2490 2852 qua
2537 2763 2741 2855 cupis

214 2854 335 2924 tibi
384 2854 807 2927 functionem
841 2855 1020 2926 hanc
1048 2855 1389 2947 abrogari,
1426 2854 1582 2927 licet
1621 2855 1874 2945 scripto
1920 2855 2310 2936 confirmes,
2343 2853 2733 2945 rejicimus:

207 2943 423 3015 aliurn
471 2945 593 3031 qui
642 2957 794 3015 tuas
827 2957 1016 3045 gerat
1062 2945 1265 3026 vices,
1323 2967 1605 3034 prorsus
1637 2966 1770 3013 non
1822 2944 2277 3015 admittimus:
2319 2955 2578 3014 tantum
2619 2942 2738 3012 ab·

208 3045 356 3114 est,
408 3047 486 3102 ut
530 3033 746 3103 alium
811 3034 933 3103 nbi
1008 3033 1255 3103 viventi
1321 3033 1687 3104 succedere
1759 3034 2123 3125 patiamur.
2178 3039 2370 3103 Pater
2417 3045 2490 3103 tu
2539 3031 2738 3101 nobis

213 3121 416 3192 datus
464 3135 566 3191 est
612 3121 916 3213 legitima
965 3122 1422 3194 successione:
1477 3145 1600 3193 nos
1649 3144 1782 3193 non
1817 3122 2211 3204 adulterini,
2267 3122 2383 3194 sed
2453 3120 2740 3213 legitimi

212 3194 340 3279 ss11⁴1
371 3222 437 3279 et
482 3209 623 3281 dici
668 3223 734 3281 et
778 3233 926 3296 esse
976 3211 1443 3304 percupimus.
2760 3274 2764 3279 .

297 3301 334 3386 ξ
379 3304 531 3371 18.
572 3323 597 3363 ‹
622 3299 977 3371 Advertisti
1000 3300 1173 3391 jam,
1202 3299 1325 3371 ubi
1353 3312 1836 3391 praegravetur
1858 3299 2202 3388 judicium
2231 3311 2453 3371 tuum:
2481 3297 2736 3391 accipe,

210 3408 660 3474 quaesumus,
713 3389 899 3458 unde
959 3388 1444 3460 existimationi
1492 3400 1761 3458 nostrae
1822 3388 2242 3480 ignominiae
2302 3400 2460 3460 nota
2506 3389 2742 3459 inura-

213 3490 346 3547 tur.
402 3481 481 3547 Ut
531 3499 655 3547 nos
713 3490 888 3548 recte
935 3489 1136 3565 atque
1195 3476 1434 3548 ordine
1480 3477 2059 3560 deseras,·nullae
2099 3477 2221 3548 tibi
2267 3499 2516 3548 causae
2575 3499 2741 3568 sup-

214 3577 495 3657 petunt:
550 3566 880 3648 Primum,
925 3567 1104 3655 quod
1158 3565 1444 3636 minime
1493 3587 1738 3637 sumus
1806 3564 2218 3647 adulterini,
2269 3578 2347 3637 ut
2407 3566 2566 3656 jure
2614 3589 2738 3637 nos

210 3654 584 3743 relinquas,
638 3660 712 3726 In
765 3655 1144 3727 Catholicae
1193 3655 1430 3725 matris
1468 3655 1730 3746 gremio
1759 3677 1800 3724 a
1840 3667 1902 3725 te
1935 3676 2179 3726 sumus
2216 3653 2511 3746 excepti:
2566 3677 2743 3724 nun-

207 3767 415 3832 quam
476 3744 795 3817 credulas
853 3767 1056 3816 aures
1118 3765 1431 3835 perverso
1494 3743 1800 3835 dogmati
1848 3742 2320 3814 adhibuimus.
2374 3748 2452 3814 Et
2496 3744 2555 3814 si
2603 3744 2742 3814 sor-

214 3834 417 3904 tassis
465 3833 667 3904 etiam
703 3834 882 3904 eain
936 3846 1123 3924 parte
1172 3855 1671 3926 peccassemus,
1715 3844 1791 3903 tu
1839 3833 2037 3904 nobis
2072 3831 2327 3903 mederi
2378 3832 2737 3904 debueras

208 3923 464 3993 Deinde
509 3935 585 3994 ut
632 3922 766 3994 alio
799 3935 861 3993 te
904 3923 1241 4004 conseras,
1289 3921 1481 3993 nulla
1531 3934 1592 3994 te
1656 3935 1886 3994 nostra
1936 3921 2315 4015 persecutio
2362 3922 2737 4014 compellit.

212 4012 408 4096 Quod
445 4011 504 4083 si
555 4034 709 4083 vero
770 4013 1101 4083 Dominus
1148 4011 1478 4104 permittit
1521 4010 1798 4103 fugere,
1852 4012 2018 4082 dum
2070 4011 2279 4082 saevit
2372 4025 2739 4096 ersecutor,

210 4114 389 4172 certe
442 4101 906 4183 infirmorum,
964 4123 1086 4171 nec
1136 4101 1299 4172 satis
1394 4099 1801 4174 erfectorum
1850 4113 1952 4172 est
1995 4123 2075 4171 ea
2120 4122 2327 4172 conso
2357 4101 2516 4173 atio.
2552 4102 2744 4172 Multi

212 4191 434 4261 sancti
470 4191 800 4281 patienter
830 4191 1208 4262 tolerarunt
1240 4213 1350 4260 ma
1381 4213 1581 4263 orum
1614 4190 2119 4283 improbitatem
2166 4203 2230 4261 et
2258 4214 2385 4261 sua
2419 4190 2745 4282 patientia

213 4279 371 4350 illos
401 4294 757 4353 curarunt.
797 4286 1145 4353 Postremo
1180 4294 1323 4351 tum
1374 4280 1708 4374 fugiendi,
1763 4303 1897 4352 non
1941 4302 2159 4368 aequo
2204 4280 2436 4352 animo
2482 4279 2745 4351 serendi

210 4381 379 4439 sunt
429 4369 614 4452 mali,
667 4392 826 4441 cum
879 4370 1052 4442 nulli
1088 4370 1343 4454 adsunt
1395 4371 1583 4452 boni,
1635 4370 1892 4458 quibus
1940 4369 2261 4460 prodesse
2305 4392 2540 4458 queas,
2612 4368 2742 4438 Sed

214 4457 353 4528 heu
391 4458 676 4532 miseros
734 4483 879 4543 ηοε,
932 4461 1055 4549 qui
1100 4461 1269 4532 dum
1322 4474 1435 4532 tua
1498 4460 1802 4532 hominis
1849 4459 2325 4551 perfectissimi
2359 4457 2742 4549 praesentia
