3327 4999
653 308 785 377 230
1468 327 1546 374 nr:
1588 327 1651 375 S.
1705 325 2020 375 enxaomo
2070 327 2230 375 rArA
2726 307 2975 373 ΜΑΒἸ.
3033 309 3115 375 12

570 408 889 500 legimus.
947 406 1141 490 Quod
1195 418 1645 477 terraemotus
1702 407 1913 478 urbes
1962 406 2368 479 innumeras
2417 405 2756 485 subruat,
2817 427 2897 475 ex
2957 405 3117 477 aliis

567 497 815 567 mundi
855 496 1189 588 partibuS,
1232 495 1447 576 scitiS,
1500 517 1711 584 quam
1763 494 2155 583 frequenter
2209 494 2627 564 audivimus.
2682 494 3116 567 Pestilentias

566 586 717 656 sine
745 584 1123 657 cessatione
1169 585 1494 675 patimur.
1531 584 1742 675 Signa
1767 606 1924 655 vero
1954 586 2022 653 in
2053 584 2193 654 sole
2221 595 2287 653 et
2315 583 2482 653 luna
2526 595 2594 652 et
2640 582 2856 653 stellis
2882 584 3118 655 adbuc

567 687 800 766 aperte
848 674 1135 744 minime
1185 672 1511 744 vidimus.
1576 673 1704 743 Sed
1752 674 1918 761 quia
1965 673 2135 744 haec
2181 694 2317 743 non
2369 671 2572 762 longe
2619 673 2781 753 sint,
2832 693 2915 742 ex
2961 672 3119 763 ipsa

556 763 705 855 jam
754 762 933 834 aeris
980 761 1459 832 immutatione
1505 762 1925 852 colligimus.
1994 761 2326 844 Quamvis
2376 762 2593 851 prius,
2645 782 2857 848 quam
2908 761 3112 833 Italia

568 851 812 952 gentili
856 851 1088 943 gladio
1135 850 1440 920 ferienda
1489 851 1893 933 traderetur,
1949 850 2186 942 igneas
2232 850 2303 919 in
2338 849 2528 920 coelo
2565 850 2748 920 acies
2780 849 3110 932 vidimuS,

565 962 798 1031 ipsum
831 995 847 1021 ,
899 939 1021 1027 qui
1115 952 1302 1010 ostea
1349 938 1639 1010 humani
1687 940 1959 1029 generis
2005 939 2202 1009 fusus
2248 949 2398 1020 est,
2453 938 2861 1030 sanguinem
2912 961 3119 1010 coru-

569 1041 863 1099 scantes.
917 1033 1052 1099 Con
1087 1029 1235 1099 usio
1280 1041 1512 1098 autem
1561 1030 1774 1099 maris
1820 1041 1887 1099 et
1932 1029 2273 1099 fluctuum
2327 1028 2624 1097 necdum
2673 1049 2847 1097 nova
2877 1040 3110 1098 exorta

565 1130 693 1189 est.
747 1116 875 1188 Sed
926 1140 1087 1187 eum
1136 1117 1356 1186 multa
1376 1118 1521 1208 jam
1557 1119 2050 1208 praenunciata
2079 1115 2419 1207 completa
2447 1116 2607 1195 sint,
2642 1116 2934 1188 dubium
2969 1139 3109 1187 non

565 1216 692 1289 est,
745 1207 914 1294 quin
966 1218 1344 1293 sequantur
1388 1206 1591 1276 etiam
1646 1229 1887 1297 pauca,
1925 1228 2103 1294 quae
2141 1217 2428 1275 restant:
2467 1205 2641 1288 Quia
2675 1206 3114 1292 sequentium

558 1316 801 1365 rerum
847 1294 1209 1376 certitudo,
1263 1306 1365 1364 est
1412 1295 1933 1385 praeteritarum
1983 1295 2336 1366 exhibitio,
2372 1300 2455 1364 Et
2481 1297 2690 1385 paulo
2719 1305 2909 1384 post:
2943 1299 3114 1365 Ecce

566 1382 810 1454 fratres
858 1383 994 1453 mei
1047 1383 1179 1453 ‘am
1226 1383 1600 1465 cernimuS,
1652 1384 1835 1471 quod
1887 1384 2366 1453 audiebamus.
2432 1384 2633 1453 Novis
2686 1382 2990 1469 quotidie
3045 1394 3114 1452 et

567 1472 1024 1542 crebrescenti
1080 1494 1161 1542 us
1208 1472 1411 1543 malis
1460 1471 1769 1542 mundus
1817 1486 2122 1562 urgetur.
2193 1478 2283 1541 Ex
2332 1471 2451 1541 illa
2498 1470 2694 1562 plebe
2742 1472 3110 1542 innumera

563 1560 807 1649 quanti
857 1560 1346 1642 remanseritis,
1400 1561 1751 1651 aspicitis:
1804 1573 1871 1631 et
1919 1575 2143 1631 tamen
2189 1560 2492 1648 quotidie
2523 1560 2794 1651 flagella
2834 1570 3105 1650 urgent,
3187 1617 3192 1622 .

562 1649 910 1740 repentini
956 1671 1158 1719 casus
1203 1650 1630 1739 opprimunt,
1686 1672 1898 1720 novae
1928 1671 2054 1720 nos
2100 1662 2166 1720 et
2212 1649 2624 1739 improvisae
2670 1649 2902 1718 clades
2927 1648 3107 1717 asssi-

567 1749 764 1829 gunt.
820 1738 1009 1807 Sicut
1054 1737 1237 1808 enim
1274 1738 1343 1805 in
1369 1738 1730 1828 juventute
1761 1737 1943 1828 viget
1973 1760 2250 1829 corpus,
2287 1737 2454 1808 forte
2482 1750 2547 1807 et
2579 1738 2926 1808 incolume
2966 1760 3112 1807 ma-

563 1838 680 1896 net
772 1839 964 1897 ectus
997 1881 1013 1908 ‚
1067 1838 1292 1896 torosa
1339 1827 1564 1896 cervix
1597 1882 1613 1909 ,
1666 1827 1873 1918 plena
1921 1840 2083 1897 sunt
2130 1827 2445 1897 brachia:
2510 1828 2580 1896 in
2629 1826 2834 1896 annis
2879 1837 3110 1895 autem

567 1914 715 1985 seni
749 1916 906 1986 ibus
946 1927 1204 1985 statura
1233 1928 1582 1997 curvatur,
1618 1916 1844 1985 cervix
1876 1914 2175 1986 exiccata
2205 1916 2594 2005 deponitur,
2634 1915 3110 2001 frequentibus

566 2003 888 2094 suspiriis
936 2016 1176 2094 pectus
1223 2026 1310 2073 ur
1359 2017 1533 2086 etur,
1588 2005 1805 2074 virtus
1848 2004 2101 2085 deficit,
2138 2004 2480 2091 loquentis
2519 2005 2725 2074 verba
2763 2002 3111 2073 anhelitus

566 2092 938 2162 intercidit.
991 2097 1157 2162 Nam
1210 2092 1267 2163 si
1342 2115 1607 2185 anguor
1653 2094 1853 2174 desit,
1908 2094 2317 2184 plerumque
2364 2094 2648 2163 senibus
2696 2093 2846 2183 ipsa
2887 2092 3102 2170 salus,

565 2180 925 2272 aegritudo
971 2193 1094 2251 est.
1150 2186 1251 2250 Ita
1297 2183 1607 2252 mundus
1654 2183 1726 2251 in
1776 2183 1980 2251 annis
2027 2182 2376 2273 prioribus
2423 2182 2609 2252 velut
2655 2181 3110 2271 injuventute

565 2270 783 2361 viguit
830 2269 917 2340 ad
968 2271 1485 2362 propagandam
1538 2271 1827 2348 humani
1860 2271 2131 2361 generis
2162 2271 2422 2361 prolem
2454 2271 2780 2342 robustus
2811 2270 2962 2351 fuit,
3001 2291 3110 2338 sa·-

565 2359 710 2429 lute
756 2380 1125 2449 corporum
1174 2360 1438 2441 viridis,
1491 2359 1844 2450 opulentia
1876 2382 2103 2428 rerum
2141 2360 2442 2451 pinguis
2480 2365 2554 2429 At
2585 2382 2771 2428 nunc
2804 2359 2954 2449 ipsa
2985 2379 3112 2427 sua

566 2459 915 2518 senectute
961 2447 1396 2539 deprimitur,
1449 2461 1514 2518 et
1559 2449 1756 2536 quasi
1805 2448 1892 2518 ad
1944 2449 2236 2518 vicinam
2280 2463 2565 2520 mortem
2600 2448 2931 2518 molestiis
2961 2468 3107 2516 cre—

564 2537 1042 2608 brescentibus
1072 2551 1377 2627 urgetur.
1416 2542 1492 2606 Et
1521 2537 1808 2606 iterum:
1860 2542 2112 2608 Euntes
2141 2537 2507 2629 predicate,
2546 2538 2889 2607 dicentes:
2935 2536 3110 2618 Quia

565 2626 1154 2717 appropinquabit
1201 2648 1489 2717 regnum
1540 2626 1914 2696 coelorum.
1979 2631 2119 2695 Hoc
2156 2627 2304 2717 jam
2355 2627 2594 2696 fratres
2642 2624 3097 2704 dilectissimi,

561 2715 767 2785 etiam
818 2715 877 2784 si
925 2714 1372 2804 Evangelium
1425 2726 1660 2795 taceat,
1716 2714 2024 2784 mundus
2070 2715 2345 2785 clamat.
2399 2715 2663 2785 Ruiuae
2693 2737 2994 2802 namque
3022 2713 3108 2782 il-

566 2803 726 2885 lius,
779 2824 978 2873 voces
1009 2803 1159 2892 ejus
1188 2815 1374 2872 sunt.
1408 2803 1544 2885 Qui
1572 2803 1756 2872 enim
1793 2815 1886 2873 tot
1915 2803 2187 2876 attritus
2219 2805 2784 2894 percussionibus
2814 2826 2852 2872 a
2885 2803 3107 2894 gloria

561 2914 689 2963 sua
735 2891 1004 2970 cecidit,
1059 2892 1259 2977 quasi
1301 2891 1446 2978 jam
1498 2892 1699 2962 nobis
1746 2914 1782 2960 e
1831 2893 2142 2982 proximo
2191 2915 2480 2983 regnum
2530 2893 2746 2974 aliud,
2783 2892 2968 2979 quod
3001 2913 3104 2961 se—

559 2992 835 3067 quatur,
888 2978 1207 3049 ostendit.
1262 2984 1460 3070 Ipsae
1506 2980 1692 3049 enim
1723 2981 1875 3069 ejus
1906 2981 2149 3050 ruinae
2180 2982 2602 3071 praedicant,
2640 2981 2821 3069 quod
2859 3002 3102 3050 aman-

561 3068 696 3136 dus
744 3089 879 3137 non
928 3080 1052 3137 est.
1134 3068 1203 3137 Si
1248 3068 1433 3137 enim
1485 3069 1763 3139 ruinam
1814 3070 1922 3141 sui
1969 3069 2217 3139 domus
2277 3083 2602 3157 quassata
2666 3071 3093 3149 minaretur,

557 3157 877 3244 quisquis
925 3156 994 3224 in
1045 3155 1167 3226 illa
1214 3157 1573 3239 habitaret,
1630 3157 1930 3248 sugeret:
1983 3171 2047 3227 et
2092 3159 2213 3245 qui
2261 3170 2550 3228 stantem
2601 3158 2952 3237 dilexerat,
2993 3178 3103 3226 re-

558 3246 799 3315 cedere
846 3257 1278 3335 quantocyus
1326 3269 1366 3315 a
1412 3248 1697 3316 cadente
1743 3245 2113 3317 festinaret.
2170 3247 2237 3316 Si
2288 3247 2305 3315 i
2365 3247 2499 3317 itur
2547 3247 2855 3318 mundus
2889 3245 3098 3328 cadit,

556 3344 625 3404 et
671 3356 798 3404 nos
829 3355 991 3404 eum
1022 3335 1321 3403 amando
1351 3335 1868 3426 amplectimur:
1918 3335 2219 3427 opprimi
2253 3359 2329 3405 vo
2363 3358 2572 3407 umus
2606 3337 2855 3426 potiuS,
2890 3357 3105 3422 quam

558 3423 892 3493 hahitare.
947 3422 1120 3506 Quia
1169 3423 1361 3493 nulla
1412 3446 1536 3494 nos
1582 3425 1755 3494 ratio
1785 3447 1826 3493 a
1857 3425 2057 3494 ruina
2088 3424 2278 3493 illius
2309 3427 2601 3514 separat,
2642 3447 2816 3513 quos
2850 3424 2920 3492 in
2952 3423 3107 3510 ejus

558 3511 1004 3602 passionibus
1052 3534 1246 3582 amor
1294 3512 1481 3613 ligat.
1517 3513 1740 3583 Facile
1786 3525 1889 3583 est
1932 3536 2008 3583 er
2055 3535 2095 3582 o
2143 3513 2498 3601 nunciam
2549 3537 2710 3583 cum
2750 3513 3104 3582 destructa

556 3600 795 3669 omnia
841 3601 1216 3681 cernimuS,
1272 3623 1583 3671 animum
1636 3614 1947 3672 nostrum
1980 3626 2019 3672 a
2095 3601 2248 3692 ejus
2275 3585 2641 3673 dilectione
2671 3602 3096 3692 disjungere.

557 3689 688 3758 Sed
737 3690 866 3759 hoc
916 3689 1033 3759 illo
1065 3689 1132 3758 in
1170 3702 1471 3781 tempore
1500 3690 1989 3760 difficillimum
2023 3691 2174 3772 suit,
2213 3713 2350 3779 quo
2381 3704 2546 3762 tune
2577 3690 2868 3781 apostoli
2901 3711 3098 3780 prae-

533 3777 793 3847 dicare
839 3779 1128 3849 coeleste
1174 3801 1246 3848 re
1300 3801 1464 3848 num
1515 3780 1861 3849 invisibile
1900 3780 2370 3861 mittebantur,
2408 3802 2569 3850 cum
2602 3779 2803 3870 longe
2835 3778 3107 3866 lateque

558 3868 794 3935 omnia
842 3880 1208 3937 cernerent·
1298 3889 1487 3938 orere
1534 3890 1749 3969 regna
1796 3880 2157 3939 terrarum.
2219 3895 2245 3933 1»

630 3958 682 4042 ,ξ
728 3960 890 4027 49.
943 3961 1091 4040 Qua
1137 3968 1365 4027 autem
1415 3957 1500 4025 de
1529 3957 1731 4027 istius
1762 3956 1962 4027 Urbis
1992 3957 2361 4049 Gregorius
2391 3956 2952 4027 incommoditate
2983 3955 3105 4024 de-

556 4043 933 4134 scripserit,
988 4045 1332 4127 indicab0‚
1386 4050 1728 4133 quatenus
1778 4046 1872 4128 hi,
1924 4046 2045 4134 qui
2096 4068 2282 4116 nunc
2329 4047 2400 4116 in
2452 4046 2675 4116 ruinis
2722 4047 2874 4137 ejus
2904 4042 3107 4114 habi-

556 4144 778 4202 tantes
811 4187 826 4212 ,
894 4154 1045 4202 eam
1105 4134 1591 4213 ordinatiorem
1620 4190 1635 4217 ‚
1706 4157 1786 4204 ac
1848 4156 1971 4226 per
2016 4135 2144 4205 hoc
2192 4135 2631 4205 valentiorem
2691 4133 2905 4205 fuisse
2965 4154 3102 4202 non

554 4232 940 4301 autumant,
967 4223 1519 4293 contremiscant.
1542 4224 1646 4294 Ait
1674 4224 1862 4294 enim
1893 4223 1964 4304 in
1995 4224 2441 4315 expositionis
2469 4223 2841 4294 Ezechielis
2870 4221 3106 4292 Homi-

555 4310 651 4381 lia
701 4315 806 4394 ⁴8,
861 4311 997 4382 sic:
1053 4333 1090 4378 «
1141 4311 1319 4395 Quid
1368 4325 1469 4383 est
1506 4312 1681 4403 jam,
1737 4335 1925 4404 rogo,
1979 4312 2165 4402 quod
2216 4314 2285 4382 in
2333 4313 2463 4384 hoc
2520 4311 2785 4384 mundo
2845 4312 3105 4382 libeat?
