3327 4999
717 290 847 377 758
1407 330 1483 376 nr.
1532 329 1622 377 ss.
1677 327 1849 376 ΜΕΝΑ
1895 327 1970 375 ur
2017 327 2215 376 socns
2264 327 2376 376 int.
2705 310 2812 377 Ex
2859 309 3042 378 ΗΕΒ.
3105 313 3195 379 to

631 420 834 509 «Ego,
888 437 930 485 o
972 420 1372 508 Imperator,
1435 414 1682 502 inquit,
1725 437 1880 484 sum
1933 413 2384 495 Christianus,
2437 425 2500 484 et
2532 425 2647 484 tua
2672 416 2872 505 jussa
2927 438 3196 508 respuo

630 517 696 575 et
751 527 1047 587 execror,
1102 518 1167 575 et
1223 525 1355 574 non
1417 505 1661 593 abjuro
1713 503 2140 594 religionem,
2194 515 2259 572 et
2315 504 2463 604 jam
2515 504 2637 574 tibi
2688 526 2845 574 sum
2901 519 3197 596 propter

636 594 977 665 Christum
1055 593 1467 695 propositus,
1521 593 1716 662 nulla
1778 614 2086 662 mearum
2146 614 2460 662 carnium
2513 605 2739 663 motus
2788 594 3194 665 misericor-

637 682 775 753 dia.
831 689 920 753 Ne.
966 684 1311 753 existimes
1387 695 1614 752 autem
1691 682 1834 751 fore
1868 738 1883 763 ‚
1937 694 2013 750 ut
2075 682 2283 752 minis
2341 681 2443 750 vel
2523 682 2877 754 blanditiis
2929 706 3042 753 me
3091 684 3196 754 sis

638 772 920 842 omnino
981 784 1435 862 superaturus
1480 828 1494 854 ,
1572 770 1693 840 sed
1753 793 1971 858 neque
2041 769 2263 840 ullum
2344 770 2914 843 Christianorum.
2969 775 3192 842 Nobis

640 861 824 930 enim
878 882 1062 931 mors
1109 861 1390 947 quidem
1449 872 1551 930 est
1604 861 1738 930 vita
1767 883 1942 948 quae
1989 882 2148 930 oum
2198 860 2392 929 vobis
2433 860 2659 952 agitur
2705 861 2964 952 impiis.
3022 868 3197 933 Vere

642 964 870 1021 autem
905 951 1037 1020 vita
1085 963 1185 1020 est
1236 970 1419 1019 mors
1466 972 1640 1037 quae
1678 972 1797 1042 pro
1847 948 2108 1020 Christo
2145 949 2544 1039 suscipitur.
2587 955 2662 1020 Et
2709 951 2848 1020 scio
2894 952 3187 1039 quidem

641 1040 821 1128 quod
884 1052 1235 1127 tamquam
1288 1039 1390 1109 leo
1440 1040 1720 1130 rugiens
1771 1041 1839 1108 in
1908 1039 2083 1109 hanc
2134 1038 2504 1108 ascendisti
2554 1039 2920 1122 civitatem,
2973 1062 3194 1128 quae-

644 1151 800 1198 rens
831 1128 931 1197 ira
979 1128 1320 1218 corripere
1368 1141 1431 1198 et
1465 1130 1658 1199 cultu
1709 1129 2236 1198 simulacrorum
2291 1128 2539 1198 Christi
2587 1144 2863 1220 gregem
2919 1130 3190 1200 discer-

649 1239 828 1309 pere:
882 1230 946 1288 et
977 1218 1158 1304 quod
1200 1217 1400 1287 hodie
1447 1239 1722 1306 quoque
1768 1218 1856 1287 ad
1892 1240 2016 1288 nos
2068 1217 2448 1307 prosiluisti
2479 1241 2636 1287 eum
2669 1218 2910 1288 eadem
2961 1242 3082 1310 spe
3121 1234 3192 1290 et

644 1306 878 1377 armis
921 1308 1045 1377 Sed
1084 1322 1143 1378 te
1172 1307 1667 1386 aversabimur,
1698 1319 1762 1375 et
1791 1306 2082 1377 audacia
2110 1328 2241 1393 qua
2296 1307 2724 1408 impellimur
2754 1308 2839 1377 ad
2893 1323 3190 1379 mortem

647 1396 960 1466 lubenter
1026 1396 1538 1488 suscipiendam
1589 1412 1653 1465 et
1684 1397 1930 1487 pietate
1991 1395 2410 1466 immutabili
2478 1409 2804 1484 tanquam
2870 1397 3189 1470 dolosam

645 1484 945 1572 aliquam
988 1486 1257 1577 vulpem
1306 1507 1482 1573 quae
1516 1485 1694 1556 ludit
1724 1487 2020 1556 maxime
2047 1485 2410 1555 ridicule.»

732 1577 769 1664 ξ
842 1579 999 1648 235.
1052 1581 1231 1645 Haec
1263 1597 1422 1645 cum
1471 1576 1803 1645 audiisset
1853 1581 2252 1666 Imperator,
2280 1587 2345 1645 et
2400 1586 2576 1645 esset
2632 1576 2695 1644 ei
2743 1597 2862 1646 cor
2918 1577 3021 1647 ira
3067 1599 3193 1648 ac-

644 1686 953 1740 censum,
1014 1678 1077 1733 et
1107 1666 1253 1755 jam
1294 1677 1474 1734 esset
1518 1667 1782 1734 emotae
1830 1666 2080 1735 mentis
2128 1686 2206 1733 ex
2260 1677 2538 1755 stupore
2588 1665 2933 1747 miraculi,
2974 1666 3192 1737 veluti

648 1752 903 1823 oblitus
949 1776 1022 1824 se
1069 1775 1216 1823 esse
1258 1758 1771 1844 Imperatorem,
1809 1777 1847 1822 e
1894 1753 2052 1823 sede
2081 1753 2430 1834 desiliens,
2483 1777 2643 1824 cum
2679 1754 2922 1826 insana
2969 1777 3194 1826 manu

648 1842 1011 1932 cujusdam
1064 1864 1297 1913 eorum
1350 1843 1466 1930 qui
1520 1864 1732 1934 prope
1790 1855 2023 1925 erant,
2091 1843 2473 1914 strinxisset
2531 1865 2790 1926 ensem,
2858 1844 3074 1915 multa
3125 1861 3194 1915 et

647 1945 830 2001 certa
880 1931 1163 2002 vulnera
1210 1932 1402 2002 ass'ert
1449 1932 1840 2023 Eugrapho:
1893 1945 1956 2002 et
1991 1933 2088 2003 sic
2120 1954 2245 2032 per
2304 1954 2375 2002 se
2424 1932 2755 2003 interimit
2807 1955 3021 2023 prope
3070 1936 3193 2003 tri-

648 2019 862 2091 bunal
915 2021 1136 2091 virum
1188 2020 1426 2091 fortem
1480 2032 1546 2091 et
1579 2036 1989 2111 martyrem:
2030 2043 2331 2113 primum
2368 2021 2648 2108 quidem
2691 2032 2979 2093 stantem
3014 2024 3194 2093 citra

648 2109 872 2180 ullum
910 2110 1221 2180 timorem
1262 2123 1327 2179 et
1357 2110 1681 2180 ferentem
1732 2110 1993 2201 plagas,
2032 2123 2096 2180 et
2129 2109 2231 2179 vel
2269 2111 2338 2178 in
2393 2112 2562 2201 ipsis
2592 2126 2992 2202 arguentem
3047 2118 3194 2183 Im·-

650 2212 1079 2290 peratorem:
1136 2212 1366 2290 postea
1432 2212 1661 2269 autem
1712 2201 1780 2268 in
1849 2213 2025 2269 terra
2081 2201 2422 2291 jacentem
2478 2200 2677 2270 firmo
2733 2213 2799 2270 et
2846 2204 3194 2272 constanti

649 2288 881 2358 animo
909 2302 973 2358 et
1024 2293 1152 2359 Deo
1186 2300 1499 2380 agentem
1534 2290 1813 2380 gratias,
1866 2288 2049 2377 quod
2095 2289 2362 2390 primus
2400 2288 2694 2358 aliorum
2747 2289 2830 2359 ad
2866 2313 3029 2361 eum
3083 2291 3194 2360 in-

649 2378 1068 2470 grederetur:
1122 2392 1185 2448 et
1217 2400 1352 2448 non
1382 2401 1523 2449 uno
1558 2379 1723 2461 ictu,
1762 2378 1877 2448 sed
1914 2378 2151 2451 multis
2184 2378 2390 2447 finem
2425 2380 2784 2468 acciperet,
2825 2393 2900 2448 ut
2932 2379 3195 2472 dignus

700 2467 971 2539 luribus
1014 2467 1377 2539 haberetur
1423 2468 1717 2539 coronis.
1774 2468 1902 2552 Qui
1952 2490 2110 2538 cum
2161 2480 2224 2537 et
2272 2466 2396 2538 has
2448 2467 2687 2559 plagas
2743 2469 3082 2561 acciperet
3130 2485 3195 2541 et

646 2492 773 2630 iias
825 2579 1020 2628 voces
1089 2558 1336 2639 ederet,
1394 2559 1746 2650 expiravit.
1809 2558 2277 2628 Temulentam
2351 2571 2579 2627 autem
2639 2558 2868 2628 adhuc
2925 2561 3192 2631 habens

649 2647 954 2717 animam
984 2652 1363 2739 Imperator
1387 2649 1569 2735 quod
1597 2648 1700 2716 ira
1733 2648 1973 2728 victUS‚
2005 2647 2104 2717 sic
2142 2647 2225 2716 ad
2255 2646 2545 2716 militare
2566 2647 3035 2719 descendisset
3061 2650 3193 2718 mi-

652 2737 1039 2818 nisterium,
1099 2760 1259 2808 cum
1313 2760 1555 2808 rursus
1598 2737 1978 2808 revertisset
2009 2736 2091 2806 ad
2150 2735 2404 2816 sedem,
2448 2737 2856 2824 aliquandiu
2906 2760 3192 2807 manens

650 2826 1181 2918 cogitabundus,
1227 2828 1545 2917 cognovit
1590 2849 1661 2896 se
1720 2848 1839 2917 per
1883 2825 2381 2915 impudentiam
2429 2824 2844 2897 dubitationi
2881 2827 3190 2897 attulisse

653 2916 1035 2985 remedium
1076 2927 1140 2985 et
1170 2918 1395 3005 specie
1442 2937 1885 3006 oppugnasse
1941 2915 2313 2984 veritatem.
2359 2918 2524 2983 Cum
2563 2930 2839 3006 repente
2894 2938 3052 3007 ergo
3099 2915 3186 2985 ad

653 3028 725 3075 se
761 3005 1072 3075 rediisset
1119 3017 1183 3075 et
1229 3027 1300 3074 se
1346 3005 1441 3089 ,ad
1507 3017 1781 3074 sanctos
1830 3004 2293 3084 convertisset,
2332 3010 2566 3085 «Juro,
2613 3005 2862 3093 inquit,
2900 3005 3188 3075 deorum

655 3094 1051 3185 potentiam,
1092 3115 1200 3163 me
1234 3094 1449 3164 multa
1496 3093 1774 3182 quidem
1810 3093 1946 3162 alia
1993 3114 2303 3184 sperasse
2336 3092 2564 3162 videre
2607 3093 2983 3185 inopinata:
3024 3094 3195 3164 tales

654 3196 883 3253 autem
934 3205 1042 3253 me
1080 3184 1389 3254 visurum
1450 3205 1596 3254 esse
1655 3205 1926 3273 magoe,
1996 3205 2382 3269 numquam
2447 3204 2601 3252 sum
2645 3185 2996 3273 opinatus.
3060 3185 3185 3253 Sed

654 3272 822 3359 quid
875 3273 1026 3342 novi
1086 3271 1306 3343 facere
1363 3271 1712 3355 videmini,
1781 3284 1923 3342 arte
1974 3273 2243 3363 magica
2300 3284 2363 3341 et
2414 3273 2803 3363 praestigiis
2859 3273 3190 3364 populum

655 3385 694 3432 a
743 3385 814 3433 se
884 3361 1205 3434 facientes
1280 3361 1653 3444 discedere,
1722 3366 1786 3431 e't
1840 3362 2298 3452 simpliciores
2346 3361 2767 3431 abducentes
2814 3385 2854 3431 a
2902 3362 3185 3432 deorum

656 3463 981 3544 potestate
1028 3465 1093 3523 et
1142 3452 1314 3522 mori
1358 3473 1479 3543 pro
1529 3451 1866 3521 Crucifixo
1915 3463 2052 3522 tam
2103 3451 2299 3522 facile
2334 3450 2856 3541 persuadentes?
2895 3457 3031 3541 Ego
3071 3452 3192 3520 ita·

655 3564 788 3630 que
816 3543 938 3630 qui
985 3564 1102 3611 vos
1153 3542 1440 3613 miseros
1487 3564 1640 3612 sum
1677 3541 1932 3632 optime
1961 3555 2300 3632 expertus,
2357 3561 2512 3610 mox
2560 3552 2790 3630 aperte
2838 3540 3186 3611 ostendam

657 3631 757 3701 vel
812 3654 927 3701 vos
955 3653 1103 3701 esse
1134 3646 1421 3723 spectra,
1470 3631 1570 3701 vel
1622 3630 1801 3700 hanc
1850 3631 2242 3701 ementitam
2295 3630 2764 3700 membrorum
2813 3643 3189 3700 vestrorum

658 3720 1233 3802 reformationem,
1289 3743 1436 3791 esse
1469 3720 1780 3791 fraudem
1831 3720 2189 3791 oculorum
2240 3732 2303 3788 et
2351 3732 2621 3809 apertas
2671 3720 3147 3811 praestigias»

746 3811 781 3897 ξ
857 3814 1023 3883 86.
1080 3810 1306 3881 Sancti
1357 3823 1582 3881 autem
1634 3809 2537 3896 dixerunt:«Consequentia
2586 3808 2841 3889 dixisti,
2881 3831 2921 3879 o
2969 3814 3188 3898 Impe-

657 3912 861 3970 rator.
917 3905 1082 3970 Nam
1140 3901 1467 3989 quoniam
1532 3921 1726 3968 mens
1797 3898 2076 3986 quidem
2131 3910 2248 3970 tua
2295 3911 2396 3967 est
2467 3897 2847 3981 infatuata,
2904 3896 3191 3968 caecutit

657 4001 885 4060 autem
935 3989 1210 4073 anima,
1262 4011 1380 4060 cor
1427 4012 1581 4060 vero
1637 4002 1739 4058 est
1785 4000 2245 4059 excaecatum:
2301 3987 2539 4058 merito
2598 3988 2697 4056 rei
2744 4009 3018 4075 quoque
3073 3986 3190 4056 ad·

660 4078 1000 4150 mirabilis
1048 4080 1333 4161 veritaS,
1406 4079 1808 4180 praestigiae
1866 4100 2014 4149 esse
2061 4078 2328 4147 videtur
2392 4090 2458 4147 et
2523 4077 2856 4168 deceptio.
2910 4082 3004 4146 An
3056 4099 3185 4147 non

658 4167 843 4238 enim
895 4192 934 4239 a
986 4182 1123 4239 erte
1169 4182 1469 4240 caecutis
1515 4168 1635 4256 qui
1688 4169 1771 4238 iis
1822 4189 1954 4238 non
1987 4167 2234 4247 credis,
2288 4188 2461 4254 quae
2496 4178 2659 4238 sunt
2709 4166 2807 4236 vel
2858 4165 3012 4237 luce
3059 4166 3192 4236 cla-

664 4257 892 4328 riora?
983 4260 1115 4329 uod
1175 4259 1228 4328 si
1270 4257 1435 4345 quid
1488 4258 1693 4327 etiam
1743 4257 1828 4327 de
1876 4257 1960 4326 iis
2007 4279 2184 4345 quae
2234 4255 2444 4338 vides,
2516 4255 2819 4339 dubitaS,
2873 4256 2946 4326 in
2995 4256 3192 4328 nobis

662 4346 889 4417 adhuc
926 4347 1094 4439 ipsis
1142 4346 1506 4438 diligenter
1551 4345 1825 4433 inquire
1875 4346 2246 4416 veritatem.
2290 4345 2404 4414 Sin
2440 4359 2672 4416 autem
2704 4345 2926 4414 saevis
2957 4346 3185 4419 miniS.

664 4435 764 4507 vel
816 4437 1153 4510 bonorum
1205 4436 1587 4535 promissiS,
1654 4435 1924 4506 etiamsi
1983 4436 2210 4529 ipsum
2272 4434 2526 4505 dixeris
2585 4434 2958 4528 imperium
3008 4434 3188 4523 quod
