3327 4999
664 327 790 391 ³504
1457 343 1534 389 nn
1585 344 1640 389 S.
1696 341 1983 389 musano
2031 338 2232 388 Errsc.
2741 318 2986 384 MART.
3043 319 3138 383 26

574 423 1050 494 annunciavit.
1106 422 1281 505 Quia
1318 422 1503 491 enim
1555 435 1833 492 noverat
1881 422 2243 511 scriptum,
2305 419 2600 489 Verbum
2658 417 2931 487 Domini
2990 440 3128 487 non

573 534 724 584 esse
772 512 1174 603 alligatum:
1232 511 1349 581 sed
1391 511 1797 601 sapientiam
1856 512 1967 580 Dei
1997 511 2332 600 attingere
2377 531 2417 577 a
2465 506 2602 576 fine
2652 528 2873 593 usque
2924 506 3007 575 ad
3047 506 3131 575 fi-

580 624 734 671 nem
800 600 1061 669 fortiter
1114 611 1178 668 et
1226 599 1592 690 disponere
1658 599 1895 669 omnia
1952 599 2291 668 suaviter:
2365 595 2899 686 praedicationis
2958 618 3129 665 suae

573 691 990 760 documenta
1047 688 1229 757 intra
1278 688 1530 757 Frisiae
1564 690 1890 758 terminos
1941 687 2161 756 noluit
2189 686 2531 766 cohibere,
2571 684 2688 754 sed
2739 683 2923 753 ultra
2956 705 3132 771 quo-

572 800 709 866 que
740 777 1093 847 doctrinae
1140 798 1306 848 suae
1337 778 1593 862 fluenta
1625 777 1958 845 derivare.

664 869 700 953 ἓ
761 871 904 937 15.
946 870 1059 934 Est
1107 864 1335 934 insula
1390 864 1460 932 in
1513 866 1665 956 ipso
1733 866 2095 934 Frisonum
2156 874 2359 950 atque
2410 868 2755 932 Danorum
2823 861 3129 960 confinio

574 953 946 1024 constituta
990 974 1165 1039 quae
1213 975 1253 1021 a
1299 954 1597 1040 quodam
1639 959 1890 1033 Fosete‚
1934 974 2139 1039 quem
2176 951 2381 1021 deum
2438 971 2667 1020 errore
2707 949 2950 1039 gentili
3014 971 3130 1018 ae—

578 1043 1053 1123 stimaverunt,
1105 1052 1169 1109 et
1216 1063 1256 1109 a
1291 1042 1511 1132 patria
1560 1041 1800 1132 lingua
1849 1040 2224 1111 Theodisca
2275 1040 2692 1109 Foseteslant
2738 1050 2840 1107 est
2886 1037 3133 1128 ap'pel-

579 1132 736 1201 lata.
791 1130 886 1200 Ad
962 1130 1140 1198 hanc
1187 1151 1267 1199 ex
1341 1130 1629 1201 consilio
1678 1142 1741 1199 et
1790 1130 2134 1199 voluntate
2209 1129 2530 1209 Domini,
2596 1126 3134 1217 praedicationis

578 1219 790 1289 causa
839 1223 902 1287 S.
959 1217 1314 1308 Ludgerus
1421 1218 1718 1289 rofectus
1778 1232 1901 1288 est.
1957 1223 2141 1300 Quae
2204 1239 2364 1286 cum
2414 1218 2559 1305 jam
2621 1217 2693 1283 in
2760 1226 3135 1305 prospectu

630 1307 825 1387 osita,
881 1328 1014 1376 non
1070 1307 1272 1397 longe
1331 1330 1369 1375 a
1422 1318 1599 1376 esset
1657 1318 1720 1375 et
1768 1307 1871 1375 vir
1920 1306 2032 1374 Dei
2085 1328 2289 1375 cruce
2339 1306 2406 1374 in
2471 1303 2799 1373 manibus
2848 1317 3134 1394 sumpta

577 1331 894 1465 Sixisset:
950 1400 1266 1486 Eccuryat
1302 1400 1495 1477 Hem,
1532 1406 1592 1465 et
1625 1396 2032 1485 dissipentur
2081 1396 2344 1463 inimici
2382 1396 2550 1484 ejus,
2596 1404 2657 1461 et
2695 1395 2975 1482 fuqiant
3013 1395 3138 1483 qui

578 1486 858 1553 odemnt
909 1507 1083 1563 eum,
1138 1509 1182 1553 a
1225 1486 1403 1573 facie
1446 1487 1619 1575 ejus:
1653 1487 1827 1552 sicut
1877 1485 2099 1571 delicit
2129 1486 2381 1571 fumus.
2448 1483 2765 1571 deficiant
2793 1481 2934 1639 ξε.
2990 1482 3128 1567 67);

579 1595 820 1643 omnes
867 1573 1087 1659 quiin
1140 1573 1290 1662 ipso
1330 1594 1490 1641 cum
1540 1571 1657 1640 illo
1698 1584 1893 1640 erant
1941 1572 2235 1661 navigio,
2285 1570 2600 1662 viderunt
2652 1582 2804 1638 tene
2861 1569 3150 1638 rosissi-·

583 1684 768 1730 mam
818 1660 1184 1750 caliginem
1247 1662 1463 1729 instar
1511 1658 1686 1729 fumi
1734 1661 1818 1729 de
1876 1660 2029 1760 ipsa
2075 1660 2279 1739 exire,
2340 1672 2404 1727 et
2452 1679 2530 1727 ea
2580 1657 2914 1747 paulatim
2979 1679 3131 1748 per·
3204 1666 3211 1669 “

582 1761 1002 1829 transeunte,
1040 1749 1467 1818 serenitatem
1506 1749 1734 1818 denuo
1776 1748 2019 1817 redire.
2061 1748 2253 1817 Unde
2278 1746 2607 1816 intellexit
2637 1746 2987 1836 praeviam
3021 1746 3134 1815 Dei

580 1839 871 1938 gratiam
904 1838 988 1906 de
1029 1836 1143 1906 illo
1193 1836 1341 1906 loco
1374 1838 1713 1927 effugasse
1761 1836 2141 1905 diabolum.
2198 1842 2433 1922 Itaque
2480 1856 2726 1925 magna
2780 1833 3131 1904 alacritate

583 1926 888 1997 insulam
938 1947 1330 2016 aggressuS,
1377 1948 1538 1995 cum
1577 1925 1878 1994 maxima
1909 1924 2212 2015 agilitate
2262 1924 2658 2014 praedicare
2693 1925 2979 1993 verbum
3016 1928 3135 1992 Do-

583 2015 759 2083 mini
798 2015 1042 2104 coepit.
1099 2019 1379 2082 Tantam
1423 2026 1652 2083 autem
1708 2013 1821 2081 Dei
1865 2014 2078 2103 pietas
2111 2013 2263 2102 ejus
2300 2012 2792 2102 praedicationi
2838 2012 3131 2101 gratiam

582 2102 844 2183 tribuit,
896 2114 973 2171 ut
1020 2103 1168 2192 ipse
1228 2103 1458 2171 statim
1506 2103 1685 2171 inter
1734 2102 1994 2190 primos
2045 2103 2366 2192 princeps
2404 2101 2731 2181 crederet,
2794 2112 2858 2169 et
2906 2100 3134 2169 filium

588 2214 796 2262 suum
847 2191 1128 2260 nomine
1172 2191 1613 2272 Landricum,
1679 2191 1741 2259 ei
1789 2190 1872 2259 de
1906 2189 2090 2259 fonte
2147 2189 2514 2259 levandum
2567 2189 2861 2266 offerret.
2916 2194 3133 2271 Quem

587 2281 733 2370 ipse
771 2292 1002 2370 postea
1041 2280 1255 2349 sacris
1285 2279 1501 2348 literis
1548 2279 1921 2358 imbutum,
1987 2278 2189 2347 etiam
2229 2278 2706 2379 presbyterum
2757 2276 3129 2347 ordinavit.

586 2368 892 2455 Denique
923 2368 1250 2440 omnibus
1291 2367 1634 2437 insulanis
1690 2366 1773 2435 ad
1822 2367 2027 2435 fidem
2089 2366 2335 2435 Christi
2386 2366 2757 2445 conversis,
2821 2377 2887 2434 et
2937 2366 3137 2453 juxta

585 2457 1141 2528 Ecclesiasticum
1195 2478 1454 2528 morem
1498 2455 1880 2546 baptizatis,
1948 2476 2081 2526 non
2125 2455 2349 2525 solum
2412 2465 2660 2525 cuncta
2709 2453 3133 2524 daemonum

483 2597 494 2606 ,
580 2546 872 2617 delubra
918 2546 1273 2627 destruxit,
1330 2545 1446 2615 sed
1482 2556 1547 2613 et
1596 2544 1842 2614 Christi
1883 2544 2246 2614 ecclesiam
2289 2565 2412 2633 pro
2461 2544 2560 2614 eis
2609 2543 2992 2613 fabricavit.

670 2637 707 2721 ἓ
773 2640 923 2707 18.
961 2635 1181 2724 Igitur
1212 2656 1371 2703 cum
1423 2633 1826 2721 hujusmodi
1873 2632 2179 2720 quotidie
2214 2632 2540 2723 operibus
2587 2644 2653 2701 et
2684 2632 2873 2722 apud
2919 2637 3134 2701 Deum

584 2744 749 2791 suae
785 2723 1163 2793 sanctitatis
1213 2722 1537 2791 meritum
1586 2733 1977 2811 augeretur,
2032 2733 2098 2789 et
2156 2721 2343 2811 apud
2394 2720 2711 2790 homines
2742 2720 2926 2789 fama
2987 2721 3140 2809 ejus

582 2811 806 2899 magis
841 2811 1196 2900 magisque
1244 2808 1758 2899 divulgaretur:
1823 2810 2029 2879 etiam
2089 2814 2546 2879 Nortmannos
2615 2809 3135 2899 evangelizandi

583 2900 804 2989 gratia
837 2898 1028 2967 adire
1076 2897 1418 2986 cogitavit,
1455 2897 1656 2965 illum
1699 2898 1801 2966 vir
1850 2899 2088 2969 beatus
2144 2898 2214 2966 in
2256 2897 2388 2966 hac
2428 2898 2774 2967 voluntate
2822 2898 3136 2966 imitatus

582 2986 703 3072 qui
768 2987 909 3055 vult
969 3007 1208 3055 omnes
1270 2985 1585 3053 homines
1633 2985 1857 3056 salvos
1905 2986 2049 3055 fieri
2101 2999 2164 3055 et
2224 2985 2309 3055 ad
2360 2987 2782 3076 agnitionem
2832 2985 3139 3054 veritatis

580 3074 833 3142 venire.
886 3079 963 3142 Et
1009 3095 1090 3142 ea
1142 3073 1471 3144 charitate
1522 3073 1853 3143 nimirum
1915 3074 2216 3164 repletus
2263 3097 2440 3161 quae
2477 3075 2674 3163 juxta
2736 3073 3137 3164 Apostolum

580 3162 898 3241 Paulum,
953 3183 1086 3230 non
1137 3162 1404 3248 quaerit
1450 3183 1628 3248 quae
1693 3185 1820 3233 sua
1876 3174 2060 3244 sunt,
2102 3163 2218 3233 sed
2268 3185 2443 3249 quae
2503 3163 2786 3234 alterius
2836 3163 2905 3230 in
2956 3161 3137 3230 dile-

579 3249 828 3319 ctione.
877 3255 1126 3319 Verum
1176 3273 1336 3320 cum
1391 3272 1507 3319 rex
1568 3250 1628 3318 ei
1697 3272 1904 3320 suum
1964 3250 2155 3319 nullo
2193 3252 2395 3320 modo
2451 3251 2535 3319 ad
2593 3252 2719 3320 hoc
2776 3251 3136 3340 praeberet

584 3359 1027 3418 consensum,
1085 3338 1251 3407 satis
1289 3337 1847 3418 contristabatur,
1892 3339 1992 3407 vel
2037 3361 2158 3429 pro
2214 3352 2315 3408 ter
2350 3339 2630 3409 dilatam
2689 3338 2970 3408 illorum
3003 3338 3143 3408 sal-

583 3426 948 3508 vationem,
1010 3426 1112 3495 vel
1156 3439 1433 3517 propter
1495 3426 1675 3495 mala
1744 3449 1918 3513 quae
1966 3428 2054 3497 ab
2102 3427 2146 3495 il
2183 3429 2242 3518 is
2293 3427 2547 3518 populo
2598 3427 2982 3496 Christiano
3042 3429 3139 3496 ir—

584 3516 893 3606 roganda
924 3515 1257 3584 divinitus
1289 3515 1643 3605 praevidit.
1686 3515 2039 3601 Siquidem
2075 3538 2234 3585 cum
2276 3516 2574 3603 quodam
2610 3529 2915 3606 tempore
2957 3529 3142 3585 esset

585 3625 785 3673 secus
819 3626 1007 3673 mare
1058 3604 1127 3672 in
1169 3603 1316 3673 loco
1344 3603 1467 3690 qui
1499 3615 1779 3672 vocatur
1818 3603 2104 3684 Werina,
2150 3604 2271 3673 ubi
2322 3605 2469 3694 ipse
2504 3604 2636 3673 sihi
2697 3605 2765 3673 in
2818 3604 3135 3673 haeredi-

579 3702 711 3760 tate
743 3703 1026 3782 paterna
1053 3692 1416 3762 ecclesiam
1457 3691 1860 3772 construxit,
1902 3692 2399 3761 monachorum
2436 3693 2695 3763 ibidem
2749 3714 3135 3783 congrega-

578 3780 746 3849 tioni
791 3780 1283 3850 monasterium
1320 3779 1539 3849 facere
1573 3780 1916 3869 cogitavit.
1959 3781 2084 3848 Sed
2128 3782 2255 3850 hoc
2291 3781 2387 3850 ibi
2426 3804 2575 3852 esse
2617 3803 2752 3849 non
2790 3782 3125 3871 potuisse,

574 3889 655 3936 ex
685 3868 918 3937 divina
953 3890 1108 3937 mox
1143 3869 1551 3938 revelatione
1582 3869 1921 4024 cognovit.
1978 3874 2142 3938 Nam
2201 3890 2362 3938 cum
2421 3870 2489 3937 in
2533 3869 2642 3938 his
2708 3871 2899 3940 curis
2951 3881 3015 3938 et
3064 3871 3135 3939 in

577 3955 706 4024 hac
764 3956 1137 4026 intentione
1176 3959 1625 4047 permaneret,
1686 3957 2070 4045 iujusmodi
2114 3957 2461 4027 somnium
2500 3957 2689 4026 vidit.
2730 3958 2911 4027 vidit
2943 3957 3133 4027 enim

579 4044 666 4112 ab
714 4045 1109 4131 Aquilonari
1162 4046 1374 4114 maris
1423 4056 1612 4135 parte
1644 4044 2097 4115 densissimas
2137 4057 2200 4113 ct
2235 4046 2617 4115 teterrimas
2664 4046 2884 4115 nubes
2932 4068 3140 4115 exur-

580 4152 761 4222 gere,
815 4154 992 4218 quae
1046 4133 1378 4223 paulatim
1426 4146 1894 4203 excrescentes
1942 4133 2024 4201 ad
2081 4133 2310 4223 ipsum
2356 4156 2576 4220 usque
2632 4134 2844 4203 solem
2906 4156 3140 4224 perve-

582 4233 857 4300 nerunt,
911 4225 1093 4303 Quas
1133 4221 1299 4291 dum
1351 4221 1513 4302 ille,
1566 4220 1766 4308 quasi
1818 4221 2090 4310 fugiens
2150 4222 2613 4309 inseqiienteS‚
2676 4245 2715 4291 a
2767 4223 3138 4292 maritimis

581 4307 751 4377 locis
785 4308 1061 4399 longius
1112 4322 1592 4390 removeretur,
1628 4310 1714 4378 ab
1756 4310 2276 4399 inspicientium
2326 4309 2547 4382 oculis
2588 4311 2866 4410 penitus
2914 4312 3135 4380 abdu-

583 4407 736 4468 ctus
802 4410 926 4468 est.
1004 4399 1214 4489 Cujus
1287 4398 1722 4469 abscessione
1796 4397 1961 4466 dum
2041 4398 2334 4468 nubium
2411 4398 2746 4469 densitate
2816 4400 3137 4469 tenebrae
