3327 4999
668 321 795 386 650
1283 334 1365 383 nr.
1412 337 1466 385 s.
1512 336 1877 385 ussmutrno
1917 336 2086 384 nuc.
2121 337 2199 384 m·
2239 335 2421 386 conr.
2704 319 2806 384 EX
2856 318 3033 385 OCT.
3093 320 3138 383 ὃ

577 417 841 490 visione
913 428 1323 508 conspectae
1389 426 1654 498 essent,
1711 428 1996 487 sanctus
2067 416 2510 508 Meinulplius
2575 429 2722 486 tum
2791 417 3144 505 majestati

578 506 877 585 divinae,
932 518 1079 576 tum
1121 505 1525 596 Imperatori
1573 528 1849 593 quoque
1872 517 2169 663 dgratum
2218 506 2360 574 fore
2407 505 2518 596 pie
2565 504 2699 574 sibi
2759 504 3144 595 persuade-

576 595 716 677 bat,
762 596 821 666 si
853 596 924 665 in
979 595 1125 665 loco
1175 606 1554 664 memorato
1602 596 1869 683 eJusmo
1922 594 2468 664 icanonicarum
2518 614 2595 664 ex
2631 594 2830 664 bonis
2870 593 3020 665 suis
3067 604 3142 664 et

579 684 982 774 patrimonii
1031 684 1139 752 sui
1195 682 1642 754 facultatibus
1692 683 2185 755 monasterium
2257 682 2601 763 conderet,
2654 695 2733 752 ut
2776 681 2919 753 illic
2963 704 3144 753 con-

578 773 875 842 tinenter
911 772 1235 853 viventes,
1281 771 1603 842 devotum
1655 777 1791 841 Deo
1838 771 2317 873 impenderent
2352 772 2788 841 famulatum.

670 863 709 949 ἓ
755 868 842 933 ὅ.
888 859 1040 931 Adit
1074 860 1287 950 igitur
1317 866 1419 930 Im
1476 872 1837 941 eratorem,
1940 883 2086 931 ium
2156 859 2371 929 animi
2421 860 2531 930 sui
2588 859 3008 930 desiderium
3061 883 3138 929 a-

625 950 799 1019 erit:
845 954 1226 1039 Imperator
1274 948 1398 1019 illu
1496 962 1772 1040 gratum
1810 949 1898 1019 ha
1949 962 2036 1029 et,
2077 950 2367 1037 eiusque
2414 948 2738 1039 precibus
2780 970 3134 1029 annuens,

607 1038 813 1107 iteras
861 1038 923 1108 ei
974 1060 1100 1107 suo
1146 1037 1545 1127 obsignatas
1575 1037 1838 1108 annulo
1868 1039 2195 1128 impertit.
2252 1038 2419 1107 Inde
2465 1050 2808 1106 revertens
2848 1037 3141 1107 Meinul-

577 1126 784 1216 phus,
841 1126 908 1194 in
962 1127 1113 1215 ipso
1161 1126 1404 1196 itinere
1466 1148 1641 1196 nova
1704 1126 2007 1213 quadam
2082 1124 2395 1197 coelestis
2451 1125 2765 1195 beneficii
2816 1124 3139 1196 consola-

578 1215 764 1283 tione
841 1214 1161 1284 afficitur.
1223 1215 1449 1284 Cernit
1495 1214 1682 1283 enim
1731 1236 2012 1307 capsam
2045 1269 2061 1296 ‚
2127 1215 2344 1285 saeris
2374 1214 2755 1285 condendis
2820 1215 3136 1302 reliquiis

576 1315 833 1393 aptam,
869 1303 1047 1373 inter
1093 1305 1377 1375 arbusta
1413 1304 1611 1392 juxta
1662 1304 1840 1372 viam
1891 1303 2311 1373 haerentem:
2362 1325 2516 1372 eam
2565 1303 2848 1390 quidam
2897 1325 2979 1374 ex
3016 1301 3123 1373 fa-

576 1391 968 1463 miliaribus
1014 1392 1165 1482 ejus
1213 1392 1514 1483 deponit,
1567 1392 1898 1479 offertque
1937 1391 2042 1460 illi
2090 1391 2621 1482 inspiciendam.
2659 1396 2735 1461 At
2781 1392 2897 1461 ille
2930 1392 3127 1482 prius

574 1481 1117 1568 circumquaque
1146 1481 1344 1571 jubet
1390 1481 1674 1568 inquiri,
1722 1502 1889 1549 num
1937 1481 2096 1567 quis
2124 1481 2275 1571 ejus
2306 1480 2635 1551 dominus
2682 1481 2808 1551 sit:
2849 1480 3130 1549 nemine

576 1581 804 1639 autem
852 1569 1115 1656 aliquid
1177 1570 1361 1658 juris
1409 1570 1477 1637 in
1529 1592 1609 1639 ea
1677 1569 1811 1639 sibi
1860 1568 2284 1649 vendicante,
2338 1569 2612 1638 divinae
2672 1568 3159 1660 benignitatis.

576 1658 848 1726 muneri
897 1679 1040 1727 rem
1083 1668 1289 1727 totam
1327 1669 1675 1748 acceptam
1720 1658 1967 1738 ferenS,
2003 1679 2153 1726 eam
2204 1657 2339 1727 sibi
2372 1658 2702 1730 divinitus
2750 1658 3117 1728 transmis-

574 1767 722 1815 sam
773 1746 887 1836 pia
925 1747 1226 1833 quadarn
1254 1746 1513 1817 fiducia
1544 1746 1939 1816 arbitratur:
1987 1768 2111 1815 nec
2146 1758 2372 1816 tamen
2412 1768 2588 1826 cam,
2626 1745 2760 1815 nisi
2790 1746 3126 1836 Episcopo

575 1848 932 1924 praesente
961 1846 1165 1921 atque
1202 1836 1512 1926 jubente,
1572 1834 2018 1924 aperiendam
2066 1847 2319 1905 censet.
2358 1840 2505 1904 Mox
2553 1834 2763 1924 igitur
2808 1844 3129 1925 apportat

574 1945 724 1992 earn
773 1924 860 1993 ad
895 1925 1334 2014 Episcopum,
1391 1924 1587 2010 isque
1619 1945 1771 1992 eam
1823 1936 2205 1993 reverenter
2267 1924 2608 2012 aperiens,
2664 1923 2921 1993 multas
2970 1944 3127 1992 san-

574 2025 845 2082 ctorum
895 2012 1225 2099 reliquias
1282 2012 1715 2082 veneratione
1787 2011 2280 2102 dignissimas,
2336 2012 2407 2080 in
2459 2034 2539 2081 ea
2586 2011 3121 2102 contemplatur.

576 2099 743 2169 Inde
797 2122 953 2169 vero
1014 2100 1099 2170 ad
1150 2100 1689 2171 construendam
1738 2105 1871 2169 Deo
1932 2123 2202 2170 sacram
2261 2100 2498 2170 aedem
2550 2100 2791 2170 beatus
2840 2100 3127 2170 Meinul-

576 2189 760 2279 phus
793 2188 1119 2259 fidentius
1154 2190 1649 2260 inflammatur.
1690 2193 1997 2277 Cumque
2037 2211 2282 2260 rursus
2313 2188 2543 2258 locum
2577 2188 3126 2279 diligentius-iu-

573 2288 979 2367 specturus,
1032 2277 1221 2350 solus
1274 2299 1353 2347 eo
1402 2300 1473 2349 se
1519 2276 1878 2360 conferret,
1952 2290 2028 2348 ut
2080 2278 2231 2368 ejus
2300 2276 2751 2367 capacitatem
2799 2290 2865 2347 et
2912 2278 3127 2347 totius

573 2375 957 2436 structurae
1028 2366 1363 2437 rationem
1437 2366 1831 2437 accuratius
1900 2366 2332 2456 expenderet,
2385 2365 2522 2435 alia
2560 2366 2623 2435 ei
2674 2365 2844 2437 visio
2892 2365 3128 2435 oblata

572 2466 696 2525 est.
751 2460 829 2525 In
882 2455 1124 2526 eodem
1172 2456 1357 2526 enim
1416 2455 1600 2538 loco,
1643 2455 1767 2525 ubi
1815 2467 2014 2526 antea
2062 2454 2321 2525 viderat
2381 2477 2615 2526 cervas
2664 2454 2968 2526 motibus
3013 2455 3127 2524 in-

575 2544 899 2626 stabileS,
955 2566 1233 2615 cervum
1305 2544 1679 2645 praestanti
1748 2566 2072 2634 corpore,
2128 2545 2456 2614 cornibus
2504 2544 2571 2612 in
2625 2543 2925 2615 sublime
2971 2565 3125 2614 ere-

573 2633 724 2715 ctiS,
778 2634 1230 2704 accubantem
1264 2633 1468 2703 videt:
1511 2635 1677 2702 mox'
1716 2654 1869 2702 vero
1901 2633 1987 2702 ad
2022 2633 2202 2702 beati
2253 2633 2376 2701 viri
2416 2644 2887 2722 conspectum,
2942 2644 3124 2702 tarn—

575 2744 786 2808 quam
822 2722 979 2803 sibi,
1017 2722 1138 2792 illo
1185 2721 1617 2802 adventante,
1654 2723 1994 2793 accubare
2047 2743 2182 2791 non
2223 2721 2478 2803 liceret,
2535 2742 2681 2791 sese
2712 2721 3123 2811 erigentem.

575 2814 731 2900 Ipso
779 2822 1006 2880 autem
1056 2809 1138 2878 ad
1176 2810 1356 2879 cervi
1403 2822 1850 2899 conspectum
1892 2808 2065 2878 nihil
2116 2810 2372 2890 territo,
2418 2810 2537 2881 sed
2575 2809 2866 2900 propius
2913 2809 3128 2879 etiam

576 2899 960 2979 accedente,
1014 2920 1257 2968 cervus
1306 2899 1505 2966 humi
1551 2920 1625 2968 se
1669 2898 2050 2974 prosternit.
2092 2903 2265 2968 Eum
2314 2899 2670 2969 insolitum
2734 2897 2919 2968 bruti
2970 2898 3128 2967 ani—

576 2985 781 3055 malis
828 2998 1099 3074 gestum
1148 2987 1250 3054 vir
1312 2998 1595 3055 sanctus
1643 2984 1876 3054 divino
1939 2987 2210 3057 muneri
2258 2987 2662 3064 attribuens,
2716 2987 2788 3054 in
2838 3007 3126 3056 cervum

576 3095 740 3144 suos
787 3073 1024 3164 defigit
1070 3074 1391 3155 obtutum,
1456 3074 1770 3160 videtque
1818 3073 1995 3142 inter
2038 3075 2190 3164 ejus
2239 3097 2500 3144 cornua
2557 3074 2826 3143 radiare
2885 3075 3132 3143 Crucis

576 3161 969 3230 Dominicae
1016 3162 1321 3251 signum,
1379 3163 1569 3231 omni
1608 3184 1778 3232 auro
1829 3162 2250 3248 rutilantius.
2305 3169 2396 3232 Eo
2426 3176 2816 3252 conspect0‚
2866 3162 3132 3232 intelli-

576 3271 744 3350 gens
790 3248 1029 3318 adesse
1077 3251 1444 3322 Dominum
1487 3259 1726 3332 suum,
1783 3251 2219 3338 multumque
2277 3274 2355 3320 ea
2396 3273 2469 3320 re
2517 3251 2828 3332 laetatus,
2868 3251 2938 3320 in
2993 3251 3132 3321 hu-

565 3338 879 3429 jusmodi
920 3339 1308 3430 prorumpit
1334 3339 1578 3408 verba:
1616 3345 1812 3408 «jam
1846 3340 2018 3409 mihi
2049 3361 2206 3430 spes
2234 3351 2418 3409 certa
2466 3339 2768 3430 affulget,
2806 3361 2968 3409 eum
3000 3340 3128 3426 qui

575 3426 925 3513 quondam
979 3448 1137 3497 cum
1190 3427 1316 3497 hoc
1368 3428 1609 3497 vexillo
1657 3427 2037 3497 inferorum
2087 3428 2387 3498 claustra
2440 3428 2835 3518 penetravit,
2876 3427 3127 3496 adver-

579 3536 700 3585 sus
746 3515 1123 3586 diabolicos
1193 3517 1519 3586 incursus
1581 3516 1791 3606 hujus
1851 3515 1980 3585 loci
2048 3516 2188 3585 fore
2239 3528 2758 3606 protectorem.»
2814 3521 3129 3604 Cumque

577 3603 747 3673 haec
779 3615 844 3672 et
882 3604 951 3673 id
1001 3627 1220 3695 genus
1266 3604 1401 3674 alia
1449 3604 1727 3686 diceret,
1781 3625 2025 3675 cervus
2071 3605 2157 3674 ab
2204 3605 2355 3705 ejus
2403 3605 2625 3682 oculis
2658 3605 3028 3694 disparuit.

665 3694 701 3779 ξ
768 3697 861 3762 θ.
916 3698 1085 3762 Tum
1139 3692 1252 3762 ille
1298 3694 1536 3763 accitis
1581 3693 1939 3782 operariis,
1991 3693 2293 3764 excindit
2342 3692 2643 3773 arbores,
2688 3693 2979 3783 extirpat
3014 3715 3127 3762 ve-

578 3802 736 3871 pres
768 3792 835 3848 et
882 3782 1139 3870 spinas,
1197 3782 1423 3852 locum
1474 3781 1669 3852 ocius
1727 3793 2096 3872 repurgat,
2153 3781 2647 3850 monasterium
2697 3794 2762 3851 et
2807 3782 2961 3873 ejus
3010 3804 3127 3851 ec·-

576 3869 861 3939 clesiam
916 3869 1189 3950 extruit,
1255 3884 1320 3939 et
1365 3881 1608 3956 quarto
1657 3868 1824 3940 Idus
1873 3869 2271 3940 Novembris
2318 3892 2468 3938 earn
2519 3882 2717 3939 curat
2782 3869 3121 3950 dedicari,

577 3956 932 4042 multaque
978 3979 1058 4026 ex
1107 3958 1410 4047 paternis
1460 3959 1663 4028 bonis
1700 3957 1762 4026 ei
1812 3957 1960 4028 loco
2009 3957 2286 4047 praedia
2338 3958 2651 4048 largitur,
2682 3959 3129 4046 instituitque

576 4044 722 4115 illic
770 4046 1369 4136 congregationem
1422 4046 1864 4126 secularium,
1897 4060 1973 4116 ut
2022 4057 2285 4127 vocant,
2323 4047 2846 4116 Canonicarum.
2879 4052 3128 4137 Ipsum

577 4155 735 4202 vero
785 4133 1008 4202 locum
1075 4133 1396 4205 dixerunt
1444 4136 1685 4204 Bodek.
1740 4139 2107 4221 Postquam
2156 4147 2387 4204 autem
2436 4134 3000 4204 sanctimoniales
3052 4135 3125 4204 in

575 4243 655 4292 eo
688 4221 1099 4291 monasterio
1147 4222 1464 4292 nonnihil
1516 4223 1974 4314 profecerunt,
2066 4223 2358 4293 uaedam
2419 4223 2646 4292 ereis
2694 4222 2781 4291 ad
2829 4223 3125 4293 domum

579 4310 996 4380 monasterio
1036 4311 1331 4380 vicinam
1383 4312 1694 4393 accessit,
1721 4310 1991 4399 hyemis
2060 4312 2254 4402 rigus
2283 4332 2515 4381 arcere
2562 4310 2876 4401 cupiens.
2933 4316 3129 4393 Quae

578 4420 738 4470 cum
780 4399 865 4469 ad
916 4400 1144 4491 ignem
1199 4421 1271 4471 se
1319 4398 1759 4481 admovisset,
1815 4410 1880 4468 et
1905 4399 2164 4470 nudato
2193 4401 2437 4491 capite,
2484 4411 2751 4489 pectere
2792 4421 2864 4472 se
2893 4398 3119 4482 vellet,
