3327 4999
701 312 829 377 464
1294 326 1350 372 s.
1402 324 1631 372 Joszrn
1682 324 1986 375 vmcmn
2027 326 2452 375 renuanfflssn
2762 308 3006 372 MART.
3059 308 3160 374 25

613 418 787 480 esset
845 407 914 476 in
973 404 1294 487 Galilaea,
1352 404 1814 491 sequebantur
1859 428 2018 476 eum
2066 419 2132 475 et
2195 405 2679 476 ministrabant
2721 406 2809 474 ei.
2863 410 2938 476 Et
2982 407 3165 492 quia

616 498 881 566 futuros
927 516 1077 564 esse
1126 493 1499 563 haereticos
1548 494 1981 582 praevidebat
2008 494 2302 586 Spiritus
2334 501 2621 564 Sanctus
2649 495 2769 581 qui
2805 495 2980 564 hauc
3010 500 3164 564 Ma-

613 587 786 656 riam
836 606 1013 671 quae
1057 582 1296 652 Jacobi
1344 581 1629 650 minoris
1676 593 1742 651 et
1785 584 2041 674 Joseph
2089 595 2306 652 mater
2352 583 2969 662 dicitur,eamdem
3001 604 3162 654 esse

617 696 793 762 quae
841 687 907 743 et
955 671 1367 741 Salvatorem
1413 683 1721 739 nostrum
1764 673 2049 772 peperit,
2096 693 2409 758 quaeque
2454 694 2534 740 ex
2590 673 2852 761 Joseph
2907 673 3164 741 marito

618 762 952 834 Iacobum
1026 760 1213 829 hunc
1259 760 1536 841 fratrem
1588 762 1856 830 Domlni
1902 774 1970 831 et
2042 760 2215 830 alios
2291 759 2535 830 fratres
2580 761 2730 849 eJus
2777 760 3158 850 genuisset,

615 849 1217 941 impudentissime
1263 846 1590 917 asserturi
1638 863 1873 918 erant:
1924 855 2226 919 Joannes
2284 848 2672 939 discipulus
2721 848 2994 918 Domini
3042 850 3158 918 di·-

615 940 855 1019 lectuS,
911 937 1223 1006 omnium
1275 936 1863 1026 Evangelistarum
1897 938 2210 1019 ultimuS,
2264 938 2442 1007 hanc
2481 938 2982 1007 haereticorum
3004 937 3155 1007 bla-

617 1028 1005 1119 sphemiam
1038 1027 1321 1095 omnino
1368 1024 1669 1106 sustulit,
1722 1049 1879 1097 cum
1930 1026 2101 1095 dixit
2146 1027 2367 1116 capite
2415 1049 2561 1095 x1x:
2597 1028 2882 1096 Stabant
2929 1038 3153 1096 autem

616 1120 825 1208 fumea
856 1121 1129 1187 Crucem
1164 1120 1326 1185 Jesu
1356 1126 1572 1183 mater
1603 1116 1749 1205 ejus
1774 1125 1835 1184 et
1865 1139 2051 1185 soror
2081 1118 2320 1185 matris
2370 1117 2516 1206 ejus
2553 1118 2775 1184 Maria
2825 1116 3147 1206 Cleophae

620 1217 683 1275 et
728 1208 948 1274 Maria
986 1205 1403 1293 Magdalene.
1439 1203 1717 1272 Mariam
1763 1204 2118 1294 cleophae,
2176 1204 2243 1273 id
2305 1217 2428 1285 est,
2482 1203 2697 1272 filiam
2747 1204 3008 1293 accipe,
3055 1226 3144 1272 se·

620 1295 929 1364 cundum
983 1291 1514 1382 propositionem
1564 1304 1867 1361 nostram
1939 1293 2160 1384 primo
2207 1292 2355 1362 loco
2403 1292 2719 1383 positam.
2775 1298 2945 1361 Ecce
2991 1314 3151 1381 ergo

619 1405 826 1469 quam
878 1382 994 1450 alii
1030 1381 1495 1470 Evangelistae
1522 1380 1800 1450 Mariam
1847 1381 2094 1451 Jacobi
2135 1381 2426 1451 minoris
2454 1393 2518 1450 et
2555 1380 2810 1471 Joseph
2861 1398 3150 1450 matrem

621 1471 1004 1549 nominant,
1042 1475 1342 1540 Joannes
1379 1491 1679 1539 sororem
1725 1471 1963 1539 matris
2008 1475 2174 1538 Jesu
2221 1469 2389 1539 dicit
2434 1481 2499 1537 et
2529 1469 2862 1559 cleophae
2906 1469 3146 1538 filiam.

620 1564 700 1629 Et
744 1559 908 1646 quia
954 1580 1145 1628 soror
1176 1569 1320 1627 erat
1373 1570 1646 1627 sanctae
1699 1558 1812 1627 Dei
1861 1558 2236 1649 genitricis,
2289 1559 2440 1627 ideo
2485 1558 2815 1640 Jacobus‚
2866 1558 3146 1648 Joseph,

618 1647 837 1718 Judas
873 1660 938 1717 et
978 1648 1206 1716 Simon
1259 1646 1499 1716 fratres
1540 1646 1810 1715 Domini
1856 1647 2105 1718 usitato
2154 1647 2545 1737 Scripturae
2611 1668 2799 1716 more
2843 1668 2982 1732 quo
3029 1645 3160 1715 filii

627 1736 923 1806 duorum
983 1735 1297 1817 fratrum,
1359 1757 1479 1806 seu
1526 1735 1825 1805 duarum
1876 1757 2212 1816 sororum,
2277 1736 2404 1805 hoc
2451 1746 2575 1816 est,
2634 1734 2998 1825 patrueles,
3050 1733 3159 1804 vel

620 1825 1038 1904 consobrini,
1096 1823 1334 1893 fratres
1384 1823 1776 1914 nuncupari
1822 1824 2065 1906 solent,
2116 1836 2181 1893 et
2228 1824 2362 1916 ipsi
2410 1822 2653 1893 fratres
2682 1823 2955 1893 Domini
2983 1823 3156 1893 dicti

623 1925 784 1984 sunt
831 1914 1142 1983 Matthaei
1190 1936 1305 1982 x111
1334 1913 1402 1980 in
1453 1912 1611 1982 fine.

711 2005 746 2089 ἓ
793 2006 869 2073 ἵ.
924 2008 1015 2071 Ex
1063 2002 1171 2072 his
1217 2001 1543 2072 omnibus
1591 2000 1785 2081 luce,
1837 2012 1916 2070 ut
1961 2000 2292 2082 arbitror,
2346 1999 2602 2070 clarius
2645 2001 3030 2070 meridiana
3076 1999 3159 2069 li-

623 2103 806 2178 quet,
863 2102 1120 2182 patrem
1171 2090 1408 2160 Jacobi
1456 2090 1768 2171 minoris,
1820 2087 2049 2159 fratris
2089 2089 2357 2159 Domini
2405 2089 2570 2158 dicti
2616 2103 2681 2158 et
2727 2088 3018 2158 fratrum
3070 2089 3157 2157 il-

625 2179 763 2249 lius
812 2179 1021 2248 fuisse
1059 2178 1460 2268 Alphaeum:
1514 2200 1752 2247 eorum
1793 2201 1948 2247 vero
1996 2191 2282 2247 matrem
2335 2179 2615 2246 Mariam
2646 2199 2950 2247 sororem
3001 2199 3159 2250 san-

626 2268 971 2337 ctissimae
1020 2268 1366 2358 Deiparae‚
1420 2266 1773 2353 filiamque
1802 2267 2155 2356 Cleophae.
2183 2272 2369 2349 Quae
2396 2278 2624 2336 autern
2662 2266 2910 2337 Mariae
2957 2265 3160 2336 istius

628 2369 844 2425 mater
873 2355 1098 2437 fuerit,
1152 2356 1237 2425 ad
1287 2377 1610 2447 praesens
1643 2355 1976 2425 intactum
2026 2356 2338 2442 relinquo
2394 2355 2595 2444 (forte
2641 2354 2713 2423 in
2761 2354 2899 2422 fine
2949 2355 3160 2444 hujus

627 2443 956 2536 epistolae
992 2459 1057 2514 et
1123 2444 1208 2515 de
1256 2444 1382 2515 hoc
1456 2444 1718 2532 aliquid
1776 2443 2092 2534 dicetur).
2147 2449 2288 2514 Non
2355 2444 2539 2513 enim
2590 2443 2676 2512 ad
2731 2456 3162 2534 praesentem

626 2534 1095 2622 quaestionem
1145 2535 1440 2604 multum
1507 2546 1811 2623 spectare
1878 2532 2167 2602 videtur.
2223 2533 2397 2602 Satis
2449 2554 2742 2619 namque
2790 2532 2991 2601 nobis
3058 2544 3160 2601 est

629 2624 827 2702 scire,
885 2644 1182 2694 sororem
1234 2622 1422 2692 illam
1473 2621 1906 2692 beatissimae
1954 2621 2250 2712 Virginis
2316 2621 2639 2691 extitisse.
2697 2620 2887 2703 Quod
2942 2621 3000 2690 si
3038 2627 3160 2690 Ja-

629 2713 843 2782 cobus
889 2724 954 2782 et
999 2713 1245 2781 caeteri
1293 2712 1442 2801 ejus
1488 2711 1750 2792 fratres,
1804 2710 2083 2800 Alphaei
2129 2722 2193 2780 et
2248 2711 2462 2793 hujus
2530 2709 2778 2778 Mariae
2825 2708 3186 2799 Cleophae·

631 2800 837 2882 filiae,
891 2800 1015 2869 filii
1064 2799 1361 2880 suerunt,
1402 2799 1694 2879 videant,
1739 2799 2017 2870 obsecro
2065 2799 2407 2886 quomodo
2447 2798 2517 2867 id
2583 2797 2728 2867 [ieri
2777 2798 3031 2887 possit,
3083 2809 3163 2868 ut

628 2890 888 2978 Joseph
941 2900 1131 2978 pater
1178 2888 1447 2956 Domini
1480 2888 1847 2978 putativuS,
1900 2910 1979 2957 ex
2027 2888 2163 2957 alia
2208 2909 2416 2956 uxore
2446 2909 2562 2957 eos
2603 2887 2936 2977 genuerit.

720 2985 759 3059 ἓ
808 2980 889 3048 8.
943 2977 1148 3044 Venio
1196 2977 1397 3046 modo
1461 2977 1547 3045 ad
1613 2977 1945 3045 rationem
2021 2976 2583 3076 urgentissimam
2636 2975 3157 3054 trimembrem,

632 3066 748 3135 cui
784 3065 1050 3154 judicio
1100 3087 1250 3133 meo
1293 3064 1530 3134 nullus
1576 3077 1732 3155 apte
1780 3064 1943 3134 satis
1996 3078 2061 3134 et
2107 3064 2348 3134 idonee
2407 3064 2818 3154 respondere
2866 3063 3160 3153 poterit:

633 3175 809 3241 quae
857 3166 957 3222 est
1004 3150 1436 3241 hifjusmodi:
1490 3157 1800 3223 Aut-lose
1856 3154 1896 3221 h
1946 3152 2153 3222 aliam
2204 3175 2510 3232 uxorem,
2544 3175 2623 3222 ex
2663 3174 2802 3239 qua
2828 3152 3168 3221 Jacobum

633 3255 696 3312 et
743 3241 914 3311 alios
947 3240 1187 3311 fratres
1235 3241 1558 3332 suscepit,
1613 3255 1768 3311 ante
1847 3253 2067 3312 eatam
2118 3242 2230 3311 Vir
2284 3243 2462 3311 inem
2511 3241 2776 3311 habuit:
2816 3262 2992 3327 quae
3043 3260 3162 3330 po-

634 3344 776 3402 stea
816 3343 1083 3398 mortua
1129 3339 1251 3412 est,
1305 3330 1407 3399 vel
1458 3331 1835 3420 repudiata.
1889 3336 2016 3400 Aut
2064 3330 2250 3400 simu
2322 3352 2481 3399 cum
2517 3330 2729 3399 beata
2776 3328 3053 3420 Virgine
3100 3338 3164 3396 et

634 3418 916 3488 alteram
966 3418 1156 3487 illam
1198 3419 1461 3489 habuit.
1524 3425 1651 3488 Aut
1697 3418 1991 3507 denique
2040 3430 2191 3508 post
2238 3431 2528 3488 mortem
2595 3428 2869 3489 sanctae
2919 3417 3166 3487 Mariae

636 3507 919 3577 alteram
969 3529 1247 3576 uxorem
1324 3507 1829 3597 superinduxit,
1882 3530 1961 3577 ex
2022 3528 2160 3594 qua
2207 3507 2386 3577 filios
2444 3506 2601 3577 illos
2658 3506 2985 3597 suscepit.
3043 3511 3169 3575 Nec

634 3596 818 3665 enim
853 3608 1178 3681 quartum
1222 3596 1608 3667 membrum
1660 3596 1831 3665 mihi
1880 3596 2042 3665 dare
2090 3597 2366 3685 poteris.
2835 3681 2844 3682 -

723 3687 758 3771 ξ
815 3689 908 3753 9.
964 3685 1032 3754 Si
1074 3685 1295 3775 primo
1348 3685 1547 3755 modo
1581 3684 1869 3763 dixeris,
1907 3697 1983 3754 ut
2031 3685 2199 3754 velle
2250 3685 2516 3754 videtur
2562 3684 2913 3754 Hilarius:
2986 3682 3168 3751 vide·

639 3772 796 3843 licet
842 3796 921 3842 ex
970 3773 1181 3863 priori
1229 3773 1554 3865 conjugio
1585 3773 1767 3843 filios
1799 3773 1951 3843 illos
2000 3785 2377 3863 suscept05‚
2415 3773 2543 3843 hoc
2575 3773 2875 3864 profecto
2925 3771 3171 3841 salsum

637 3874 740 3932 est
785 3873 850 3930 et
896 3885 935 3930 a
984 3862 1259 3932 veritate
1306 3862 1635 3932 alienum.
1689 3868 1855 3932 Nam
1918 3862 2047 3931 ista
2102 3863 2354 3953 conjux
2404 3884 2611 3950 quam
2666 3874 2740 3931 tu
2788 3859 3174 3952 praetendis

637 3961 795 4018 ante
841 3950 1118 4019 ductam
1170 3964 1234 4020 et
1282 3964 1513 4042 postea
1561 3964 1926 4033 mortuam,
1981 3972 2116 4020 non
2173 3952 2388 4041 potuit
2419 3972 2568 4020 esse
2615 3950 2828 4021 altera
2874 3973 2916 4019 a
2966 3948 3172 4018 Maria

638 4038 793 4118 ista,
860 4060 1089 4108 sorore
1138 4039 1377 4110 matris
1416 4039 1696 4109 Domini
1761 4062 1937 4126 quae
1997 4041 2084 4109 ab
2132 4040 2582 4131 Evangelistis
2623 4053 2875 4109 .mater
2920 4037 3172 4108 dicitur

640 4126 857 4197 fuisse
901 4129 1142 4198 Jacobi
1191 4128 1516 4199 minoris:
1570 4150 1747 4216 quae
1795 4139 2019 4197 tamen
2092 4140 2395 4219 tempore
2442 4128 2681 4199 mortis
2730 4127 2977 4198 Christi
3031 4126 3180 4195 viva

642 4227 786 4285 erat
818 4227 882 4285 et
930 4216 1150 4285 stabat
1171 4217 1368 4306 juxta
1400 4239 1676 4287 crucem
1725 4223 1892 4288 Jesu
1921 4238 2061 4287 una
2107 4239 2268 4287 cum
2318 4239 2547 4288 sorore
2580 4240 2708 4286 sua
2739 4227 2977 4286 sancta
3030 4215 3180 4284 Dei-

644 4327 834 4395 para,
888 4326 1065 4391 quae
1111 4305 1375 4374 dudum
1425 4317 1581 4375 ante
1626 4318 1692 4375 et
1727 4306 1877 4396 jam
1924 4306 2126 4376 annis
2174 4310 2257 4374 33
2306 4305 2526 4376 fuerat
2573 4305 2707 4397 ipsi
2751 4304 3011 4395 ‚Ioseph
3059 4303 3177 4373 de-

646 4406 996 4483 sponsata,
1049 4406 1126 4466 ut
1172 4393 1489 4485 superius
1535 4417 1614 4465 ex
1661 4394 2044 4485 Evangeliis
2076 4407 2428 4466 ostensum
2454 4405 2579 4466 est.
2614 4393 2807 4477 Quod
2848 4393 2910 4466 si
2956 4391 3170 4474 dicaS,

3315 650 3316 661 ⁴
3287 104 3316 539 ...ann-¹¹·—
