3327 4999
691 324 823 390 296
1346 338 1426 385 mi:
1472 338 1528 386 s.
1583 336 1857 386 bonomo
1904 336 2174 386 cnm-un.
2223 338 2417 386 nar.
2763 320 3011 388 MART.
3069 323 3156 388 ⁴5

689 425 727 511 ξ
773 426 855 494 S.
912 418 1088 504 Quid
1140 440 1296 489 vero
1345 429 1500 508 post
1561 418 1731 488 haec
1781 430 1884 489 est
1929 431 2417 490 consecutum:
2469 418 2910 519 Martyricum
2958 419 3156 491 illius

600 516 738 585 Lon
795 508 892 579 ini
938 519 1149 599 caput
1194 529 1361 577 cum
1412 506 1648 577 statim
1684 528 1845 576 acce
1901 507 2112 577 issent
2142 508 2214 589 ii,
2262 507 2383 594 qui
2429 527 2590 577 eum
2638 507 3142 591 mter-fecerant,

599 599 685 670 ad
736 534 942 669 fidem
995 596 1196 688 plene
1234 595 1649 675 faciendam,
1695 617 1831 682 quo
1913 601 2045 665 Lon
2108 596 2264 667 inus
2294 606 2473 668 esset
2506 610 2845 678 mortuuS,
2883 596 2952 666 id
2990 619 3152 687 por-

603 699 752 759 tant
783 687 869 757 ad
905 685 1224 765 Pilatum,
1263 684 1492 772 utqui
1543 684 1798 754 scirent
1834 707 1907 755 se
1956 619 2146 754 nufio
2194 684 2328 755 alio
2375 683 2580 766 donc,
2627 706 2837 772 quam
2880 707 2959 756 eo
3002 708 3158 756 ma-

598 776 707 868 gis
754 776 858 845 illi
904 774 1436 866 gratificaturoS.
1473 778 1628 860 Ipse
1668 785 1898 849 autem
1928 772 2160 844 statim
2196 773 2595 845 convocavit
2630 774 2956 856 Judaeos,
2996 796 3150 843 ma-

602 887 742 957 gna
789 885 1023 936 secum
1073 862 1420 953 voluptate
1466 861 1868 931 afficiendos
1898 917 1913 944 ,
1966 874 2046 933 ut
2103 863 2225 949 qui
2276 862 2564 964 Longini
2612 862 2810 932 valde
2857 873 3156 933 mortem

604 953 915 1034 sitirent,
971 964 1036 1022 et
1083 973 1235 1021 eam
1282 950 1613 1022 emissent
1660 950 2002 1040 pecuniis,
2082 950 2272 1034 Quod
2339 950 2618 1039 quidem
2671 973 2834 1021 cum
2885 951 3155 1022 factum

602 1043 892 1123 fuisset,
943 1053 1022 1119 ut
1058 1040 1157 1110 eis
1217 1038 1576 1129 placebat,
1620 1038 1821 1129 jubet
1876 1062 2121 1110 rursus
2165 1039 2454 1131 indigna
2502 1038 2798 1111 Pilatus:
2853 1053 2921 1110 et
2985 1053 3158 1110 aute

607 1144 876 1223 portam
926 1127 1220 1203 civitatis
1268 1150 1389 1218 per
1458 1127 1911 1219 ignominiam
1964 1128 2093 1198 fuit
2141 1129 2519 1219 projectum
2570 1128 2948 1220 pretiosum
2995 1129 3157 1218 ejus

607 1232 842 1311 caput.
906 1217 1033 1288 Sed
1091 1217 1176 1299 is,
1234 1217 1351 1287 cui
1409 1216 1648 1286 visum⁴
1692 1217 1911 1287 fuerat
1961 1218 2098 1308 pati
2159 1240 2286 1318 pro
2340 1217 2563 1300 nobiS,
2614 1216 2786 1302 eius,
2834 1217 2951 1305 qui
2993 1240 3159 1308 pro-

611 1321 764 1400 pter
809 1308 1041 1398 ipsum
1090 1306 1312 1375 fuerat
1360 1328 1630 1396 passuS‚
1687 1328 1772 1374 ne
1822 1327 2009 1375 nunc
2055 1306 2337 1393 quidem
2385 1318 2488 1376 est
2531 1304 2813 1375 oblitus:
2857 1306 2974 1377 sed
3010 1306 3155 1375 vel-

596 1398 712 1470 'uti
753 1406 1091 1554 (perpetuo
1136 1417 1224 1485 ap
1278 1406 1581 1464 arentem
1631 1394 2006 1480 quamdam
2057 1395 2273 1465 facem
2338 1394 2425 1464 iis
2484 1393 2606 1481 qui
2653 1393 2944 1464 aderant
2999 1415 3158 1464 cer-—

610 1508 744 1557 nen
803 1506 912 1554 am
982 1482 1231 1574 praebe
1285 1494 1353 1552 at
1415 1495 1573 1552 ante
1640 1483 2025 1564 civitatem,
2081 1496 2146 1554 et
2204 1483 2275 1552 in
2331 1482 2763 1571 sterquilinio
2811 1484 3152 1572 jacentem

613 1587 967 1661 tamquam
1010 1573 1116 1642 win
1189 1571 1395 1641 domo
1464 1571 1650 1662 regia
1716 1583 2235 1654 conservatam,
2311 1584 2457 1643 tuto
2505 1556 2946 1730 Iprotegebat,
3013 1593 3156 1642 non

609 1663 835 1735 solum
900 1682 1036 1730 non
1089 1660 1534 1751 permutem,
1601 1672 1678 1728 ut
1723 1660 1987 1747 aliquid
2085 1672 2383 1731 ateretur
2420 1684 2460 1730 a
2561 1682 2708 1731 mo:
2769 1660 2886 1730 sed
2940 1660 3154 1730 etiam

600 1752 915 1823 liberans
964 1748 1159 1830 alios,
1210 1769 1295 1817 ne
1341 1747 1606 1835 aliquid
1659 1762 1937 1839 propter
1983 1749 2004 1817 i
2103 1762 2519 1840 paterentur.
2561 1749 2910 1831 Quaedam
2960 1748 3151 1818 enim

608 1838 866 1910 mulier
914 1838 1164 1919 vidua,
1217 1858 1393 1924 quae
1443 1849 1660 1907 morte
1711 1838 2035 1908 maritum
2093 1839 2453 1920 amiserat,
2505 1860 2664 1907 cum
2724 1836 2868 1908 filio
2917 1848 3156 1907 autem

603 1928 823 1998 unico
871 1925 1420 2007 conflictabatur,
1473 1938 1536 1994 et
1594 1939 1864 2016 praeter
1911 1927 2309 1998 viduitatem
2359 1927 2777 1996 sustinuerat
2813 1926 3018 1995 etiam
3080 1948 3158 1995 o-

608 2017 933 2088 culorum
964 2015 1350 2096 orbitatem,
1389 2014 1572 2085 malo
1607 2015 1743 2085 fide
1773 2029 2117 2106 superam,
2155 2037 2316 2086 cum
2348 2015 2492 2086 filio
2522 2015 2709 2084 vadit
2735 2014 3149 2095 Jerusalem,

609 2118 1038 2185 sanctorum,
1077 2126 1255 2191 quae
1306 2103 1399 2172 ibi
1433 2116 1651 2185 erant,
1689 2102 1995 2174 locorum
2037 2116 2355 2175 contactu
2401 2116 2466 2174 et
2513 2102 2932 2184 adoratione,
2976 2125 3159 2190 quos

613 2195 941 2265 amiserat
979 2192 1288 2283 corporis
1327 2193 1562 2266 duces,
1609 2214 1896 2283 sperans
1936 2215 2006 2264 se
2052 2206 2633 2284 recuperaturam.
2693 2196 2857 2261 Cum
2920 2204 3157 2262 autem

606 2306 657 2361 ,a
704 2283 850 2353 filio
898 2282 1192 2352 deducta
1234 2294 1483 2351 terram
1533 2294 1806 2372 caperet
1851 2293 1917 2350 et
1953 2282 2330 2372 pulverem,
2395 2293 2459 2351 et
2505 2280 2937 2372 imponerent
2981 2303 3159 2351 ocu-

615 2371 728 2454 lis,
787 2371 1111 2461 adjicitur
1154 2370 1468 2440 viduitati
1532 2381 1598 2439 et
1638 2369 1999 2439 oculorum
2048 2370 2324 2441 orbitati
2362 2369 2638 2460 (Qualia
2676 2382 2838 2440 sunt
2886 2368 2998 2438 Dei
3036 2370 3158 2460 ju-

615 2459 878 2551 dicial)
934 2459 1071 2530 alia
1116 2481 1391 2548 quoque
1437 2458 1663 2551 gravis
1718 2457 2099 2530 calamitas.
2153 2460 2430 2530 Morbus
2475 2458 2662 2528 enim
2708 2457 2991 2547 quidam
3054 2458 3163 2528 in-

617 2548 876 2620 vadens
926 2570 1263 2640 puerum,
1316 2548 1439 2635 qui
1553 2572 1627 2619 ro
1676 2547 1952 2618 amissis
2001 2549 2223 2621 oculis
2270 2548 2490 2619 fuerat
2543 2548 2605 2617 ei
2652 2548 2833 2618 alius
2879 2546 3154 2629 oculus,

620 2650 901 2730 repente
946 2639 1151 2729 (proh
1204 2636 1430 2727 dolor)
1476 2660 1514 2706 a
1570 2636 1732 2738 ripit
1779 2658 1820 2706 a
1866 2636 2030 2707 sinu
2080 2637 2346 2708 matris.

701 2731 738 2816 ξ
801 2733 895 2797 9.
951 2726 1187 2797 Statim
1237 2747 1398 2816 ergo
1446 2725 1759 2816 duplices
1806 2725 1891 2795 ad
1941 2746 2099 2794 eum
2151 2725 2488 2796 accedunt
2519 2725 2856 2807 tenebrae,
2890 2737 2956 2795 et
2977 2724 3161 2796 vitae

612 2816 731 2885 lux
781 2814 986 2886 simul
1019 2813 1446 2905 extinguitur
1489 2835 1647 2883 cum
1681 2813 1831 2884 luce
1856 2813 2254 2885 oculorum:
2305 2826 2584 2902 eratque
2613 2814 2895 2883 omnino
2924 2813 3160 2883 infelix

615 2904 737 2974 illa
785 2902 1185 2984 immobilis,
1223 2914 1548 2989 tanquam
1591 2901 1825 2991 aliquo
1858 2903 2171 2983 fulmine,
2203 2903 2519 2994 perculsa
2544 2902 2954 2972 calamitate.
2985 2906 3154 2971 Cum

614 3006 843 3064 autem
897 2990 1261 3082 paulopost
1308 3013 1348 3060 a
1397 2990 1592 3061 malo
1626 2990 1710 3061 ad
1775 3013 1848 3062 se
1911 2990 2248 3072 rediisset,
2304 2991 2597 3062 deflebat
2644 2990 3153 3072 miserabiliter,

617 3091 683 3151 et
732 3080 1160 3150 miserandas
1206 3101 1404 3149 voces
1449 3078 1801 3150 emittebat
1846 3078 1929 3149 ad
1982 3080 2373 3150 Dominum.

708 3171 745 3256 ἓ
806 3173 966 3242 10.
1017 3169 1300 3238 Interim
1352 3179 1578 3237 autem
1631 3168 1798 3239 dum
1866 3168 2109 3240 fuisset
2168 3169 2236 3238 in
2300 3190 2620 3239 somnum
2673 3168 2995 3250 resoluta,
3050 3167 3162 3236 di-

618 3257 824 3327 vinus
869 3257 933 3326 ei
980 3260 1263 3349 apparet
1298 3258 1672 3348 Longinus,
1723 3268 1789 3326 et
1833 3257 2065 3327 omnia
2098 3257 2265 3329 dicit
2310 3279 2489 3345 quae
2534 3258 2619 3327 ad
2671 3258 2898 3349 ipsum
2952 3257 3166 3346 perti-

621 3346 878 3417 nebant
923 3367 1100 3433 quae
1149 3346 1220 3415 in
1267 3368 1472 3416 cruce
1522 3345 1888 3416 Salvator-is
1936 3347 2148 3418 nostri
2201 3345 2379 3417 facta
2422 3345 2573 3428 fuit,
2624 3345 3155 3426 confessionem,

622 3446 909 3505 mortem
942 3458 1079 3523 qua
1116 3456 1155 3503 a
1204 3439 1484 3505 Caesare
1522 3448 1588 3505 et
1633 3434 1845 3505 Pilato
1891 3434 2022 3505 fuit
2052 3435 2574 3516 condemnatus,
2628 3435 2874 3526 capitis
2904 3456 3162 3523 ampu-

545 3596 553 3602 ,
621 3523 970 3604 tationem,
1022 3535 1089 3593 et
1133 3521 1269 3592 alia
1314 3545 1491 3611 quae
1540 3535 1802 3614 martyr
1845 3536 2123 3615 propter
2159 3524 2503 3596 Christum
2536 3524 2864 3594 sustinuit
2889 3522 3162 3612 magni-

618 3611 771 3682 fice.
830 3612 1018 3695 Quin
1067 3612 1275 3682 etiam
1340 3612 1506 3686 dicit
1559 3611 1659 3681 ei:
1724 3635 1760 3680 «
1815 3615 2089 3704 Oportet
2147 3624 2211 3683 te
2256 3613 2616 3684 observare
2664 3633 2890 3683 meum
2949 3621 3167 3701 caput

619 3700 841 3771 multo
890 3701 1055 3770 fimo
1123 3711 1421 3782 tectum,
1475 3700 1561 3770 ad
1612 3713 1884 3771 tuorum
1937 3701 2292 3772 oculorum
2351 3701 2799 3772 curationem.
2871 3705 3038 3769 Nam
3102 3698 3165 3769 si

619 3788 794 3860 illud
844 3789 1172 3880 attigeriS,
1229 3789 1348 3859 lux
1396 3789 1623 3860 statim
1676 3801 1738 3860 te
1786 3802 2129 3878 sequetur.
2184 3796 2391 3862 Porro
2438 3801 2664 3860 autem
2714 3811 2839 3881 ego
2884 3808 3165 3875 quoque

618 3878 745 3947 tibi
777 3877 1119 3948 additcam
1154 3900 1447 3969 puerum
1480 3901 1639 3950 cum
1676 3879 1917 3969 gloria,
1953 3879 2096 3967 qui,
2131 3902 2335 3968 quem
2373 3891 2650 3971 propter
2673 3900 2833 3948 eum
2867 3875 3154 3967 accipi3‚

614 3965 925 4037 dolorem
964 3966 1427 4038 consoletur.»
1455 3967 1576 4038 His
1605 3968 1828 4038 verbis
1877 3968 2129 4038 mulier
2156 3969 2390 4038 animo
2414 3979 2736 4047 recreata,
2772 3979 2838 4036 et
2873 3986 3166 4056 corpore

618 4055 787 4126 satis
832 4057 1289 4138 corroborata,
1333 4056 1747 4147 properabat
1776 4057 1862 4127 ad
1911 4078 2132 4148 opuss
2167 4062 2332 4127 Cum
2382 4067 2612 4127 autem
2677 4054 2972 4125 deducta
3009 4054 3166 4144 jam

619 4144 1039 4234 pervenisset
1084 4145 1169 4215 ad
1221 4145 1475 4226 locum,
1510 4146 1581 4215 in
1630 4165 1768 4231 quo
1795 4145 2054 4217 sciebat
2079 4158 2291 4238 caput
2325 4167 2475 4217 esse
2500 4143 2901 4236 repositum,
2934 4163 3170 4233 prom-

622 4243 852 4324 pto-et
898 4232 1113 4304 alacri
1158 4234 1393 4304 animo
1449 4232 1748 4305 fodiebat
1796 4235 2146 4306 manibus.
2210 4240 2286 4304 Et
2332 4255 2492 4304 cum
2535 4232 2743 4304 veluti
2790 4230 3173 4320 quemdam

625 4322 1028 4393 thesaurum
1077 4335 1286 4412 caput
1346 4322 1759 4404 invenisset,
1821 4322 2030 4394 simul
2088 4345 2249 4393 cum
2297 4324 2449 4414 ejus
2495 4321 2911 4402 inventione,
2963 4341 3174 4390 suam

626 4431 903 4501 quoque
941 4411 1167 4482 lucem
1214 4410 1512 4481 invenit:
1563 4423 1627 4482 et
1675 4411 1923 4503 aspicit
1977 4411 2216 4496 solem,
2254 4425 2373 4483 aut
2417 4412 2623 4482 etim
2682 4411 2911 4502 ipsum
2960 4419 3182 4499 caput
