3327 4999
700 334 827 400 ⁴02
1374 351 1456 398 m:
1502 348 1955 407 QUADRAGINTA
2000 349 2403 398 mmmmm
2790 334 3030 399 MART.
3079 333 3149 397 ⁴0

609 432 725 502 Dei
754 431 996 502 civitas
1024 443 1149 513 est,
1201 429 1410 519 cujus
1440 441 1682 500 auctor
1710 441 1916 516 atque
1942 429 2260 500 conditor
2298 430 2448 520 ipse
2483 435 2684 500 Deus.
2722 434 2900 501 Haec
2928 443 3026 501 est
3052 453 3152 499 su-

605 542 825 610 perna
868 520 1265 591 Jerusalem
1297 541 1477 607 quae
1509 517 1729 589 libera
1756 530 1882 600 est,
1916 539 2096 605 quae
2137 530 2240 589 est
2280 531 2500 588 mater
2531 518 2729 588 Pauli
2765 533 2830 589 et
2856 520 3152 589 omnium

603 608 667 677 ei
708 608 1072 679 similium.
1126 613 1357 678 Genus
1385 619 1616 677 autem
1657 607 2071 688 humanum,
2109 606 2302 678 aliud
2343 607 2501 676 alii:
2554 629 2777 698 genus
2823 630 2982 678 vero
3023 606 3152 698 spi-

609 695 901 778 rituale,
957 718 1180 767 unum
1230 696 1559 767 omnibus
1614 696 1923 765 omnino.
1991 697 2395 767 Communis
2452 713 2755 783 namque
2809 696 2908 767 eis
2982 708 3156 786 pater

607 789 787 855 Deus
825 797 891 854 et
924 785 1167 855 fratres
1203 807 1471 866 omnes,
1525 805 1666 853 non
1716 783 1804 853 ab
1851 805 1991 853 uno
2038 795 2104 853 et
2150 806 2293 854 una
2341 784 2877 866 descendentes,
2931 785 3043 856 sed
3086 806 3155 853 ex

607 872 982 964 adoptione
1030 872 1319 964 spiritus
1351 873 1423 942 in
1475 894 1689 942 unam
1742 872 2185 942 concordiam
2234 873 2416 943 inter
2471 895 2544 943 se
2592 894 2717 963 per
2770 874 3156 944 charitatem

607 961 1134 1043 convenientes;
1188 962 1450 1031 Chorus
1508 972 1830 1052 paratus:
1901 974 2282 1032 conventus
2341 962 2688 1031 maximus
2748 983 2988 1033 eorum
3048 960 3156 1048 qui

607 1049 697 1119 ab
732 1050 932 1120 initio
983 1053 1198 1120 Deum
1249 1050 1576 1121 laudant:
1628 1071 1766 1119 non
1818 1049 2226 1141 singulatim
2282 1051 2706 1142 congregati,
2761 1050 2882 1121 sed
2930 1071 3158 1120 cumu-
3244 1067 3245 1094 ¹

608 1137 800 1208 latim
837 1139 1182 1230 dispositi,
3244 1193 3245 1212 1

696 1229 732 1314 ξ
800 1231 893 1298 23.
949 1228 1118 1310 Quis
1166 1238 1394 1296 autem
1448 1226 1933 1318 dispositionis
1995 1226 2293 1297 modus?
2363 1228 2461 1296 Hi
2497 1227 2983 1318 magnitudine
3026 1247 3158 1296 cor·
3244 1277 3245 1280 ,

603 1315 795 1406 poris
832 1328 898 1386 et
945 1315 1184 1387 aetatis
1232 1315 1422 1396 flore,
1478 1338 1559 1385 ac
1605 1315 1879 1397 virtute,
1931 1316 2219 1385 caeteris
2265 1316 2596 1386 omnibus
2646 1316 3149 1407 praecellentes,

604 1404 693 1473 ad
746 1405 1076 1476 militares
1122 1404 1400 1474 ordines
1463 1404 1802 1495 regendos
1856 1404 2156 1494 promoti
2215 1415 2403 1474 sunt.
2459 1409 2540 1474 In
2589 1416 2856 1474 tantam
2904 1424 3159 1492 quoque

605 1494 1050 1583 Imperatoris
1089 1492 1560 1583 dignationem
1610 1503 1968 1572 venerunt,
2023 1504 2101 1562 ut
2147 1493 2236 1562 ob
2286 1492 2628 1563 bellorum
2677 1493 3154 1583 experientiam

603 1592 669 1649 et
715 1581 933 1651 animi
1007 1581 1484 1652 fortitudinem
1560 1580 1827 1682 primas
1887 1580 2073 1670 apud
2140 1603 2301 1651 eum
2366 1581 2777 1652 obtinerent.
2842 1582 3156 1652 Ubivvero
3244 1585 3245 1612 ¹

603 1669 929 1755 iniquum
970 1670 1419 1762 praeconium
1466 1668 1910 1756 edictumque
1962 1668 2293 1739 omnibus
2339 1669 2810 1750 denunciavit,
2882 1691 2969 1740 ne
3014 1669 3154 1757 quis

606 1757 954 1828 Christum
999 1758 1457 1849 profiteretur,
1515 1757 2009 1848 propositaque
2045 1757 2284 1827 omnia
2319 1780 2697 1849 poenarum
2779 1779 2991 1828 enera
3020 1778 3160 1828 con-

604 1846 997 1916 fitentibus:
1037 1846 1271 1916 multa
1318 1867 1596 1932 quoque
1643 1868 1686 1915 a
1723 1845 2086 1936 judicibus
2134 1845 2416 1936 injustis
2463 1848 2567 1916 ira
2613 1860 2679 1917 et
2753 1847 2966 1919 eritas
3020 1866 3160 1937 pro·

603 1934 727 2015 dit,
763 1935 1020 2006 multae
1071 1934 1531 2005 tendebantur
1577 1934 1838 2021 ubique
1894 1934 2227 2017 insidiae,
2282 1935 2466 2017 doli,
2522 1935 2941 2007 delationes:
2993 1933 3158 2025 ignis
3243 1957 3245 1972 ¹

603 2023 891 2112 insuper
939 2037 1247 2115 paratuS‚
1300 2022 1489 2093 ensis
1536 2023 1607 2092 in
1661 2035 2031 2114 promptu,
2094 2044 2264 2093 crux
2312 2023 2556 2106 affixa,
2610 2024 2856 2095 botrus
2888 2079 2909 2105 ,
2980 2037 3151 2102 rota,

602 2111 900 2212 flagella.
958 2118 1033 2182 In
1088 2126 1277 2182 tanta
1308 2111 1526 2202 igitur
1571 2111 1890 2181 fidelium
1938 2111 2354 2193 turbatione,
2413 2112 2735 2182 nonnulli
2784 2111 3152 2211 fugiebant,

605 2199 725 2269 ali1
759 2201 1333 2282 succumbebant,
1370 2201 1493 2270 alii
1543 2201 2001 2280 fluctuabant,
2057 2199 2347 2287 quidam
2396 2213 2554 2271 ante
2601 2211 2957 2271 certamen
3012 2199 3158 2271 solis

603 2289 816 2360 minis
865 2290 1465 2359 absterrebantur:
1551 2289 1673 2358 alii
1732 2289 1858 2359 ubi
1917 2310 2151 2358 coram
2202 2288 2527 2359 videbant
2595 2289 2969 2362 intentatos
3015 2309 3160 2359 cru-

602 2377 849 2460 ciatuS,
888 2378 1554 2450 consternabantur:
1593 2376 1715 2446 alii
1746 2389 2093 2447 certamen
2135 2377 2490 2460 ineuntes,¹
2532 2377 2784 2448 deinde
2830 2398 3053 2466 usque
3084 2373 3159 2445 ad

567 2465 813 2536 ·finem
849 2466 1170 2538 laborum
1221 2466 1475 2537 durare
1523 2476 1977 2554 nequeunteS‚
2030 2486 2342 2557 pugnam
2394 2488 2474 2536 ac
2514 2465 2913 2557 periculum
2954 2467 3160 2536 detre-

600 2556 881 2626 ctabant
927 2568 991 2627 et
1040 2556 1227 2627 velut
1275 2556 1346 2624 in
1411 2554 1657 2645 pelago
1725 2553 2219 2654 naufragantes
2276 2577 2457 2642 quae
2502 2556 2755 2625 virtute
2802 2555 3159 2646 patientiae

601 2658 800 2734 parta
849 2645 1230 2715 multorum
1297 2664 1645 2713 annorum
1710 2664 1948 2714 secum
1998 2664 2071 2710 in
2143 2643 2304 2713 navi
2355 2645 2732 2726 vehebant,
2785 2666 2915 2744 per
2960 2645 3163 2734 impa-

601 2733 912 2803 tientiam
954 2733 1364 2803 amiserunt.
1419 2737 1609 2801 Tunc
1663 2731 1878 2821 igitur
1924 2730 2000 2800 hi
2047 2732 2512 2823 quadraginta
2574 2732 2813 2802 invicti
2863 2745 2931 2803 et
2977 2751 3161 2824 gene-

511 2828 544 2863 ·'
600 2823 740 2890 rosi
789 2821 1040 2891 Christi
1076 2820 1352 2903 milites,
1390 2842 1550 2889 cum
1606 2818 1996 2911 praefectus
2045 2822 2493 2910 Imperatoris
2539 2820 2776 2891 literas
2837 2819 3163 2893 ostendis·

602 2923 704 2978 set
750 2921 815 2978 et
871 2908 1335 2978 obedientiam
1386 2908 1790 2996 requireret,
1845 2908 2063 2978 libera
2123 2930 2309 2989 voce,
2376 2909 2708 2979 audacter
2753 2931 2833 2979 ac
2887 2909 3155 2988 fortiter,

602 2994 779 3064 nihil
826 3018 909 3065 ex
956 2997 1043 3065 iis
1090 3019 1268 3084 quae
1322 2997 1679 3079 viderant,
1750 2996 2087 3088 exemplis
2156 3018 2235 3066 ex
2290 2997 2718 3080 avescendO,
2775 2998 2898 3068 sed
2950 2998 3158 3068 minas

599 3105 843 3155 omnes
891 3084 1437 3167 contemnende,
1509 3086 1583 3155 in
1646 3083 1954 3154 medium
2013 3106 2217 3176 proce
2270 3097 2483 3168 enteS,
2553 3107 2703 3156 sese
2750 3086 3161 3158 Christianos

600 3195 751 3242 esse
781 3172 946 3244 fassi
997 3187 1181 3244 sunt.
1236 3177 1286 3243 Ο
1317 3174 1552 3244 beatas
1602 3173 1883 3264 linguas
1925 3194 2105 3260 quae
2152 3196 2425 3244 sacram
2474 3174 2666 3244 illam
2718 3196 2955 3245 vocem
3007 3172 3162 3244 erni-

601 3273 843 3332 serunt
888 3283 1100 3349 quam
1149 3265 1269 3332 aer
1298 3262 1580 3350 quidem
1622 3263 2001 3352 excipienS,
2060 3284 2253 3333 sacer
2298 3274 2400 3332 est
2463 3262 2711 3345 sactuS,
2766 3263 3001 3355 angeli
3046 3282 3161 3331 au·

600 3349 868 3421 dientes
917 3350 1366 3440 plauserunt:
1404 3350 1728 3420 diabolus
1775 3372 1935 3421 vero
1966 3371 2128 3419 cum
2179 3350 2639 3422 daemonibus
2689 3373 3023 3444 magnam
3052 3371 3158 3419 ac-

599 3440 782 3529 cepit
820 3439 1121 3528 plagam,
1179 3440 1514 3509 Dominus
1565 3449 1912 3530 postremo
1941 3438 2014 3507 in
2045 3437 2235 3510 coelo
2265 3439 2489 3509 deseri
2546 3440 2656 3509 sit.

688 3530 725 3614 ξ
786 3532 872 3600 4.
928 3527 1151 3618 Igitur
1211 3529 1465 3598 horum
1519 3526 1813 3614 quilibet
1858 3527 1931 3595 in
1966 3527 2276 3597 medium
2327 3550 2491 3619 proc
2536 3528 2746 3599 dens:
2783 3533 2982 3607 «En,
3034 3525 3154 3602 ait,

601 3615 1034 3687 Christianus
1081 3639 1314 3686 sum.»
1346 3622 1425 3685 Et
1471 3616 1658 3686 velut
1703 3615 1778 3685 in
1818 3614 2062 3685 stadiis
2115 3619 2238 3704 qui
2284 3616 2372 3685 ad
2404 3629 2754 3699 certamen
2796 3617 3159 3710 prodeunt,

603 3703 851 3773 dicunt
883 3727 1014 3774 sua
1063 3705 1349 3775 nomina
1391 3716 1458 3774 et
1505 3705 1577 3773 in
1627 3704 1858 3774 locum
1911 3725 2190 3806 pugnae
2253 3704 2786 3776 describuntur:
2841 3706 2946 3775 sic
2991 3714 3055 3773 et
3099 3701 3165 3769 hi

602 3803 770 3863 tunc
819 3792 1201 3865 nobilitatis
1249 3793 1665 3885 generisque
1711 3815 1791 3863 ac
1840 3791 2200 3884 dignitatis
2245 3794 2568 3885 propriae
2625 3793 2846 3875 obliti,
2900 3805 3158 3863 tantum

603 3882 983 3951 Servatoris
1031 3882 1141 3952 sui
1183 3881 1469 3973 professi
1524 3892 1692 3952 sunt
1721 3902 2015 3951 nornen:
2058 3881 2243 3968 quod
2276 3903 2519 3953 omnes
2561 3882 2806 3952 ordine
2834 3881 3157 3952 fecerunt.

602 3974 697 4039 Ex
745 3991 883 4057 quo
915 3969 1092 4041 facta
1124 3982 1226 4042 est
1264 3971 1583 4041 omniurn
1617 3992 1762 4040 una
1808 3969 2203 4061 appellatio.
2266 3975 2409 4040 Non
2451 3972 2638 4041 enim
2689 3970 2896 4040 talem
2947 3990 3028 4039 ac
3075 3977 3163 4034 ta-

605 4058 769 4140 lem,
826 4059 945 4128 sed
1012 4059 1435 4130 Christianos
1498 4080 1743 4130 omnes
1792 4081 1864 4128 se
1912 4057 2316 4128 clamantes.
2369 4063 2512 4130 Hoc
2578 4060 2812 4147 itaque
2884 4070 3163 4128 cernens

604 4145 1018 4238 praefectus,
1072 4148 1322 4218 anxius
1370 4170 1451 4218 ac
1508 4147 1770 4219 dubius
1808 4159 1976 4227 erat,
2033 4168 2120 4217 an
2172 4145 2451 4217 blandis
2500 4147 2730 4219 verbis
2792 4146 2891 4216 vel
2944 4142 3163 4246 potius

600 4234 815 4305 minis
861 4257 978 4305 eos
1025 4235 1114 4305 ad
1146 4236 1774 4327 obtemperandum
1823 4235 2217 4306 deduceret.
2271 4234 2583 4307 Primum
2627 4234 2912 4323 quidem
2952 4249 3156 4324 Ipsos»

601 4324 660 4394 si
689 4346 827 4412 quo
876 4323 1082 4394 modo
1129 4347 1171 4394 a
1208 4325 1459 4416 pietate
1505 4325 1852 4395 obstinata
1900 4335 2130 4415 posset
2160 4335 2486 4407 avertere,
2539 4324 2731 4394 dulci
2764 4320 3160 4415 aggreditur

598 4434 950 4484 sermone:
978 4412 1261 4496 «Nolite,
1298 4412 1547 4504 inquit,
1574 4414 1891 4506 Juvenes,
1929 4423 2221 4485 aetatem
2262 4411 2551 4505 perdere
2580 4423 2901 4493 vestram,
2940 4424 3156 4496 neque
