3327 4999
235 322 483 389 MART.
535 321 622 387 29
1007 334 1087 387 ott
1131 341 1225 388 ss,
1279 339 1654 388 Aauoessro
1713 334 1790 386 nr
1837 335 2009 387 socc.
2564 322 2694 388 543

230 423 640 515 capitalem:
705 422 796 494 ita
839 433 1065 493 tamen
1114 422 1414 494 callidus
1458 423 1755 495 occulte*
1788 420 2247 515 praecipienS,
2302 434 2381 492 ut
2428 422 2486 494 si
2541 423 2610 492 in
2663 423 2780 495 illa

230 514 400 585 hora
443 513 776 582 vibrantis
876 512 1040 582 ladii
1088 512 1598 604 pertimesceret
1646 514 1888 594 ictum,
1946 510 2169 601 magis
2205 533 2365 581 eum
2412 511 2774 593 occideret,

231 625 320 672 ne
369 616 740 689 martyrem
777 601 1152 692 goriosum
1205 601 1495 671 fecisset.
1551 601 1620 672 si
1670 614 1900 673 autem
1950 599 2189 671 fortem
2236 598 2303 669 in
2353 600 2782 673 confessione

226 691 680 781 conspiceret,
734 712 776 759 a
807 689 1038 780 gladio
1078 702 1509 779 temperaret.
1563 690 1691 761 Sed
1740 689 1857 760 ille
1894 700 1971 759 ut
2027 687 2353 759 columna
2401 689 2780 761 immobilis

227 780 506 850 Christo»
542 778 880 850 solidante
925 777 1120 848 fortis
1178 779 1484 861 effectus,
1536 778 1893 851 confessor
1957 778 2318 848 revertitur
2378 778 2774 869 gloriosus:

226 869 357 939 etsi
408 880 776 956 martyrem
842 867 1120 937 invidus
1168 867 1384 938 hostis
1429 868 1658 940 noluit
1716 867 1962 948 facere,
2018 865 2482 939 confessorem
2548 880 2778 938 tamen

228 971 548 1027 nostrum
593 978 725 1025 non
766 956 982 1025 valuit
1014 955 1291 1026 violare.

316 1049 353 1134 ξ
401 1051 487 1118 4.
542 1046 868 1114 Novimus
914 1058 979 1114 et
1025 1045 1242 1115 alium
1291 1067 1370 1114 ea
1425 1056 1560 1114 tem
1616 1056 1850 1123 estate,
1904 1043 2186 1114 nomine
2247 1047 2595 1114 Saturum.
2647 1044 2777 1127 Qui

222 1156 384 1205 cum
438 1134 751 1204 lucidum
793 1146 969 1203 esset
1003 1135 1395 1204 membrum
1428 1139 1556 1203 Ecc
1587 1134 1772 1207 esiae
1804 1133 2053 1205 Christi
2100 1145 2167 1203 et
2265 1132 2616 1202 ravitatem
2656 1140 2777 1204 Ar—

222 1223 580 1293 rianorum
629 1222 939 1293 libertate
984 1221 1320 1292 catholica
1394 1221 1783 1311 frequenter
1850 1224 2170 1313 argileret
2211 1154 2397 1311 fruit
2449 1221 2562 1292 hic
2614 1244 2773 1312 pro·

221 1325 499 1382 curator
544 1311 795 1381 domus
843 1310 1246 1400 Hunerici)‚
1299 1316 1738 1393 convenitur,
1790 1323 2158 1382 accusante
2208 1310 2553 1380 Marivado
2650 1334 2773 1382 uo-

219 1399 380 1470 dam
428 1401 742 1480 Diacono,
794 1421 1000 1487 quem
1035 1400 1422 1470 Hunericus
1470 1399 1814 1473 infaustus
1862 1399 2309 1491 singulariter
2354 1399 2617 1469 honora
2668 1416 2761 1481 at,

216 1501 297 1560 ut
341 1490 533 1559 fieret
568 1492 854 1558 Saturus
901 1489 1251 1559 Arrianus.
1306 1490 1806 1561 Promittuntur
1836 1488 2131 1559 honores
2158 1501 2225 1558 et
2270 1488 2551 1559 divitiae
2583 1488 2767 1558 mul-

219 1590 350 1660 tae,
415 1579 475 1647 si
542 1577 829 1648 faceret:
899 1588 1398 1679 praeparantur
1443 1579 1790 1669 supplicia
1836 1577 2011 1658 dira,
2064 1577 2124 1647 si
2172 1577 2404 1647 nollet.
2480 1582 2622 1646 Hac
2688 1599 2769 1647 0-

218 1667 452 1757 ptione
500 1667 868 1767 proposita,
910 1679 984 1736 ut
1028 1689 1087 1739 st
1137 1667 1484 1757 regalibus
1507 1667 1727 1756 jussis
1760 1689 1894 1736 non
1930 1666 2258 1747 obediret,
2318 1666 2540 1757 primo
2584 1665 2767 1737 facta

215 1754 651 1826 discussione
682 1768 747 1824 et
784 1768 942 1824 ante
987 1755 1244 1825 amissa
1290 1755 1496 1825 domo
1537 1755 1634 1825 vel
1687 1756 2095 1836 substantia,
2148 1754 2498 1825 distractis
2532 1755 2764 1824 omni-

218 1845 354 1914 bus
401 1843 766 1933 mancipiis
812 1865 891 1912 ac
932 1843 1118 1924 filiis,
1173 1864 1346 1914 uxor
1389 1845 1561 1933 ejus,
1615 1845 1766 1936 ipso
1817 1856 2202 1935 praesente,
2254 1843 2625 1914 camelario
2690 1844 2764 1913 in

214 1932 624 2022 conjugium
662 1932 1061 2002 traderetur.
1115 1932 1307 2015 Quod
1358 1932 1472 2004 ille
1520 1933 1767 2092 glenus
1816 1939 1970 2013 Deo,
2036 1933 2257 2024 magis
2314 1945 2389 2001 ut
2436 1932 2763 2003 velociter

213 2022 638 2112 provenisset
681 2021 934 2111 impios
982 2021 1414 2109 provocabat.
1467 2025 1518 2092 Ο
1611 2044 1824 2109 quam
1871 2044 2155 2092 causam
2214 2043 2383 2091 uxor
2442 2022 2593 2110 ejus
2647 2021 2760 2090 in-

211 2109 455 2180 ducias
501 2110 646 2178 visa
678 2124 778 2179 est
823 2110 910 2178 ab
946 2110 1054 2180 his
1084 2111 1203 2196 qui
1232 2112 1764 2197 exequebantur,
1803 2111 2148 2180 nesciente
2186 2110 2431 2179 marito
2476 2110 2753 2199 petisse.

212 2198 487 2268 Accedit
528 2197 617 2267 ad
667 2198 992 2267 maritum
1024 2199 1161 2267 alia
1209 2204 1364 2276 Eva,
1416 2199 1705 2269 consilio
1757 2200 2154 2290 magistrata
2204 2199 2566 2288 serpentis
2624 2198 2755 2268 Sed

215 2286 332 2356 ille
378 2286 588 2356 Adam
641 2309 773 2356 non
824 2286 952 2355 fuit
997 2287 1115 2373 qui
1165 2287 1568 2358 illecebrosa
1615 2288 1855 2358 vetitae
1901 2288 2170 2358 arboris
2235 2309 2438 2378 poma
2485 2288 2762 2356 contin-

217 2386 425 2465 geret:
477 2376 639 2462 quia
688 2397 819 2443 non
872 2375 1215 2465 indigens,
1279 2375 1396 2446 sed
1461 2381 1750 2447 Saturus
1799 2376 2212 2455 vocabatur,
2270 2387 2620 2446 saturatus
2668 2376 2758 2445 ab

217 2465 525 2534 ubertate
555 2464 802 2534 domus
849 2464 963 2534 Dei
995 2478 1060 2535 et
1108 2477 1401 2535 torrente
1447 2465 1857 2536 deliciarum
1912 2466 2063 2557 ejus
2117 2475 2407 2556 potatus.
2472 2464 2761 2536 Advenit

223 2552 476 2622 mulier
519 2553 602 2622 ad
643 2553 895 2633 locum,
960 2555 1083 2623 ubi
1131 2555 1422 2624 maritus
1468 2554 1846 2644 singularis
1893 2555 2154 2634 orabat,
2209 2554 2580 2624 conscissis
2647 2578 2762 2625 ve-

218 2642 441 2712 stibus
484 2643 807 2729 crineque
861 2643 1105 2724 solute,
1172 2665 1407 2713 secum
1455 2643 1948 2713 comitantibus
1998 2643 2204 2724 filiis,
2248 2664 2600 2729 unamque
2650 2644 2760 2714 in-

215 2730 554 2801 fantulam
600 2754 776 2817 quae
825 2744 988 2802 tuuc
1025 2733 1424 2813 lactabatur,
1462 2732 1787 2801 manibus
1818 2744 2116 2823 gestam,
2155 2753 2333 2818 quae
2382 2732 2757 2803 nescientis

213 2821 575 2910 projicitur
619 2821 702 2889 ad
759 2821 963 2911 pedes
1030 2822 1282 2890 mariti.
1336 2822 1551 2891 Etiam
1605 2822 1756 2912 ipsa
1803 2821 1948 2891 suis
1997 2842 2225 2911 genua
2271 2819 2757 2909 complectitur

209 2908 425 2988 ulnis,
471 2908 760 2978 sibilans
811 2908 1285 2980 vociferatione
1317 2910 1672 2980 draconis:
1706 2933 1741 2978 «
1778 2911 2091 2980 Miserere
2140 2909 2273 2978 mei
2321 2909 2754 2990 dulcissime,

213 2997 423 3067 simul
473 3009 538 3066 et
587 2997 707 3076 tui,
763 2999 1084 3067 miserere
1129 3000 1619 3070 communibus
1671 2999 1905 3069 liberis
1952 3020 2126 3085 quos
2179 2998 2528 3088 conspicis
2581 2999 2600 3066 i
2655 3021 2750 3067 se.

211 3091 356 3156 Non
400 3086 805 3175 subjaceant
847 3087 1223 3156 conditioni
1275 3088 1526 3168 servili,
1577 3110 1753 3174 quos
1803 3087 2025 3157 claros
2076 3086 2398 3178 prosapia
2460 3086 2577 3156 red
2635 3088 2759 3157 idit

207 3175 483 3265 generis
532 3174 768 3242 nostri.
821 3180 963 3243 Non
1014 3176 1345 3276 subjiciar
1389 3198 1514 3267 ego
1564 3176 1851 3267 indigno
1895 3187 1960 3245 et
2010 3176 2195 3265 turpi
2241 3176 2589 3267 conjugio,
2657 3176 2760 3245 vi-

211 3274 407 3330 vente
457 3263 721 3338 marito‚
775 3284 949 3348 quae
998 3264 1170 3333 mihi
1219 3286 1490 3354 semper
1536 3265 1715 3334 inter
1745 3287 2026 3335 coaevas
2062 3265 2479 3355 plaudebam
2521 3265 2606 3333 de
2639 3268 2761 3333 sa-

208 3361 364 3418 turo
413 3371 634 3417 meo.»
676 3352 1031 3440 Cognoscit
1081 3358 1255 3421 Deus
1313 3355 1477 3440 quia
1547 3353 1803 3422 invitus
1864 3353 2170 3422 facturus
2218 3375 2292 3423 es
2340 3353 2510 3432 hoc,
2566 3353 2755 3440 quod

205 3439 379 3507 sorte
425 3438 803 3507 voluntarie
850 3440 1184 3526 aliquanti
1235 3440 1560 3510 fecerunt.
1617 3441 1737 3511 Cui
1799 3441 1912 3510 ille
1971 3442 2110 3511 Job
2162 3444 2383 3512 sancti
2431 3464 2594 3510 voce
2646 3464 2754 3511 re·

207 3526 520 3617 spondit:
573 3533 924 3613 Tanquam
967 3551 1104 3597 una
1129 3551 1208 3597 ex
1242 3529 1732 3620 insipientibus
1769 3530 2174 3599 mulieribus
2225 3530 2550 3615 loqueris
2592 3535 2753 3600 For-

205 3616 541 3684 midarem
595 3615 866 3696 mulier,
920 3616 978 3687 si
1017 3616 1162 3686 sola
1207 3631 1384 3688 esset
1432 3619 1643 3708 hujus
1696 3617 1868 3686 vitae
1913 3639 2149 3688 amara
2204 3617 2523 3688 dulcedo.
2578 3620 2753 3688 Arti-

207 3704 364 3773 ficio
429 3703 675 3787 coniux
735 3705 1453 3778 diaboliministraris.
1488 3708 1557 3777 Si
1604 3704 1927 3806 diligeres
1952 3707 2304 3784 maritum,
2361 3729 2752 3794 numquam

209 3793 296 3863 ad
347 3794 720 3864 secundam
774 3806 1060 3863 mortem
1101 3794 1474 3864 attraheres
1524 3817 1878 3885 proprium
1930 3794 2182 3865 virum.
2238 3796 2629 3864 Distrahant
2671 3796 2756 3864 fi-

206 3882 356 3963 Ιίοε,
410 3896 726 3973 separent
786 3905 1068 3969 uxorem
1104 3939 1119 3965 ,
1172 3883 1484 3953 auferant
1533 3885 2026 3955 substantiam:
2081 3883 2215 3953 mei
2276 3884 2545 3953 Domini
2622 3907 2750 3975 ego

207 3993 495 4041 securus
553 3972 636 4040 de
687 3972 1049 4064 promissis
1097 3974 1301 4042 verba
1352 3973 1642 4043 tenebo:
1700 3973 1767 4041 Si
1801 3972 1960 4061 quis
2009 3995 2145 4042 non
2197 3972 2538 4043 dimiserit
2584 3996 2755 4042 uxo-

212 4082 384 4140 rem,
426 4061 630 4141 filios,
670 4084 870 4152 agros
903 4078 1025 4131 aut
1055 4061 1367 4143 domum,
1409 4085 1605 4132 meus
1653 4083 1792 4131 non
1847 4063 2093 4151 poterit
2139 4085 2287 4132 esse
2335 4061 2750 4153 discipulus

210 4148 387 4230 Quid
436 4150 670 4219 ultra?
729 4151 1129 4221 Discedente
1189 4150 1479 4220 muliere
1537 4174 1695 4219 cum
1749 4150 1913 4222 filiis
1969 4152 2280 4232 refutata,
2334 4151 2754 4221 confortatur

209 4240 498 4307 Siiturus
547 4239 627 4307 ad
674 4261 1000 4309 coronam
1040 4296 1055 4322 ‚
1109 4240 1502 4309 discutitur.
1575 4238 1960 4329 expoliatur
1995 4295 2009 4321 ,
2065 4241 2303 4331 poenis
2350 4241 2746 4320 conteritur,

207 4326 570 4397 mendicus
625 4328 1020 4399 dimittitur.
1073 4329 1516 4399 Interdicitur
1562 4330 1625 4398 ei
1680 4329 2062 4418 prodeundi
2110 4352 2463 4399 accessus:
2533 4340 2746 4398 totum

208 4413 272 4484 ei
329 4416 657 4499 tulerunt,
698 4418 942 4488 stolam
995 4431 1220 4488 tamen
1270 4418 1709 4510 baptismatis
1755 4417 2024 4488 auferre
2070 4440 2207 4488 non
2258 4429 2653 4510 potuerunt.
