<?xml version="1.0" encoding="UTF-8"?>
<!DOCTYPE html PUBLIC "-//W3C//DTD XHTML 1.0 Transitional//EN"
    "http://www.w3.org/TR/xhtml1/DTD/xhtml1-transitional.dtd">
<html xmlns="http://www.w3.org/1999/xhtml" xml:lang="en" lang="en">
 <head>
  <title>
</title>
<meta http-equiv="Content-Type" content="text/html;charset=utf-8" />
  <meta name='ocr-system' content='tesseract 3.04.00' />
  <meta name='ocr-capabilities' content='ocr_page ocr_carea ocr_par ocr_line ocrx_word'/>
</head>
<body>
  <div class='ocr_page' id='page_1' title='image "./historiaeseuvit04lippgoog_0258.png"; bbox 0 0 3327 4999; ppageno 0'>
   <div class='ocr_carea' id='block_1_1' title="bbox 672 306 3148 439">
    <p class='ocr_par' dir='ltr' id='par_1_1' title="bbox 672 306 3148 439">
     <span class='ocr_line' id='line_1_1' title="bbox 672 306 3148 439; baseline -0.001 -18"><span class='ocrx_word' id='word_1_1' title='bbox 672 358 801 423; x_wconf 70' lang='lat'><strong>244</strong></span> <span class='ocrx_word' id='word_1_2' title='bbox 1485 375 1565 421; x_wconf 74' lang='lat' dir='ltr'><strong>nn</strong></span> <span class='ocrx_word' id='word_1_3' title='bbox 1612 375 1668 422; x_wconf 88' lang='lat' dir='ltr'><strong>s.</strong></span> <span class='ocrx_word' id='word_1_4' title='bbox 1711 306 2039 422; x_wconf 62' lang='lat' dir='ltr'><strong>²(niliacum</strong></span> <span class='ocrx_word' id='word_1_5' title='bbox 2089 370 2251 417; x_wconf 71' lang='grc' dir='ltr'><strong>ΡΑΡΑ</strong></span> <span class='ocrx_word' id='word_1_6' title='bbox 2756 351 3004 439; x_wconf 80' lang='lat' dir='ltr'><strong>MART.</strong></span> <span class='ocrx_word' id='word_1_7' title='bbox 3062 354 3148 418; x_wconf 69' lang='lat'><strong>42</strong></span> 
     </span>
    </p>
   </div>
   <div class='ocr_carea' id='block_1_2' title="bbox 559 447 3196 4522">
    <p class='ocr_par' dir='ltr' id='par_1_2' title="bbox 576 447 3155 1250">
     <span class='ocr_line' id='line_1_2' title="bbox 581 447 3149 540; baseline -0.002 -14"><span class='ocrx_word' id='word_1_8' title='bbox 581 465 767 534; x_wconf 89' lang='lat' dir='ltr'><strong>sunt,</strong></span> <span class='ocrx_word' id='word_1_9' title='bbox 822 464 1081 540; x_wconf 86' lang='lat' dir='ltr'><strong>quanta</strong></span> <span class='ocrx_word' id='word_1_10' title='bbox 1128 473 1254 522; x_wconf 88' lang='lat' dir='ltr'><strong>nec</strong></span> <span class='ocrx_word' id='word_1_11' title='bbox 1301 452 1388 523; x_wconf 88' lang='lat' dir='ltr'><strong>de</strong></span> <span class='ocrx_word' id='word_1_12' title='bbox 1436 451 1765 523; x_wconf 88' lang='lat' dir='ltr'><strong>scelerato</strong></span> <span class='ocrx_word' id='word_1_13' title='bbox 1812 470 2256 538; x_wconf 87' lang='lat' dir='ltr'><strong>quocumque</strong></span> <span class='ocrx_word' id='word_1_14' title='bbox 2302 447 2479 519; x_wconf 87' lang='lat' dir='ltr'><strong>laico</strong></span> <span class='ocrx_word' id='word_1_15' title='bbox 2527 448 2995 520; x_wconf 87' lang='lat' dir='ltr'><strong>crederentur.</strong></span> <span class='ocrx_word' id='word_1_16' title='bbox 3067 455 3149 520; x_wconf 86' lang='lat' dir='ltr'><strong>Et</strong></span> 
     </span>
     <span class='ocr_line' id='line_1_3' title="bbox 578 538 3150 630; baseline -0.002 -19"><span class='ocrx_word' id='word_1_17' title='bbox 578 543 748 630; x_wconf 84' lang='lat' dir='ltr'><strong>quia</strong></span> <span class='ocrx_word' id='word_1_18' title='bbox 794 541 974 612; x_wconf 89' lang='lat' dir='ltr'><strong>inter</strong></span> <span class='ocrx_word' id='word_1_19' title='bbox 1018 540 1291 612; x_wconf 89' lang='lat' dir='ltr'><strong>diversa</strong></span> <span class='ocrx_word' id='word_1_20' title='bbox 1340 541 1546 620; x_wconf 90' lang='lat' dir='ltr'><strong>mala,</strong></span> <span class='ocrx_word' id='word_1_21' title='bbox 1603 540 1877 627; x_wconf 90' lang='lat' dir='ltr'><strong>aliquos</strong></span> <span class='ocrx_word' id='word_1_22' title='bbox 1922 539 2129 609; x_wconf 89' lang='lat' dir='ltr'><strong>etiam</strong></span> <span class='ocrx_word' id='word_1_23' title='bbox 2180 558 2533 609; x_wconf 79' lang='lat' dir='ltr'><strong>sermones</strong></span> <span class='ocrx_word' id='word_1_24' title='bbox 2583 538 2884 628; x_wconf 83' lang='lat' dir='ltr'>scripsit,</span> <span class='ocrx_word' id='word_1_25' title='bbox 2939 552 3150 625; x_wconf 87' lang='lat' dir='ltr'><strong>atque</strong></span> 
     </span>
     <span class='ocr_line' id='line_1_4' title="bbox 580 626 3149 711; baseline -0.002 -10"><span class='ocrx_word' id='word_1_26' title='bbox 580 652 698 702; x_wconf 89' lang='lat' dir='ltr'><strong>eos</strong></span> <span class='ocrx_word' id='word_1_27' title='bbox 744 652 827 700; x_wconf 83' lang='lat' dir='ltr'><strong>ex</strong></span> <span class='ocrx_word' id='word_1_28' title='bbox 877 642 1106 700; x_wconf 87' lang='lat' dir='ltr'><strong>nostro</strong></span> <span class='ocrx_word' id='word_1_29' title='bbox 1157 630 1438 698; x_wconf 91' lang='lat' dir='ltr'><strong>nomine</strong></span> <span class='ocrx_word' id='word_1_30' title='bbox 1485 628 1807 711; x_wconf 89' lang='lat' dir='ltr'><strong>titulavit,</strong></span> <span class='ocrx_word' id='word_1_31' title='bbox 1860 640 1926 697; x_wconf 90' lang='lat' dir='ltr'><strong>et</strong></span> <span class='ocrx_word' id='word_1_32' title='bbox 1975 650 2095 699; x_wconf 87' lang='lat' dir='ltr'><strong>sus</strong></span> <span class='ocrx_word' id='word_1_33' title='bbox 2187 626 2280 697; x_wconf 85' lang='lat' dir='ltr'><strong>cti</strong></span> <span class='ocrx_word' id='word_1_34' title='bbox 2307 647 2576 707; x_wconf 77' lang='lat' dir='ltr'><strong>sumu5,</strong></span> <span class='ocrx_word' id='word_1_35' title='bbox 2617 648 2703 695; x_wconf 89' lang='lat' dir='ltr'><strong>ne</strong></span> <span class='ocrx_word' id='word_1_36' title='bbox 2736 649 2852 697; x_wconf 89' lang='lat' dir='ltr'><strong>eos</strong></span> <span class='ocrx_word' id='word_1_37' title='bbox 2882 627 3149 698; x_wconf 89' lang='lat' dir='ltr'><strong>alicubi</strong></span> 
     </span>
     <span class='ocr_line' id='line_1_5' title="bbox 582 715 3151 813; baseline -0.001 -24"><span class='ocrx_word' id='word_1_38' title='bbox 582 718 1066 799; x_wconf 77' lang='lat' dir='ltr'><strong>transmiserit,</strong></span> <span class='ocrx_word' id='word_1_39' title='bbox 1118 717 1511 791; x_wconf 79' lang='lat' dir='ltr'><strong>fraternitas</strong></span> <span class='ocrx_word' id='word_1_40' title='bbox 1543 731 1767 787; x_wconf 88' lang='lat' dir='ltr'><strong>vestra</strong></span> <span class='ocrx_word' id='word_1_41' title='bbox 1806 716 2082 788; x_wconf 76' lang='lat' dir='ltr'><strong>solicitu</strong></span> <span class='ocrx_word' id='word_1_42' title='bbox 2135 715 2323 784; x_wconf 91' lang='lat' dir='ltr'><strong>inem</strong></span> <span class='ocrx_word' id='word_1_43' title='bbox 2363 726 2577 813; x_wconf 83' lang='lat' dir='ltr'><strong>gerat,</strong></span> <span class='ocrx_word' id='word_1_44' title='bbox 2622 727 2688 783; x_wconf 88' lang='lat' dir='ltr'><strong>et</strong></span> <span class='ocrx_word' id='word_1_45' title='bbox 2717 717 2777 785; x_wconf 92' lang='lat' dir='ltr'><strong>si</strong></span> <span class='ocrx_word' id='word_1_46' title='bbox 2809 716 2979 802; x_wconf 87' lang='lat' dir='ltr'><strong>quid</strong></span> <span class='ocrx_word' id='word_1_47' title='bbox 3013 716 3151 786; x_wconf 88' lang='lat' dir='ltr'><strong>tale</strong></span> 
     </span>
     <span class='ocr_line' id='line_1_6' title="bbox 581 802 3152 897; baseline -0.002 -20"><span class='ocrx_word' id='word_1_48' title='bbox 581 806 933 897; x_wconf 82' lang='lat' dir='ltr'><strong>repererit,</strong></span> <span class='ocrx_word' id='word_1_49' title='bbox 961 827 1078 877; x_wconf 89' lang='lat' dir='ltr'><strong>eos</strong></span> <span class='ocrx_word' id='word_1_50' title='bbox 1106 806 1441 887; x_wconf 86' lang='lat' dir='ltr'><strong>exscindi,</strong></span> <span class='ocrx_word' id='word_1_51' title='bbox 1475 819 1541 876; x_wconf 86' lang='lat' dir='ltr'><strong>et</strong></span> <span class='ocrx_word' id='word_1_52' title='bbox 1572 828 1683 875; x_wconf 90' lang='lat' dir='ltr'><strong>om</strong></span> <span class='ocrx_word' id='word_1_53' title='bbox 1698 805 1861 875; x_wconf 88' lang='lat' dir='ltr'><strong>nino</strong></span> <span class='ocrx_word' id='word_1_54' title='bbox 1894 804 2102 874; x_wconf 87' lang='lat' dir='ltr'><strong>saciat</strong></span> <span class='ocrx_word' id='word_1_55' title='bbox 2133 802 2416 873; x_wconf 79' lang='lat' dir='ltr'><strong>aboleri:</strong></span> <span class='ocrx_word' id='word_1_56' title='bbox 2455 815 2532 873; x_wconf 90' lang='lat' dir='ltr'><strong>ut</strong></span> <span class='ocrx_word' id='word_1_57' title='bbox 2560 804 2745 889; x_wconf 87' lang='lat' dir='ltr'><strong>quod</strong></span> <span class='ocrx_word' id='word_1_58' title='bbox 2779 802 3152 895; x_wconf 89' lang='lat' dir='ltr'><strong>imperitus</strong></span> 
     </span>
     <span class='ocr_line' id='line_1_7' title="bbox 582 891 3146 984; baseline -0.001 -20"><span class='ocrx_word' id='word_1_59' title='bbox 582 894 967 977; x_wconf 88' lang='lat' dir='ltr'><strong>literarum,</strong></span> <span class='ocrx_word' id='word_1_60' title='bbox 1020 906 1088 964; x_wconf 85' lang='lat' dir='ltr'><strong>et</strong></span> <span class='ocrx_word' id='word_1_61' title='bbox 1134 895 1521 984; x_wconf 80' lang='lat' dir='ltr'><strong>scripturae</strong></span> <span class='ocrx_word' id='word_1_62' title='bbox 1566 894 1845 964; x_wconf 90' lang='lat' dir='ltr'><strong>divinae</strong></span> <span class='ocrx_word' id='word_1_63' title='bbox 1892 893 2214 972; x_wconf 90' lang='lat' dir='ltr'><strong>nescius,</strong></span> <span class='ocrx_word' id='word_1_64' title='bbox 2271 901 2529 972; x_wconf 81' lang='lat' dir='ltr'><strong>nostre,</strong></span> <span class='ocrx_word' id='word_1_65' title='bbox 2586 891 2765 961; x_wconf 88' lang='lat' dir='ltr'><strong>sicut</strong></span> <span class='ocrx_word' id='word_1_66' title='bbox 2811 892 3146 976; x_wconf 78' lang='lat' dir='ltr'><strong>diximuS,</strong></span> 
     </span>
     <span class='ocr_line' id='line_1_8' title="bbox 576 979 3152 1073; baseline -0 -21"><span class='ocrx_word' id='word_1_67' title='bbox 576 983 865 1053; x_wconf 89' lang='lat' dir='ltr'><strong>nomine</strong></span> <span class='ocrx_word' id='word_1_68' title='bbox 911 984 1361 1073; x_wconf 81' lang='lat' dir='ltr'><strong>praenotavit,</strong></span> <span class='ocrx_word' id='word_1_69' title='bbox 1414 982 1859 1069; x_wconf 85' lang='lat' dir='ltr'><strong>quorundam</strong></span> <span class='ocrx_word' id='word_1_70' title='bbox 1902 982 2175 1051; x_wconf 90' lang='lat' dir='ltr'><strong>animos</strong></span> <span class='ocrx_word' id='word_1_71' title='bbox 2207 1001 2346 1049; x_wconf 90' lang='lat' dir='ltr'><strong>non</strong></span> <span class='ocrx_word' id='word_1_72' title='bbox 2383 979 2603 1070; x_wconf 80' lang='lat' dir='ltr'><strong>possit</strong></span> <span class='ocrx_word' id='word_1_73' title='bbox 2639 980 2939 1051; x_wconf 88' lang='lat' dir='ltr'><strong>inficere.</strong></span> <span class='ocrx_word' id='word_1_74' title='bbox 2977 987 3152 1051; x_wconf 87' lang='lat' dir='ltr'><strong>Nam</strong></span> 
     </span>
     <span class='ocr_line' id='line_1_9' title="bbox 580 1067 3155 1172; baseline -0.002 -30"><span class='ocrx_word' id='word_1_75' title='bbox 580 1094 712 1172; x_wconf 78' lang='lat' dir='ltr'><strong>nos</strong></span> <span class='ocrx_word' id='word_1_76' title='bbox 747 1093 872 1172; x_wconf 83' lang='lat' dir='ltr'><strong>nec</strong></span> <span class='ocrx_word' id='word_1_77' title='bbox 911 1077 1167 1142; x_wconf 84' lang='lat' dir='ltr'><strong>Graece</strong></span> <span class='ocrx_word' id='word_1_78' title='bbox 1200 1071 1546 1152; x_wconf 88' lang='lat' dir='ltr'><strong>novimus,</strong></span> <span class='ocrx_word' id='word_1_79' title='bbox 1590 1093 1717 1141; x_wconf 91' lang='lat' dir='ltr'><strong>nec</strong></span> <span class='ocrx_word' id='word_1_80' title='bbox 1748 1070 2030 1158; x_wconf 91' lang='lat' dir='ltr'><strong>aliquod</strong></span> <span class='ocrx_word' id='word_1_81' title='bbox 2072 1091 2251 1159; x_wconf 91' lang='lat' dir='ltr'><strong>opus</strong></span> <span class='ocrx_word' id='word_1_82' title='bbox 2289 1067 2668 1155; x_wconf 89' lang='lat' dir='ltr'><strong>aliquando</strong></span> <span class='ocrx_word' id='word_1_83' title='bbox 2700 1074 2949 1139; x_wconf 87' lang='lat' dir='ltr'><strong>Graece</strong></span> <span class='ocrx_word' id='word_1_84' title='bbox 2980 1092 3155 1140; x_wconf 86' lang='lat' dir='ltr'><strong>eon-</strong></span> 
     </span>
     <span class='ocr_line' id='line_1_10' title="bbox 580 1182 1081 1250; baseline -0.008 -19"><span class='ocrx_word' id='word_1_85' title='bbox 580 1182 1017 1250; x_wconf 76' lang='lat' dir='ltr'><strong>scripsimuS.</strong></span> <span class='ocrx_word' id='word_1_86' title='bbox 1044 1183 1081 1227; x_wconf 88' lang='lat'>»</span> 
     </span>
    </p>

    <p class='ocr_par' dir='ltr' id='par_1_3' title="bbox 561 1245 3196 4077">
     <span class='ocr_line' id='line_1_11' title="bbox 667 1245 3153 1338; baseline -0.001 -18"><span class='ocrx_word' id='word_1_87' title='bbox 667 1252 705 1336; x_wconf 65' lang='grc' dir='ltr'>ἓ</span> <span class='ocrx_word' id='word_1_88' title='bbox 751 1253 910 1320; x_wconf 62' lang='lat'><strong>20.</strong></span> <span class='ocrx_word' id='word_1_89' title='bbox 964 1248 1156 1331; x_wconf 88' lang='lat' dir='ltr'><strong>Quod</strong></span> <span class='ocrx_word' id='word_1_90' title='bbox 1210 1269 1367 1317; x_wconf 88' lang='lat' dir='ltr'><strong>vero</strong></span> <span class='ocrx_word' id='word_1_91' title='bbox 1416 1247 1768 1328; x_wconf 90' lang='lat' dir='ltr'><strong>monachi,</strong></span> <span class='ocrx_word' id='word_1_92' title='bbox 1822 1247 1946 1333; x_wconf 85' lang='lat' dir='ltr'><strong>qui</strong></span> <span class='ocrx_word' id='word_1_93' title='bbox 1994 1268 2035 1316; x_wconf 92' lang='lat' dir='ltr'><strong>a</strong></span> <span class='ocrx_word' id='word_1_94' title='bbox 2074 1245 2401 1338; x_wconf 86' lang='lat' dir='ltr'><strong>Gregorio</strong></span> <span class='ocrx_word' id='word_1_95' title='bbox 2435 1247 2505 1315; x_wconf 90' lang='lat' dir='ltr'><strong>in</strong></span> <span class='ocrx_word' id='word_1_96' title='bbox 2549 1246 2912 1335; x_wconf 86' lang='lat' dir='ltr'><strong>Saxoniam</strong></span> <span class='ocrx_word' id='word_1_97' title='bbox 2947 1247 3153 1317; x_wconf 89' lang='lat' dir='ltr'><strong>missi</strong></span> 
     </span>
     <span class='ocr_line' id='line_1_12' title="bbox 580 1334 3148 1426; baseline -0.001 -19"><span class='ocrx_word' id='word_1_98' title='bbox 580 1348 767 1416; x_wconf 90' lang='lat' dir='ltr'><strong>sunt,</strong></span> <span class='ocrx_word' id='word_1_99' title='bbox 824 1337 1045 1408; x_wconf 85' lang='lat' dir='ltr'><strong>sancti</strong></span> <span class='ocrx_word' id='word_1_100' title='bbox 1095 1336 1442 1406; x_wconf 86' lang='lat' dir='ltr'><strong>Benedicti</strong></span> <span class='ocrx_word' id='word_1_101' title='bbox 1493 1336 1773 1425; x_wconf 86' lang='lat' dir='ltr'><strong>regulae</strong></span> <span class='ocrx_word' id='word_1_102' title='bbox 1819 1335 2079 1405; x_wconf 86' lang='lat' dir='ltr'><strong>fuerint</strong></span> <span class='ocrx_word' id='word_1_103' title='bbox 2111 1334 2514 1426; x_wconf 86' lang='lat' dir='ltr'><strong>mancipati,</strong></span> <span class='ocrx_word' id='word_1_104' title='bbox 2553 1335 2734 1403; x_wconf 89' lang='lat' dir='ltr'><strong>inter</strong></span> <span class='ocrx_word' id='word_1_105' title='bbox 2763 1335 2896 1404; x_wconf 91' lang='lat' dir='ltr'><strong>alia</strong></span> <span class='ocrx_word' id='word_1_106' title='bbox 2928 1336 3148 1404; x_wconf 87' lang='lat' dir='ltr'><strong>etiam</strong></span> 
     </span>
     <span class='ocr_line' id='line_1_13' title="bbox 580 1422 3153 1515; baseline -0.001 -21"><span class='ocrx_word' id='word_1_107' title='bbox 580 1424 758 1494; x_wconf 89' lang='lat' dir='ltr'><strong>illud</strong></span> <span class='ocrx_word' id='word_1_108' title='bbox 808 1424 1129 1504; x_wconf 88' lang='lat' dir='ltr'><strong>ostendit,</strong></span> <span class='ocrx_word' id='word_1_109' title='bbox 1183 1424 1368 1511; x_wconf 87' lang='lat' dir='ltr'><strong>quod</strong></span> <span class='ocrx_word' id='word_1_110' title='bbox 1420 1446 1500 1493; x_wconf 84' lang='lat' dir='ltr'><strong>ex</strong></span> <span class='ocrx_word' id='word_1_111' title='bbox 1548 1424 1774 1514; x_wconf 85' lang='lat' dir='ltr'><strong>ipsius</strong></span> <span class='ocrx_word' id='word_1_112' title='bbox 1822 1422 2192 1514; x_wconf 87' lang='lat' dir='ltr'><strong>discipulis</strong></span> <span class='ocrx_word' id='word_1_113' title='bbox 2240 1423 2350 1492; x_wconf 81' lang='lat' dir='ltr'><strong>vix</strong></span> <span class='ocrx_word' id='word_1_114' title='bbox 2399 1435 2620 1513; x_wconf 89' lang='lat' dir='ltr'><strong>potest</strong></span> <span class='ocrx_word' id='word_1_115' title='bbox 2667 1423 2734 1491; x_wconf 88' lang='lat' dir='ltr'><strong>in</strong></span> <span class='ocrx_word' id='word_1_116' title='bbox 2788 1423 2925 1492; x_wconf 91' lang='lat' dir='ltr'><strong>illis</strong></span> <span class='ocrx_word' id='word_1_117' title='bbox 2982 1446 3153 1515; x_wconf 89' lang='lat' dir='ltr'><strong>par-</strong></span> 
     </span>
     <span class='ocr_line' id='line_1_14' title="bbox 578 1511 3149 1599; baseline 0 -18"><span class='ocrx_word' id='word_1_118' title='bbox 578 1513 766 1582; x_wconf 91' lang='lat' dir='ltr'><strong>tibus</strong></span> <span class='ocrx_word' id='word_1_119' title='bbox 816 1513 1199 1583; x_wconf 87' lang='lat' dir='ltr'><strong>monachus</strong></span> <span class='ocrx_word' id='word_1_120' title='bbox 1246 1512 1503 1599; x_wconf 89' lang='lat' dir='ltr'><strong>aliquis</strong></span> <span class='ocrx_word' id='word_1_121' title='bbox 1551 1512 1892 1593; x_wconf 82' lang='lat' dir='ltr'><strong>inveniri,</strong></span> <span class='ocrx_word' id='word_1_122' title='bbox 1946 1534 1985 1582; x_wconf 92' lang='lat' dir='ltr'><strong>a</strong></span> <span class='ocrx_word' id='word_1_123' title='bbox 2033 1533 2172 1597; x_wconf 93' lang='lat' dir='ltr'><strong>quo</strong></span> <span class='ocrx_word' id='word_1_124' title='bbox 2226 1534 2365 1581; x_wconf 90' lang='lat' dir='ltr'><strong>non</strong></span> <span class='ocrx_word' id='word_1_125' title='bbox 2424 1511 2823 1582; x_wconf 85' lang='lat' dir='ltr'><strong>observetur</strong></span> <span class='ocrx_word' id='word_1_126' title='bbox 2877 1525 3009 1581; x_wconf 88' lang='lat' dir='ltr'><strong>tam</strong></span> <span class='ocrx_word' id='word_1_127' title='bbox 3067 1512 3149 1581; x_wconf 88' lang='lat' dir='ltr'><strong>in</strong></span> 
     </span>
     <span class='ocr_line' id='line_1_15' title="bbox 576 1600 3196 1691; baseline 0 -22"><span class='ocrx_word' id='word_1_128' title='bbox 576 1600 930 1691; x_wconf 88' lang='lat' dir='ltr'><strong>proposito</strong></span> <span class='ocrx_word' id='word_1_129' title='bbox 978 1623 1189 1688; x_wconf 88' lang='lat' dir='ltr'><strong>quam</strong></span> <span class='ocrx_word' id='word_1_130' title='bbox 1227 1601 1297 1669; x_wconf 88' lang='lat' dir='ltr'><strong>in</strong></span> <span class='ocrx_word' id='word_1_131' title='bbox 1332 1600 1573 1670; x_wconf 88' lang='lat' dir='ltr'><strong>habitu</strong></span> <span class='ocrx_word' id='word_1_132' title='bbox 1605 1600 1850 1691; x_wconf 87' lang='lat' dir='ltr'><strong>regula</strong></span> <span class='ocrx_word' id='word_1_133' title='bbox 1888 1600 2261 1669; x_wconf 86' lang='lat' dir='ltr'><strong>Benedicti.</strong></span> <span class='ocrx_word' id='word_1_134' title='bbox 2300 1604 2733 1691; x_wconf 86' lang='lat' dir='ltr'><strong>Quapropter</strong></span> <span class='ocrx_word' id='word_1_135' title='bbox 2765 1601 2942 1670; x_wconf 90' lang='lat' dir='ltr'><strong>sicut</strong></span> <span class='ocrx_word' id='word_1_136' title='bbox 2975 1622 3154 1670; x_wconf 91' lang='lat' dir='ltr'><strong>con-</strong></span> <span class='ocrx_word' id='word_1_137' title='bbox 3191 1631 3196 1635; x_wconf 56' lang='grc'><strong>’</strong></span> 
     </span>
     <span class='ocr_line' id='line_1_16' title="bbox 578 1687 3154 1780; baseline 0.001 -22"><span class='ocrx_word' id='word_1_138' title='bbox 578 1701 710 1759; x_wconf 86' lang='lat' dir='ltr'><strong>stat</strong></span> <span class='ocrx_word' id='word_1_139' title='bbox 757 1690 1260 1780; x_wconf 86' lang='lat' dir='ltr'><strong>Gregorianum</strong></span> <span class='ocrx_word' id='word_1_140' title='bbox 1309 1690 1807 1758; x_wconf 88' lang='lat' dir='ltr'><strong>monasterium</strong></span> <span class='ocrx_word' id='word_1_141' title='bbox 1860 1710 1903 1757; x_wconf 87' lang='lat' dir='ltr'><strong>a</strong></span> <span class='ocrx_word' id='word_1_142' title='bbox 1951 1687 2309 1757; x_wconf 87' lang='lat' dir='ltr'><strong>Latinitate</strong></span> <span class='ocrx_word' id='word_1_143' title='bbox 2357 1689 2429 1756; x_wconf 91' lang='lat' dir='ltr'><strong>in</strong></span> <span class='ocrx_word' id='word_1_144' title='bbox 2481 1688 2967 1768; x_wconf 89' lang='lat' dir='ltr'><strong>Graecitatem,</strong></span> <span class='ocrx_word' id='word_1_145' title='bbox 3023 1711 3154 1760; x_wconf 88' lang='lat' dir='ltr'><strong>ne-</strong></span> 
     </span>
     <span class='ocr_line' id='line_1_17' title="bbox 578 1776 3152 1867; baseline -0 -19"><span class='ocrx_word' id='word_1_146' title='bbox 578 1777 897 1848; x_wconf 85' lang='lat' dir='ltr'><strong>cessitate</strong></span> <span class='ocrx_word' id='word_1_147' title='bbox 948 1777 1177 1866; x_wconf 88' lang='lat' dir='ltr'><strong>potius</strong></span> <span class='ocrx_word' id='word_1_148' title='bbox 1225 1799 1434 1863; x_wconf 84' lang='lat' dir='ltr'><strong>quam</strong></span> <span class='ocrx_word' id='word_1_149' title='bbox 1485 1777 1836 1847; x_wconf 85' lang='lat' dir='ltr'><strong>voluntate</strong></span> <span class='ocrx_word' id='word_1_150' title='bbox 1881 1798 2329 1847; x_wconf 84' lang='lat' dir='ltr'><strong>conversum:</strong></span> <span class='ocrx_word' id='word_1_151' title='bbox 2384 1777 2476 1845; x_wconf 88' lang='lat' dir='ltr'><strong>ita</strong></span> <span class='ocrx_word' id='word_1_152' title='bbox 2508 1776 2802 1846; x_wconf 82' lang='lat' dir='ltr'><strong>fideliter</strong></span> <span class='ocrx_word' id='word_1_153' title='bbox 2835 1790 3152 1867; x_wconf 85' lang='lat' dir='ltr'><strong>praesto-</strong></span> 
     </span>
     <span class='ocr_line' id='line_1_18' title="bbox 577 1864 3144 1946; baseline 0.001 -13"><span class='ocrx_word' id='word_1_154' title='bbox 577 1865 785 1946; x_wconf 85' lang='lat' dir='ltr'><strong>latur,</strong></span> <span class='ocrx_word' id='word_1_155' title='bbox 839 1866 911 1933; x_wconf 91' lang='lat' dir='ltr'><strong>in</strong></span> <span class='ocrx_word' id='word_1_156' title='bbox 961 1865 1347 1935; x_wconf 81' lang='lat' dir='ltr'><strong>Latinitatis</strong></span> <span class='ocrx_word' id='word_1_157' title='bbox 1394 1865 1690 1944; x_wconf 89' lang='lat' dir='ltr'><strong>cultum,</strong></span> <span class='ocrx_word' id='word_1_158' title='bbox 1744 1864 2009 1935; x_wconf 85' lang='lat' dir='ltr'><strong>favente</strong></span> <span class='ocrx_word' id='word_1_159' title='bbox 2048 1864 2359 1945; x_wconf 89' lang='lat' dir='ltr'><strong>Domino,</strong></span> <span class='ocrx_word' id='word_1_160' title='bbox 2403 1864 2631 1933; x_wconf 89' lang='lat' dir='ltr'><strong>denuo</strong></span> <span class='ocrx_word' id='word_1_161' title='bbox 2671 1887 3144 1936; x_wconf 83' lang='lat' dir='ltr'><strong>reversurum.</strong></span> 
     </span>
     <span class='ocr_line' id='line_1_19' title="bbox 577 1952 3154 2044; baseline 0 -22"><span class='ocrx_word' id='word_1_162' title='bbox 577 1957 657 2023; x_wconf 92' lang='lat' dir='ltr'><strong>In</strong></span> <span class='ocrx_word' id='word_1_163' title='bbox 707 1952 911 2043; x_wconf 89' lang='lat' dir='ltr'><strong>cujus</strong></span> <span class='ocrx_word' id='word_1_164' title='bbox 958 1953 1371 2024; x_wconf 83' lang='lat' dir='ltr'><strong>venerabilis</strong></span> <span class='ocrx_word' id='word_1_165' title='bbox 1420 1955 1825 2023; x_wconf 87' lang='lat' dir='ltr'><strong>monasterii</strong></span> <span class='ocrx_word' id='word_1_166' title='bbox 1870 1954 2067 2034; x_wconf 88' lang='lat' dir='ltr'><strong>atrio,</strong></span> <span class='ocrx_word' id='word_1_167' title='bbox 2109 1953 2313 2040; x_wconf 87' lang='lat' dir='ltr'><strong>jussu</strong></span> <span class='ocrx_word' id='word_1_168' title='bbox 2345 1953 2677 2044; x_wconf 85' lang='lat' dir='ltr'><strong>Gregorii,</strong></span> <span class='ocrx_word' id='word_1_169' title='bbox 2711 1953 2905 2043; x_wconf 85' lang='lat' dir='ltr'><strong>juxta</strong></span> <span class='ocrx_word' id='word_1_170' title='bbox 2938 1976 3154 2043; x_wconf 80' lang='lat' dir='ltr'><strong>nym-</strong></span> 
     </span>
     <span class='ocr_line' id='line_1_20' title="bbox 575 2040 3153 2132; baseline 0.001 -22"><span class='ocrx_word' id='word_1_171' title='bbox 575 2042 824 2132; x_wconf 89' lang='lat' dir='ltr'><strong>phium</strong></span> <span class='ocrx_word' id='word_1_172' title='bbox 874 2040 1052 2111; x_wconf 88' lang='lat' dir='ltr'><strong>duae</strong></span> <span class='ocrx_word' id='word_1_173' title='bbox 1101 2041 1339 2111; x_wconf 92' lang='lat' dir='ltr'><strong>iconae</strong></span> <span class='ocrx_word' id='word_1_174' title='bbox 1390 2042 1791 2111; x_wconf 89' lang='lat' dir='ltr'><strong>veterrimae</strong></span> <span class='ocrx_word' id='word_1_175' title='bbox 1824 2042 2276 2112; x_wconf 82' lang='lat' dir='ltr'><strong>artificialiter</strong></span> <span class='ocrx_word' id='word_1_176' title='bbox 2303 2040 2613 2131; x_wconf 86' lang='lat' dir='ltr'><strong>depictae</strong></span> <span class='ocrx_word' id='word_1_177' title='bbox 2650 2064 2873 2128; x_wconf 89' lang='lat' dir='ltr'><strong>usque</strong></span> <span class='ocrx_word' id='word_1_178' title='bbox 2912 2042 3153 2112; x_wconf 86' lang='lat' dir='ltr'><strong>hacte-</strong></span> 
     </span>
     <span class='ocr_line' id='line_1_21' title="bbox 574 2130 3151 2220; baseline 0.001 -22"><span class='ocrx_word' id='word_1_179' title='bbox 574 2152 712 2200; x_wconf 89' lang='lat' dir='ltr'><strong>nus</strong></span> <span class='ocrx_word' id='word_1_180' title='bbox 758 2130 1104 2200; x_wconf 89' lang='lat' dir='ltr'><strong>videntur.</strong></span> <span class='ocrx_word' id='word_1_181' title='bbox 1172 2134 1250 2198; x_wconf 93' lang='lat' dir='ltr'><strong>In</strong></span> <span class='ocrx_word' id='word_1_182' title='bbox 1301 2152 1598 2216; x_wconf 87' lang='lat' dir='ltr'><strong>quarum</strong></span> <span class='ocrx_word' id='word_1_183' title='bbox 1652 2131 1867 2200; x_wconf 89' lang='lat' dir='ltr'><strong>altera</strong></span> <span class='ocrx_word' id='word_1_184' title='bbox 1914 2130 2156 2200; x_wconf 88' lang='lat' dir='ltr'><strong>beatus</strong></span> <span class='ocrx_word' id='word_1_185' title='bbox 2204 2130 2558 2220; x_wconf 87' lang='lat' dir='ltr'><strong>apostolus</strong></span> <span class='ocrx_word' id='word_1_186' title='bbox 2608 2135 2844 2199; x_wconf 86' lang='lat' dir='ltr'><strong>Petrus</strong></span> <span class='ocrx_word' id='word_1_187' title='bbox 2893 2130 3151 2201; x_wconf 89' lang='lat' dir='ltr'><strong>sedens</strong></span> 
     </span>
     <span class='ocr_line' id='line_1_22' title="bbox 574 2217 3149 2310; baseline 0.001 -23"><span class='ocrx_word' id='word_1_188' title='bbox 574 2218 1043 2308; x_wconf 87' lang='lat' dir='ltr'><strong>conspicitur,</strong></span> <span class='ocrx_word' id='word_1_189' title='bbox 1096 2231 1393 2288; x_wconf 87' lang='lat' dir='ltr'><strong>stantem</strong></span> <span class='ocrx_word' id='word_1_190' title='bbox 1463 2219 1890 2288; x_wconf 85' lang='lat' dir='ltr'><strong>Gordianum</strong></span> <span class='ocrx_word' id='word_1_191' title='bbox 1956 2218 2454 2307; x_wconf 82' lang='lat' dir='ltr'><strong>regionarium,</strong></span> <span class='ocrx_word' id='word_1_192' title='bbox 2510 2217 2824 2288; x_wconf 89' lang='lat' dir='ltr'><strong>videlicet</strong></span> <span class='ocrx_word' id='word_1_193' title='bbox 2874 2231 3149 2310; x_wconf 85' lang='lat' dir='ltr'><strong>patrem</strong></span> 
     </span>
     <span class='ocr_line' id='line_1_23' title="bbox 574 2306 3141 2397; baseline 0.001 -21"><span class='ocrx_word' id='word_1_194' title='bbox 574 2307 934 2396; x_wconf 84' lang='lat' dir='ltr'><strong>Gregorii,</strong></span> <span class='ocrx_word' id='word_1_195' title='bbox 990 2329 1208 2376; x_wconf 88' lang='lat' dir='ltr'><strong>manu</strong></span> <span class='ocrx_word' id='word_1_196' title='bbox 1255 2307 1529 2376; x_wconf 86' lang='lat' dir='ltr'><strong>dextera</strong></span> <span class='ocrx_word' id='word_1_197' title='bbox 1591 2329 1713 2397; x_wconf 92' lang='lat' dir='ltr'><strong>per</strong></span> <span class='ocrx_word' id='word_1_198' title='bbox 1777 2306 2121 2376; x_wconf 81' lang='lat' dir='ltr'><strong>dexteram</strong></span> <span class='ocrx_word' id='word_1_199' title='bbox 2192 2306 2654 2376; x_wconf 88' lang='lat' dir='ltr'><strong>nihilominus</strong></span> <span class='ocrx_word' id='word_1_200' title='bbox 2705 2308 3141 2397; x_wconf 86' lang='lat' dir='ltr'><strong>suscepisse.</strong></span> 
     </span>
     <span class='ocr_line' id='line_1_24' title="bbox 574 2394 3146 2553; baseline 0.001 -88"><span class='ocrx_word' id='word_1_201' title='bbox 574 2395 784 2553; x_wconf 52' lang='lat' dir='ltr'><strong>Cuf&#39;us</strong></span> <span class='ocrx_word' id='word_1_202' title='bbox 833 2395 1164 2465; x_wconf 88' lang='lat' dir='ltr'><strong>Gordiani</strong></span> <span class='ocrx_word' id='word_1_203' title='bbox 1214 2394 1517 2476; x_wconf 62' lang='lat' dir='ltr'><strong>habitus),</strong></span> <span class='ocrx_word' id='word_1_204' title='bbox 1572 2396 1877 2465; x_wconf 88' lang='lat' dir='ltr'><strong>castanei</strong></span> <span class='ocrx_word' id='word_1_205' title='bbox 1923 2394 2176 2464; x_wconf 90' lang='lat' dir='ltr'><strong>coloris</strong></span> <span class='ocrx_word' id='word_1_206' title='bbox 2215 2395 2489 2485; x_wconf 86' lang='lat' dir='ltr'><strong>planeta</strong></span> <span class='ocrx_word' id='word_1_207' title='bbox 2521 2408 2645 2476; x_wconf 90' lang='lat' dir='ltr'><strong>est,</strong></span> <span class='ocrx_word' id='word_1_208' title='bbox 2692 2395 2824 2465; x_wconf 89' lang='lat' dir='ltr'><strong>sub</strong></span> <span class='ocrx_word' id='word_1_209' title='bbox 2861 2395 3146 2484; x_wconf 86' lang='lat' dir='ltr'><strong>planeta</strong></span> 
     </span>
     <span class='ocr_line' id='line_1_25' title="bbox 573 2482 3144 2575; baseline 0.002 -23"><span class='ocrx_word' id='word_1_210' title='bbox 573 2483 663 2552; x_wconf 89' lang='lat' dir='ltr'><strong>da</strong></span> <span class='ocrx_word' id='word_1_211' title='bbox 697 2483 969 2565; x_wconf 82' lang='lat' dir='ltr'><strong>matica,</strong></span> <span class='ocrx_word' id='word_1_212' title='bbox 1022 2483 1093 2554; x_wconf 92' lang='lat' dir='ltr'><strong>in</strong></span> <span class='ocrx_word' id='word_1_213' title='bbox 1149 2483 1443 2574; x_wconf 91' lang='lat' dir='ltr'><strong>pedibus</strong></span> <span class='ocrx_word' id='word_1_214' title='bbox 1491 2482 1753 2574; x_wconf 76' lang='lat' dir='ltr'><strong>caligas</strong></span> <span class='ocrx_word' id='word_1_215' title='bbox 1802 2484 2089 2565; x_wconf 82' lang='lat' dir='ltr'><strong>habenS‚</strong></span> <span class='ocrx_word' id='word_1_216' title='bbox 2144 2495 2407 2554; x_wconf 90' lang='lat' dir='ltr'><strong>statura</strong></span> <span class='ocrx_word' id='word_1_217' title='bbox 2454 2483 2704 2575; x_wconf 89' lang='lat' dir='ltr'><strong>longa,</strong></span> <span class='ocrx_word' id='word_1_218' title='bbox 2756 2483 2965 2556; x_wconf 84' lang='lat' dir='ltr'><strong>facies</strong></span> <span class='ocrx_word' id='word_1_219' title='bbox 3014 2484 3144 2556; x_wconf 89' lang='lat' dir='ltr'><strong>de-</strong></span> 
     </span>
     <span class='ocr_line' id='line_1_26' title="bbox 573 2571 3141 2665; baseline 0.002 -25"><span class='ocrx_word' id='word_1_220' title='bbox 573 2571 804 2652; x_wconf 90' lang='lat' dir='ltr'><strong>ducta,</strong></span> <span class='ocrx_word' id='word_1_221' title='bbox 859 2572 1115 2643; x_wconf 89' lang='lat' dir='ltr'><strong>virides</strong></span> <span class='ocrx_word' id='word_1_222' title='bbox 1161 2572 1368 2652; x_wconf 85' lang='lat' dir='ltr'><strong>oculi,</strong></span> <span class='ocrx_word' id='word_1_223' title='bbox 1422 2572 1638 2641; x_wconf 88' lang='lat' dir='ltr'><strong>barba</strong></span> <span class='ocrx_word' id='word_1_224' title='bbox 1688 2572 1981 2650; x_wconf 87' lang='lat' dir='ltr'><strong>modica,</strong></span> <span class='ocrx_word' id='word_1_225' title='bbox 2037 2572 2275 2662; x_wconf 88' lang='lat' dir='ltr'><strong>capilli</strong></span> <span class='ocrx_word' id='word_1_226' title='bbox 2308 2572 2663 2653; x_wconf 86' lang='lat' dir='ltr'><strong>condensi,</strong></span> <span class='ocrx_word' id='word_1_227' title='bbox 2707 2573 2936 2644; x_wconf 89' lang='lat' dir='ltr'><strong>vultus</strong></span> <span class='ocrx_word' id='word_1_228' title='bbox 2975 2598 3141 2665; x_wconf 86' lang='lat' dir='ltr'><strong>gra-</strong></span> 
     </span>
     <span class='ocr_line' id='line_1_27' title="bbox 570 2660 3145 2750; baseline 0.002 -22"><span class='ocrx_word' id='word_1_229' title='bbox 570 2661 698 2730; x_wconf 90' lang='lat' dir='ltr'><strong>vis.</strong></span> <span class='ocrx_word' id='word_1_230' title='bbox 742 2666 821 2730; x_wconf 87' lang='lat' dir='ltr'><strong>In</strong></span> <span class='ocrx_word' id='word_1_231' title='bbox 871 2660 1084 2729; x_wconf 88' lang='lat' dir='ltr'><strong>altera</strong></span> <span class='ocrx_word' id='word_1_232' title='bbox 1132 2681 1291 2730; x_wconf 91' lang='lat' dir='ltr'><strong>vero</strong></span> <span class='ocrx_word' id='word_1_233' title='bbox 1339 2672 1561 2730; x_wconf 84' lang='lat' dir='ltr'><strong>mater</strong></span> <span class='ocrx_word' id='word_1_234' title='bbox 1607 2661 1913 2750; x_wconf 85' lang='lat' dir='ltr'><strong>Gregorii</strong></span> <span class='ocrx_word' id='word_1_235' title='bbox 1945 2661 2193 2730; x_wconf 86' lang='lat' dir='ltr'><strong>sedens</strong></span> <span class='ocrx_word' id='word_1_236' title='bbox 2225 2660 2498 2750; x_wconf 87' lang='lat' dir='ltr'><strong>depicta</strong></span> <span class='ocrx_word' id='word_1_237' title='bbox 2536 2673 2638 2730; x_wconf 84' lang='lat' dir='ltr'><strong>est</strong></span> <span class='ocrx_word' id='word_1_238' title='bbox 2674 2662 2927 2750; x_wconf 84' lang='lat' dir='ltr'><strong>Sylvia,</strong></span> <span class='ocrx_word' id='word_1_239' title='bbox 2969 2686 3145 2734; x_wconf 90' lang='lat' dir='ltr'><strong>can-</strong></span> 
     </span>
     <span class='ocr_line' id='line_1_28' title="bbox 566 2748 3140 2822; baseline 0.002 -4"><span class='ocrx_word' id='word_1_240' title='bbox 566 2748 737 2818; x_wconf 91' lang='lat' dir='ltr'><strong>dido</strong></span> <span class='ocrx_word' id='word_1_241' title='bbox 786 2748 1125 2818; x_wconf 85' lang='lat' dir='ltr'><strong>velamine</strong></span> <span class='ocrx_word' id='word_1_242' title='bbox 1173 2771 1214 2817; x_wconf 91' lang='lat' dir='ltr'><strong>a</strong></span> <span class='ocrx_word' id='word_1_243' title='bbox 1260 2748 1536 2817; x_wconf 82' lang='lat' dir='ltr'><strong>dextero</strong></span> <span class='ocrx_word' id='word_1_244' title='bbox 1574 2749 1865 2818; x_wconf 87' lang='lat' dir='ltr'><strong>humero</strong></span> <span class='ocrx_word' id='word_1_245' title='bbox 1897 2748 2122 2819; x_wconf 83' lang='lat' dir='ltr'><strong>taliter</strong></span> <span class='ocrx_word' id='word_1_246' title='bbox 2150 2761 2390 2818; x_wconf 86' lang='lat' dir='ltr'><strong>contra</strong></span> <span class='ocrx_word' id='word_1_247' title='bbox 2422 2750 2783 2819; x_wconf 88' lang='lat' dir='ltr'><strong>sinistrum</strong></span> <span class='ocrx_word' id='word_1_248' title='bbox 2826 2751 3140 2822; x_wconf 75' lang='lat' dir='ltr'><strong>revoluto</strong></span> 
     </span>
     <span class='ocr_line' id='line_1_29' title="bbox 570 2836 3140 2926; baseline 0.001 -19"><span class='ocrx_word' id='word_1_249' title='bbox 570 2849 883 2907; x_wconf 89' lang='lat' dir='ltr'><strong>contecta</strong></span> <span class='ocrx_word' id='word_1_250' title='bbox 913 2890 929 2918; x_wconf 93' lang='lat'><strong>,</strong></span> <span class='ocrx_word' id='word_1_251' title='bbox 984 2849 1061 2906; x_wconf 90' lang='lat' dir='ltr'><strong>ut</strong></span> <span class='ocrx_word' id='word_1_252' title='bbox 1108 2836 1240 2908; x_wconf 90' lang='lat' dir='ltr'><strong>sub</strong></span> <span class='ocrx_word' id='word_1_253' title='bbox 1286 2858 1366 2906; x_wconf 92' lang='lat' dir='ltr'><strong>eo</strong></span> <span class='ocrx_word' id='word_1_254' title='bbox 1416 2858 1669 2906; x_wconf 90' lang='lat' dir='ltr'><strong>manus</strong></span> <span class='ocrx_word' id='word_1_255' title='bbox 1718 2849 2068 2923; x_wconf 86' lang='lat' dir='ltr'><strong>tamquam</strong></span> <span class='ocrx_word' id='word_1_256' title='bbox 2120 2837 2204 2906; x_wconf 92' lang='lat' dir='ltr'><strong>de</strong></span> <span class='ocrx_word' id='word_1_257' title='bbox 2273 2836 2547 2926; x_wconf 82' lang='lat' dir='ltr'><strong>planeta</strong></span> <span class='ocrx_word' id='word_1_258' title='bbox 2614 2838 3003 2919; x_wconf 89' lang='lat' dir='ltr'><strong>subducat,</strong></span> <span class='ocrx_word' id='word_1_259' title='bbox 3070 2855 3140 2909; x_wconf 87' lang='lat' dir='ltr'><strong>et</strong></span> 
     </span>
     <span class='ocr_line' id='line_1_30' title="bbox 569 2924 3140 3019; baseline 0.001 -25"><span class='ocrx_word' id='word_1_260' title='bbox 569 2926 756 2995; x_wconf 90' lang='lat' dir='ltr'><strong>circa</strong></span> <span class='ocrx_word' id='word_1_261' title='bbox 804 2938 1046 3015; x_wconf 87' lang='lat' dir='ltr'><strong>pectus</strong></span> <span class='ocrx_word' id='word_1_262' title='bbox 1095 2927 1226 2996; x_wconf 89' lang='lat' dir='ltr'><strong>sub</strong></span> <span class='ocrx_word' id='word_1_263' title='bbox 1274 2924 1437 3015; x_wconf 86' lang='lat' dir='ltr'><strong>gula</strong></span> <span class='ocrx_word' id='word_1_264' title='bbox 1485 2924 1770 2994; x_wconf 83' lang='lat' dir='ltr'><strong>inferior</strong></span> <span class='ocrx_word' id='word_1_265' title='bbox 1817 2926 2054 2997; x_wconf 86' lang='lat' dir='ltr'><strong>tunica</strong></span> <span class='ocrx_word' id='word_1_266' title='bbox 2104 2925 2650 3015; x_wconf 89' lang='lat' dir='ltr'><strong>pseudolactinei</strong></span> <span class='ocrx_word' id='word_1_267' title='bbox 2698 2927 2946 2998; x_wconf 88' lang='lat' dir='ltr'><strong>coloris</strong></span> <span class='ocrx_word' id='word_1_268' title='bbox 3012 2950 3140 3019; x_wconf 81' lang='lat' dir='ltr'><strong>ap-</strong></span> 
     </span>
     <span class='ocr_line' id='line_1_31' title="bbox 570 3012 3139 3104; baseline 0.002 -23"><span class='ocrx_word' id='word_1_269' title='bbox 570 3025 832 3103; x_wconf 88' lang='lat' dir='ltr'><strong>pareat,</strong></span> <span class='ocrx_word' id='word_1_270' title='bbox 885 3033 1065 3098; x_wconf 88' lang='lat' dir='ltr'><strong>quae</strong></span> <span class='ocrx_word' id='word_1_271' title='bbox 1112 3035 1368 3104; x_wconf 85' lang='lat' dir='ltr'><strong>magno</strong></span> <span class='ocrx_word' id='word_1_272' title='bbox 1418 3012 1815 3084; x_wconf 89' lang='lat' dir='ltr'><strong>sinuamine</strong></span> <span class='ocrx_word' id='word_1_273' title='bbox 1862 3035 2074 3104; x_wconf 92' lang='lat' dir='ltr'><strong>super</strong></span> <span class='ocrx_word' id='word_1_274' title='bbox 2169 3014 2330 3084; x_wconf 89' lang='lat' dir='ltr'><strong>edes</strong></span> <span class='ocrx_word' id='word_1_275' title='bbox 2377 3014 2659 3096; x_wconf 86' lang='lat' dir='ltr'><strong>defluat,</strong></span> <span class='ocrx_word' id='word_1_276' title='bbox 2712 3014 2989 3086; x_wconf 87' lang='lat' dir='ltr'><strong>duabus</strong></span> <span class='ocrx_word' id='word_1_277' title='bbox 3019 3039 3139 3087; x_wconf 86' lang='lat' dir='ltr'><strong>zo-</strong></span> 
     </span>
     <span class='ocr_line' id='line_1_32' title="bbox 571 3101 3138 3184; baseline 0.001 -14"><span class='ocrx_word' id='word_1_278' title='bbox 571 3101 682 3170; x_wconf 89' lang='lat' dir='ltr'><strong>nis</strong></span> <span class='ocrx_word' id='word_1_279' title='bbox 729 3102 816 3170; x_wconf 92' lang='lat' dir='ltr'><strong>ad</strong></span> <span class='ocrx_word' id='word_1_280' title='bbox 851 3101 1384 3171; x_wconf 88' lang='lat' dir='ltr'><strong>similitudinem</strong></span> <span class='ocrx_word' id='word_1_281' title='bbox 1421 3101 1982 3184; x_wconf 87' lang='lat' dir='ltr'><strong>dalmaticarum,</strong></span> <span class='ocrx_word' id='word_1_282' title='bbox 2020 3123 2095 3172; x_wconf 90' lang='lat' dir='ltr'><strong>se</strong></span> <span class='ocrx_word' id='word_1_283' title='bbox 2174 3101 2540 3172; x_wconf 85' lang='lat' dir='ltr'><strong>latioribus</strong></span> <span class='ocrx_word' id='word_1_284' title='bbox 2569 3104 2855 3174; x_wconf 90' lang='lat' dir='ltr'><strong>omnino</strong></span> <span class='ocrx_word' id='word_1_285' title='bbox 2885 3104 3138 3173; x_wconf 88' lang='lat' dir='ltr'><strong>distin-</strong></span> 
     </span>
     <span class='ocr_line' id='line_1_33' title="bbox 569 3188 3137 3280; baseline 0.002 -21"><span class='ocrx_word' id='word_1_286' title='bbox 569 3200 703 3259; x_wconf 83' lang='lat' dir='ltr'><strong>cta.</strong></span> <span class='ocrx_word' id='word_1_287' title='bbox 777 3194 1051 3260; x_wconf 90' lang='lat' dir='ltr'><strong>Statura</strong></span> <span class='ocrx_word' id='word_1_288' title='bbox 1098 3189 1328 3280; x_wconf 89' lang='lat' dir='ltr'><strong>plena,</strong></span> <span class='ocrx_word' id='word_1_289' title='bbox 1381 3188 1593 3259; x_wconf 86' lang='lat' dir='ltr'><strong>facies</strong></span> <span class='ocrx_word' id='word_1_290' title='bbox 1641 3190 1939 3260; x_wconf 90' lang='lat' dir='ltr'><strong>rotunda</strong></span> <span class='ocrx_word' id='word_1_291' title='bbox 1983 3190 2268 3277; x_wconf 90' lang='lat' dir='ltr'><strong>quidem</strong></span> <span class='ocrx_word' id='word_1_292' title='bbox 2317 3203 2385 3260; x_wconf 90' lang='lat' dir='ltr'><strong>et</strong></span> <span class='ocrx_word' id='word_1_293' title='bbox 2421 3191 2744 3274; x_wconf 87' lang='lat' dir='ltr'><strong>candida,</strong></span> <span class='ocrx_word' id='word_1_294' title='bbox 2782 3192 2898 3262; x_wconf 89' lang='lat' dir='ltr'><strong>sed</strong></span> <span class='ocrx_word' id='word_1_295' title='bbox 2942 3193 3137 3264; x_wconf 90' lang='lat' dir='ltr'><strong>senio</strong></span> 
     </span>
     <span class='ocr_line' id='line_1_34' title="bbox 561 3278 3138 3369; baseline 0.001 -21"><span class='ocrx_word' id='word_1_296' title='bbox 561 3278 707 3368; x_wconf 88' lang='lat' dir='ltr'><strong>jam</strong></span> <span class='ocrx_word' id='word_1_297' title='bbox 763 3300 1041 3369; x_wconf 85' lang='lat' dir='ltr'><strong>rugosa,</strong></span> <span class='ocrx_word' id='word_1_298' title='bbox 1094 3300 1304 3365; x_wconf 88' lang='lat' dir='ltr'><strong>quam</strong></span> <span class='ocrx_word' id='word_1_299' title='bbox 1356 3278 1510 3368; x_wconf 87' lang='lat' dir='ltr'><strong>ipsa</strong></span> <span class='ocrx_word' id='word_1_300' title='bbox 1555 3300 1834 3366; x_wconf 89' lang='lat' dir='ltr'><strong>quoque</strong></span> <span class='ocrx_word' id='word_1_301' title='bbox 1865 3292 2182 3350; x_wconf 88' lang='lat' dir='ltr'><strong>senectus</strong></span> <span class='ocrx_word' id='word_1_302' title='bbox 2216 3279 2757 3369; x_wconf 88' lang='lat' dir='ltr'><strong>pulcherrimam</strong></span> <span class='ocrx_word' id='word_1_303' title='bbox 2791 3280 3004 3350; x_wconf 86' lang='lat' dir='ltr'><strong>fuisse</strong></span> <span class='ocrx_word' id='word_1_304' title='bbox 3040 3282 3138 3352; x_wconf 90' lang='lat' dir='ltr'><strong>si-</strong></span> 
     </span>
     <span class='ocr_line' id='line_1_35' title="bbox 568 3366 3138 3458; baseline 0.002 -24"><span class='ocrx_word' id='word_1_305' title='bbox 568 3366 879 3458; x_wconf 86' lang='lat' dir='ltr'><strong>gnificat.</strong></span> <span class='ocrx_word' id='word_1_306' title='bbox 951 3366 1186 3438; x_wconf 89' lang='lat' dir='ltr'><strong>Oculis</strong></span> <span class='ocrx_word' id='word_1_307' title='bbox 1273 3366 1497 3437; x_wconf 82' lang='lat' dir='ltr'><strong>laucis</strong></span> <span class='ocrx_word' id='word_1_308' title='bbox 1525 3380 1591 3436; x_wconf 86' lang='lat' dir='ltr'><strong>et</strong></span> <span class='ocrx_word' id='word_1_309' title='bbox 1624 3368 2035 3457; x_wconf 84' lang='lat' dir='ltr'><strong>grandibuS,</strong></span> <span class='ocrx_word' id='word_1_310' title='bbox 2081 3368 2477 3457; x_wconf 88' lang='lat' dir='ltr'><strong>superciliis</strong></span> <span class='ocrx_word' id='word_1_311' title='bbox 2508 3369 2821 3451; x_wconf 90' lang='lat' dir='ltr'><strong>modicis,</strong></span> <span class='ocrx_word' id='word_1_312' title='bbox 2864 3369 3138 3440; x_wconf 87' lang='lat' dir='ltr'><strong>labellis</strong></span> 
     </span>
     <span class='ocr_line' id='line_1_36' title="bbox 566 3390 3142 3546; baseline 0.002 -23"><span class='ocrx_word' id='word_1_313' title='bbox 566 3455 902 3536; x_wconf 81' lang='lat' dir='ltr'><strong>venustiS,</strong></span> <span class='ocrx_word' id='word_1_314' title='bbox 932 3454 1135 3525; x_wconf 85' lang='lat' dir='ltr'><strong>vultu</strong></span> <span class='ocrx_word' id='word_1_315' title='bbox 1171 3390 1440 3536; x_wconf 53' lang='lat' dir='ltr'><strong>hffiariS,</strong></span> <span class='ocrx_word' id='word_1_316' title='bbox 1476 3455 1703 3527; x_wconf 82' lang='lat' dir='ltr'><strong>ferens</strong></span> <span class='ocrx_word' id='word_1_317' title='bbox 1735 3456 1803 3524; x_wconf 92' lang='lat' dir='ltr'><strong>in</strong></span> <span class='ocrx_word' id='word_1_318' title='bbox 1838 3455 2063 3546; x_wconf 88' lang='lat' dir='ltr'><strong>capite</strong></span> <span class='ocrx_word' id='word_1_319' title='bbox 2089 3456 2544 3527; x_wconf 87' lang='lat' dir='ltr'><strong>matronalem</strong></span> <span class='ocrx_word' id='word_1_320' title='bbox 2579 3458 2932 3539; x_wconf 86' lang='lat' dir='ltr'><strong>mithram,</strong></span> <span class='ocrx_word' id='word_1_321' title='bbox 2968 3479 3142 3527; x_wconf 87' lang='lat' dir='ltr'><strong>can-</strong></span> 
     </span>
     <span class='ocr_line' id='line_1_37' title="bbox 565 3543 3137 3637; baseline 0.001 -24"><span class='ocrx_word' id='word_1_322' title='bbox 565 3543 795 3613; x_wconf 88' lang='lat' dir='ltr'><strong>dentis</strong></span> <span class='ocrx_word' id='word_1_323' title='bbox 841 3543 1132 3613; x_wconf 87' lang='lat' dir='ltr'><strong>brandei</strong></span> <span class='ocrx_word' id='word_1_324' title='bbox 1179 3544 1457 3614; x_wconf 86' lang='lat' dir='ltr'><strong>raritate</strong></span> <span class='ocrx_word' id='word_1_325' title='bbox 1504 3543 1867 3626; x_wconf 86' lang='lat' dir='ltr'><strong>niblatam,</strong></span> <span class='ocrx_word' id='word_1_326' title='bbox 1923 3544 2200 3615; x_wconf 90' lang='lat' dir='ltr'><strong>duobus</strong></span> <span class='ocrx_word' id='word_1_327' title='bbox 2245 3544 2562 3614; x_wconf 85' lang='lat' dir='ltr'><strong>dexterae</strong></span> <span class='ocrx_word' id='word_1_328' title='bbox 2600 3546 2837 3637; x_wconf 87' lang='lat' dir='ltr'><strong>digitis</strong></span> <span class='ocrx_word' id='word_1_329' title='bbox 2895 3547 3137 3636; x_wconf 88' lang='lat' dir='ltr'><strong>signa-</strong></span> 
     </span>
     <span class='ocr_line' id='line_1_38' title="bbox 565 3631 3142 3725; baseline 0.001 -22"><span class='ocrx_word' id='word_1_330' title='bbox 565 3631 726 3703; x_wconf 88' lang='lat' dir='ltr'><strong>culo</strong></span> <span class='ocrx_word' id='word_1_331' title='bbox 773 3633 1006 3704; x_wconf 87' lang='lat' dir='ltr'><strong>crucis</strong></span> <span class='ocrx_word' id='word_1_332' title='bbox 1054 3654 1127 3703; x_wconf 93' lang='lat' dir='ltr'><strong>se</strong></span> <span class='ocrx_word' id='word_1_333' title='bbox 1175 3633 1452 3701; x_wconf 87' lang='lat' dir='ltr'><strong>munire</strong></span> <span class='ocrx_word' id='word_1_334' title='bbox 1500 3632 1671 3702; x_wconf 88' lang='lat' dir='ltr'><strong>velle</strong></span> <span class='ocrx_word' id='word_1_335' title='bbox 1770 3633 2200 3704; x_wconf 89' lang='lat' dir='ltr'><strong>raetendens.</strong></span> <span class='ocrx_word' id='word_1_336' title='bbox 2246 3638 2324 3704; x_wconf 92' lang='lat' dir='ltr'><strong>In</strong></span> <span class='ocrx_word' id='word_1_337' title='bbox 2377 3633 2657 3703; x_wconf 86' lang='lat' dir='ltr'><strong>sinistra</strong></span> <span class='ocrx_word' id='word_1_338' title='bbox 2705 3657 2862 3704; x_wconf 86' lang='lat' dir='ltr'><strong>vero</strong></span> <span class='ocrx_word' id='word_1_339' title='bbox 2894 3647 3142 3725; x_wconf 89' lang='lat' dir='ltr'><strong>patens</strong></span> 
     </span>
     <span class='ocr_line' id='line_1_39' title="bbox 566 3720 3129 3811; baseline 0.002 -22"><span class='ocrx_word' id='word_1_340' title='bbox 566 3720 970 3811; x_wconf 87' lang='lat' dir='ltr'><strong>psalterium</strong></span> <span class='ocrx_word' id='word_1_341' title='bbox 1021 3721 1350 3800; x_wconf 90' lang='lat' dir='ltr'><strong>retinens,</strong></span> <span class='ocrx_word' id='word_1_342' title='bbox 1407 3722 1475 3790; x_wconf 89' lang='lat' dir='ltr'><strong>in</strong></span> <span class='ocrx_word' id='word_1_343' title='bbox 1525 3743 1665 3808; x_wconf 86' lang='lat' dir='ltr'><strong>quo</strong></span> <span class='ocrx_word' id='word_1_344' title='bbox 1763 3744 1841 3792; x_wconf 89' lang='lat' dir='ltr'><strong>oc</strong></span> <span class='ocrx_word' id='word_1_345' title='bbox 1892 3721 2229 3811; x_wconf 88' lang='lat' dir='ltr'><strong>scriptum</strong></span> <span class='ocrx_word' id='word_1_346' title='bbox 2270 3734 2414 3792; x_wconf 90' lang='lat' dir='ltr'><strong>est:</strong></span> <span class='ocrx_word' id='word_1_347' title='bbox 2478 3725 2659 3791; x_wconf 75' lang='lat' dir='ltr'><strong>Vivet</strong></span> <span class='ocrx_word' id='word_1_348' title='bbox 2688 3726 2922 3792; x_wconf 79' lang='lat' dir='ltr'><strong>anima</strong></span> <span class='ocrx_word' id='word_1_349' title='bbox 2951 3747 3129 3806; x_wconf 80' lang='lat' dir='ltr'><strong>mea,</strong></span> 
     </span>
     <span class='ocr_line' id='line_1_40' title="bbox 565 3810 3142 3901; baseline 0.002 -22"><span class='ocrx_word' id='word_1_350' title='bbox 565 3819 630 3879; x_wconf 84' lang='lat' dir='ltr'><strong>et</strong></span> <span class='ocrx_word' id='word_1_351' title='bbox 677 3810 988 3881; x_wconf 74' lang='lat' dir='ltr'><strong>laudabit</strong></span> <span class='ocrx_word' id='word_1_352' title='bbox 1037 3821 1124 3890; x_wconf 82' lang='lat' dir='ltr'><strong>te,</strong></span> <span class='ocrx_word' id='word_1_353' title='bbox 1179 3820 1243 3879; x_wconf 83' lang='lat' dir='ltr'><strong>et</strong></span> <span class='ocrx_word' id='word_1_354' title='bbox 1286 3811 1553 3900; x_wconf 80' lang='lat' dir='ltr'><strong>judicia</strong></span> <span class='ocrx_word' id='word_1_355' title='bbox 1600 3821 1722 3879; x_wconf 80' lang='lat' dir='ltr'><strong>tua</strong></span> <span class='ocrx_word' id='word_1_356' title='bbox 1767 3812 2189 3901; x_wconf 78' lang='lat' dir='ltr'><strong>adjuvabunt</strong></span> <span class='ocrx_word' id='word_1_357' title='bbox 2226 3833 2331 3880; x_wconf 85' lang='lat' dir='ltr'><strong>me</strong></span> <span class='ocrx_word' id='word_1_358' title='bbox 2373 3811 2590 3899; x_wconf 84' lang='lat' dir='ltr'><strong>(Psal.</strong></span> <span class='ocrx_word' id='word_1_359' title='bbox 2647 3815 2715 3878; x_wconf 76' lang='grc' dir='ltr'>Μ</span> <span class='ocrx_word' id='word_1_360' title='bbox 2732 3810 2825 3900; x_wconf 87' lang='grc'><strong>8).</strong></span> <span class='ocrx_word' id='word_1_361' title='bbox 2879 3817 2928 3880; x_wconf 84' lang='grc' dir='ltr'><strong>Α</strong></span> <span class='ocrx_word' id='word_1_362' title='bbox 2976 3811 3142 3883; x_wconf 83' lang='lat' dir='ltr'><strong>dex-</strong></span> 
     </span>
     <span class='ocr_line' id='line_1_41' title="bbox 566 3897 3140 3989; baseline 0.001 -22"><span class='ocrx_word' id='word_1_363' title='bbox 566 3908 707 3967; x_wconf 86' lang='lat' dir='ltr'><strong>tero</strong></span> <span class='ocrx_word' id='word_1_364' title='bbox 756 3919 914 3967; x_wconf 90' lang='lat' dir='ltr'><strong>vero</strong></span> <span class='ocrx_word' id='word_1_365' title='bbox 953 3898 1198 3968; x_wconf 92' lang='lat' dir='ltr'><strong>cubitu</strong></span> <span class='ocrx_word' id='word_1_366' title='bbox 1233 3920 1453 3985; x_wconf 88' lang='lat' dir='ltr'><strong>usque</strong></span> <span class='ocrx_word' id='word_1_367' title='bbox 1491 3897 1579 3968; x_wconf 90' lang='lat' dir='ltr'><strong>ad</strong></span> <span class='ocrx_word' id='word_1_368' title='bbox 1612 3898 1972 3969; x_wconf 86' lang='lat' dir='ltr'><strong>sinistrum</strong></span> <span class='ocrx_word' id='word_1_369' title='bbox 2007 3898 2192 3968; x_wconf 88' lang='lat' dir='ltr'><strong>circa</strong></span> <span class='ocrx_word' id='word_1_370' title='bbox 2230 3898 2556 3989; x_wconf 88' lang='lat' dir='ltr'><strong>scapulas</strong></span> <span class='ocrx_word' id='word_1_371' title='bbox 2603 3921 2841 3971; x_wconf 88' lang='lat' dir='ltr'><strong>versus</strong></span> <span class='ocrx_word' id='word_1_372' title='bbox 2887 3922 3140 3970; x_wconf 87' lang='lat' dir='ltr'><strong>ascen-</strong></span> 
     </span>
     <span class='ocr_line' id='line_1_42' title="bbox 565 3986 3132 4077; baseline 0.002 -21"><span class='ocrx_word' id='word_1_373' title='bbox 565 3986 739 4056; x_wconf 90' lang='lat' dir='ltr'><strong>dens</strong></span> <span class='ocrx_word' id='word_1_374' title='bbox 788 3986 1184 4061; x_wconf 88' lang='lat' dir='ltr'><strong>reflectitur.</strong></span> <span class='ocrx_word' id='word_1_375' title='bbox 1237 3987 1360 4074; x_wconf 90' lang='lat' dir='ltr'><strong>qui</strong></span> <span class='ocrx_word' id='word_1_376' title='bbox 1409 3986 1502 4058; x_wconf 88' lang='lat' dir='ltr'><strong>ita</strong></span> <span class='ocrx_word' id='word_1_377' title='bbox 1550 4009 1623 4056; x_wconf 89' lang='lat' dir='ltr'><strong>se</strong></span> <span class='ocrx_word' id='word_1_378' title='bbox 1671 3987 1919 4056; x_wconf 85' lang='lat' dir='ltr'><strong>habet:</strong></span> <span class='ocrx_word' id='word_1_379' title='bbox 1974 3987 2346 4077; x_wconf 88' lang='lat' dir='ltr'><strong>Gregorius</strong></span> <span class='ocrx_word' id='word_1_380' title='bbox 2394 3987 2663 4072; x_wconf 84' lang='lat' dir='ltr'><strong>Sylviae</strong></span> <span class='ocrx_word' id='word_1_381' title='bbox 2709 3988 2913 4062; x_wconf 87' lang='lat' dir='ltr'><strong>matri</strong></span> <span class='ocrx_word' id='word_1_382' title='bbox 2943 3987 3132 4060; x_wconf 83' lang='lat' dir='ltr'><strong>fecit.</strong></span> 
     </span>
    </p>

    <p class='ocr_par' dir='ltr' id='par_1_4' title="bbox 559 4074 3139 4522">
     <span class='ocr_line' id='line_1_43' title="bbox 650 4074 3139 4167; baseline 0.002 -23"><span class='ocrx_word' id='word_1_383' title='bbox 650 4076 688 4160; x_wconf 67' lang='grc' dir='ltr'>ξ</span> <span class='ocrx_word' id='word_1_384' title='bbox 733 4077 867 4147; x_wconf 73' lang='lat' dir='ltr'><strong>u.</strong></span> <span class='ocrx_word' id='word_1_385' title='bbox 925 4074 1054 4144; x_wconf 88' lang='lat' dir='ltr'><strong>Sed</strong></span> <span class='ocrx_word' id='word_1_386' title='bbox 1102 4089 1168 4145; x_wconf 85' lang='lat' dir='ltr'><strong>et</strong></span> <span class='ocrx_word' id='word_1_387' title='bbox 1217 4076 1289 4146; x_wconf 89' lang='lat' dir='ltr'><strong>in</strong></span> <span class='ocrx_word' id='word_1_388' title='bbox 1337 4075 1732 4145; x_wconf 87' lang='lat' dir='ltr'><strong>absidicula</strong></span> <span class='ocrx_word' id='word_1_389' title='bbox 1763 4097 1976 4166; x_wconf 88' lang='lat' dir='ltr'><strong>super</strong></span> <span class='ocrx_word' id='word_1_390' title='bbox 2005 4075 2296 4146; x_wconf 83' lang='lat' dir='ltr'><strong>fratrum</strong></span> <span class='ocrx_word' id='word_1_391' title='bbox 2331 4075 2717 4157; x_wconf 89' lang='lat' dir='ltr'><strong>cellarium,</strong></span> <span class='ocrx_word' id='word_1_392' title='bbox 2756 4077 3139 4167; x_wconf 88' lang='lat' dir='ltr'><strong>Gregorius</strong></span> 
     </span>
     <span class='ocr_line' id='line_1_44' title="bbox 561 4161 3137 4255; baseline 0.001 -23"><span class='ocrx_word' id='word_1_393' title='bbox 561 4161 874 4252; x_wconf 89' lang='lat' dir='ltr'><strong>ejusdem</strong></span> <span class='ocrx_word' id='word_1_394' title='bbox 939 4162 1251 4234; x_wconf 87' lang='lat' dir='ltr'><strong>aurificis</strong></span> <span class='ocrx_word' id='word_1_395' title='bbox 1317 4186 1432 4232; x_wconf 90' lang='lat' dir='ltr'><strong>ma</strong></span> <span class='ocrx_word' id='word_1_396' title='bbox 1485 4163 1717 4233; x_wconf 86' lang='lat' dir='ltr'><strong>isterio</strong></span> <span class='ocrx_word' id='word_1_397' title='bbox 1783 4164 1853 4232; x_wconf 90' lang='lat' dir='ltr'><strong>in</strong></span> <span class='ocrx_word' id='word_1_398' title='bbox 1921 4177 2070 4232; x_wconf 89' lang='lat' dir='ltr'><strong>rota</strong></span> <span class='ocrx_word' id='word_1_399' title='bbox 2132 4186 2394 4255; x_wconf 86' lang='lat' dir='ltr'><strong>gypsea</strong></span> <span class='ocrx_word' id='word_1_400' title='bbox 2440 4165 2669 4255; x_wconf 88' lang='lat' dir='ltr'><strong>pictus</strong></span> <span class='ocrx_word' id='word_1_401' title='bbox 2716 4165 3137 4237; x_wconf 87' lang='lat' dir='ltr'><strong>ostenditur.</strong></span> 
     </span>
     <span class='ocr_line' id='line_1_45' title="bbox 563 4186 3139 4346; baseline 0.002 -26"><span class='ocrx_word' id='word_1_402' title='bbox 563 4254 837 4321; x_wconf 68' lang='lat' dir='ltr'><strong>Statura</strong></span> <span class='ocrx_word' id='word_1_403' title='bbox 874 4249 1068 4340; x_wconf 87' lang='lat' dir='ltr'><strong>justa</strong></span> <span class='ocrx_word' id='word_1_404' title='bbox 1114 4263 1178 4320; x_wconf 85' lang='lat' dir='ltr'><strong>et</strong></span> <span class='ocrx_word' id='word_1_405' title='bbox 1225 4252 1400 4321; x_wconf 88' lang='lat' dir='ltr'><strong>bene</strong></span> <span class='ocrx_word' id='word_1_406' title='bbox 1434 4186 1792 4332; x_wconf 42' lang='lat' dir='ltr'><strong>{armatam</strong></span> <span class='ocrx_word' id='word_1_407' title='bbox 1846 4251 2018 4322; x_wconf 84' lang='lat' dir='ltr'><strong>facie</strong></span> <span class='ocrx_word' id='word_1_408' title='bbox 2065 4253 2151 4322; x_wconf 94' lang='lat' dir='ltr'><strong>de</strong></span> <span class='ocrx_word' id='word_1_409' title='bbox 2200 4266 2525 4343; x_wconf 86' lang='lat' dir='ltr'><strong>paternae</strong></span> <span class='ocrx_word' id='word_1_410' title='bbox 2571 4252 2772 4323; x_wconf 84' lang='lat' dir='ltr'><strong>faciei</strong></span> <span class='ocrx_word' id='word_1_411' title='bbox 2821 4255 3139 4346; x_wconf 85' lang='lat' dir='ltr'><strong>longitu-</strong></span> 
     </span>
     <span class='ocr_line' id='line_1_46' title="bbox 561 4339 3137 4432; baseline 0.003 -25"><span class='ocrx_word' id='word_1_412' title='bbox 561 4339 727 4407; x_wconf 90' lang='lat' dir='ltr'><strong>dine</strong></span> <span class='ocrx_word' id='word_1_413' title='bbox 772 4350 839 4408; x_wconf 89' lang='lat' dir='ltr'><strong>et</strong></span> <span class='ocrx_word' id='word_1_414' title='bbox 886 4351 1237 4409; x_wconf 89' lang='lat' dir='ltr'><strong>maternae</strong></span> <span class='ocrx_word' id='word_1_415' title='bbox 1286 4339 1706 4410; x_wconf 86' lang='lat' dir='ltr'><strong>rotunditate</strong></span> <span class='ocrx_word' id='word_1_416' title='bbox 1744 4340 1840 4409; x_wconf 88' lang='lat' dir='ltr'><strong>ita</strong></span> <span class='ocrx_word' id='word_1_417' title='bbox 1874 4340 2099 4410; x_wconf 90' lang='lat' dir='ltr'><strong>medie</strong></span> <span class='ocrx_word' id='word_1_418' title='bbox 2132 4354 2533 4432; x_wconf 88' lang='lat' dir='ltr'><strong>temperata,</strong></span> <span class='ocrx_word' id='word_1_419' title='bbox 2573 4355 2650 4411; x_wconf 87' lang='lat' dir='ltr'><strong>ut</strong></span> <span class='ocrx_word' id='word_1_420' title='bbox 2687 4364 2847 4411; x_wconf 89' lang='lat' dir='ltr'><strong>cum</strong></span> <span class='ocrx_word' id='word_1_421' title='bbox 2893 4357 3137 4414; x_wconf 87' lang='lat' dir='ltr'><strong>rotun·</strong></span> 
     </span>
     <span class='ocr_line' id='line_1_47' title="bbox 559 4427 3135 4522; baseline 0.002 -24"><span class='ocrx_word' id='word_1_422' title='bbox 559 4427 770 4498; x_wconf 90' lang='lat' dir='ltr'><strong>ditate</strong></span> <span class='ocrx_word' id='word_1_423' title='bbox 815 4427 1121 4516; x_wconf 87' lang='lat' dir='ltr'><strong>quadam</strong></span> <span class='ocrx_word' id='word_1_424' title='bbox 1170 4427 1657 4498; x_wconf 88' lang='lat' dir='ltr'><strong>decentissime</strong></span> <span class='ocrx_word' id='word_1_425' title='bbox 1697 4428 2013 4499; x_wconf 88' lang='lat' dir='ltr'><strong>videatur</strong></span> <span class='ocrx_word' id='word_1_426' title='bbox 2041 4451 2191 4502; x_wconf 88' lang='lat' dir='ltr'><strong>esse</strong></span> <span class='ocrx_word' id='word_1_427' title='bbox 2224 4429 2545 4511; x_wconf 89' lang='lat' dir='ltr'><strong>deducta,</strong></span> <span class='ocrx_word' id='word_1_428' title='bbox 2585 4430 2801 4501; x_wconf 73' lang='lat' dir='ltr'><strong>barba</strong></span> <span class='ocrx_word' id='word_1_429' title='bbox 2835 4445 3135 4522; x_wconf 87' lang='lat' dir='ltr'><strong>paterno</strong></span> 
     </span>
    </p>
   </div>
  </div>
 </body>
</html>
