3327 4999
647 334 776 405 538
2712 333 2959 403 MART.
3010 335 3107 403 sa

1170 487 1490 592 MARCI
1546 484 2099 592 ARETHUSll
2168 486 2480 590 EPlSC.

1357 687 1759 754 ILLUSTRE
1808 682 2296 755 MARTYRIUM

554 875 840 925 AUCTORE
887 878 951 924 1).
1005 873 1319 925 eunocum
1366 875 1767 925 NAZIANZRNO
1813 874 2128 925 onulonss
2160 872 2492 924 mvltcnu
2543 875 2736 923 PRIMA
2774 871 2840 921 IN
2880 872 3104 923 JULIA-

648 981 786 1030 Nun
831 982 1304 1031 lnPEnATonBu:
1357 982 1741 1031 mutarunt.
1787 982 1947 1030 VERO
1995 980 2361 1030 nocrlssmo
2408 980 2555 1029 vnto
2601 979 2833 1029 :acono
2891 980 3098 1030 muto

645 1083 893 1133 Pnumto
919 1117 934 1144 ,
986 1085 1043 1133 S.
1111 1084 1445 1133 meamus
1492 1085 1558 1133 m
1604 1084 1815 1131 EREHO
1860 1084 2122 1132 Annua.
2194 1083 2441 1131 lunum·
2508 1083 2720 1130 Anum
2767 1082 3096 1138 PLERAouz

642 1186 837 1234 nm!
909 1187 1356 1235 *rnzonomtrns
1424 1187 1589 1235 msr.
1659 1185 1907 1234 Rectus.
1979 1185 2101 1233 ua.
2156 1167 2220 1245 3,
2273 1183 2413 1232 car.
2467 1168 2540 1243 6,
2593 1186 2672 1232 131·
2728 1182 3100 1232 sozousnus

642 1285 923 1337 muscam
972 1282 1326 1337 111sron1An·
1352 1289 1474 1337 Lm.
1528 1273 1568 1337 5
1595 1322 1609 1349 ,
1661 1287 1801 1336 ων.
1858 1271 1940 1336 19
1988 1286 2055 1336 m
2114 1285 2419 1336 vnnsmmz
2482 1284 2747 1335 somnis
2803 1284 3101 1333 cnmsro-

641 1394 953 1444 mousom
1000 1395 1272 1445 ANGuAss
1317 1395 1621 1444 ltrlscorl.

1410 1538 1666 1594 Passus
1708 1541 1814 1595 est
1854 1551 2033 1605 anno
2075 1539 2221 1595 362.

640 1668 677 1767 ς
741 1672 816 1739 1.
868 1664 1018 1735 Jam
1067 1686 1224 1734 vero
1272 1663 1341 1734 id
1394 1664 1573 1753 quod
1623 1665 1874 1736 eximio
1921 1665 2065 1735 viro
2116 1670 2338 1735 Marco
2388 1662 2746 1734 Arethusio
2801 1663 3088 1745 acci-dit,

555 1776 714 1841 quis
746 1768 885 1824 tam
934 1755 1021 1823 ab
1068 1754 1231 1825 orbe
1272 1767 1503 1824 nostro
1551 1766 1875 1834 remotus,
1928 1768 2005 1824 ut
2049 1754 2350 1844 ignoret,
2418 1776 2499 1823 ac
2546 1774 3098 1823 commemoran-

556 1855 690 1912 tem
745 1843 1132 1912 narratione
1189 1862 1326 1911 non
1374 1847 1787 1912 antevertat?
1832 1842 1956 1913 Hic
2019 1843 2204 1912 enim
2254 1863 2410 1911 cum
2440 1897 2455 1923 ‚
2523 1842 2915 1911 Constantio
2963 1846 3100 1911 Im-

553 1944 874 2090 gerante,
932 1953 1053 2022 pro
1110 1953 1188 2000 ea
1237 1930 1510 2000 licentia
1573 1953 1750 2018 quae
1815 1943 1960 2002 tum
2019 1929 2421 2001 Christianis
2474 1952 2797 2000 concessa
2848 1929 3091 2011 fuerat,

602 2020 984 2091 omicilium
1034 2018 1382 2108 quoddam
1451 2019 1866 2091 daemonum
1914 2020 2292 2099 evertisset,
2345 2041 2425 2089 ac
2473 2018 2726 2090 multos
2774 2018 3098 2089 Christia-

551 2131 677 2179 nos
724 2131 761 2178 a
797 2108 1035 2209 gentili
1082 2130 1310 2180 errore
1338 2108 1423 2178 ad
1460 2109 1750 2179 salutem
1790 2130 1923 2178 non
1966 2109 2199 2178 minus
2229 2109 2403 2178 vitae
2450 2107 2839 2197 splendore,
2880 2130 3091 2194 quam

550 2197 827 2268 dicendi
876 2196 1195 2267 facultate
1225 2196 1659 2278 traduxisset,
1702 2196 2120 2288 jampridem
2171 2197 2329 2268 odio
2375 2210 2579 2284 atque
2629 2196 3092 2286 indignationi

551 2285 930 2358 arethusiis
968 2298 1133 2367 erat,
1188 2286 1288 2356 vel
1342 2286 1569 2388 potius
1614 2286 2130 2357 Arethusiorum
2181 2285 2592 2377 impiissimo
2629 2284 2882 2371 cuique
2931 2284 3095 2355 dae·-

548 2397 975 2462 monumque
1007 2374 1506 2445 amantissimo,
1563 2380 2006 2462 Posteaquam
2041 2388 2296 2457 autem,
2350 2374 2632 2445 mutatis
2672 2373 3094 2454 Christiano-

558 2487 713 2535 rum
765 2463 993 2544 rebus,
1047 2462 1409 2556 gentilium
1461 2485 1568 2534 res
1615 2463 1877 2536 tumere
1908 2478 2304 2555 coeperunt,
2358 2462 2684 2555 temporis
2715 2462 3090 2553 potentiam

548 2566 613 2624 et
654 2552 1088 2644 tyrannidem
1140 2575 1276 2623 non
1309 2553 1570 2644 effugit.
1624 2553 1987 2624 Multitudo
2018 2554 2133 2641 qui
2195 2575 2298 2644 pe,
2332 2552 2601 2623 etiamsi
2642 2552 2711 2621 in
2761 2573 3093 2642 praesens

545 2642 685 2714 iras
731 2642 1280 2733 cupiditatesque
1312 2664 1475 2712 suas
1508 2645 1814 2713 coerceat
1865 2664 2112 2729 quema
2170 2642 2450 2712 modurn
2480 2639 2663 2730 ignis
2695 2640 2763 2710 in
2800 2641 3092 2711 materia

548 2730 849 2810 latitans,
895 2743 1013 2800 aut
1060 2731 1286 2801 amnis
1321 2729 1649 2800 violenter
1695 2730 1844 2800 inhi
1896 2731 2107 2817 itus),
2159 2731 2589 2804 occasionem
2650 2742 2874 2811 nacta,
2929 2751 3091 2799 suc-

547 2820 749 2890 cendi
784 2831 987 2906 atque
1034 2840 1397 2910 erumpere
1427 2820 1803 2889 consuevit.
1857 2819 2189 2902 Quocirca
2228 2841 2392 2889 cum
2492 2818 2781 2909 epulum
2842 2817 3090 2888 adver-

547 2930 704 2980 sum
755 2930 828 2977 se
875 2907 1233 2977 incitatum
1270 2962 1287 2990 ,
1341 2928 1465 2977 nec
1541 2907 1875 2979 moderati
1932 2908 2304 2995 quicquam
2368 2840 2489 2977 veiJ
2521 2907 2929 2997 cogitantem
2983 2905 3086 2977 vel

546 2996 1086 3067 comminantem
1127 3008 1456 3073 cerneret,
1564 2996 1820 3067 rimum
1867 2995 2397 3068 consciscendae
2457 2994 2661 3096 fugae
2705 2995 3082 3065 consilium

546 3084 698 3167 init,
764 3105 898 3153 non
972 3096 1107 3154 tarn
1172 3084 1446 3175 ignavia
1536 3097 1803 3167 ractuS,
1877 3107 2085 3173 quam
2137 3097 2494 3174 praecepto
2546 3083 2667 3153 1110
2730 3097 3084 3174 permotus

542 3194 680 3261 quo
727 3195 765 3243 e
811 3173 1080 3243 civitate
1126 3172 1196 3241 in
1239 3173 1578 3242 civitatem
1612 3172 1851 3264 fugere
1896 3188 1961 3244 et
1999 3173 2551 3264 persecutoribus
2598 3172 2838 3243 cedere
2875 3172 3085 3263 jube-

541 3284 725 3332 mur.
779 3266 1006 3349 Neque
1075 3261 1258 3331 enim
1336 3261 1780 3343 ChristianOS‚
1832 3261 2282 3350 quantumvis
2340 3261 2545 3332 fortes
2611 3283 2692 3331 ac
2739 3258 3084 3351 singulari

541 3350 902 3421 tolerantia
953 3350 1316 3441 praeditos,
1369 3373 1535 3421 suae
1569 3364 1834 3421 tantum
1868 3351 2111 3421 salutis
2145 3350 2478 3421 rationem
2507 3349 2757 3421 habere
2787 3362 3076 3442 oportet:

542 3440 661 3511 sed
711 3437 1264 3531 persecutoribus
1333 3460 1607 3526 quoque
1652 3438 2051 3521 consulere,
2113 3452 2190 3510 ut
2250 3461 2337 3509 ne
2373 3451 2709 3527 quantum
2775 3440 2849 3509 in
2911 3438 3084 3529 ipsis

540 3539 664 3608 est,
705 3528 790 3598 ad
842 3528 1085 3598 hostile
1157 3527 1539 3618 periculum
1598 3550 1680 3597 ex
1726 3528 1999 3618 seipisis
2037 3526 2298 3617 aliquid
2347 3525 2724 3599 conferant.
2776 3531 2854 3598 At
2899 3541 3087 3618 post-

479 3636 483 3640 ·
540 3637 750 3704 quam
801 3616 1055 3688 multos
1092 3629 1368 3708 propter
1414 3639 1486 3686 se
1530 3615 1696 3687 duci
1742 3630 1945 3706 atque
1993 3616 2325 3698 abstrahi,
2377 3616 2633 3688 multos
2665 3617 2871 3686 etiam
2923 3637 3085 3707 pro-

541 3717 692 3796 pter
738 3705 1294 3806 persequentium
1347 3704 1821 3776 crudelitatem
1869 3706 1940 3775 in
1989 3705 2263 3776 animae
2313 3704 2617 3795 periculo
2657 3706 2916 3776 versari
2974 3705 3081 3774 in-

540 3792 929 3874 tellensset,
984 3815 1121 3865 non
1168 3794 1501 3865 sustinuit
1546 3795 1651 3865 vir
1696 3794 1991 3870 eximius
2038 3794 2212 3864 alios
2256 3795 2345 3865 ob
2380 3816 2579 3867 suam
2631 3792 2867 3886 fugam
2915 3814 3084 3865 cau-

541 3883 935 3970 tionemque
983 3882 1446 3974 periclitantes
1508 3882 1878 3975 negligere:
1930 3905 2010 3953 ac
2060 3881 2346 3973 proinde
2407 3880 3086 3972 praestantissimum

539 3969 973 4059 maximeque
1020 3970 1577 4063 philosophicum
1628 3971 1999 4042 consilium
2048 3972 2256 4063 capit.
2292 3977 2384 4042 Ex
2428 3970 2595 4062 fuga
2640 3971 2825 4043 enim
2876 3970 3078 4051 redit,

537 4081 822 4146 seseque
868 4060 1048 4132 ultro
1097 4061 1318 4152 plebis
1363 4058 1648 4130 arbitrio
1698 4060 1925 4142 tradit,
1961 4072 2164 4148 atque
2209 4060 2540 4132 adversus
2587 4061 2919 4152 temporis
2946 4057 3087 4129 dif-

537 4148 914 4218 ficultatem
963 4149 1353 4221 instruitur.
1393 4148 1518 4219 Hic
1565 4170 1726 4218 vero
1753 4150 1919 4306 quid
1970 4149 2363 4221 acerbitatis
2407 4149 2693 4221 aberat?
2727 4149 2897 4238 quid
2939 4168 3081 4220 non

535 4237 742 4308 etiam
792 4237 1092 4308 atrocius
1120 4260 1283 4309 exeo
1336 4237 1680 4308 itabatur?
1725 4258 1765 4307 a
1800 4238 1882 4316 iis
1928 4238 2116 4309 aliud
2149 4237 2512 4328 quippiam
2543 4237 2631 4308 ad
2665 4238 2878 4310 unius
2910 4234 3085 4307 mali

536 4337 943 4396 concentum
992 4326 1298 4396 afferenti
1352 4348 1458 4407 us,
1514 4348 1641 4397 nec
1696 4327 2090 4409 tortoribus,
2157 4328 2216 4397 si
2264 4327 2438 4396 nihil
2489 4326 2704 4408 aliud,
2756 4339 2827 4397 at
2884 4324 3080 4397 illius

540 4425 719 4485 certe
768 4414 1166 4506 patientiam
1218 4413 1648 4485 veneratione
1695 4415 2292 4508 prosequentibus,
2347 4415 2563 4487 immo
2612 4415 2836 4508 magis
2869 4414 3083 4486 etiam
