3327 4999
679 313 807 379 652
1294 331 1374 378 na
1423 331 1478 377 s.
1523 328 1887 383 umutrno
1924 328 2091 378 mac.
2131 329 2207 376 ΕΤ
2252 327 2434 377 conr.
2709 310 2816 377 EX
2862 311 3039 377 OCT.
3099 314 3139 377 ὃ

591 410 818 481 visum
869 410 939 481 in
975 409 1238 482 somnis
1267 409 1611 501 apparuit,
1642 411 1927 480 hortans
1954 432 2140 491 eum,
2183 420 2260 479 ut
2294 409 2557 480 mundo
2587 423 2653 480 ct
2687 410 2956 501 pompis
2981 411 3138 512 ejus

589 500 784 570 ocius
816 499 1194 580 valefaciat,
1232 510 1296 569 et
1343 499 1429 568 ad
1480 500 1685 590 Regis
1723 498 1983 570 aeterni
2032 520 2102 569 se
2151 496 2455 568 conferat
2504 497 2846 570 militiam.
2882 502 2960 570 At
3019 499 3142 570 llle

589 588 927 659 visionem
970 588 1158 658 illam
1231 610 1365 656 non
1416 586 1553 657 alio
1600 609 1809 674 quam
1860 586 2209 657 illusionis
2270 585 2420 658 loco
2486 587 2771 668 habens,
2826 587 3002 657 nihil
3053 588 3142 658 de

591 676 768 747 vitae
815 676 1293 747 emendatione
1340 677 1628 746 curavit.
1685 681 1975 746 Sanctus
2023 687 2252 746 autem
2291 676 2412 757 vir,
2451 675 2603 767 ejus
2636 675 3025 746 infirmitati
3063 699 3136 747 se

589 765 1149 847 accommodans,
1206 764 1449 836 iterum
1494 787 1680 846 eum,
1734 777 1811 835 ut
1858 765 2077 855 prius,
2133 763 2516 834 admonuit.
2564 764 2687 834 Sed
2721 787 2881 835 cum
2912 788 3140 854 neque

591 854 691 925 sic
725 854 1098 941 quicquam
1150 854 1267 924 ille
1315 855 1401 923 de
1445 854 1582 923 vita
1640 854 1894 925 rectius
1958 852 2379 923 instituenda
2438 853 2786 944 cogitaret,
2829 855 3025 925 tertio
3074 855 3137 925 ei

589 942 935 1032 apparuit,
991 942 1222 1030 aitque
1268 942 1352 1011 ad
1397 964 1595 1012 eum:
1663 942 1955 1012 «Nescis
1988 940 2221 1021 miser,
2262 941 2508 1023 nesciS‚
2560 964 2770 1030 quam
2805 942 3138 1014 immanis

590 1029 847 1122 praedo
873 1043 1171 1100 mentem
1205 1031 1337 1101 sibi
1388 1030 1699 1100 vendicet
1746 1043 1962 1113 tuam,
1991 1030 2112 1116 qui
2160 1030 2284 1100 tibi
2332 1044 2571 1100 auctor
2614 1043 2681 1100 et
2724 1052 2967 1101 suasor
3003 1046 3130 1114 est,

546 1132 666 1198 ‚ut
700 1140 923 1206 neque
954 1119 1251 1189 mittenti
1294 1120 1606 1201 Domino,
1646 1141 1868 1206 neque
1928 1118 2101 1188 mihi
2149 1119 2237 1188 ab
2284 1140 2362 1189 eo
2412 1119 2624 1188 misso
2672 1120 3128 1210 obtemperes

589 1212 776 1276 Certe
824 1229 982 1277 cum
1036 1220 1112 1278 tu
1174 1207 1691 1278 malexvivendo
1741 1207 1944 1298 plane
2003 1206 2327 1297 desipias,
2385 1229 2507 1277 nec
2541 1208 2627 1278 ab
2677 1208 2805 1301 hac
2846 1208 3139 1279 stultitia

586 1308 827 1387 sponte
875 1296 1191 1367 recedere
1239 1296 1429 1378 velis,
1475 1296 1710 1365 divina
1760 1306 1822 1366 te
1869 1294 2231 1366 admonuit
2280 1296 2622 1377 revelati0,
2666 1309 2741 1367 ut
2770 1295 2872 1366 vel
2905 1297 3005 1368 sic
3038 1298 3127 1382 ad

586 1384 941 1455 meliorem
991 1386 1259 1476 frugem
1311 1398 1372 1455 tc
1424 1385 1782 1475 reciperes,
1821 1390 1989 1454 Tum
2026 1396 2253 1455 autem
2292 1384 2497 1455 stulte
2541 1385 2664 1455 tibi
2716 1384 2969 1476 pateris
3003 1388 3135 1456 mi-

588 1496 734 1544 sere
780 1485 847 1544 et
894 1475 1275 1631 perniciose
1324 1473 1526 1544 illudi
1556 1474 1673 1561 qui
1727 1494 1956 1543 veram
2007 1472 2487 1543 revelationem
2529 1495 2654 1565 pro
2743 1475 3132 1545 hantastica

589 1562 800 1632 habes
867 1562 1213 1632 ilusione.
1268 1567 1496 1649 Neque
1550 1562 1735 1631 enim
1785 1561 2154 1649 quisquam
2205 1561 2513 1632 fidelium
2565 1585 2676 1632 am
2735 1563 2880 1653 igit,
2937 1562 3148 1634 illam.

585 1651 920 1722 visionem
971 1673 1121 1721 esse
1167 1650 1514 1720 illusionis
1562 1673 1640 1720 ex
1695 1664 1904 1721 ertem
1956 1671 2134 1736 quae
2163 1650 2249 1719 ad
2301 1650 2760 1721 Christianam
2811 1651 3134 1742 pietatem

585 1751 653 1809 et
701 1740 1105 1830 religionem
1151 1739 1425 1809 invitet:
1480 1761 1615 1826 quo
1712 1739 1771 1809 si
1804 1738 2096 1825 quilibet
2132 1738 2381 1810 faceret
2443 1740 2562 1809 tibi
2621 1739 2957 1831 vigilanti,
3014 1764 3134 1810 ne-

586 1850 937 1916 quaquam
989 1828 1170 1919 negli
1227 1849 1338 1897 ere
1385 1827 1691 1897 deberes.
1746 1827 1874 1897 Sed
1922 1827 2201 1914 quando
2252 1839 2312 1897 te
2360 1829 2565 1898 verba
2613 1851 2749 1897 non
2777 1829 3139 1920 corrigunt

587 1916 670 1986 ad
710 1916 886 1986 sacta
924 1916 1163 1986 venien
1223 1939 1342 1986 um
1381 1928 1505 1987 est.
1543 1922 1780 2003 Itaque
1811 1916 2014 2006 plane
2042 1915 2363 1997 efficiam,
2408 1929 2484 1987 ut
2517 1916 2874 1997 visionem,
2915 1939 3132 2005 quam

591 2017 652 2074 te
699 2005 1080 2095 intelligere
1127 2004 1606 2086 dissimulanS,
1650 2005 1876 2095 reipsa
1925 2005 2352 2074 verissimam
2403 2027 2552 2077 esse
2588 2018 2772 2076 certo
2827 2005 3139 2097 experia-

589 2094 757 2165 ris.»
808 2094 929 2163 His
958 2093 1184 2175 dictis,
1229 2093 1345 2162 ille
1376 2116 1454 2163 ex
1507 2093 1914 2184 ergiscitur:
1969 2093 2173 2162 sentit
2201 2116 2241 2162 a
2273 2106 2501 2163 mento
2531 2094 2819 2164 barbam
2850 2116 3136 2165 omnem

588 2182 923 2264 avulsam,
992 2181 1169 2272 fugit
1236 2204 1444 2273 procu
1522 2183 1609 2252 ab
1655 2182 1875 2252 oculis
1924 2203 2213 2251 somnus
2261 2182 2489 2252 omnis
2537 2183 2852 2253 animum
2906 2184 3139 2274 pudor

589 2271 841 2361 pariter
887 2281 952 2340 et
999 2291 1267 2341 moeror
1312 2283 1677 2362 occupant,
1739 2269 1961 2360 surgit
2020 2291 2058 2339 e
2123 2270 2318 2351 lect0,
2385 2272 2529 2342 abit
2583 2271 2669 2340 ad
2736 2271 3134 2354 ecclesiam,

588 2371 907 2429 sanctum
960 2359 1439 2451 Meinulphum
1490 2358 1782 2450 supplex
1840 2368 2012 2439 orat,
2066 2369 2144 2428 ut
2190 2359 2495 2429 divinam
2547 2359 2683 2430 sibi
2742 2362 3141 2431 misericor-
3189 2448 3204 2455 ν

587 2447 772 2518 diam
823 2448 1163 2520 conciliet.
1232 2453 1401 2520 Ecce
1446 2459 1677 2520 autem
1741 2447 2128 2539 presbytero
2178 2449 2551 2521 matutinas
2600 2470 2837 2541 preces
2883 2449 3136 2521 incho-

588 2549 745 2606 ante
783 2550 987 2625 atque
1016 2538 1307 2619 dicente,
1342 2539 1623 2608 Domine
1654 2537 1838 2607 labia
1871 2557 2022 2606 mea
2054 2538 2362 2627 aperies:
2396 2539 2497 2607 vir
2535 2539 2661 2609 iste
2693 2561 2853 2609 cum
2899 2539 3139 2609 literas

588 2648 874 2716 prorsus
929 2628 1239 2709 nesciret,
1292 2627 1696 2717 respondet:
1757 2652 1782 2687 «
1813 2631 1889 2696 Et
1935 2648 2012 2695 os
2063 2647 2294 2695 meum
2344 2627 2798 2697 annunciabit
2847 2627 3133 2698 laudern

587 2727 861 2784 tuam.»
911 2721 1080 2784 Tum
1131 2737 1288 2785 vero
1330 2726 1513 2785 tanto
1560 2713 2077 2804 obstupefactus
2127 2714 2488 2798 miraculo,
2523 2725 2587 2785 et
2616 2716 2832 2787 barba
2863 2717 3132 2799 evulsa,

587 2803 673 2872 ad
726 2815 1079 2873 tonsuram
1122 2804 1529 2873 clericorum
1597 2824 1670 2872 se
1731 2802 1957 2872 vocari
2022 2803 2447 2886 existimans,
2504 2804 2797 2875 clericus
2844 2806 3133 2876 effectus

586 2902 710 2973 est,
748 2904 811 2961 et
858 2891 1067 2960 vitam
1115 2892 1489 2980 corrigenS,
1521 2913 1671 2960 eam
1723 2891 1793 2958 in
1845 2890 2045 2960 bonis
2092 2891 2420 2992 operibus
2468 2892 2710 2963 finivit.

675 2982 712 3134 ῗ
781 2983 939 3052 1⁰.
993 2979 1577 3069 Quinquagesimo
1634 2999 1818 3047 anno
1879 3002 1919 3048 a
1966 2978 2148 3049 beati
2204 2980 2587 3070 Meinulphi
2641 2982 2952 3061 decessu,
3010 2986 3131 3051 Ar-

587 3089 684 3135 nu
720 3067 852 3157 pho
901 3071 1340 3156 Imperatore,
1377 3079 1443 3136 et
1465 3067 1723 3138 ·Bisone
1771 3079 2017 3154 quarto
2067 3068 2402 3159 Episcopo
2460 3069 2963 3140 Paderbonensi
3016 3070 3138 3139 de-

586 3155 1014 3241 cimoquinto
1048 3155 1375 3224 Calendas
1426 3155 1800 3235 Februarii,
1846 3157 2139 3226 Diacono
2188 3157 2256 3225 in
2307 3157 2594 3228 ecclesia
2625 3158 2993 3240 Budicensi
3049 3163 3134 3227 E-

586 3243 978 3332 vangelium
1039 3243 1413 3324 recitante,
1488 3243 1667 3334 lapis
1725 3244 1855 3314 viri
1907 3246 2019 3314 Dei
2068 3245 2385 3336 sepulcro
2433 3246 2839 3336 impositus,
2913 3247 3138 3317 instar

588 3331 822 3401 Crucis
869 3330 1135 3400 divisus
1186 3330 1515 3411 insonuit,
1559 3331 1856 3402 inultum
1905 3356 1983 3402 ea
2034 3355 2104 3403 re
2150 3334 2421 3404 cunctis
2467 3336 2586 3421 qui
2621 3334 2763 3404 illic
2811 3335 3125 3416 aderant,

588 3432 937 3510 stuporem
990 3419 1330 3511 injiciens.
1386 3425 1692 3507 Cumque
1748 3433 2186 3492 accurrerent
2237 3444 2477 3492 omnes
2513 3478 2527 3504 ,
2603 3424 2769 3492 tanti
2835 3423 3131 3513 fragoris

506 3547 510 3551 Δ
587 3530 866 3578 causam
905 3510 1295 3578 accuratius
1342 3509 1785 3599 exploraturi,
1834 3510 2005 3578 nihil
2057 3511 2193 3579 nisi
2243 3510 2542 3600 lapidem
2593 3511 2882 3581 fractum
2944 3511 3129 3581 invess

588 3598 736 3666 nire
784 3609 1177 3687 potuerunt.
1222 3598 1297 3667 At
1338 3619 1491 3666 vero
1540 3598 1937 3689 presbytero
1988 3599 2231 3670 Missae
2277 3598 2612 3669 officium.
2649 3612 3125 3689 prosequente,

585 3698 651 3756 et
698 3685 769 3753 in
834 3685 1013 3755 sacri
1075 3686 1367 3754 Canonis
1423 3688 1766 3774 mysteriis
1824 3686 2258 3767 immorante,
2312 3688 2495 3755 idem
2552 3686 2728 3777 lapis
2777 3688 2846 3757 in
2901 3702 3127 3779 partes

585 3774 989 3843 innumeras
1025 3773 1406 3864 dissipatus
1436 3787 1559 3857 est,
1596 3786 1661 3844 et
1712 3788 1887 3845 terra
1934 3775 2005 3844 in
2062 3775 2363 3864 sepulcri
2414 3775 2782 3866 superficie
2829 3775 3130 3845 resoluta

585 3861 920 3944 subsedit,
976 3861 1279 3932 loculum
1344 3862 1523 3932 beati
1560 3864 1686 3932 viri
1737 3864 1949 3932 libere
1996 3863 2452 3952 spectandum
2515 3864 2830 3935 offerens.
2873 3865 3131 3935 Simul-

631 3972 718 4019 ue
766 3961 953 4019 tanta
1017 3949 1114 4018 ibi
1173 3951 1566 4021 suavissimi
1634 3951 1868 4021 odoris
1924 3950 2299 4042 fragrantia
2346 3952 2583 4022 extitit.
2642 3965 2719 4022 ut
2767 3975 2899 4022 non
2953 3975 3128 4022 vana

637 4038 757 4106 des
789 4038 898 4118 sit,
954 4038 1161 4108 totius
1192 4039 1548 4108 suavitatis
1609 4039 1755 4108 illic
1793 4051 2143 4109 auctorem
2196 4040 2523 4111 adfuisse.
2579 4042 2921 4111 Omnibus
2969 4063 3130 4111 vero

584 4127 764 4196 inter
822 4148 893 4195 se
954 4126 1490 4207 conferentibus,
1546 4128 1713 4216 quid
1765 4150 1844 4197 ea
1894 4150 2000 4198 res
2050 4130 2502 4219 portenderet,
2556 4130 2640 4198 ad
2711 4130 3130 4220 Episcopum

585 4215 842 4305 perlata
891 4227 1026 4285 est:
1080 4217 1200 4303 qui
1249 4215 1549 4308 singulis
1596 4216 1963 4308 diligenter
2009 4218 2440 4299 examinatis,
2498 4218 2912 4308 Sepulcrum
2962 4239 3131 4287 con-

585 4304 875 4373 fractum
928 4304 1299 4374 instaurari
1324 4305 1559 4394 jussit.
1615 4306 1809 4388 Quod
1859 4328 2021 4375 cum
2065 4304 2322 4376 factum
2370 4319 2568 4384 esset,
2612 4306 2978 4396 paulopost
3006 4306 3132 4376 ite-

586 4414 740 4462 rum
814 4392 1046 4461 divina
1115 4392 1547 4463 ordinatione
1604 4393 2008 4484 dissipatur.
2087 4395 2211 4466 Ubi
2273 4393 2340 4462 id
2399 4394 2780 4484 Episcopus
2832 4394 3122 4477 didicit,
