<?xml version="1.0" encoding="UTF-8"?>
<!DOCTYPE html PUBLIC "-//W3C//DTD XHTML 1.0 Transitional//EN"
    "http://www.w3.org/TR/xhtml1/DTD/xhtml1-transitional.dtd">
<html xmlns="http://www.w3.org/1999/xhtml" xml:lang="en" lang="en">
 <head>
  <title>
</title>
<meta http-equiv="Content-Type" content="text/html;charset=utf-8" />
  <meta name='ocr-system' content='tesseract 3.04.00' />
  <meta name='ocr-capabilities' content='ocr_page ocr_carea ocr_par ocr_line ocrx_word'/>
</head>
<body>
  <div class='ocr_page' id='page_1' title='image "./historiaeseuvit04lippgoog_0779.png"; bbox 0 0 3327 4999; ppageno 0'>
   <div class='ocr_carea' id='block_1_1' title="bbox 252 337 2706 402">
    <p class='ocr_par' dir='ltr' id='par_1_1' title="bbox 252 337 2706 402">
     <span class='ocr_line' id='line_1_1' title="bbox 252 337 2706 402; baseline -0 0"><span class='ocrx_word' id='word_1_1' title='bbox 252 338 353 402; x_wconf 85' lang='lat' dir='ltr'>EX</span> <span class='ocrx_word' id='word_1_2' title='bbox 408 337 580 401; x_wconf 85' lang='lat' dir='ltr'>DEC.</span> <span class='ocrx_word' id='word_1_3' title='bbox 631 338 712 400; x_wconf 70' lang='lat' dir='ltr'>to</span> <span class='ocrx_word' id='word_1_4' title='bbox 1047 354 1125 400; x_wconf 73' lang='lat' dir='ltr'>nn</span> <span class='ocrx_word' id='word_1_5' title='bbox 1174 353 1265 401; x_wconf 87' lang='lat' dir='ltr'>ss.</span> <span class='ocrx_word' id='word_1_6' title='bbox 1322 353 1488 402; x_wconf 72' lang='grc' dir='ltr'><strong>ΜΕΝΑ</strong></span> <span class='ocrx_word' id='word_1_7' title='bbox 1538 353 1613 401; x_wconf 79' lang='lat' dir='ltr'>ET</span> <span class='ocrx_word' id='word_1_8' title='bbox 1660 353 1860 402; x_wconf 87' lang='lat' dir='ltr'>socns</span> <span class='ocrx_word' id='word_1_9' title='bbox 1908 354 2021 401; x_wconf 73' lang='lat' dir='ltr'>uu.</span> <span class='ocrx_word' id='word_1_10' title='bbox 2578 338 2706 402; x_wconf 80' lang='lat'>749</span> 
     </span>
    </p>
   </div>
   <div class='ocr_carea' id='block_1_2' title="bbox 248 438 2799 1593">
    <p class='ocr_par' dir='ltr' id='par_1_2' title="bbox 248 438 2799 1593">
     <span class='ocr_line' id='line_1_2' title="bbox 251 438 2796 531; baseline 0 -22"><span class='ocrx_word' id='word_1_11' title='bbox 251 440 477 510; x_wconf 81' lang='lat' dir='ltr'>Discat</span> <span class='ocrx_word' id='word_1_12' title='bbox 545 460 708 531; x_wconf 87' lang='lat' dir='ltr'>ergo</span> <span class='ocrx_word' id='word_1_13' title='bbox 776 438 1257 526; x_wconf 88' lang='lat' dir='ltr'>unusquisque</span> <span class='ocrx_word' id='word_1_14' title='bbox 1294 451 1620 521; x_wconf 89' lang='lat' dir='ltr'>vestrum,</span> <span class='ocrx_word' id='word_1_15' title='bbox 1693 439 1765 507; x_wconf 92' lang='lat' dir='ltr'>in</span> <span class='ocrx_word' id='word_1_16' title='bbox 1832 460 1940 507; x_wconf 89' lang='lat' dir='ltr'>me</span> <span class='ocrx_word' id='word_1_17' title='bbox 1988 438 2235 509; x_wconf 83' lang='lat' dir='ltr'>Christi</span> <span class='ocrx_word' id='word_1_18' title='bbox 2303 450 2633 529; x_wconf 89' lang='lat' dir='ltr'>reputans</span> <span class='ocrx_word' id='word_1_19' title='bbox 2673 461 2796 529; x_wconf 90' lang='lat' dir='ltr'>po-</span> 
     </span>
     <span class='ocr_line' id='line_1_3' title="bbox 250 527 2799 618; baseline 0 -21"><span class='ocrx_word' id='word_1_20' title='bbox 250 528 531 598; x_wconf 89' lang='lat' dir='ltr'>tentiam</span> <span class='ocrx_word' id='word_1_21' title='bbox 572 583 587 610; x_wconf 94' lang='lat'>‚</span> <span class='ocrx_word' id='word_1_22' title='bbox 658 527 840 615; x_wconf 91' lang='lat' dir='ltr'>quod</span> <span class='ocrx_word' id='word_1_23' title='bbox 908 527 1162 607; x_wconf 82' lang='lat' dir='ltr'>homO,</span> <span class='ocrx_word' id='word_1_24' title='bbox 1225 528 1345 614; x_wconf 90' lang='lat' dir='ltr'>qui</span> <span class='ocrx_word' id='word_1_25' title='bbox 1393 529 1539 618; x_wconf 84' lang='lat' dir='ltr'>jam</span> <span class='ocrx_word' id='word_1_26' title='bbox 1603 527 1999 618; x_wconf 79' lang='lat' dir='ltr'>spectabam</span> <span class='ocrx_word' id='word_1_27' title='bbox 2075 527 2160 596; x_wconf 91' lang='lat' dir='ltr'>ad</span> <span class='ocrx_word' id='word_1_28' title='bbox 2220 539 2661 609; x_wconf 89' lang='lat' dir='ltr'>senectutem,</span> <span class='ocrx_word' id='word_1_29' title='bbox 2733 541 2799 598; x_wconf 91' lang='lat' dir='ltr'>et</span> 
     </span>
     <span class='ocr_line' id='line_1_4' title="bbox 253 616 2794 707; baseline -0 -21"><span class='ocrx_word' id='word_1_30' title='bbox 253 638 576 707; x_wconf 89' lang='lat' dir='ltr'>magnam</span> <span class='ocrx_word' id='word_1_31' title='bbox 626 616 910 704; x_wconf 83' lang='lat' dir='ltr'>quidem</span> <span class='ocrx_word' id='word_1_32' title='bbox 979 616 1286 705; x_wconf 90' lang='lat' dir='ltr'>corporis</span> <span class='ocrx_word' id='word_1_33' title='bbox 1337 628 1623 706; x_wconf 90' lang='lat' dir='ltr'>partem,</span> <span class='ocrx_word' id='word_1_34' title='bbox 1678 638 1920 687; x_wconf 91' lang='lat' dir='ltr'>omnes</span> <span class='ocrx_word' id='word_1_35' title='bbox 1982 628 2209 686; x_wconf 87' lang='lat' dir='ltr'>autem</span> <span class='ocrx_word' id='word_1_36' title='bbox 2271 616 2448 685; x_wconf 88' lang='lat' dir='ltr'>vires</span> <span class='ocrx_word' id='word_1_37' title='bbox 2499 628 2794 687; x_wconf 88' lang='lat' dir='ltr'>tormen·</span> 
     </span>
     <span class='ocr_line' id='line_1_5' title="bbox 255 704 2798 796; baseline -0 -21"><span class='ocrx_word' id='word_1_38' title='bbox 255 706 339 777; x_wconf 90' lang='lat' dir='ltr'>tis</span> <span class='ocrx_word' id='word_1_39' title='bbox 385 705 796 785; x_wconf 87' lang='lat' dir='ltr'>amiseram,</span> <span class='ocrx_word' id='word_1_40' title='bbox 870 716 933 775; x_wconf 90' lang='lat' dir='ltr'>et</span> <span class='ocrx_word' id='word_1_41' title='bbox 987 704 1271 796; x_wconf 75' lang='lat' dir='ltr'>perinde</span> <span class='ocrx_word' id='word_1_42' title='bbox 1351 727 1429 774; x_wconf 90' lang='lat' dir='ltr'>ac</span> <span class='ocrx_word' id='word_1_43' title='bbox 1509 716 1825 775; x_wconf 89' lang='lat' dir='ltr'>mortuus</span> <span class='ocrx_word' id='word_1_44' title='bbox 1872 726 2058 774; x_wconf 88' lang='lat' dir='ltr'>eram</span> <span class='ocrx_word' id='word_1_45' title='bbox 2123 706 2475 796; x_wconf 78' lang='lat' dir='ltr'>conjectus</span> <span class='ocrx_word' id='word_1_46' title='bbox 2539 706 2610 774; x_wconf 92' lang='lat' dir='ltr'>in</span> <span class='ocrx_word' id='word_1_47' title='bbox 2651 727 2798 774; x_wconf 88' lang='lat' dir='ltr'>car-</span> 
     </span>
     <span class='ocr_line' id='line_1_6' title="bbox 255 783 2799 884; baseline -0.001 -20"><span class='ocrx_word' id='word_1_48' title='bbox 255 815 506 876; x_wconf 81' lang='lat' dir='ltr'>cerem,</span> <span class='ocrx_word' id='word_1_49' title='bbox 580 794 826 863; x_wconf 81' lang='lat' dir='ltr'>adsum</span> <span class='ocrx_word' id='word_1_50' title='bbox 892 815 1077 863; x_wconf 88' lang='lat' dir='ltr'>nunc</span> <span class='ocrx_word' id='word_1_51' title='bbox 1125 815 1356 863; x_wconf 88' lang='lat' dir='ltr'>coram</span> <span class='ocrx_word' id='word_1_52' title='bbox 1410 794 1600 865; x_wconf 90' lang='lat' dir='ltr'>vobis</span> <span class='ocrx_word' id='word_1_53' title='bbox 1651 793 1936 884; x_wconf 84' lang='lat' dir='ltr'>integer,</span> <span class='ocrx_word' id='word_1_54' title='bbox 2000 793 2304 875; x_wconf 90' lang='lat' dir='ltr'>illaesus,</span> <span class='ocrx_word' id='word_1_55' title='bbox 2361 783 2534 862; x_wconf 88' lang='lat' dir='ltr'>nihil</span> <span class='ocrx_word' id='word_1_56' title='bbox 2590 793 2799 863; x_wconf 89' lang='lat' dir='ltr'>dimi-</span> 
     </span>
     <span class='ocr_line' id='line_1_7' title="bbox 255 882 2794 970; baseline 0 -20"><span class='ocrx_word' id='word_1_57' title='bbox 255 894 489 963; x_wconf 82' lang='lat' dir='ltr'>nutuS,</span> <span class='ocrx_word' id='word_1_58' title='bbox 531 895 882 970; x_wconf 82' lang='lat' dir='ltr'>tamquam</span> <span class='ocrx_word' id='word_1_59' title='bbox 936 904 1181 952; x_wconf 89' lang='lat' dir='ltr'>rursus</span> <span class='ocrx_word' id='word_1_60' title='bbox 1230 883 1299 951; x_wconf 92' lang='lat' dir='ltr'>in</span> <span class='ocrx_word' id='word_1_61' title='bbox 1346 882 1566 952; x_wconf 86' lang='lat' dir='ltr'>lucem</span> <span class='ocrx_word' id='word_1_62' title='bbox 1617 882 1867 962; x_wconf 90' lang='lat' dir='ltr'>editus,</span> <span class='ocrx_word' id='word_1_63' title='bbox 1924 893 1987 950; x_wconf 92' lang='lat' dir='ltr'>et</span> <span class='ocrx_word' id='word_1_64' title='bbox 2037 882 2280 951; x_wconf 89' lang='lat' dir='ltr'>iterum</span> <span class='ocrx_word' id='word_1_65' title='bbox 2320 893 2524 954; x_wconf 88' lang='lat' dir='ltr'>natus</span> <span class='ocrx_word' id='word_1_66' title='bbox 2563 882 2794 952; x_wconf 91' lang='lat' dir='ltr'>valen-</span> 
     </span>
     <span class='ocr_line' id='line_1_8' title="bbox 250 970 2794 1063; baseline 0 -23"><span class='ocrx_word' id='word_1_67' title='bbox 250 971 403 1053; x_wconf 89' lang='lat' dir='ltr'>tior,</span> <span class='ocrx_word' id='word_1_68' title='bbox 447 982 511 1041; x_wconf 90' lang='lat' dir='ltr'>et</span> <span class='ocrx_word' id='word_1_69' title='bbox 558 972 615 1040; x_wconf 91' lang='lat' dir='ltr'>si</span> <span class='ocrx_word' id='word_1_70' title='bbox 655 971 813 1059; x_wconf 88' lang='lat' dir='ltr'>quis</span> <span class='ocrx_word' id='word_1_71' title='bbox 861 970 1020 1041; x_wconf 88' lang='lat' dir='ltr'>velit</span> <span class='ocrx_word' id='word_1_72' title='bbox 1068 971 1375 1040; x_wconf 90' lang='lat' dir='ltr'>invenire</span> <span class='ocrx_word' id='word_1_73' title='bbox 1407 992 1563 1040; x_wconf 91' lang='lat' dir='ltr'>eum</span> <span class='ocrx_word' id='word_1_74' title='bbox 1618 971 1740 1057; x_wconf 89' lang='lat' dir='ltr'>qui</span> <span class='ocrx_word' id='word_1_75' title='bbox 1778 982 1880 1041; x_wconf 91' lang='lat' dir='ltr'>est</span> <span class='ocrx_word' id='word_1_76' title='bbox 1926 992 2078 1040; x_wconf 88' lang='lat' dir='ltr'>vere</span> <span class='ocrx_word' id='word_1_77' title='bbox 2130 976 2330 1053; x_wconf 89' lang='lat' dir='ltr'>Deus,</span> <span class='ocrx_word' id='word_1_78' title='bbox 2383 992 2541 1041; x_wconf 90' lang='lat' dir='ltr'>cum</span> <span class='ocrx_word' id='word_1_79' title='bbox 2578 993 2794 1063; x_wconf 87' lang='lat' dir='ltr'>agno-</span> 
     </span>
     <span class='ocr_line' id='line_1_9' title="bbox 250 1059 2789 1150; baseline 0.001 -23"><span class='ocrx_word' id='word_1_80' title='bbox 250 1060 419 1130; x_wconf 91' lang='lat' dir='ltr'>verit</span> <span class='ocrx_word' id='word_1_81' title='bbox 482 1081 640 1130; x_wconf 91' lang='lat' dir='ltr'>eum</span> <span class='ocrx_word' id='word_1_82' title='bbox 692 1059 813 1146; x_wconf 91' lang='lat' dir='ltr'>qui</span> <span class='ocrx_word' id='word_1_83' title='bbox 879 1060 1050 1130; x_wconf 90' lang='lat' dir='ltr'>mihi</span> <span class='ocrx_word' id='word_1_84' title='bbox 1113 1059 1316 1129; x_wconf 88' lang='lat' dir='ltr'>hodie</span> <span class='ocrx_word' id='word_1_85' title='bbox 1364 1059 1938 1149; x_wconf 76' lang='lat' dir='ltr'>deditlinguam,</span> <span class='ocrx_word' id='word_1_86' title='bbox 1995 1071 2060 1128; x_wconf 88' lang='lat' dir='ltr'>et</span> <span class='ocrx_word' id='word_1_87' title='bbox 2109 1059 2338 1150; x_wconf 58' lang='lat' dir='ltr'>pedes,</span> <span class='ocrx_word' id='word_1_88' title='bbox 2400 1071 2465 1129; x_wconf 87' lang='lat' dir='ltr'>ct</span> <span class='ocrx_word' id='word_1_89' title='bbox 2527 1060 2789 1141; x_wconf 83' lang='lat' dir='ltr'>ocuIOS,</span> 
     </span>
     <span class='ocr_line' id='line_1_10' title="bbox 248 1147 2797 1238; baseline -0 -21"><span class='ocrx_word' id='word_1_90' title='bbox 248 1171 409 1219; x_wconf 89' lang='lat' dir='ltr'>eum</span> <span class='ocrx_word' id='word_1_91' title='bbox 450 1170 724 1236; x_wconf 89' lang='lat' dir='ltr'>quoque</span> <span class='ocrx_word' id='word_1_92' title='bbox 756 1168 903 1218; x_wconf 91' lang='lat' dir='ltr'>esse</span> <span class='ocrx_word' id='word_1_93' title='bbox 952 1147 1183 1218; x_wconf 87' lang='lat' dir='ltr'>credat</span> <span class='ocrx_word' id='word_1_94' title='bbox 1231 1148 1351 1236; x_wconf 90' lang='lat' dir='ltr'>qui</span> <span class='ocrx_word' id='word_1_95' title='bbox 1384 1148 1470 1218; x_wconf 92' lang='lat' dir='ltr'>ab</span> <span class='ocrx_word' id='word_1_96' title='bbox 1519 1148 1717 1219; x_wconf 87' lang='lat' dir='ltr'>initio</span> <span class='ocrx_word' id='word_1_97' title='bbox 1749 1159 1814 1216; x_wconf 89' lang='lat' dir='ltr'>et</span> <span class='ocrx_word' id='word_1_98' title='bbox 1840 1147 1999 1228; x_wconf 90' lang='lat' dir='ltr'>alia,</span> <span class='ocrx_word' id='word_1_99' title='bbox 2053 1160 2118 1219; x_wconf 90' lang='lat' dir='ltr'>et</span> <span class='ocrx_word' id='word_1_100' title='bbox 2167 1148 2389 1238; x_wconf 83' lang='lat' dir='ltr'>ipsam</span> <span class='ocrx_word' id='word_1_101' title='bbox 2440 1147 2694 1230; x_wconf 85' lang='lat' dir='ltr'>lucem,</span> <span class='ocrx_word' id='word_1_102' title='bbox 2732 1160 2797 1218; x_wconf 91' lang='lat' dir='ltr'>et</span> 
     </span>
     <span class='ocr_line' id='line_1_11' title="bbox 249 1236 2795 1325; baseline 0 -19"><span class='ocrx_word' id='word_1_103' title='bbox 249 1237 609 1318; x_wconf 86' lang='lat' dir='ltr'>rationem,</span> <span class='ocrx_word' id='word_1_104' title='bbox 663 1248 728 1307; x_wconf 89' lang='lat' dir='ltr'>et</span> <span class='ocrx_word' id='word_1_105' title='bbox 777 1248 1036 1307; x_wconf 89' lang='lat' dir='ltr'>motum</span> <span class='ocrx_word' id='word_1_106' title='bbox 1089 1238 1296 1306; x_wconf 90' lang='lat' dir='ltr'>rebus</span> <span class='ocrx_word' id='word_1_107' title='bbox 1348 1236 1625 1306; x_wconf 88' lang='lat' dir='ltr'>donavit</span> <span class='ocrx_word' id='word_1_108' title='bbox 1679 1236 2076 1307; x_wconf 89' lang='lat' dir='ltr'>mobilibus.</span> <span class='ocrx_word' id='word_1_109' title='bbox 2114 1242 2281 1306; x_wconf 85' lang='lat' dir='ltr'>Cum</span> <span class='ocrx_word' id='word_1_110' title='bbox 2331 1237 2427 1307; x_wconf 90' lang='lat' dir='ltr'>sis</span> <span class='ocrx_word' id='word_1_111' title='bbox 2474 1258 2637 1325; x_wconf 85' lang='lat' dir='ltr'>ergo</span> <span class='ocrx_word' id='word_1_112' title='bbox 2686 1237 2795 1306; x_wconf 89' lang='lat' dir='ltr'>in-</span> 
     </span>
     <span class='ocr_line' id='line_1_12' title="bbox 252 1323 2797 1416; baseline 0 -22"><span class='ocrx_word' id='word_1_113' title='bbox 252 1325 591 1416; x_wconf 64' lang='lat' dir='ltr'>tellig-em,</span> <span class='ocrx_word' id='word_1_114' title='bbox 645 1348 685 1394; x_wconf 91' lang='lat' dir='ltr'>o</span> <span class='ocrx_word' id='word_1_115' title='bbox 724 1323 1085 1405; x_wconf 66' lang='lat' dir='ltr'>Praefecte,</span> <span class='ocrx_word' id='word_1_116' title='bbox 1143 1347 1227 1395; x_wconf 91' lang='lat' dir='ltr'>ne</span> <span class='ocrx_word' id='word_1_117' title='bbox 1262 1326 1605 1397; x_wconf 82' lang='lat' dir='ltr'>sustineas</span> <span class='ocrx_word' id='word_1_118' title='bbox 1658 1326 1978 1416; x_wconf 87' lang='lat' dir='ltr'>ignorare</span> <span class='ocrx_word' id='word_1_119' title='bbox 2026 1347 2186 1395; x_wconf 90' lang='lat' dir='ltr'>eum</span> <span class='ocrx_word' id='word_1_120' title='bbox 2245 1325 2365 1412; x_wconf 91' lang='lat' dir='ltr'>qui</span> <span class='ocrx_word' id='word_1_121' title='bbox 2409 1326 2506 1395; x_wconf 90' lang='lat' dir='ltr'>tui</span> <span class='ocrx_word' id='word_1_122' title='bbox 2555 1348 2797 1396; x_wconf 89' lang='lat' dir='ltr'>curam</span> 
     </span>
     <span class='ocr_line' id='line_1_13' title="bbox 249 1413 2798 1516; baseline 0.001 -34"><span class='ocrx_word' id='word_1_123' title='bbox 249 1414 448 1516; x_wconf 85' lang='lat' dir='ltr'>gerit,</span> <span class='ocrx_word' id='word_1_124' title='bbox 503 1424 567 1483; x_wconf 89' lang='lat' dir='ltr'>et</span> <span class='ocrx_word' id='word_1_125' title='bbox 634 1426 821 1484; x_wconf 90' lang='lat' dir='ltr'>tuam</span> <span class='ocrx_word' id='word_1_126' title='bbox 878 1427 1186 1504; x_wconf 84' lang='lat' dir='ltr'>expectat</span> <span class='ocrx_word' id='word_1_127' title='bbox 1236 1414 1780 1485; x_wconf 82' lang='lat' dir='ltr'>conversionem.</span> <span class='ocrx_word' id='word_1_128' title='bbox 1836 1418 2111 1504; x_wconf 85' lang='lat' dir='ltr'>Oportet</span> <span class='ocrx_word' id='word_1_129' title='bbox 2167 1413 2353 1483; x_wconf 89' lang='lat' dir='ltr'>enim</span> <span class='ocrx_word' id='word_1_130' title='bbox 2406 1427 2469 1483; x_wconf 89' lang='lat' dir='ltr'>te</span> <span class='ocrx_word' id='word_1_131' title='bbox 2523 1435 2798 1501; x_wconf 90' lang='lat' dir='ltr'>quoque</span> 
     </span>
     <span class='ocr_line' id='line_1_14' title="bbox 251 1501 2796 1593; baseline 0 -22"><span class='ocrx_word' id='word_1_132' title='bbox 251 1525 480 1593; x_wconf 77' lang='lat' dir='ltr'>ipsum</span> <span class='ocrx_word' id='word_1_133' title='bbox 533 1501 618 1572; x_wconf 92' lang='lat' dir='ltr'>ad</span> <span class='ocrx_word' id='word_1_134' title='bbox 672 1502 1011 1572; x_wconf 80' lang='lat' dir='ltr'>Christum</span> <span class='ocrx_word' id='word_1_135' title='bbox 1063 1503 1407 1583; x_wconf 83' lang='lat' dir='ltr'>accedere,</span> <span class='ocrx_word' id='word_1_136' title='bbox 1462 1503 1641 1573; x_wconf 88' lang='lat' dir='ltr'>sicut</span> <span class='ocrx_word' id='word_1_137' title='bbox 1688 1502 1893 1572; x_wconf 89' lang='lat' dir='ltr'>etiam</span> <span class='ocrx_word' id='word_1_138' title='bbox 1953 1501 2039 1571; x_wconf 93' lang='lat' dir='ltr'>ab</span> <span class='ocrx_word' id='word_1_139' title='bbox 2088 1502 2239 1592; x_wconf 89' lang='lat' dir='ltr'>ipso</span> <span class='ocrx_word' id='word_1_140' title='bbox 2297 1503 2471 1570; x_wconf 90' lang='lat' dir='ltr'>mihi</span> <span class='ocrx_word' id='word_1_141' title='bbox 2519 1503 2651 1572; x_wconf 89' lang='lat' dir='ltr'>fuit</span> <span class='ocrx_word' id='word_1_142' title='bbox 2700 1503 2796 1574; x_wconf 89' lang='lat' dir='ltr'>si-</span> 
     </span>
    </p>
   </div>
   <div class='ocr_carea' id='block_1_3' title="bbox 120 1591 2797 1695">
    <p class='ocr_par' dir='ltr' id='par_1_3' title="bbox 120 1591 2797 1695">
     <span class='ocr_line' id='line_1_15' title="bbox 120 1591 2797 1695; baseline 0 -36"><span class='ocrx_word' id='word_1_143' title='bbox 120 1678 143 1695; x_wconf 47' lang='lat'><strong>·</strong></span> <span class='ocrx_word' id='word_1_144' title='bbox 254 1591 1015 1683; x_wconf 77' lang='lat' dir='ltr'>gnificatum.‘Laetare</span> <span class='ocrx_word' id='word_1_145' title='bbox 1064 1602 1291 1661; x_wconf 90' lang='lat' dir='ltr'>autem</span> <span class='ocrx_word' id='word_1_146' title='bbox 1335 1591 1519 1679; x_wconf 90' lang='lat' dir='ltr'>quod</span> <span class='ocrx_word' id='word_1_147' title='bbox 1570 1591 1653 1660; x_wconf 89' lang='lat' dir='ltr'>ad</span> <span class='ocrx_word' id='word_1_148' title='bbox 1705 1591 1966 1661; x_wconf 90' lang='lat' dir='ltr'>bonum</span> <span class='ocrx_word' id='word_1_149' title='bbox 2017 1603 2081 1661; x_wconf 90' lang='lat' dir='ltr'>et</span> <span class='ocrx_word' id='word_1_150' title='bbox 2127 1602 2483 1661; x_wconf 90' lang='lat' dir='ltr'>aeternum</span> <span class='ocrx_word' id='word_1_151' title='bbox 2524 1591 2620 1660; x_wconf 85' lang='lat' dir='ltr'>sis</span> <span class='ocrx_word' id='word_1_152' title='bbox 2670 1597 2797 1662; x_wconf 89' lang='lat' dir='ltr'>Re-</span> 
     </span>
    </p>
   </div>
   <div class='ocr_carea' id='block_1_4' title="bbox 248 1680 2800 4518">
    <p class='ocr_par' dir='ltr' id='par_1_4' title="bbox 251 1680 2681 1772">
     <span class='ocr_line' id='line_1_16' title="bbox 251 1680 2681 1772; baseline -0.002 -22"><span class='ocrx_word' id='word_1_153' title='bbox 251 1702 403 1770; x_wconf 88' lang='lat' dir='ltr'>gem</span> <span class='ocrx_word' id='word_1_154' title='bbox 457 1701 888 1761; x_wconf 84' lang='lat' dir='ltr'>accessurus,</span> <span class='ocrx_word' id='word_1_155' title='bbox 927 1692 992 1749; x_wconf 88' lang='lat' dir='ltr'>et</span> <span class='ocrx_word' id='word_1_156' title='bbox 1031 1680 1116 1772; x_wconf 82' lang='lat' dir='ltr'>ad</span> <span class='ocrx_word' id='word_1_157' title='bbox 1154 1680 1464 1770; x_wconf 82' lang='lat' dir='ltr'>martyrii</span> <span class='ocrx_word' id='word_1_158' title='bbox 1506 1680 1808 1751; x_wconf 89' lang='lat' dir='ltr'>stadium</span> <span class='ocrx_word' id='word_1_159' title='bbox 1861 1691 1922 1748; x_wconf 87' lang='lat' dir='ltr'>te</span> <span class='ocrx_word' id='word_1_160' title='bbox 1971 1701 2242 1749; x_wconf 89' lang='lat' dir='ltr'>mecum</span> <span class='ocrx_word' id='word_1_161' title='bbox 2272 1691 2681 1751; x_wconf 85' lang='lat' dir='ltr'>exuturus.»</span> 
     </span>
    </p>

    <p class='ocr_par' dir='ltr' id='par_1_5' title="bbox 248 1767 2800 4071">
     <span class='ocr_line' id='line_1_17' title="bbox 339 1767 2798 1860; baseline -0.001 -19"><span class='ocrx_word' id='word_1_162' title='bbox 339 1770 375 1856; x_wconf 68' lang='grc' dir='ltr'>ἓ</span> <span class='ocrx_word' id='word_1_163' title='bbox 435 1773 586 1841; x_wconf 72' lang='grc'>19.</span> <span class='ocrx_word' id='word_1_164' title='bbox 634 1768 1026 1839; x_wconf 83' lang='lat' dir='ltr'>Praefectus</span> <span class='ocrx_word' id='word_1_165' title='bbox 1056 1780 1309 1850; x_wconf 90' lang='lat' dir='ltr'>autem,</span> <span class='ocrx_word' id='word_1_166' title='bbox 1349 1780 1424 1838; x_wconf 90' lang='lat' dir='ltr'>ut</span> <span class='ocrx_word' id='word_1_167' title='bbox 1448 1769 1568 1856; x_wconf 89' lang='lat' dir='ltr'>qui</span> <span class='ocrx_word' id='word_1_168' title='bbox 1617 1770 1872 1839; x_wconf 89' lang='lat' dir='ltr'>bonam</span> <span class='ocrx_word' id='word_1_169' title='bbox 1905 1767 2184 1837; x_wconf 89' lang='lat' dir='ltr'>haberet</span> <span class='ocrx_word' id='word_1_170' title='bbox 2215 1768 2523 1837; x_wconf 89' lang='lat' dir='ltr'>animam</span> <span class='ocrx_word' id='word_1_171' title='bbox 2553 1779 2618 1838; x_wconf 94' lang='lat' dir='ltr'>et</span> <span class='ocrx_word' id='word_1_172' title='bbox 2644 1790 2798 1860; x_wconf 82' lang='lat' dir='ltr'>gra-</span> 
     </span>
     <span class='ocr_line' id='line_1_18' title="bbox 256 1855 2796 1957; baseline 0 -30"><span class='ocrx_word' id='word_1_173' title='bbox 256 1856 385 1927; x_wconf 90' lang='lat' dir='ltr'>tiae</span> <span class='ocrx_word' id='word_1_174' title='bbox 418 1878 769 1957; x_wconf 87' lang='lat' dir='ltr'>capacem,</span> <span class='ocrx_word' id='word_1_175' title='bbox 824 1857 1119 1927; x_wconf 83' lang='lat' dir='ltr'>maxime</span> <span class='ocrx_word' id='word_1_176' title='bbox 1168 1878 1324 1927; x_wconf 89' lang='lat' dir='ltr'>vero</span> <span class='ocrx_word' id='word_1_177' title='bbox 1365 1879 1527 1928; x_wconf 92' lang='lat' dir='ltr'>cum</span> <span class='ocrx_word' id='word_1_178' title='bbox 1577 1857 1785 1927; x_wconf 91' lang='lat' dir='ltr'>etiam</span> <span class='ocrx_word' id='word_1_179' title='bbox 1835 1855 2055 1948; x_wconf 87' lang='lat' dir='ltr'>gratia</span> <span class='ocrx_word' id='word_1_180' title='bbox 2114 1857 2264 1946; x_wconf 78' lang='lat' dir='ltr'>eJus</span> <span class='ocrx_word' id='word_1_181' title='bbox 2310 1856 2585 1926; x_wconf 87' lang='lat' dir='ltr'>animae</span> <span class='ocrx_word' id='word_1_182' title='bbox 2632 1879 2796 1928; x_wconf 88' lang='lat' dir='ltr'>ocu-</span> 
     </span>
     <span class='ocr_line' id='line_1_19' title="bbox 257 1943 2797 2037; baseline 0.001 -24"><span class='ocrx_word' id='word_1_183' title='bbox 257 1944 358 2014; x_wconf 92' lang='lat' dir='ltr'>los</span> <span class='ocrx_word' id='word_1_184' title='bbox 406 1945 763 2036; x_wconf 78' lang='lat' dir='ltr'>attigisset,</span> <span class='ocrx_word' id='word_1_185' title='bbox 806 1945 1030 2036; x_wconf 76' lang='lat' dir='ltr'>coepit</span> <span class='ocrx_word' id='word_1_186' title='bbox 1068 1944 1474 2036; x_wconf 84' lang='lat' dir='ltr'>intelligere,</span> <span class='ocrx_word' id='word_1_187' title='bbox 1512 1958 1578 2015; x_wconf 93' lang='lat' dir='ltr'>et</span> <span class='ocrx_word' id='word_1_188' title='bbox 1624 1945 1875 2035; x_wconf 91' lang='lat' dir='ltr'>partim</span> <span class='ocrx_word' id='word_1_189' title='bbox 1906 1944 2188 2032; x_wconf 89' lang='lat' dir='ltr'>quidem</span> <span class='ocrx_word' id='word_1_190' title='bbox 2237 1966 2317 2014; x_wconf 84' lang='lat' dir='ltr'>ex</span> <span class='ocrx_word' id='word_1_191' title='bbox 2354 1943 2600 2027; x_wconf 88' lang='lat' dir='ltr'>verbis,</span> <span class='ocrx_word' id='word_1_192' title='bbox 2641 1968 2797 2037; x_wconf 89' lang='lat' dir='ltr'>par-</span> 
     </span>
     <span class='ocr_line' id='line_1_20' title="bbox 256 2032 2800 2125; baseline 0.001 -23"><span class='ocrx_word' id='word_1_193' title='bbox 256 2033 380 2102; x_wconf 91' lang='lat' dir='ltr'>tim</span> <span class='ocrx_word' id='word_1_194' title='bbox 438 2046 667 2103; x_wconf 89' lang='lat' dir='ltr'>autem</span> <span class='ocrx_word' id='word_1_195' title='bbox 718 2034 925 2103; x_wconf 89' lang='lat' dir='ltr'>etiam</span> <span class='ocrx_word' id='word_1_196' title='bbox 987 2055 1067 2102; x_wconf 86' lang='lat' dir='ltr'>ex</span> <span class='ocrx_word' id='word_1_197' title='bbox 1116 2033 1474 2114; x_wconf 66' lang='lat' dir='ltr'>miraeum,</span> <span class='ocrx_word' id='word_1_198' title='bbox 1530 2055 1770 2104; x_wconf 90' lang='lat' dir='ltr'>verum</span> <span class='ocrx_word' id='word_1_199' title='bbox 1820 2037 2031 2103; x_wconf 88' lang='lat' dir='ltr'>Deum</span> <span class='ocrx_word' id='word_1_200' title='bbox 2067 2044 2133 2102; x_wconf 91' lang='lat' dir='ltr'>et</span> <span class='ocrx_word' id='word_1_201' title='bbox 2181 2032 2618 2122; x_wconf 89' lang='lat' dir='ltr'>splendorem</span> <span class='ocrx_word' id='word_1_202' title='bbox 2658 2035 2800 2125; x_wconf 88' lang='lat' dir='ltr'>pie·</span> 
     </span>
     <span class='ocr_line' id='line_1_21' title="bbox 251 2121 2798 2213; baseline 0 -21"><span class='ocrx_word' id='word_1_203' title='bbox 251 2121 408 2192; x_wconf 90' lang='lat' dir='ltr'>tatis</span> <span class='ocrx_word' id='word_1_204' title='bbox 458 2121 793 2212; x_wconf 89' lang='lat' dir='ltr'>paulatim</span> <span class='ocrx_word' id='word_1_205' title='bbox 843 2121 1224 2191; x_wconf 86' lang='lat' dir='ltr'>admittere.</span> <span class='ocrx_word' id='word_1_206' title='bbox 1282 2122 1683 2213; x_wconf 77' lang='lat' dir='ltr'>conjectans</span> <span class='ocrx_word' id='word_1_207' title='bbox 1742 2143 1897 2191; x_wconf 89' lang='lat' dir='ltr'>vero</span> <span class='ocrx_word' id='word_1_208' title='bbox 1962 2143 2111 2190; x_wconf 87' lang='lat' dir='ltr'>eam</span> <span class='ocrx_word' id='word_1_209' title='bbox 2185 2143 2460 2209; x_wconf 92' lang='lat' dir='ltr'>quoque</span> <span class='ocrx_word' id='word_1_210' title='bbox 2494 2176 2510 2203; x_wconf 90' lang='lat'>,</span> <span class='ocrx_word' id='word_1_211' title='bbox 2584 2144 2798 2210; x_wconf 90' lang='lat' dir='ltr'>quam</span> 
     </span>
     <span class='ocr_line' id='line_1_22' title="bbox 251 2209 2799 2300; baseline 0.002 -22"><span class='ocrx_word' id='word_1_212' title='bbox 251 2210 448 2300; x_wconf 89' lang='lat' dir='ltr'>prius</span> <span class='ocrx_word' id='word_1_213' title='bbox 498 2209 566 2278; x_wconf 93' lang='lat' dir='ltr'>in</span> <span class='ocrx_word' id='word_1_214' title='bbox 618 2209 1006 2300; x_wconf 84' lang='lat' dir='ltr'>navigando</span> <span class='ocrx_word' id='word_1_215' title='bbox 1056 2222 1409 2300; x_wconf 84' lang='lat' dir='ltr'>aspexerat</span> <span class='ocrx_word' id='word_1_216' title='bbox 1459 2210 1816 2290; x_wconf 88' lang='lat' dir='ltr'>visionem,</span> <span class='ocrx_word' id='word_1_217' title='bbox 1870 2221 1934 2278; x_wconf 88' lang='lat' dir='ltr'>et</span> <span class='ocrx_word' id='word_1_218' title='bbox 1977 2209 2570 2296; x_wconf 88' lang='lat' dir='ltr'>quemadmodum</span> <span class='ocrx_word' id='word_1_219' title='bbox 2621 2216 2799 2282; x_wconf 89' lang='lat' dir='ltr'>Deus</span> 
     </span>
     <span class='ocr_line' id='line_1_23' title="bbox 249 2297 2798 2389; baseline 0 -22"><span class='ocrx_word' id='word_1_220' title='bbox 249 2299 369 2386; x_wconf 91' lang='lat' dir='ltr'>qui</span> <span class='ocrx_word' id='word_1_221' title='bbox 419 2312 855 2389; x_wconf 89' lang='lat' dir='ltr'>apparuerat,</span> <span class='ocrx_word' id='word_1_222' title='bbox 928 2298 1073 2367; x_wconf 91' lang='lat' dir='ltr'>vult</span> <span class='ocrx_word' id='word_1_223' title='bbox 1141 2320 1299 2368; x_wconf 92' lang='lat' dir='ltr'>eum</span> <span class='ocrx_word' id='word_1_224' title='bbox 1371 2297 1858 2369; x_wconf 90' lang='lat' dir='ltr'>connumerari</span> <span class='ocrx_word' id='word_1_225' title='bbox 1924 2320 2083 2367; x_wconf 89' lang='lat' dir='ltr'>cum</span> <span class='ocrx_word' id='word_1_226' title='bbox 2150 2298 2298 2368; x_wconf 90' lang='lat' dir='ltr'>suis</span> <span class='ocrx_word' id='word_1_227' title='bbox 2347 2299 2685 2369; x_wconf 85' lang='lat' dir='ltr'>ministris</span> <span class='ocrx_word' id='word_1_228' title='bbox 2732 2311 2798 2368; x_wconf 88' lang='lat' dir='ltr'>et</span> 
     </span>
     <span class='ocr_line' id='line_1_24' title="bbox 252 2385 2794 2477; baseline 0.001 -21"><span class='ocrx_word' id='word_1_229' title='bbox 252 2388 520 2467; x_wconf 89' lang='lat' dir='ltr'>amicis,</span> <span class='ocrx_word' id='word_1_230' title='bbox 577 2387 958 2457; x_wconf 89' lang='lat' dir='ltr'>laetabatur</span> <span class='ocrx_word' id='word_1_231' title='bbox 988 2385 1268 2474; x_wconf 88' lang='lat' dir='ltr'>quidem</span> <span class='ocrx_word' id='word_1_232' title='bbox 1321 2399 1648 2474; x_wconf 90' lang='lat' dir='ltr'>tanquam</span> <span class='ocrx_word' id='word_1_233' title='bbox 1701 2386 1786 2454; x_wconf 88' lang='lat' dir='ltr'>de</span> <span class='ocrx_word' id='word_1_234' title='bbox 1821 2407 1891 2455; x_wconf 92' lang='lat' dir='ltr'>re</span> <span class='ocrx_word' id='word_1_235' title='bbox 1923 2408 2205 2477; x_wconf 90' lang='lat' dir='ltr'>magna:</span> <span class='ocrx_word' id='word_1_236' title='bbox 2260 2386 2622 2458; x_wconf 90' lang='lat' dir='ltr'>dubitabat</span> <span class='ocrx_word' id='word_1_237' title='bbox 2668 2410 2794 2458; x_wconf 89' lang='lat' dir='ltr'>au-</span> 
     </span>
     <span class='ocr_line' id='line_1_25' title="bbox 250 2475 2797 2568; baseline 0 -22"><span class='ocrx_word' id='word_1_238' title='bbox 250 2486 408 2560; x_wconf 89' lang='lat' dir='ltr'>tem,</span> <span class='ocrx_word' id='word_1_239' title='bbox 463 2475 1050 2565; x_wconf 87' lang='lat' dir='ltr'>quemadmodum</span> <span class='ocrx_word' id='word_1_240' title='bbox 1093 2475 1214 2564; x_wconf 91' lang='lat' dir='ltr'>qui</span> <span class='ocrx_word' id='word_1_241' title='bbox 1256 2488 1441 2546; x_wconf 87' lang='lat' dir='ltr'>tanto</span> <span class='ocrx_word' id='word_1_242' title='bbox 1484 2489 1785 2567; x_wconf 87' lang='lat' dir='ltr'>tempore</span> <span class='ocrx_word' id='word_1_243' title='bbox 1815 2475 2030 2545; x_wconf 90' lang='lat' dir='ltr'>errori</span> <span class='ocrx_word' id='word_1_244' title='bbox 2059 2475 2486 2558; x_wconf 87' lang='lat' dir='ltr'>adhaeserat,</span> <span class='ocrx_word' id='word_1_245' title='bbox 2520 2488 2797 2568; x_wconf 89' lang='lat' dir='ltr'>repente</span> 
     </span>
     <span class='ocr_line' id='line_1_26' title="bbox 251 2563 2798 2657; baseline 0.001 -23"><span class='ocrx_word' id='word_1_246' title='bbox 251 2565 510 2657; x_wconf 84' lang='lat' dir='ltr'>dignus</span> <span class='ocrx_word' id='word_1_247' title='bbox 554 2565 761 2636; x_wconf 88' lang='lat' dir='ltr'>fuerit</span> <span class='ocrx_word' id='word_1_248' title='bbox 806 2564 1131 2646; x_wconf 83' lang='lat' dir='ltr'>habituS‚</span> <span class='ocrx_word' id='word_1_249' title='bbox 1203 2565 1325 2652; x_wconf 89' lang='lat' dir='ltr'>qui</span> <span class='ocrx_word' id='word_1_250' title='bbox 1383 2564 1502 2635; x_wconf 90' lang='lat' dir='ltr'>tali</span> <span class='ocrx_word' id='word_1_251' title='bbox 1555 2571 1685 2636; x_wconf 88' lang='lat' dir='ltr'>Deo</span> <span class='ocrx_word' id='word_1_252' title='bbox 1734 2565 1925 2635; x_wconf 86' lang='lat' dir='ltr'>fieret</span> <span class='ocrx_word' id='word_1_253' title='bbox 1974 2563 2360 2637; x_wconf 86' lang='lat' dir='ltr'>familiaris.</span> <span class='ocrx_word' id='word_1_254' title='bbox 2417 2570 2584 2637; x_wconf 85' lang='lat' dir='ltr'>Cum</span> <span class='ocrx_word' id='word_1_255' title='bbox 2635 2589 2798 2657; x_wconf 82' lang='lat' dir='ltr'>ergo</span> 
     </span>
     <span class='ocr_line' id='line_1_27' title="bbox 250 2654 2793 2745; baseline 0 -22"><span class='ocrx_word' id='word_1_256' title='bbox 250 2654 417 2725; x_wconf 89' lang='lat' dir='ltr'>haec</span> <span class='ocrx_word' id='word_1_257' title='bbox 456 2654 639 2745; x_wconf 92' lang='lat' dir='ltr'>apud</span> <span class='ocrx_word' id='word_1_258' title='bbox 693 2676 762 2725; x_wconf 92' lang='lat' dir='ltr'>se</span> <span class='ocrx_word' id='word_1_259' title='bbox 812 2664 1131 2734; x_wconf 88' lang='lat' dir='ltr'>versaret,</span> <span class='ocrx_word' id='word_1_260' title='bbox 1176 2654 1413 2725; x_wconf 90' lang='lat' dir='ltr'>divina</span> <span class='ocrx_word' id='word_1_261' title='bbox 1460 2654 1680 2745; x_wconf 89' lang='lat' dir='ltr'>gratia</span> <span class='ocrx_word' id='word_1_262' title='bbox 1734 2676 1891 2723; x_wconf 89' lang='lat' dir='ltr'>eum</span> <span class='ocrx_word' id='word_1_263' title='bbox 1957 2654 2187 2723; x_wconf 89' lang='lat' dir='ltr'>adhuc</span> <span class='ocrx_word' id='word_1_264' title='bbox 2236 2655 2483 2745; x_wconf 87' lang='lat' dir='ltr'>magis,</span> <span class='ocrx_word' id='word_1_265' title='bbox 2541 2676 2793 2725; x_wconf 90' lang='lat' dir='ltr'>vocans</span> 
     </span>
     <span class='ocr_line' id='line_1_28' title="bbox 251 2742 2797 2834; baseline -0 -21"><span class='ocrx_word' id='word_1_266' title='bbox 251 2743 335 2813; x_wconf 88' lang='lat' dir='ltr'>ad</span> <span class='ocrx_word' id='word_1_267' title='bbox 387 2743 833 2833; x_wconf 84' lang='lat' dir='ltr'>agnitionem,</span> <span class='ocrx_word' id='word_1_268' title='bbox 887 2743 948 2812; x_wconf 90' lang='lat' dir='ltr'>ei</span> <span class='ocrx_word' id='word_1_269' title='bbox 999 2742 1375 2813; x_wconf 83' lang='lat' dir='ltr'>illustriora</span> <span class='ocrx_word' id='word_1_270' title='bbox 1410 2743 1689 2834; x_wconf 87' lang='lat' dir='ltr'>praebet</span> <span class='ocrx_word' id='word_1_271' title='bbox 1736 2742 1936 2832; x_wconf 90' lang='lat' dir='ltr'>signa</span> <span class='ocrx_word' id='word_1_272' title='bbox 1986 2743 2322 2813; x_wconf 89' lang='lat' dir='ltr'>veritatis:</span> <span class='ocrx_word' id='word_1_273' title='bbox 2375 2755 2441 2813; x_wconf 89' lang='lat' dir='ltr'>et</span> <span class='ocrx_word' id='word_1_274' title='bbox 2471 2743 2652 2814; x_wconf 86' lang='lat' dir='ltr'>videt</span> <span class='ocrx_word' id='word_1_275' title='bbox 2683 2744 2797 2813; x_wconf 93' lang='lat' dir='ltr'>ille</span> 
     </span>
     <span class='ocr_line' id='line_1_29' title="bbox 250 2831 2795 2922; baseline 0 -21"><span class='ocrx_word' id='word_1_276' title='bbox 250 2853 411 2901; x_wconf 90' lang='lat' dir='ltr'>cum</span> <span class='ocrx_word' id='word_1_277' title='bbox 461 2831 881 2919; x_wconf 88' lang='lat' dir='ltr'>quibusdam</span> <span class='ocrx_word' id='word_1_278' title='bbox 920 2831 1184 2922; x_wconf 78' lang='lat' dir='ltr'>pauciS,</span> <span class='ocrx_word' id='word_1_279' title='bbox 1223 2832 1399 2903; x_wconf 90' lang='lat' dir='ltr'>duos</span> <span class='ocrx_word' id='word_1_280' title='bbox 1448 2833 1628 2903; x_wconf 89' lang='lat' dir='ltr'>viros</span> <span class='ocrx_word' id='word_1_281' title='bbox 1658 2843 1977 2902; x_wconf 88' lang='lat' dir='ltr'>sanctum</span> <span class='ocrx_word' id='word_1_282' title='bbox 2010 2832 2622 2913; x_wconf 83' lang='lat' dir='ltr'>circumsistentes,</span> <span class='ocrx_word' id='word_1_283' title='bbox 2658 2831 2795 2902; x_wconf 91' lang='lat' dir='ltr'>ful-</span> 
     </span>
     <span class='ocr_line' id='line_1_30' title="bbox 251 2919 2793 3010; baseline 0 -21"><span class='ocrx_word' id='word_1_284' title='bbox 251 2919 655 3010; x_wconf 69' lang='lat' dir='ltr'>guriforma</span> <span class='ocrx_word' id='word_1_285' title='bbox 705 2920 988 3002; x_wconf 82' lang='lat' dir='ltr'>simileS‚</span> <span class='ocrx_word' id='word_1_286' title='bbox 1033 2920 1410 3008; x_wconf 87' lang='lat' dir='ltr'>alatosque,</span> <span class='ocrx_word' id='word_1_287' title='bbox 1467 2933 1532 2990; x_wconf 90' lang='lat' dir='ltr'>et</span> <span class='ocrx_word' id='word_1_288' title='bbox 1570 2921 1657 2991; x_wconf 89' lang='lat' dir='ltr'>iis</span> <span class='ocrx_word' id='word_1_289' title='bbox 1688 2920 1811 3007; x_wconf 91' lang='lat' dir='ltr'>qui</span> <span class='ocrx_word' id='word_1_290' title='bbox 1861 2919 2205 3001; x_wconf 90' lang='lat' dir='ltr'>videbant,</span> <span class='ocrx_word' id='word_1_291' title='bbox 2244 2942 2355 2990; x_wconf 92' lang='lat' dir='ltr'>ma</span> <span class='ocrx_word' id='word_1_292' title='bbox 2412 2943 2576 2991; x_wconf 91' lang='lat' dir='ltr'>num</span> <span class='ocrx_word' id='word_1_293' title='bbox 2629 2922 2793 2990; x_wconf 85' lang='lat' dir='ltr'>affe-</span> 
     </span>
     <span class='ocr_line' id='line_1_31' title="bbox 251 3008 2796 3100; baseline 0.001 -23"><span class='ocrx_word' id='word_1_294' title='bbox 251 3018 478 3078; x_wconf 90' lang='lat' dir='ltr'>rentes</span> <span class='ocrx_word' id='word_1_295' title='bbox 519 3020 867 3090; x_wconf 87' lang='lat' dir='ltr'>terrorem‚</span> <span class='ocrx_word' id='word_1_296' title='bbox 906 3023 983 3079; x_wconf 89' lang='lat' dir='ltr'>ut</span> <span class='ocrx_word' id='word_1_297' title='bbox 1029 3009 1409 3097; x_wconf 89' lang='lat' dir='ltr'>quiessent</span> <span class='ocrx_word' id='word_1_298' title='bbox 1442 3010 1660 3100; x_wconf 90' lang='lat' dir='ltr'>parati</span> <span class='ocrx_word' id='word_1_299' title='bbox 1696 3010 1780 3078; x_wconf 90' lang='lat' dir='ltr'>ad</span> <span class='ocrx_word' id='word_1_300' title='bbox 1810 3030 1967 3077; x_wconf 87' lang='lat' dir='ltr'>eum</span> <span class='ocrx_word' id='word_1_301' title='bbox 1998 3008 2333 3079; x_wconf 88' lang='lat' dir='ltr'>desenden</span> <span class='ocrx_word' id='word_1_302' title='bbox 2390 3031 2508 3078; x_wconf 89' lang='lat' dir='ltr'>um</span> <span class='ocrx_word' id='word_1_303' title='bbox 2540 3033 2556 3076; x_wconf 70' lang='grc' dir='ltr'><strong>ι</strong></span> <span class='ocrx_word' id='word_1_304' title='bbox 2587 3023 2796 3100; x_wconf 88' lang='lat' dir='ltr'>caput</span> 
     </span>
     <span class='ocr_line' id='line_1_32' title="bbox 252 3096 2798 3186; baseline 0.002 -21"><span class='ocrx_word' id='word_1_305' title='bbox 252 3108 482 3166; x_wconf 90' lang='lat' dir='ltr'>autem</span> <span class='ocrx_word' id='word_1_306' title='bbox 531 3099 781 3167; x_wconf 70' lang='lat' dir='ltr'>corona</span> <span class='ocrx_word' id='word_1_307' title='bbox 831 3098 1271 3167; x_wconf 87' lang='lat' dir='ltr'>redimibant.</span> <span class='ocrx_word' id='word_1_308' title='bbox 1326 3103 1692 3186; x_wconf 89' lang='lat' dir='ltr'>Postquam</span> <span class='ocrx_word' id='word_1_309' title='bbox 1759 3117 1915 3167; x_wconf 88' lang='lat' dir='ltr'>vero</span> <span class='ocrx_word' id='word_1_310' title='bbox 1964 3096 2121 3168; x_wconf 90' lang='lat' dir='ltr'>aliis</span> <span class='ocrx_word' id='word_1_311' title='bbox 2167 3119 2442 3185; x_wconf 90' lang='lat' dir='ltr'>quoque</span> <span class='ocrx_word' id='word_1_312' title='bbox 2479 3119 2798 3169; x_wconf 90' lang='lat' dir='ltr'>commu-</span> 
     </span>
     <span class='ocr_line' id='line_1_33' title="bbox 253 3184 2797 3277; baseline 0.002 -25"><span class='ocrx_word' id='word_1_313' title='bbox 253 3184 507 3254; x_wconf 87' lang='lat' dir='ltr'>nicavit</span> <span class='ocrx_word' id='word_1_314' title='bbox 552 3184 620 3253; x_wconf 94' lang='lat' dir='ltr'>id</span> <span class='ocrx_word' id='word_1_315' title='bbox 671 3185 855 3272; x_wconf 91' lang='lat' dir='ltr'>quod</span> <span class='ocrx_word' id='word_1_316' title='bbox 886 3188 1228 3267; x_wconf 88' lang='lat' dir='ltr'>cernebat,</span> <span class='ocrx_word' id='word_1_317' title='bbox 1266 3197 1331 3256; x_wconf 89' lang='lat' dir='ltr'>et</span> <span class='ocrx_word' id='word_1_318' title='bbox 1371 3187 1629 3256; x_wconf 88' lang='lat' dir='ltr'>invenit</span> <span class='ocrx_word' id='word_1_319' title='bbox 1657 3208 1775 3257; x_wconf 92' lang='lat' dir='ltr'>eos</span> <span class='ocrx_word' id='word_1_320' title='bbox 1806 3185 2145 3266; x_wconf 88' lang='lat' dir='ltr'>eamdem,</span> <span class='ocrx_word' id='word_1_321' title='bbox 2181 3208 2390 3273; x_wconf 89' lang='lat' dir='ltr'>quam</span> <span class='ocrx_word' id='word_1_322' title='bbox 2427 3186 2575 3276; x_wconf 89' lang='lat' dir='ltr'>ipse</span> <span class='ocrx_word' id='word_1_323' title='bbox 2600 3209 2797 3277; x_wconf 87' lang='lat' dir='ltr'>aspe-</span> 
     </span>
     <span class='ocr_line' id='line_1_34' title="bbox 252 3272 2798 3360; baseline 0.001 -19"><span class='ocrx_word' id='word_1_324' title='bbox 252 3283 462 3353; x_wconf 85' lang='lat' dir='ltr'>xerat,</span> <span class='ocrx_word' id='word_1_325' title='bbox 517 3272 768 3343; x_wconf 90' lang='lat' dir='ltr'>vidisse</span> <span class='ocrx_word' id='word_1_326' title='bbox 818 3274 1173 3355; x_wconf 90' lang='lat' dir='ltr'>visionem,</span> <span class='ocrx_word' id='word_1_327' title='bbox 1210 3297 1368 3343; x_wconf 89' lang='lat' dir='ltr'>cum</span> <span class='ocrx_word' id='word_1_328' title='bbox 1404 3274 1576 3344; x_wconf 91' lang='lat' dir='ltr'>nihil</span> <span class='ocrx_word' id='word_1_329' title='bbox 1626 3285 1805 3344; x_wconf 89' lang='lat' dir='ltr'>esset</span> <span class='ocrx_word' id='word_1_330' title='bbox 1850 3274 2032 3360; x_wconf 90' lang='lat' dir='ltr'>quod</span> <span class='ocrx_word' id='word_1_331' title='bbox 2085 3274 2452 3355; x_wconf 86' lang='lat' dir='ltr'>dubitaret,</span> <span class='ocrx_word' id='word_1_332' title='bbox 2494 3276 2798 3345; x_wconf 88' lang='lat' dir='ltr'>constitit</span> 
     </span>
     <span class='ocr_line' id='line_1_35' title="bbox 252 3361 2797 3454; baseline 0.002 -24"><span class='ocrx_word' id='word_1_333' title='bbox 252 3372 552 3451; x_wconf 89' lang='lat' dir='ltr'>repente,</span> <span class='ocrx_word' id='word_1_334' title='bbox 624 3383 783 3431; x_wconf 86' lang='lat' dir='ltr'>cum</span> <span class='ocrx_word' id='word_1_335' title='bbox 832 3384 869 3430; x_wconf 89' lang='lat' dir='ltr'>c</span> <span class='ocrx_word' id='word_1_336' title='bbox 917 3361 1075 3430; x_wconf 89' lang='lat' dir='ltr'>sede</span> <span class='ocrx_word' id='word_1_337' title='bbox 1122 3362 1471 3443; x_wconf 79' lang='lat' dir='ltr'>exiliisset‚</span> <span class='ocrx_word' id='word_1_338' title='bbox 1535 3375 1600 3432; x_wconf 87' lang='lat' dir='ltr'>ct</span> <span class='ocrx_word' id='word_1_339' title='bbox 1646 3362 1966 3432; x_wconf 87' lang='lat' dir='ltr'>clamavit</span> <span class='ocrx_word' id='word_1_340' title='bbox 2035 3362 2120 3431; x_wconf 89' lang='lat' dir='ltr'>ad</span> <span class='ocrx_word' id='word_1_341' title='bbox 2172 3363 2558 3454; x_wconf 89' lang='lat' dir='ltr'>populum:</span> <span class='ocrx_word' id='word_1_342' title='bbox 2615 3386 2652 3430; x_wconf 84' lang='lat'>«</span> <span class='ocrx_word' id='word_1_343' title='bbox 2684 3368 2797 3433; x_wconf 89' lang='lat' dir='ltr'>Est</span> 
     </span>
     <span class='ocr_line' id='line_1_36' title="bbox 252 3448 2795 3529; baseline 0.001 -11"><span class='ocrx_word' id='word_1_344' title='bbox 252 3450 365 3520; x_wconf 87' lang='lat' dir='ltr'>hic</span> <span class='ocrx_word' id='word_1_345' title='bbox 415 3472 642 3519; x_wconf 90' lang='lat' dir='ltr'>revera</span> <span class='ocrx_word' id='word_1_346' title='bbox 694 3450 829 3519; x_wconf 86' lang='lat' dir='ltr'>veri</span> <span class='ocrx_word' id='word_1_347' title='bbox 884 3450 997 3518; x_wconf 88' lang='lat' dir='ltr'>Dei</span> <span class='ocrx_word' id='word_1_348' title='bbox 1047 3448 1374 3529; x_wconf 80' lang='lat' dir='ltr'>famuluS,</span> <span class='ocrx_word' id='word_1_349' title='bbox 1431 3472 1642 3519; x_wconf 90' lang='lat' dir='ltr'>manu</span> <span class='ocrx_word' id='word_1_350' title='bbox 1699 3462 2017 3519; x_wconf 88' lang='lat' dir='ltr'>sanctum</span> <span class='ocrx_word' id='word_1_351' title='bbox 2071 3451 2481 3522; x_wconf 88' lang='lat' dir='ltr'>ostendens:</span> <span class='ocrx_word' id='word_1_352' title='bbox 2534 3463 2599 3521; x_wconf 91' lang='lat' dir='ltr'>et</span> <span class='ocrx_word' id='word_1_353' title='bbox 2649 3475 2795 3521; x_wconf 89' lang='lat' dir='ltr'>ma-</span> 
     </span>
     <span class='ocr_line' id='line_1_37' title="bbox 251 3537 2796 3630; baseline 0 -24"><span class='ocrx_word' id='word_1_354' title='bbox 251 3561 433 3630; x_wconf 89' lang='lat' dir='ltr'>gnus</span> <span class='ocrx_word' id='word_1_355' title='bbox 459 3550 559 3607; x_wconf 90' lang='lat' dir='ltr'>est</span> <span class='ocrx_word' id='word_1_356' title='bbox 590 3538 670 3617; x_wconf 88' lang='lat' dir='ltr'>is,</span> <span class='ocrx_word' id='word_1_357' title='bbox 706 3560 908 3625; x_wconf 89' lang='lat' dir='ltr'>quem</span> <span class='ocrx_word' id='word_1_358' title='bbox 948 3559 1070 3607; x_wconf 92' lang='lat' dir='ltr'>nos</span> <span class='ocrx_word' id='word_1_359' title='bbox 1100 3538 1295 3621; x_wconf 80' lang='lat' dir='ltr'>docet</span> <span class='ocrx_word' id='word_1_360' title='bbox 1333 3537 1554 3606; x_wconf 91' lang='lat' dir='ltr'>colere</span> <span class='ocrx_word' id='word_1_361' title='bbox 1589 3543 1797 3606; x_wconf 87' lang='lat' dir='ltr'>Deum</span> <span class='ocrx_word' id='word_1_362' title='bbox 1845 3560 2120 3608; x_wconf 88' lang='lat' dir='ltr'>verum:</span> <span class='ocrx_word' id='word_1_363' title='bbox 2157 3540 2278 3627; x_wconf 92' lang='lat' dir='ltr'>qui</span> <span class='ocrx_word' id='word_1_364' title='bbox 2311 3539 2480 3608; x_wconf 89' lang='lat' dir='ltr'>adeo</span> <span class='ocrx_word' id='word_1_365' title='bbox 2513 3539 2796 3626; x_wconf 85' lang='lat' dir='ltr'>quidem</span> 
     </span>
     <span class='ocr_line' id='line_1_38' title="bbox 250 3625 2795 3717; baseline 0 -21"><span class='ocrx_word' id='word_1_366' title='bbox 250 3627 752 3697; x_wconf 88' lang='lat' dir='ltr'>admirabiliter</span> <span class='ocrx_word' id='word_1_367' title='bbox 796 3638 861 3695; x_wconf 89' lang='lat' dir='ltr'>et</span> <span class='ocrx_word' id='word_1_368' title='bbox 907 3636 1143 3695; x_wconf 87' lang='lat' dir='ltr'>contra</span> <span class='ocrx_word' id='word_1_369' title='bbox 1192 3625 1586 3715; x_wconf 88' lang='lat' dir='ltr'>opinionem</span> <span class='ocrx_word' id='word_1_370' title='bbox 1644 3626 1962 3715; x_wconf 88' lang='lat' dir='ltr'>proprios</span> <span class='ocrx_word' id='word_1_371' title='bbox 2035 3628 2311 3717; x_wconf 83' lang='lat' dir='ltr'>refingit</span> <span class='ocrx_word' id='word_1_372' title='bbox 2370 3628 2703 3698; x_wconf 87' lang='lat' dir='ltr'>athletas:</span> <span class='ocrx_word' id='word_1_373' title='bbox 2758 3652 2795 3697; x_wconf 93' lang='lat' dir='ltr'>e</span> 
     </span>
     <span class='ocr_line' id='line_1_39' title="bbox 250 3713 2793 3805; baseline 0.001 -21"><span class='ocrx_word' id='word_1_374' title='bbox 250 3715 459 3784; x_wconf 87' lang='lat' dir='ltr'>coelis</span> <span class='ocrx_word' id='word_1_375' title='bbox 516 3727 741 3784; x_wconf 91' lang='lat' dir='ltr'>autem</span> <span class='ocrx_word' id='word_1_376' title='bbox 793 3715 938 3795; x_wconf 80' lang='lat' dir='ltr'>eiS,</span> <span class='ocrx_word' id='word_1_377' title='bbox 993 3725 1069 3784; x_wconf 92' lang='lat' dir='ltr'>ut</span> <span class='ocrx_word' id='word_1_378' title='bbox 1123 3713 1364 3783; x_wconf 79' lang='lat' dir='ltr'>videtis</span> <span class='ocrx_word' id='word_1_379' title='bbox 1384 3736 1403 3793; x_wconf 86' lang='lat'>,·</span> <span class='ocrx_word' id='word_1_380' title='bbox 1476 3714 1718 3784; x_wconf 90' lang='lat' dir='ltr'>tribuit</span> <span class='ocrx_word' id='word_1_381' title='bbox 1766 3714 2126 3785; x_wconf 87' lang='lat' dir='ltr'>victorias:</span> <span class='ocrx_word' id='word_1_382' title='bbox 2180 3728 2246 3785; x_wconf 92' lang='lat' dir='ltr'>et</span> <span class='ocrx_word' id='word_1_383' title='bbox 2293 3715 2793 3805; x_wconf 85' lang='lat' dir='ltr'>intelligentem</span> 
     </span>
     <span class='ocr_line' id='line_1_40' title="bbox 248 3802 2796 3893; baseline 0 -20"><span class='ocrx_word' id='word_1_384' title='bbox 248 3804 348 3873; x_wconf 85' lang='lat' dir='ltr'>eis</span> <span class='ocrx_word' id='word_1_385' title='bbox 396 3825 594 3893; x_wconf 89' lang='lat' dir='ltr'>opem</span> <span class='ocrx_word' id='word_1_386' title='bbox 646 3802 893 3883; x_wconf 80' lang='lat' dir='ltr'>ferenS,</span> <span class='ocrx_word' id='word_1_387' title='bbox 961 3825 1090 3887; x_wconf 75' lang='lat' dir='ltr'>eos</span> <span class='ocrx_word' id='word_1_388' title='bbox 1123 3802 1449 3872; x_wconf 88' lang='lat' dir='ltr'>defendit.</span> <span class='ocrx_word' id='word_1_389' title='bbox 1508 3802 1925 3892; x_wconf 78' lang='lat' dir='ltr'>Imprudens</span> <span class='ocrx_word' id='word_1_390' title='bbox 1977 3825 2130 3872; x_wconf 92' lang='lat' dir='ltr'>vero</span> <span class='ocrx_word' id='word_1_391' title='bbox 2183 3825 2371 3873; x_wconf 87' lang='lat' dir='ltr'>eram</span> <span class='ocrx_word' id='word_1_392' title='bbox 2425 3804 2628 3874; x_wconf 89' lang='lat' dir='ltr'>malis</span> <span class='ocrx_word' id='word_1_393' title='bbox 2676 3805 2796 3874; x_wconf 90' lang='lat' dir='ltr'>de-</span> 
     </span>
     <span class='ocr_line' id='line_1_41' title="bbox 248 3891 2794 3982; baseline 0.001 -21"><span class='ocrx_word' id='word_1_394' title='bbox 248 3893 437 3963; x_wconf 87' lang='lat' dir='ltr'>ditus</span> <span class='ocrx_word' id='word_1_395' title='bbox 484 3892 963 3972; x_wconf 82' lang='lat' dir='ltr'>daemonibuS‚</span> <span class='ocrx_word' id='word_1_396' title='bbox 1000 3904 1064 3961; x_wconf 90' lang='lat' dir='ltr'>et</span> <span class='ocrx_word' id='word_1_397' title='bbox 1114 3891 1420 3961; x_wconf 91' lang='lat' dir='ltr'>volebam</span> <span class='ocrx_word' id='word_1_398' title='bbox 1466 3892 1771 3981; x_wconf 89' lang='lat' dir='ltr'>idipsum</span> <span class='ocrx_word' id='word_1_399' title='bbox 1823 3892 2013 3962; x_wconf 91' lang='lat' dir='ltr'>vobis</span> <span class='ocrx_word' id='word_1_400' title='bbox 2065 3893 2479 3982; x_wconf 82' lang='lat' dir='ltr'>persuadere</span> <span class='ocrx_word' id='word_1_401' title='bbox 2525 3894 2643 3981; x_wconf 91' lang='lat' dir='ltr'>qui</span> <span class='ocrx_word' id='word_1_402' title='bbox 2693 3916 2794 3963; x_wconf 89' lang='lat' dir='ltr'>re·</span> 
     </span>
     <span class='ocr_line' id='line_1_42' title="bbox 248 3980 1421 4071; baseline -0.005 -19"><span class='ocrx_word' id='word_1_403' title='bbox 248 3995 353 4053; x_wconf 90' lang='lat' dir='ltr'>cte</span> <span class='ocrx_word' id='word_1_404' title='bbox 402 3981 664 4051; x_wconf 88' lang='lat' dir='ltr'>Christo</span> <span class='ocrx_word' id='word_1_405' title='bbox 714 3980 1040 4050; x_wconf 90' lang='lat' dir='ltr'>volebatis</span> <span class='ocrx_word' id='word_1_406' title='bbox 1078 3981 1337 4071; x_wconf 81' lang='lat' dir='ltr'>parere.</span> <span class='ocrx_word' id='word_1_407' title='bbox 1386 4002 1421 4045; x_wconf 84' lang='lat'>»</span> 
     </span>
    </p>

    <p class='ocr_par' dir='ltr' id='par_1_6' title="bbox 248 4067 2797 4518">
     <span class='ocr_line' id='line_1_43' title="bbox 336 4067 2797 4161; baseline 0 -19"><span class='ocrx_word' id='word_1_408' title='bbox 336 4073 371 4159; x_wconf 64' lang='grc' dir='ltr'><strong>ἕ</strong></span> <span class='ocrx_word' id='word_1_409' title='bbox 436 4076 606 4143; x_wconf 61' lang='lat'>20.</span> <span class='ocrx_word' id='word_1_410' title='bbox 661 4073 841 4138; x_wconf 90' lang='lat' dir='ltr'>Haec</span> <span class='ocrx_word' id='word_1_411' title='bbox 871 4067 1132 4150; x_wconf 66' lang='lat' dir='ltr'>dicem,</span> <span class='ocrx_word' id='word_1_412' title='bbox 1176 4080 1456 4158; x_wconf 88' lang='lat' dir='ltr'>paratus</span> <span class='ocrx_word' id='word_1_413' title='bbox 1503 4068 1785 4156; x_wconf 88' lang='lat' dir='ltr'>quidem</span> <span class='ocrx_word' id='word_1_414' title='bbox 1837 4080 1982 4139; x_wconf 85' lang='lat' dir='ltr'>erat</span> <span class='ocrx_word' id='word_1_415' title='bbox 2029 4091 2329 4153; x_wconf 89' lang='lat' dir='ltr'>currere,</span> <span class='ocrx_word' id='word_1_416' title='bbox 2365 4082 2430 4141; x_wconf 92' lang='lat' dir='ltr'>et</span> <span class='ocrx_word' id='word_1_417' title='bbox 2472 4093 2797 4161; x_wconf 88' lang='lat' dir='ltr'>prensare</span> 
     </span>
     <span class='ocr_line' id='line_1_44' title="bbox 251 4157 2794 4261; baseline 0.001 -32"><span class='ocrx_word' id='word_1_418' title='bbox 251 4159 457 4250; x_wconf 91' lang='lat' dir='ltr'>pedes</span> <span class='ocrx_word' id='word_1_419' title='bbox 518 4158 883 4247; x_wconf 74' lang='lat' dir='ltr'>martyris:</span> <span class='ocrx_word' id='word_1_420' title='bbox 927 4158 1051 4228; x_wconf 93' lang='lat' dir='ltr'>diu</span> <span class='ocrx_word' id='word_1_421' title='bbox 1098 4170 1329 4229; x_wconf 90' lang='lat' dir='ltr'>autem</span> <span class='ocrx_word' id='word_1_422' title='bbox 1387 4179 1547 4228; x_wconf 92' lang='lat' dir='ltr'>eum</span> <span class='ocrx_word' id='word_1_423' title='bbox 1598 4157 1883 4228; x_wconf 88' lang='lat' dir='ltr'>retinuit</span> <span class='ocrx_word' id='word_1_424' title='bbox 1940 4171 2155 4229; x_wconf 88' lang='lat' dir='ltr'>terror</span> <span class='ocrx_word' id='word_1_425' title='bbox 2207 4172 2273 4229; x_wconf 87' lang='lat' dir='ltr'>et</span> <span class='ocrx_word' id='word_1_426' title='bbox 2319 4161 2794 4261; x_wconf 89' lang='lat' dir='ltr'>spectaculum</span> 
     </span>
     <span class='ocr_line' id='line_1_45' title="bbox 248 4246 2796 4339; baseline 0.001 -23"><span class='ocrx_word' id='word_1_427' title='bbox 248 4249 686 4339; x_wconf 82' lang='lat' dir='ltr'>Angelorum.</span> <span class='ocrx_word' id='word_1_428' title='bbox 733 4252 946 4335; x_wconf 79' lang='lat' dir='ltr'>Atque</span> <span class='ocrx_word' id='word_1_429' title='bbox 1009 4258 1285 4338; x_wconf 89' lang='lat' dir='ltr'>repente</span> <span class='ocrx_word' id='word_1_430' title='bbox 1332 4246 1615 4334; x_wconf 90' lang='lat' dir='ltr'>quidem</span> <span class='ocrx_word' id='word_1_431' title='bbox 1662 4259 2090 4318; x_wconf 88' lang='lat' dir='ltr'>evanuerunt</span> <span class='ocrx_word' id='word_1_432' title='bbox 2146 4253 2241 4318; x_wconf 84' lang='lat' dir='ltr'>An</span> <span class='ocrx_word' id='word_1_433' title='bbox 2292 4249 2404 4319; x_wconf 74' lang='lat' dir='ltr'>eli.</span> <span class='ocrx_word' id='word_1_434' title='bbox 2468 4250 2591 4321; x_wconf 94' lang='lat' dir='ltr'>Ille</span> <span class='ocrx_word' id='word_1_435' title='bbox 2638 4271 2796 4319; x_wconf 91' lang='lat' dir='ltr'>vero</span> 
     </span>
     <span class='ocr_line' id='line_1_46' title="bbox 250 4334 2786 4427; baseline 0.001 -23"><span class='ocrx_word' id='word_1_436' title='bbox 250 4359 642 4416; x_wconf 86' lang='lat' dir='ltr'>accurrens,</span> <span class='ocrx_word' id='word_1_437' title='bbox 679 4347 744 4406; x_wconf 87' lang='lat' dir='ltr'>et</span> <span class='ocrx_word' id='word_1_438' title='bbox 774 4336 994 4406; x_wconf 89' lang='lat' dir='ltr'>sancti</span> <span class='ocrx_word' id='word_1_439' title='bbox 1028 4336 1233 4427; x_wconf 89' lang='lat' dir='ltr'>pedes</span> <span class='ocrx_word' id='word_1_440' title='bbox 1281 4334 1832 4426; x_wconf 87' lang='lat' dir='ltr'>apprehendens,</span> <span class='ocrx_word' id='word_1_441' title='bbox 1888 4336 2187 4407; x_wconf 87' lang='lat' dir='ltr'>suaviter</span> <span class='ocrx_word' id='word_1_442' title='bbox 2281 4337 2786 4419; x_wconf 84' lang='lat' dir='ltr'>eosculabatur,</span> 
     </span>
     <span class='ocr_line' id='line_1_47' title="bbox 250 4423 2792 4518; baseline 0.002 -25"><span class='ocrx_word' id='word_1_443' title='bbox 250 4434 314 4494; x_wconf 87' lang='lat' dir='ltr'>et</span> <span class='ocrx_word' id='word_1_444' title='bbox 360 4425 420 4494; x_wconf 87' lang='lat' dir='ltr'>ei</span> <span class='ocrx_word' id='word_1_445' title='bbox 455 4424 755 4496; x_wconf 84' lang='lat' dir='ltr'>dicebat:</span> <span class='ocrx_word' id='word_1_446' title='bbox 795 4428 1006 4508; x_wconf 80' lang='lat' dir='ltr'>«ora,</span> <span class='ocrx_word' id='word_1_447' title='bbox 1062 4444 1213 4496; x_wconf 91' lang='lat' dir='ltr'>vere</span> <span class='ocrx_word' id='word_1_448' title='bbox 1261 4423 1375 4495; x_wconf 89' lang='lat' dir='ltr'>Dei</span> <span class='ocrx_word' id='word_1_449' title='bbox 1410 4444 1635 4496; x_wconf 88' lang='lat' dir='ltr'>serve:</span> <span class='ocrx_word' id='word_1_450' title='bbox 1690 4443 1831 4507; x_wconf 87' lang='lat' dir='ltr'>ora,</span> <span class='ocrx_word' id='word_1_451' title='bbox 1869 4445 2124 4513; x_wconf 89' lang='lat' dir='ltr'>quaeso</span> <span class='ocrx_word' id='word_1_452' title='bbox 2150 4447 2272 4517; x_wconf 88' lang='lat' dir='ltr'>per</span> <span class='ocrx_word' id='word_1_453' title='bbox 2302 4426 2550 4518; x_wconf 82' lang='lat' dir='ltr'>ipsam,</span> <span class='ocrx_word' id='word_1_454' title='bbox 2582 4448 2792 4516; x_wconf 89' lang='lat' dir='ltr'>quam</span> 
     </span>
    </p>
   </div>
  </div>
 </body>
</html>
