3327 4999
677 317 808 381 416
1432 334 1511 381 DE
1559 336 1615 381 s.
1672 333 2017 382 annumero
2065 332 2306 380 Asana
2754 312 2999 379 MART.
3054 314 3133 377 2¹

589 417 751 517 igne
812 416 989 486 servi
1041 416 1157 485 Dei
1206 416 1524 486 animum
1586 417 1654 485 in
1726 417 1954 507 specie
2013 415 2204 484 illius
2266 414 2622 494 accendit,
2692 426 2772 483 ut
2834 414 3005 483 dum
3065 413 3142 480 in

590 527 742 594 ejus
802 517 1072 593 pectore
1135 505 1392 574 amoris
1449 506 1734 575 flamma
1798 506 1936 573 vim
2003 514 2297 593 caperet,
2351 503 2555 572 etiam
2609 524 2781 592 pene
2829 502 3152 571 deserere

591 595 929 673 eremum,
985 591 1331 681 voluptate
1379 593 1622 672 victuS,
1677 593 2106 662 deliberaret.
2153 598 2344 661 Tunc
2391 591 2619 660 subito
2659 593 2961 679 superna
2995 611 3161 680 gra-

596 682 691 751 tia
738 692 1113 770 respectuS,
1169 680 1252 748 ad
1317 682 1768 770 semetipsum
1817 703 2135 751 reversus
2195 693 2336 749 est:
2392 691 2596 765 atque
2642 679 3026 747 urticarum
3078 690 3152 746 et

594 768 909 857 veprium
942 769 1140 857 juxta
1187 768 1403 837 densa
1460 791 1895 839 succrescere
1942 768 2189 838 fruteta
2243 768 2705 857 conspiciens,
2744 770 2991 835 exutus
3041 766 3157 834 in-

595 858 951 935 dumentO,
1001 856 1265 924 nudum
1310 878 1382 925 se
1414 856 1485 924 in
1535 857 1679 926 illis
1728 858 2087 947 spinarum
2117 856 2376 925 aculeis
2405 866 2470 924 et
2500 854 2877 924 urticarum
2912 854 3160 922 incen-

596 944 733 1013 diis
783 945 1105 1033 projecit:
1152 944 1384 1031 ibique
1432 944 1555 1014 diu
1605 945 1971 1024 volutatus,
2017 957 2150 1013 toto
2197 965 2273 1012 ex
2307 944 2407 1012 eis
2433 965 2716 1033 corpore
2750 943 3156 1011 vulneratus

595 1031 780 1112 exiit,
818 1045 882 1101 et
932 1054 1052 1122 per
1097 1033 1276 1101 cutis
1326 1032 1613 1102 vulnera
1658 1033 1895 1102 eduxit
1951 1056 1992 1101 a
2035 1054 2322 1121 corpore
2353 1032 2613 1101 vulnus
2661 1032 2936 1110 mentiS‚
2978 1031 3150 1117 quia

595 1119 1015 1209 voluptatem
1054 1122 1254 1200 traxit
1302 1121 1372 1188 in
1422 1121 1756 1190 dolorem.
1820 1126 2126 1207 Cumque
2176 1120 2347 1188 bene
2408 1120 2786 1208 poenaliter
2833 1119 3002 1188 foris
3039 1142 3154 1187 ar·

596 1208 808 1288 deret,
863 1209 1144 1277 extinxit
1176 1209 1359 1294 quod
1401 1209 1591 1278 intus
1641 1209 1880 1278 illicite
1928 1208 2234 1278 ardebat.
2275 1209 2446 1277 Vicit
2480 1208 2709 1294 itaque
2756 1220 3146 1296 peccatum,

596 1296 762 1384 quia
810 1297 1100 1364 mutavit
1148 1296 1576 1368 incendium.
1640 1303 1733 1366 Ex
1781 1320 1917 1384 quo
1981 1297 2294 1365 videlicet
2354 1308 2486 1365 tem
2543 1317 2702 1376 ore,
2770 1295 2954 1365 sicut
3001 1306 3157 1384 post

596 1382 965 1473 discipulis
994 1384 1140 1475 ipse
1185 1385 1605 1484 perhibebat,
1645 1386 1739 1454 ita
1763 1387 1833 1452 in
1869 1408 1948 1454 eo
1978 1399 2080 1453 est
2107 1385 2386 1453 tentatio
2420 1319 2788 1472 voluptatis
2813 1383 3143 1460 edomita,

596 1484 676 1541 ut
725 1471 853 1540 tale
888 1472 1150 1557 aliquid
1182 1494 1248 1540 m
1286 1496 1356 1540 se
1384 1474 1672 1542 minime
1712 1474 2015 1543 sentiret.
2056 1478 2442 1572 Coeperunt
2469 1471 2913 1561 postmodum
2950 1470 3154 1539 multi

590 1561 737 1648 jam
807 1560 1148 1629 mundum
1202 1560 1612 1647 relinquere,
1672 1574 1877 1647 atque
1935 1561 2019 1629 ad
2069 1562 2220 1660 eius
2262 1561 2738 1659 magisterium
2795 1559 3150 1628 festinare.
3247 1613 3253 1617 .

600 1648 801 1716 Liber
846 1648 1105 1737 quippe
1153 1671 1191 1717 a
1242 1648 1636 1719 tentationis
1685 1650 1871 1730 vitio,
1925 1671 2081 1717 vero
2120 1670 2280 1737 Jure
2322 1670 2464 1733 Jam
2515 1648 2737 1716 sactus
2784 1660 2888 1717 est
2941 1648 3156 1716 virtue

601 1748 749 1805 tum
799 1737 1146 1824 magister.
1188 1736 1380 1806 Unde
1426 1749 1492 1805 et
1538 1759 1660 1825 per
1692 1743 1964 1827 Moysen
2017 1737 2089 1805 in
2149 1736 2378 1805 Exodo
2433 1736 2875 1825 praecipitur,
2914 1748 2995 1804 ut
3037 1740 3160 1804 Le-

600 1823 775 1892 vitae
806 1846 844 1892 a
876 1824 1428 1913 vigintiquinque
1454 1826 1656 1895 annis
1689 1839 1755 1894 et
1785 1848 2021 1915 supra,
2066 1824 2458 1892 ministrare
2488 1824 2818 1892 debeant:
2854 1825 2942 1893 ab
2969 1844 3161 1892 anno

603 1933 758 1981 vero
805 1912 1409 2001 quinquagesimo,
1454 1914 1774 1983 custodes
1821 1935 2142 1983 vasorum
2196 1912 2510 1981 fia11t⁸...

690 2002 726 2085 ξ
783 2007 870 2071 5.
926 2001 1304 2070 Recedente
1364 2001 1577 2090 igitur
1625 2002 2017 2082 tentatione,
2071 2000 2174 2069 vir
2222 2001 2337 2068 Dei
2384 2001 2589 2086 quasi
2637 2000 2860 2088 spinis
2906 2000 3152 2079 erutiS,

601 2087 871 2155 exculta
921 2091 1122 2167 terra,
1179 2089 1262 2156 de
1311 2089 1642 2159 virtutum
1685 2102 1909 2179 segete
1959 2088 2256 2157 feracius
2289 2086 2556 2159 fructus
2603 2087 2814 2157 dedit.
2871 2093 3162 2156 Praeco-

604 2175 721 2243 nio
756 2176 986 2261 itaque
1033 2176 1322 2244 eximiae
1369 2178 1909 2247 conversationis
1940 2176 2207 2245 celebre
2254 2197 2504 2244 nomen
2541 2177 2691 2266 ejus
2741 2175 3156 2244 habebatur.

606 2268 749 2331 Non
800 2277 1027 2332 autem
1087 2264 1288 2354 longe
1346 2266 1843 2334 monasterium
1895 2264 2045 2344 fuit,
2102 2265 2305 2353 cujus
2355 2285 2480 2332 con
2541 2263 2914 2352 regationis
2963 2277 3162 2353 pater

605 2349 972 2420 defunctus
1019 2364 1156 2421 est:
1227 2354 1591 2438 omnisque
1655 2375 1735 2421 ex
1785 2352 1903 2421 illo
1950 2352 2391 2442 congregatio
2440 2286 2536 2420 ag
2575 2351 2899 2421 eumdem
2951 2373 3168 2420 vene«

604 2438 890 2508 rabilem
955 2440 1398 2510 Benedictum
1468 2440 1672 2523 venit,
1725 2451 1789 2510 et
1841 2441 2111 2532 magnis
2163 2440 2508 2530 precibuS,
2562 2453 2640 2510 ut
2684 2439 2785 2509 eis
2835 2461 3155 2529 praeesse

604 2526 901 2608 deberet,
958 2529 1171 2618 petiit.
1227 2529 1356 2612 Qui
1406 2529 1527 2597 diu
1576 2529 1893 2619 negando
1923 2584 1940 2610 ,
1995 2529 2305 2598 distulit:
2359 2529 2505 2597 suis
2555 2529 2977 2616 illorumque
3023 2528 3162 2597 sra-

603 2628 792 2685 trum
844 2617 1153 2685 moribus
1187 2638 1258 2684 se
1288 2617 1651 2686 convenire
1684 2640 1818 2686 non
1869 2639 2066 2707 posse
2111 2616 2487 2706 praedixit:
2542 2616 2658 2685 sed
2689 2617 2910 2685 victus
2937 2638 3164 2702 quan-

602 2703 828 2789 doque
885 2704 1207 2803 precibus
1272 2726 1636 2774 assensum
1697 2705 1907 2774 dedit.
1974 2709 2280 2790 Cumque
2329 2705 2399 2772 in
2449 2706 2688 2773 eodem
2742 2704 3161 2774 monasterio

602 2792 944 2891 regularts
993 2791 1167 2860 vitae
1214 2793 1599 2861 custodiam
1649 2805 1926 2874 teneret,
1983 2793 2321 2878 nullique,
2380 2805 2458 2862 ut
2516 2793 2731 2882 prius,
2793 2814 2912 2881 per
2963 2806 3165 2862 actus

602 2878 879 2948 illicitos
931 2879 999 2946 in
1032 2879 1377 2948 dexteram
1420 2879 1824 2967 laevamque
1859 2892 2121 2971 partem
2156 2881 2513 2950 deflectere
2545 2904 2586 2949 a
2613 2880 3160 2950 conversationis

603 2967 847 3035 itinere
874 2967 1142 3036 liceret:
1197 2969 1500 3058 suscepti
1533 2967 1775 3038 fratres
1816 2970 2060 3037 insane
2091 2968 2487 3044 saevientes,
2529 2970 2935 3058 semetipsos
2966 2969 3163 3059 prius

604 3076 931 3148 accusare
979 3068 1376 3143 coeperunt,
1415 3056 1579 3142 quia
1618 3056 1806 3126 hunc
1832 3058 1965 3126 sibi
1997 3079 2312 3146 praeesse
2346 3079 2433 3146 po
2486 3069 2820 3138 oscerant,
2857 3079 3162 3143 quorum

605 3141 868 3213 scilicet
914 3141 1241 3213 fortitudo
1289 3143 1358 3211 in
1413 3166 1650 3214 norma
1705 3146 1853 3234 ejus
1901 3145 2336 3216 rectitudinis
2383 3167 2422 3213 o
2478 3145 2792 3214 endebat.
2848 3150 3163 3231 Cumque

604 3230 738 3299 sibi
786 3233 918 3300 sub
965 3252 1044 3300 eo
1091 3232 1568 3321 conspicerent
1600 3233 1842 3303 illicita
1881 3255 2016 3302 non
2070 3233 2296 3313 licere,
2336 3245 2401 3301 et
2440 3255 2512 3302 se
2541 3232 2851 3302 dolerent
2881 3245 3162 3302 assueta

604 3318 1042 3405 relinquere,
1105 3319 1501 3407 durumque
1563 3331 1744 3391 esset
1810 3322 1996 3409 quod
2063 3322 2135 3389 in
2187 3333 2414 3390 mente
2462 3322 2669 3392 veteri
2730 3343 2810 3390 co
2862 3323 3163 3391 ebantur

605 3428 782 3474 nova
848 3407 1196 3476 meditari:
1266 3419 1331 3477 et
1394 3410 1560 3495 quia
1607 3410 1837 3500 gravis
1884 3422 1987 3479 est
2033 3411 2583 3499 semper-pravis
2646 3410 2822 3479 mori
2879 3433 2962 3478 us
3019 3410 3163 3478 vita

604 3494 990 3594 bonorum,
1062 3507 1346 3565 tractare
1393 3497 1478 3566 de
1533 3498 1685 3588 ejus
1733 3509 1949 3566 morte
1997 3497 2213 3584 aliqui
2260 3498 2484 3567 conati
2551 3511 2754 3567 sunt:
2807 3499 2932 3585 qui
2985 3499 3160 3566 lnito

604 3583 916 3662 constlio,
960 3606 1301 3653 venenum
1353 3585 1511 3653 vino
1562 3586 2016 3656 miscuerunt.
2061 3591 2137 3654 Et
2183 3607 2343 3656 cum
2395 3608 2512 3656 vas
2562 3587 2879 3666 vitreum,
2915 3587 2986 3654 in
3019 3608 3159 3673 quo

609 3668 724 3769 ille
763 3670 1041 3759 pestifer
1091 3685 1292 3761 potus
1341 3673 1748 3755 habebatur,
1802 3674 2233 3743 recumbenti
2283 3673 2460 3763 patri
2486 3696 2566 3743 ex
2598 3696 2787 3743 more
2819 3687 3164 3744 monaste-

607 3758 695 3825 rii
743 3758 829 3826 ad
880 3759 1428 3829 benedicendum
1481 3760 1722 3831 fuisset
1769 3762 2102 3842 oblatum,
2154 3775 2433 3832 extensa
2483 3784 2702 3831 manu
2747 3762 3167 3832 Benedictus

610 3845 889 3937 signum
930 3849 1160 3918 crucis
1207 3848 1445 3930 edidit,
1489 3860 1555 3918 et
1603 3871 1721 3920 vas
1759 3849 1944 3937 quod
1997 3849 2275 3940 longius
2326 3851 2706 3932 tenebatur,
2772 3850 3014 3919 eodem
3071 3852 3168 3920 si-

608 3956 745 4025 gno
785 3957 868 4004 ru
922 3936 1007 4004 it:
1074 3937 1308 4023 sicque
1357 3936 1783 4006 confractum
1834 3949 1958 4018 est,
1998 3961 2076 4007 ac
2123 3939 2180 4007 si
2226 3939 2296 4006 in
2338 3938 2457 4007 illo
2505 3960 2663 4007 vase
2714 3939 2980 4020 mortiS,
3035 3961 3164 4028 pro

610 4044 819 4092 cruce
895 4023 1169 4114 apidem
1225 4025 1547 4095 dedisset.
1589 4025 1925 4095 Intellexit
1984 4027 2303 4116 protinus
2350 4026 2453 4095 vir
2515 4027 2654 4108 Dei,
2708 4027 2876 4112 quia
2926 4039 3172 4117 potum

611 4112 851 4210 mortis
900 4112 1254 4194 babuerat,
1309 4113 1490 4200 quod
1544 4126 1816 4203 portare
1866 4136 2004 4182 non
2057 4115 2277 4204 potuit
2343 4115 2622 4205 signum
2681 4116 2892 4185 vitae:
2961 4129 3170 4201 atquc

612 4198 772 4268 ilico
820 4221 1134 4290 surgenS,
1172 4202 1368 4272 vultu
1416 4201 1714 4291 placid0,
1769 4214 1998 4272 mente
2045 4203 2420 4291 tranquilla
2476 4216 2882 4275 convocatos
2920 4205 3169 4276 fratres

661 4362 687 4388 ⁸
718 4362 933 4402 Exclusis
960 4363 1421 4410 interlocutionibus,
1453 4373 1507 4406 ει
1534 4365 1610 4405 htc
1641 4365 1832 4407 tantum
1857 4366 2042 4417 malogt
2072 4375 2184 4416 pars
2217 4367 2424 4411 traditur
2453 4377 2572 4419 quae
2593 4368 2872 4410 historicam
2890 4368 3085 4417 praebet
3105 4369 3172 4412 de

603 4414 654 4456 8.
673 4415 847 4456 Abbate
867 4418 1202 4458 narrationem.
