3327 4999
178 340 411 405 MART.
465 341 491 404 4
507 341 549 406 6
871 360 950 405 na
999 359 1054 407 s.
1108 359 1457 408 naam-:nro
1505 358 1726 409 coron.
1779 360 1976 409 amsa.
2488 344 2616 410 315

182 450 466 508 extracta
500 493 516 521 ‚
570 449 773 525 atque
839 438 908 507 in
975 439 1361 529 praedictae
1425 440 1621 510 urbis
1672 441 2008 511 territorio
2060 441 2328 532 captiva
2379 441 2711 513 violenter

182 528 469 599 abducta
514 539 638 596 est.
714 528 939 609 Quam
1000 528 1102 596 vir
1147 528 1430 615 quidam
1505 530 1761 599 nobilis
1818 540 1894 598 ut
1957 529 2169 611 vidit,
2227 531 2542 619 protinus
2606 532 2711 600 in-

179 617 427 687 stinctu
476 617 615 697 Dei,
655 617 804 685 sine
838 637 974 703 quo
1026 638 1147 686 nec
1198 639 1437 707 passer
1481 640 1668 688 unus
1715 619 1786 686 in
1839 630 2089 688 terram
2140 619 2346 701 cadit,
2417 619 2710 689 formam

176 706 477 796 captivae
526 705 877 774 liberalem
929 706 1295 775 miseratus
1351 718 1474 786 est,
1542 728 1834 794 eamque
1892 707 2201 777 redemit.
2250 708 2424 791 Quid
2462 708 2712 778 multa?

176 794 573 864 Providente
623 799 777 864 Deo.
815 806 889 862 ut
929 794 1123 863 radix
1171 807 1579 873 servaretur,
1618 795 1703 864 de
1749 818 1887 882 qua
1935 796 2328 866 nasciturus
2366 809 2542 865 esset
2570 797 2712 865 fru-

172 896 340 965 ctus,
385 883 507 969 qui
559 896 989 973 permaneret
1034 883 1105 951 in
1156 884 1609 970 acquisitione
1659 884 1927 964 salutiS,
1974 897 2166 975 pater
2210 886 2360 975 ejus
2414 885 2706 975 puellae,

176 971 335 1040 dum
388 971 558 1041 forte
624 985 934 1063 pergeret
993 972 1079 1040 ad
1138 973 1403 1040 curiam
1465 974 1951 1063 ImperatoriS,
2017 974 2083 1041 in
2140 973 2344 1042 domo
2398 975 2711 1064 ejusdem

177 1061 295 1129 viri
356 1059 608 1129 nobilis
667 1060 1045 1149 hospitium
1104 1060 1370 1130 habuit.
1419 1061 1566 1130 Illic
1616 1062 1794 1132 inter
1832 1063 2047 1131 multa
2095 1062 2438 1149 colloquia
2493 1062 2712 1131 filiam

176 1149 588 1239 recognovit,
650 1149 1037 1240 gratulatus
1085 1163 1207 1230 est,
1261 1172 1553 1237 eamque
1600 1151 1769 1232 viro,
1831 1150 1951 1237 qui
2013 1151 2415 1233 redemerat,
2478 1164 2715 1242 postu-

176 1236 340 1308 lanti
388 1239 780 1329 conjugem,
830 1261 991 1307 cum
1044 1238 1200 1306 dote
1248 1239 1468 1308 multa
1518 1240 1822 1309 tradidit.
1889 1244 1982 1308 Ex
2035 1240 2173 1309 illis
2231 1254 2388 1309 nata
2448 1241 2714 1331 nuptiis

174 1328 389 1397 sancti
441 1328 653 1418 hujus
703 1340 919 1395 mater
965 1340 1088 1396 est.
1144 1332 1283 1397 Hoc
1346 1327 1601 1397 idcirco
1652 1351 1788 1398 non
1853 1329 2222 1428 praeterire
2270 1328 2493 1399 libuit.
2550 1330 2717 1415 quia

174 1415 490 1485 nonnihil
533 1427 791 1505 spectat
838 1415 923 1484 ad
976 1415 1251 1486 laudem
1304 1427 1369 1485 et
1416 1416 1704 1507 gloriam
1757 1422 1896 1496 Dei,
1938 1417 2122 1503 quod
2162 1418 2553 1487 amaritudo
2594 1418 2716 1488 illa

172 1506 378 1575 tantis
427 1517 747 1594 superata
798 1516 900 1573 est
939 1504 1534 1575 benedictionibus
1591 1505 2004 1586 dulcediniS‚
2066 1518 2144 1575 ut
2202 1507 2552 1598 redempta
2598 1529 2711 1576 ca-

170 1595 469 1685 ptivitaS‚
530 1592 733 1662 talem
796 1606 1201 1680 tantumque
1252 1605 1451 1685 partu
1498 1593 1728 1664 ederet
1777 1595 1992 1664 civem
2055 1595 2249 1664 coeli.

255 1685 291 1770 ξ
337 1687 433 1754 3.
503 1683 724 1773 Igitur
781 1682 1241 1782 prospiciente
1299 1684 1646 1773 proposito
1697 1685 1832 1765 Dei,
1891 1683 2011 1769 qui
2071 1697 2136 1752 et
2190 1696 2346 1752 ante
2400 1694 2710 1775 tempora

174 1784 443 1841 sanctos
486 1793 727 1841 omnes
777 1792 843 1838 tn
901 1792 1025 1840 suo
1073 1793 1416 1858 quemque
1469 1785 1773 1863 tempore
1814 1772 2094 1853 vocavit,
2135 1785 2412 1842 vocatus
2443 1787 2542 1841 est
2587 1779 2714 1841 He-

176 1860 494 1939 ribertuS,
546 1882 680 1928 non
736 1859 998 1940 solum,
1051 1871 1127 1929 ut
1179 1881 1298 1950 per
1349 1860 1675 2017 baptismi
1706 1862 1998 1951 gratiam
2034 1861 2558 1951 justificaretur,
2599 1882 2713 1930 ve—

180 1969 331 2017 rum
388 1949 596 2017 etiam
655 1961 730 2017 ut
789 1948 1047 2017 honore
1102 1949 1427 2039 pontifica
1463 1949 1520 2019 is
1583 1952 1843 2038 gratiae
1904 1950 2489 2040 magnificaretur.
2572 1955 2717 2019 Hu-

169 2036 283 2125 jus
331 2038 666 2106 nimirum
719 2037 1271 2126 magnificentiae
1332 2039 1763 2128 praeparatio
1822 2039 1890 2106 in
1957 2060 2034 2108 eo
2093 2039 2350 2118 extitit,
2401 2038 2581 2124 quod
2643 2039 2713 2106 in

177 2125 412 2195 eadem
454 2126 743 2195 ecclesia
782 2126 1261 2195 wormatiensi
1294 2127 1543 2195 studiis
1576 2126 1982 2195 liberalibus
2014 2127 2305 2195 traditus
2345 2139 2467 2195 est.
2504 2133 2718 2194 Tanta

178 2214 433 2304 quippe
465 2214 788 2284 facilitate
830 2214 1101 2283 divinae
1155 2214 1409 2305 pariter
1450 2228 1514 2284 et
1546 2214 1894 2284 humanae
1934 2215 2408 2305 philosophiae
2456 2216 2715 2284 fluenta

280 2303 459 2382 tavit,
506 2316 584 2373 ut
620 2303 1081 2373 dubitandum
1127 2325 1262 2372 non
1297 2315 1495 2384 esset,
1548 2325 1705 2372 eum
1759 2303 2176 2374 intrinsecus
2213 2303 2556 2372 doctorem
2593 2303 2717 2371 ha-

240 2410 348 2459 ere
397 2391 722 2481 Spiritum
764 2392 903 2460 Dei:
957 2391 1255 2461 maxime
1300 2393 1466 2477 quia
1510 2414 1670 2461 cum
1713 2392 1964 2482 spiritu
2012 2392 2336 2461 scientiae
2385 2391 2715 2460 claresce-

194 2477 308 2547 bat
338 2479 403 2548 in
438 2503 515 2550 eo
565 2481 849 2571 spiritus
897 2480 1167 2570 pietatis
1198 2493 1263 2550 et
1288 2480 1553 2551 timoris
1594 2481 1886 2564 Domini,
1922 2505 1960 2550 a
2001 2503 2135 2568 quo
2177 2492 2457 2550 sanctus
2489 2480 2717 2550 omnis

195 2566 277 2635 ad
307 2570 712 2672 sapientiam
763 2571 1132 2641 ascendere
1180 2569 1444 2659 incipit,
1500 2570 1683 2639 sicut
1719 2572 2053 2659 scriptum
2103 2581 2227 2638 est:
2280 2573 2560 2638 Initium
2600 2593 2712 2638 sa-

188 2658 475 2745 pientzae
527 2663 725 2728 timor
768 2660 1055 2728 Dmm'm'.
1109 2665 1249 2728 Hoc
1284 2658 1717 2749 perpendens
1767 2660 1868 2729 vir
1915 2657 2325 2728 venerabilis
2370 2658 2719 2727 Hildebal-

191 2743 352 2827 dus,
404 2748 526 2835 qui
585 2761 886 2838 ternpore
918 2748 1037 2816 illo
1103 2746 1402 2837 pontifex
1460 2759 1604 2816 erat
1649 2747 1958 2834 ejusdem
2019 2747 2359 2816 Ecclesiae
2393 2802 2407 2826 ,
2461 2758 2525 2815 et
2559 2769 2719 2837 pru-

183 2832 450 2906 dentem
518 2836 1019 2905 adolescentem
1083 2858 1503 2926 cognoscens
1551 2859 1630 2904 ex
1681 2837 1931 2906 studiis
1978 2836 2241 2927 ipsiuS‚
2298 2835 2476 2906 sicut
2537 2836 2720 2904 Scri—

177 2936 379 3013 ptura
427 2925 620 2994 dicit:
674 2930 783 2994 Eoe
834 2926 1075 2994 studiis
1125 2927 1266 2993 suis
1315 2927 1732 3014 coqnoscitur
1773 2949 1972 3016 puer,
2028 2936 2257 2994 utrum
2304 2926 2558 2993 munda
2586 2927 2721 2993 sint

175 3036 379 3103 opera
420 3016 569 3083 efus
612 3014 838 3103 (Prov.
892 3014 1022 3103 xx),
1080 3013 1422 3103 gaudebat
1470 3014 1538 3081 in
1587 3035 1690 3094 ρο,
1745 3036 1865 3104 spe
1913 3014 2095 3083 bona
2142 3015 2492 3103 reputans,
2534 3012 2719 3100 quod

175 3099 383 3172 homo
435 3038 550 3173 liic
596 3102 789 3173 utilis
838 3101 1005 3171 foret
1052 3102 1414 3171 Ecclesiae.
1469 3107 1705 3189 Itaque
1745 3102 1813 3170 in
1867 3124 1979 3183 ea,
2030 3102 2142 3171 cui
2177 3113 2504 3192 praeerat,
2560 3101 2721 3170 sede

165 3190 308 3281 jam
364 3203 685 3283 paratum
720 3191 852 3260 sibi
887 3214 928 3260 a
960 3195 1091 3260 Deo
1135 3213 1421 3282 sperans
1468 3212 1960 3272 successorem,
1997 3190 2169 3259 bene
2209 3205 2519 3281 agentem
2556 3211 2722 3259 con-

169 3279 383 3371 digna
437 3281 643 3350 laude
691 3278 1073 3348 confortare
1121 3279 1460 3348 studebat.
1526 3280 1828 3366 Denique
1875 3279 2195 3348 defuncto
2243 3292 2407 3348 tunc
2453 3293 2716 3369 tempo—

168 3369 263 3437 ris
310 3369 633 3460 ejusdem
683 3369 1023 3437 Ecclesiae
1088 3367 1514 3458 praeposit0‚
1575 3368 1892 3457 protinus
1945 3369 2132 3437 hunc
2184 3368 2606 3457 subrogavit.
2647 3372 2724 3435 At

167 3461 370 3538 Deus,
435 3458 505 3525 in
557 3457 689 3526 alin
736 3457 1151 3526 firmamenti
1204 3457 1311 3527 sui
1363 3455 1510 3525 loco
1559 3457 1826 3525 stellam
1879 3456 2078 3526 istam
2131 3455 2363 3546 figere,
2398 3470 2463 3525 et
2509 3478 2722 3546 super

167 3546 459 3616 alterius
480 3546 807 3616 ecclesiae
828 3545 1322 3615 candelabrum
1351 3545 1708 3614 lucernam
1741 3545 1944 3616 istam
1977 3567 2231 3634 ponere
2256 3545 2715 3634 disposuerat.

252 3639 290 3724 ξ
339 3640 432 3709 4.
502 3635 791 3704 Proinde
830 3648 908 3703 ut
958 3633 1234 3725 longius
1282 3635 1758 3716 innotesceret,
1812 3635 1929 3721 qui
1988 3634 2266 3733 longius
2316 3645 2461 3703 erat
2515 3655 2719 3723 expe-

168 3725 450 3805 tenduS‚
497 3727 643 3793 Otto
688 3729 1151 3803 Romanorum
1196 3729 1575 3813 Imperator
1622 3723 1886 3803 tertiuS‚
1941 3722 2024 3792 de
2070 3744 2216 3790 viro
2254 3721 2529 3803 illustri,
2565 3722 2723 3809 quis

162 3814 265 3883 vel
318 3811 557 3900 qualis
618 3824 796 3881 esset
843 3812 1140 3892 audivit,
1202 3824 1266 3881 et
1312 3813 1691 3881 inclinante
1738 3834 1856 3880 cor
1901 3812 2052 3900 ejus
2112 3815 2266 3892 De0‚
2325 3811 2503 3880 sicut
2551 3811 2721 3880 scri-

164 3917 365 3992 ptum
405 3913 550 3970 est:
606 3906 731 3970 Cor
790 3901 971 3991 regis
1016 3901 1088 3968 in
1142 3923 1355 3971 manu
1406 3900 1572 3968 Dei:
1628 3900 1796 3970 adeo
1853 3900 1982 3968 viri
2034 3900 2337 3989 probitas
2369 3899 2472 3968 illi
2535 3922 2723 3969 com-

168 3991 479 4080 placuit,
533 4001 609 4058 ut
664 4011 826 4058 eum
894 4011 1021 4059 suo
1088 3989 1283 4059 lateri
1336 3990 1662 4063 sociaret.
1720 3988 2163 4079 primumque
2220 3989 2721 4058 cancellarium

167 4080 297 4148 sibi
334 4078 820 4148 constitueret:
866 4084 913 4147 Α
952 4100 1087 4166 quo
1135 4080 1337 4148 etiam
1391 4100 1769 4169 persuasus
1817 4077 1930 4146 hic
1977 4077 2242 4158 beatu5‚
2279 4078 2529 4168 jugum
2590 4083 2720 4146 Do-

165 4169 370 4250 mini,
430 4166 694 4235 scilicet
740 4166 1147 4257 presbyterii
1182 4169 1537 4247 honorem,
1592 4166 1912 4236 alacriter
1952 4166 2278 4256 suscepit,
2331 4166 2516 4235 socio
2550 4170 2722 4234 Bru-

168 4278 383 4338 none,
475 4256 549 4323 ui
583 4267 817 4346 postea
855 4256 1143 4325 Romani
1185 4256 1519 4347 dignitate
1553 4255 1890 4346 pontificii
1924 4254 2203 4323 functus
2240 4267 2364 4324 est.
2416 4259 2725 4324 Attamen

172 4359 343 4416 tunc
397 4276 585 4412 idem
635 4349 886 4421 Bruno,
928 4358 1007 4413 ut
1055 4344 1410 4435 presbyter
1460 4344 1669 4424 fieret,
1721 4366 1854 4413 non
1910 4343 2044 4413 cito
2098 4343 2457 4431 acquievit,
2497 4340 2728 4411 humi-

167 4434 328 4505 liter
361 4453 710 4503 excusans
739 4433 946 4503 veluti
982 4433 1309 4524 majorem
1352 4434 1498 4504 suis
1546 4432 1811 4503 meritis
1853 4433 2162 4524 accipere
2194 4432 2511 4523 gratiam.
2550 4434 2726 4500 Sane
