3327 4999
206 331 313 396 EX
358 332 399 396 J
407 331 532 398 UL.
587 332 639 397 8-
1040 348 1122 396 nn
1167 349 1225 397 s.
1277 348 1572 398 msmono
1618 349 1924 398 nriscoro
2553 334 2683 401 607

202 433 441 502 divina
480 432 807 519 mysteria
846 431 919 500 in
968 430 1209 502 altaris
1258 431 1644 505 ministerio
1693 433 1782 502 ab
1836 454 1917 503 eo
1965 443 2301 523 tempore,
2356 455 2497 521 quo
2558 456 2599 503 e
2644 458 2774 507 sua

206 521 368 593 sede
412 522 673 611 ejectus
727 534 853 602 est,
906 541 1131 607 usque
1176 520 1261 590 ad
1308 520 1483 590 vitae
1528 521 1769 601 finem,
1829 543 1966 591 non
2022 534 2102 591 ut
2155 522 2465 604 antistes,
2520 523 2641 593 sed
2691 537 2772 594 ut

204 631 474 701 pauper
524 610 880 700 presbyter
924 608 1317 688 celebravit,
1366 608 1542 678 nihil
1594 631 1884 700 prorsus
1916 631 1999 678 ea
2041 631 2122 678 ex
2173 631 2245 678 re
2294 612 2627 682 moeroris
2655 632 2773 681 ac-

203 698 500 787 cipienS,
535 698 653 767 sed
706 696 939 787 potius
970 698 1205 767 animo
1251 696 1594 776 exultans,
1648 697 1899 768 Christi
1951 696 2346 788 passionem
2396 699 2762 769 imitand0.

208 791 251 855 S
308 786 603 856 iritalem
640 808 800 856 vero
835 798 1094 875 patrem
1144 799 1212 856 et
1256 785 1717 866 defensorem,
1751 799 1832 856 ut
1878 807 2005 876 par
2040 798 2209 867 erat,
2247 788 2772 877 congregationi

205 873 313 943 ili
360 896 863 964 saepenumero
922 873 1297 965 praeficere
1344 873 1605 943 voluit:
1659 874 1781 944 sed
1830 874 2077 945 fratres
2123 894 2365 944 omnes
2417 876 2621 964 plane
2668 897 2775 944 re·

206 976 567 1043 cusarunt‚
625 961 900 1033 nullum
952 960 1165 1031 alium
1216 974 1489 1053 praeter
1535 962 1797 1051 ipsum,
1899 976 2115 1033 atrem
2149 972 2216 1030 et
2264 962 2610 1033 doctorem
2648 964 2775 1032 ha-

206 1052 370 1122 bere
440 1050 744 1121 volentes
777 1104 794 1132 ,
846 1049 1294 1137 dicentesque
1353 1072 1427 1119 se
1474 1050 1648 1121 alios
1695 1050 1812 1137 qui
1869 1072 1978 1120 em
2031 1049 2283 1119 habere
2343 1051 2771 1141 inspectores

206 1138 753 1210 conversationis
807 1160 999 1220 suae,
1038 1137 1158 1207 sed
1210 1138 1437 1218 illum,
1484 1139 1706 1208 donec
1733 1139 2005 1220 viveret,
2040 1150 2118 1208 ut
2165 1137 2339 1227 ipsis
2373 1139 2445 1208 in
2479 1139 2769 1210 Domino

210 1227 590 1300 sublimius
640 1225 1088 1316 praeluceret,
1142 1225 1338 1295 nullo
1386 1239 1585 1326 pacto
1635 1240 2047 1297 mutaturos.

296 1319 335 1404 ξ
385 1321 534 1387 Ιθ.
588 1320 828 1401 Itaque
872 1325 1155 1414 propter
1191 1314 1412 1383 animi
1465 1316 1785 1404 pietatem
1834 1328 1902 1385 et
1956 1329 2275 1386 sanctum
2326 1317 2766 1405 propositum

207 1426 332 1495 per
380 1403 636 1474 multas
699 1401 1091 1493 provincias
1155 1401 1439 1472 illorum
1488 1404 1675 1472 lama
1721 1425 1964 1503 sparsa
2018 1417 2171 1485 est,
2224 1404 2768 1493 compluresque

207 1505 545 1562 venerunt
575 1491 663 1562 ad
703 1512 844 1572 eos«,
896 1489 1188 1560 consilia
1235 1503 1303 1560 et
1348 1491 1603 1559 auxilia
1655 1513 2053 1562 animarum
2105 1491 2314 1563 saluti
2374 1506 2771 1581 opportuna

207 1582 297 1651 ab
324 1581 427 1652 eis
458 1591 873 1671 expetentes.
926 1577 1263 1648 Permulti
1308 1578 1517 1648 etiam
1566 1601 1647 1647 ex
1689 1580 1776 1651 iis
1814 1580 1936 1666 qui
1971 1580 2040 1648 in
2078 1579 2209 1650 hac
2268 1580 2613 1670 degebant
2663 1601 2770 1648 re·-

212 1670 440 1761 gione,
492 1683 561 1738 et
607 1667 835 1736 vicina
882 1666 1101 1736 monti
1141 1666 1516 1756 praedicto,
1571 1668 1777 1757 cujus
1815 1668 2123 1738 ambitus
2167 1680 2234 1737 et
2281 1668 2465 1737 latus
2512 1680 2578 1737 et
2618 1667 2772 1737 lon-

158 1766 177 1779 ·
209 1782 344 1849 gus
373 1768 499 1838 est,
545 1756 696 1826 loca
736 1753 1155 1834 incolebant,
1211 1755 1628 1826 suavissimo
1677 1756 1887 1825 odore
1932 1768 1998 1824 et
2047 1756 2234 1825 fama
2277 1769 2554 1826 sanctae
2602 1777 2770 1825 con-

212 1844 625 1917 versationis
670 1864 911 1913 eorum
963 1843 1255 1924 invitati,
1309 1843 1592 1933 praedia
1626 1855 1692 1913 et
1723 1843 2082 1914 facultates
2118 1866 2285 1914 suas
2317 1850 2449 1914 Deo
2480 1856 2547 1913 et
2571 1843 2771 1913 beato

211 1933 538 2003 Disibbdo
611 1932 874 2018 absque
919 1931 1111 2000 omni
1162 1932 1638 2003 retractatione
1685 1933 2083 2013 offerebant,
2136 1944 2202 2001 et
2249 1931 2589 2018 quasdam
2642 1931 2770 2000 vil-

216 2022 399 2092 lulas
450 2022 520 2090 in
570 2042 676 2101 ea,
727 2041 937 2106 quam
988 2018 1318 2101 diximus,
1354 2020 1547 2109 sylva
1597 2020 1893 2111 sparsim
1946 2020 2433 2101 aedificabant,
2468 2041 2647 2106 quae
2684 2019 2770 2088 il·-

213 2110 301 2179 lis
349 2109 682 2178 fratribus
728 2107 890 2177 usui
939 2106 1184 2176 forent.
1259 2111 1427 2177 Cum
1477 2121 1710 2178 autem
1760 2108 1865 2177 vir
1920 2108 2035 2177 Dei
2083 2108 2210 2177 diu
2261 2108 2403 2177 illic
2453 2107 2769 2177 laboras-

210 2210 358 2279 set,
411 2210 476 2267 et
514 2198 663 2285 jam
712 2217 880 2286 prae
930 2195 1147 2265 nimio
1201 2195 1435 2265 labore
1506 2197 1685 2268 vires
1750 2196 2060 2286 corporis
2128 2218 2303 2297 pene
2361 2195 2761 2277 deficerent,

210 2286 377 2355 filiis
426 2287 573 2356 suis
622 2282 1123 2353 tremebundus
1172 2284 1242 2351 in
1295 2285 1558 2374 Spiritu
1628 2290 1877 2354 Sancto
1911 2284 2291 2374 praedixit,
2344 2306 2427 2353 ea
2478 2304 2762 2373 prospe-

211 2375 414 2444 ritate
461 2387 527 2443 et
575 2372 941 2444 securitate
974 2425 990 2452 ,
1040 2392 1181 2458 qua
1228 2373 1566 2442 hactenus
1612 2374 1764 2442 sine
1820 2372 2198 2442 offensione
2264 2373 2375 2441 usi
2442 2371 2762 2451 fuissent,

210 2464 399 2554 ipsos
433 2484 570 2533 non
623 2481 897 2551 semper
945 2460 1305 2551 potiturOS,
1341 2461 1460 2531 sed
1514 2461 1769 2532 multas
1819 2473 1886 2531 et
1945 2482 2238 2550 magnas
2285 2460 2647 2551 angustias
2702 2472 2770 2530 et

210 2552 616 2622 afflictiones
665 2570 1143 2638 perpessuros.
1197 2549 1521 2621 Diabolus
1569 2551 1793 2629 enim,
1861 2549 2120 2637 inquit,
2172 2571 2380 2635 quem
2434 2561 2612 2618 recte
2661 2548 2762 2616 vi·-

207 2641 429 2710 vendo
479 2637 759 2727 saepius
806 2636 1079 2726 egregie
1119 2637 1587 2726 pudefecistiS,
1646 2638 1863 2707 multa
1917 2637 2156 2727 populi
2206 2636 2513 2708 ludibria
2562 2648 2626 2705 et
2668 2636 2763 2705 ir·

210 2729 501 2799 risiones
550 2727 621 2796 in
673 2748 790 2794 vos
840 2737 906 2793 et
955 2738 1262 2814 posteros
1309 2740 1571 2796 vestros
1617 2726 1964 2806 excitabit,
2018 2746 2460 2814 summopere
2492 2745 2571 2793 eo
2601 2745 2765 2793 con-

208 2821 459 2902 nitens,
501 2829 580 2884 ut
613 2813 1016 2904 perturbare
1051 2835 1169 2883 vos
1215 2826 1443 2900 queat:
1497 2827 1568 2884 at
1615 2828 1845 2885 tamen
1897 2813 2134 2883 multis
2183 2812 2585 2903 gemitibuS,
2621 2833 2766 2879 ma-

205 2928 345 2996 gno
391 2905 620 2975 cordis
668 2900 925 2980 dolore,
956 2902 1222 2992 ingenti
1255 2902 1600 2972 desiderio
1641 2904 1978 2974 hactenus
2011 2902 2079 2971 id
2118 2902 2428 2972 obtinere
2476 2912 2769 2970 conatus

206 3016 388 3072 sum,
448 3014 533 3061 ne
580 2991 749 3060 dum
791 2989 1080 3078 spiritus
1112 2990 1239 3061 hos
1274 3002 1459 3080 reget
1506 3003 1724 3071 artus,
1778 2990 1953 3061 mihi
2003 2989 2233 3059 videre
2275 2988 2514 3059 contin
2570 2999 2639 3057 at
2665 2987 2767 3057 af-

206 3081 546 3150 flictiones
574 3089 853 3148 vestras:
885 3076 1092 3162 idque
1122 3078 1211 3146 ita
1243 3077 1385 3146 fore
1415 3079 1694 3149 confido
1718 3080 1785 3148 in
1821 3079 2134 3148 Domino:
2168 3078 2288 3148 sed
2319 3090 2541 3167 posto
2595 3076 2766 3145 itum

206 3191 467 3248 meum,
521 3167 642 3254 qui
693 3164 881 3234 brevi
919 3165 1071 3245 erit,
1131 3166 1414 3253 quando
1451 3167 1601 3256 jam
1653 3168 1832 3237 vires
1880 3167 2194 3267 corporis
2235 3166 2370 3234 mei
2419 3165 2770 3235 confectae

206 3269 396 3335 sunt,
450 3269 517 3326 et
548 3267 701 3344 post
732 3253 1137 3324 afflictiones
1171 3254 1296 3322 has
1320 3309 1336 3335 ,
1373 3276 1549 3341 quas
1582 3256 1859 3346 passuri
1889 3269 2078 3335 estis,
2117 3267 2420 3324 extrema
2455 3267 2769 3342 tempora

205 3355 431 3411 vestra
483 3341 832 3432 prioribus
880 3339 1187 3411 feliciora
1234 3356 1475 3422 erunt,
1528 3357 1595 3414 et
1640 3343 1970 3414 omnibus
2022 3343 2230 3411 rebus
2280 3342 2557 3411 animae
2610 3361 2766 3410 cor-

209 3431 501 3522 porique
551 3427 958 3500 necessariis
999 3429 1224 3519 magis
1269 3429 1474 3499 etiam
1525 3430 1980 3511 abundantia,
2018 3453 2233 3517 quam
2285 3430 2625 3500 hactenus
2657 3449 2768 3497 me

205 3520 569 3589 vobiscum
613 3529 957 3586 manente.

296 3610 333 3695 ξ
382 3612 515 3680 1⁷.
552 3612 732 3675 Haec
779 3625 940 3672 cum
992 3603 1095 3673 illi
1138 3605 1520 3686 audissent,
1556 3628 1815 3695 magno
1863 3606 2100 3675 dolore
2146 3605 2399 3686 affecti,
2438 3603 2771 3688 lacrymis

205 3696 650 3766 madentibus
697 3691 920 3763 oculis
955 3691 1306 3792 lugebant,
1360 3694 1546 3780 quod
1598 3694 1809 3762 finem
1858 3695 2010 3783 ejus
2063 3693 2434 3763 adventare
2479 3692 2772 3763 didicis-

205 3797 394 3855 sent:
446 3805 666 3871 eoque
715 3801 993 3851 rumore
1039 3802 1110 3850 ιη
1162 3782 1415 3873 vulgus
1462 3782 1803 3862 abeunte,
1860 3781 2066 3851 multi
2113 3782 2203 3850 ad
2252 3802 2408 3850 eum
2465 3781 2771 3849 invisen-

202 3874 373 3944 dum
423 3872 920 3943 incitabantur.
959 3872 1266 3956 Cumque
1317 3869 1667 3942 venissent
1712 3869 1798 3939 ad
1848 3891 2053 3949 eum,
2111 3868 2494 3939 audiebant
2534 3868 2764 3949 illum,

202 3963 495 4053 ejusque
544 3983 616 4033 se
668 3956 993 4050 precibus
1040 3970 1108 4028 et
1154 3959 1502 4028 sanctitati
1542 3957 2154 4029 commendabant.
2192 3956 2317 4027 Ille
2363 3979 2525 4027 vero
2577 3955 2770 4026 salu-

203 4063 383 4122 tares
430 4048 946 4119 adhortationes
992 4047 1093 4116 eis
1140 4046 1476 4128 reddenS,
1532 4047 1717 4117 filios
1764 4068 1931 4117 suos
1991 4058 2059 4115 et
2114 4045 2346 4115 locum
2398 4045 2533 4115 sibi
2584 4043 2768 4113 dono

198 4139 435 4210 datum
474 4194 490 4219 ‚
545 4137 852 4207 vicissim
921 4134 1061 4204 illis
1131 4136 1705 4206 commendabat:
1760 4147 1974 4222 utque
2038 4133 2296 4204 animis
2359 4134 2509 4203 suis
2559 4132 2769 4201 verba

198 4227 422 4317 ipsius
471 4227 800 4297 attentius
831 4225 1211 4314 affigerent,
1254 4247 1387 4295 non
1422 4224 1694 4294 celabat
1723 4245 1840 4293 eos
1877 4244 1999 4313 pro
2055 4223 2346 4309 inquum
2381 4222 2613 4291 obitus
2650 4219 2760 4289 sui

196 4328 500 4406 tempus.
556 4321 649 4384 Ea
682 4337 754 4385 re
783 4314 1083 4405 cognita,
1139 4312 1424 4414 lugubri
1458 4334 1619 4382 voce
1680 4311 1937 4381 multos
2033 4311 2242 4380 abant
2289 4311 2632 4400 gemitus,
2695 4320 2764 4376 et

195 4404 423 4491 quoad
457 4404 644 4486 vixit,
683 4402 885 4494 solito
919 4402 1349 4491 frequentius
1395 4423 1557 4472 eum
1599 4401 1991 4473 visitarunt.
2030 4400 2222 4470 Unde
2261 4411 2492 4469 autem
2543 4396 2755 4464 finem
