3327 4999
196 362 308 428 Ex
358 361 548 428 OCT.
602 364 643 428 5
920 383 999 430 m:
1047 384 1103 430 s.
1157 383 1519 433 umutrno
1569 384 1739 432 nuc.
1776 384 1853 430 ΕΤ
1889 383 2072 433 conr.
2558 367 2684 433 647

196 460 479 548 laqueis
539 461 992 532 constrictum
1043 463 1281 533 teneri.
1353 465 1657 534 Movebat
1732 486 1891 534 eum
1940 465 2124 552 quod
2189 465 2416 535 statim
2468 488 2509 535 a
2557 465 2775 537 sacris

198 550 519 649 acceptis
566 549 930 620 ordinibus
1000 551 1333 625 divinitus
1385 553 1671 642 punitus
1717 565 1930 635 esset,
1985 566 2048 623 et
2095 554 2283 623 unde
2330 553 2605 623 animae
2671 575 2772 623 re-

200 636 527 708 medium
567 640 997 738 ‘capiendum
1044 653 1210 721 erat,
1275 641 1343 710 id
1391 641 1452 711 ei
1505 663 1780 710 versum
1829 654 2005 712 esset
2054 641 2124 710 in
2229 643 2584 712 erniciem.
2644 647 2772 713 No-

194 737 396 795 verat
444 741 809 817 scrlptum,
863 728 1143 819 gravius
1189 751 1349 799 eum
1424 731 1873 800 condemnari
1919 730 2042 818 qui
2093 729 2161 799 in
2221 731 2427 821 ignus
2459 729 2774 820 ‘suscipit

195 814 392 902 quod
463 838 598 884 non
663 828 987 916 meretur.
1045 817 1233 887 Sicut
1278 840 1440 918 ergo
1505 819 1574 889 in
1620 819 1883 888 Judam
1964 831 2214 890 temere
2276 818 2774 910 percipientem

193 926 319 973 cor
376 925 468 973 us
516 905 788 974 Domini
837 917 1111 976 satanas
1154 907 1451 987 intravit,
1505 929 1714 993 quem
1774 918 2041 978 constat
2089 906 2309 977 furem
2359 907 2620 979 fuisse:
2685 908 2778 977 ita

194 992 307 1061 col
347 992 583 1083 igebat
611 994 835 1065 Abbas
882 994 1087 1063 etiam
1120 994 1306 1065 hunc
1347 995 1654 1065 tortassis
1681 995 1914 1096 aliquo
1947 996 2195 1065 sacrile
2246 996 2311 1065 io
2343 996 2774 1066 contamina-

195 1093 380 1162 tum,
437 1081 624 1168 quod
697 1085 775 1152 ea
823 1081 962 1151 fere
1021 1082 1190 1152 hora
1251 1084 1552 1154 atrocius
1628 1096 2055 1154 cruciaretur
2119 1107 2159 1154 a
2258 1106 2582 1166 aemone,
2635 1107 2774 1172 qua

194 1168 458 1241 suisset.
506 1170 723 1239 sacris
756 1170 1109 1241 initiatus:
1165 1172 1705 1259 hortabaturque
1744 1172 2010 1255 fratre3‚
2044 1184 2120 1243 ut
2168 1195 2329 1244 cum
2382 1195 2454 1243 se
2501 1172 2624 1242 illa
2659 1194 2774 1242 ve-

194 1258 390 1329 xatio
442 1259 838 1341 remitteret,
890 1273 1087 1329 caute
1134 1262 1222 1331 ab
1279 1282 1357 1330 eo
1418 1261 1961 1351 expiscarentur,
2016 1261 2358 1348 numquid
2408 1262 2559 1351 ejus
2607 1284 2776 1332 con-

193 1347 575 1417 scientiam
637 1360 893 1442 gravet.
950 1353 1215 1419 Fratres
1261 1349 1539 1419 Abbatis
1580 1350 1780 1436 jussa
1853 1362 2247 1442 capessunt,
2307 1349 2626 1420 clanculo
2693 1372 2773 1420 ex

192 1459 277 1507 eo
330 1434 801 1516 sciscitantur,
849 1435 908 1504 si
955 1437 1124 1524 quid
1174 1437 1420 1508 habeat
1450 1438 1633 1525 quod
1676 1439 1992 1508 animum
2061 1449 2289 1529 angat.
2346 1438 2469 1508 Ille
2518 1438 2603 1508 ad
2658 1461 2773 1508 vo-

125 1576 135 1591 .
193 1548 315 1594 ces
366 1546 612 1595 eorum
667 1525 869 1595 modo
918 1526 1192 1607 rubore,
1240 1525 1442 1596 inodo
1494 1526 1753 1618 pallore
1823 1527 2303 1597 suffunditur:
2356 1527 2775 1614 tandemque

193 1613 365 1684 licet
420 1612 900 1704 pudibundus,
962 1636 1161 1684 suam
1215 1615 1494 1716 culpam
1544 1627 1609 1685 et
1657 1616 1972 1706 agnoscit
2016 1628 2078 1685 et
2133 1637 2305 1706 pure
2352 1616 2765 1695 confitetur,

194 1724 419 1773 orans
452 1714 529 1770 ut
562 1701 747 1790 apud
796 1701 1123 1773 Abbatem
1162 1725 1282 1793 pro
1333 1726 1483 1794 ipso
1524 1704 1737 1775 velint
1783 1705 2227 1774 intercedere.
2286 1709 2552 1774 Fratres
2601 1704 2774 1774 refe-

196 1801 371 1860 runt
421 1789 659 1860 omnia
690 1790 775 1858 ad
805 1791 1155 1872 Abbatem‚
1209 1791 1432 1863 Abbas
1472 1792 1817 1880 justitiam
1873 1792 2346 1863 misericordia
2413 1802 2769 1883 temperat,

198 1902 334 1949 nec
370 1878 518 1948 vult
563 1877 815 1947 addere
863 1878 1301 1949 afflictionem
1340 1881 1629 1950 afflicto:
1687 1880 2002 1971 prohibet
2034 1882 2265 1962 etiam,
2322 1902 2407 1949 ne
2439 1881 2592 1970 ejus
2638 1881 2772 1950 cri-

202 1990 371 2037 men
425 1966 494 2035 in
538 1967 894 2056 publicum
947 1967 1370 2057 proseratur:
1427 1968 1670 2038 indicit
1716 1969 2047 2039 fratribus
2078 1983 2152 2039 ut
2186 1991 2307 2060 pro
2343 1968 2773 2058 illojeJuniis

204 2069 274 2125 ot
324 2055 653 2146 precibus
726 2067 789 2124 et
840 2054 1200 2126 Missarum
1267 2056 1711 2128 celebrationi
1773 2058 2202 2128 incumbant.
2267 2057 2443 2141 Quid
2496 2055 2775 2126 multa?

210 2144 598 2214 Revalescit
637 2144 865 2223 frater,
944 2145 1326 2215 restituitur
1395 2146 1803 2227 brachium,
1878 2146 2171 2216 daemon
2221 2148 2308 2216 ab
2355 2168 2434 2216 eo
2488 2167 2771 2233 prorsus

207 2232 640 2302 eliminatur:
695 2247 1059 2320 nosterque
1108 2255 1375 2305 moeror
1409 2234 1792 2325 multipleX‚
1839 2234 2057 2305 multa
2102 2234 2568 2307 consolatione
2619 2255 2774 2324 per-

212 2332 550 2391 mutatur.

467 2655 700 2756 VITA
767 2656 845 2757 S.
919 2655 1498 2760 MElNULPHl
1574 2655 1982 2757 DlACONl
2055 2656 2178 2757 ET
2248 2655 2527 2758 CONF.

816 2898 1058 2945 STYLUI
1107 2895 1334 2946 PAssm
1385 2898 1660 2946 uU‘rAvlT
1707 2897 1896 2945 LAUR.
1952 2897 2178 2945 SURIUS

748 3076 936 3133 obiit
976 3077 1159 3134 circa
1206 3079 1343 3134 85⁷.
1386 3107 1465 3119 —
1503 3077 1802 3134 Ratione
1842 3076 2244 3134 Germanus.

309 3293 346 3379 ξ
414 3297 492 3363 1.
543 3296 735 3360 Anno
801 3291 1190 3361 Dominicae
1265 3290 1762 3360 incarnationis
1825 3289 2436 3380 septingentesimo
2492 3302 2769 3381 septua-

219 3379 803 3469 gesimoseptimO,
842 3402 1004 3449 cuin
1034 3377 1312 3449 Carolus
1340 3384 1630 3470 Magnus
1678 3400 1830 3447 earn
1867 3379 2196 3448 Saxoniae
2231 3390 2520 3468 partem,
2560 3399 2771 3464 quam

220 3489 411 3536 nunc
463 3466 951 3556 westphaliam
1001 3478 1266 3548 vocant,
1322 3466 1500 3536 bello
1533 3467 1705 3537 sube
1759 3465 1942 3548 isset,
1977 3488 2218 3535 omnes
2269 3467 2564 3557 majores
2610 3477 2776 3535 natu

220 3557 374 3645 ejus
424 3555 725 3646 regionis
773 3567 1106 3625 venerunt
1152 3555 1237 3624 ad
1296 3577 1458 3624 eum
1516 3553 1732 3622 Pader
1783 3574 2013 3634 onam,
2066 3576 2208 3622 uno
2256 3553 2534 3642 dempto
2590 3553 2779 3623 Witi-

168 3671 179 3679 ·
220 3643 465 3724 kindo,
523 3644 668 3713 viro
717 3644 1049 3734 primario
1095 3664 1300 3730 quem
1355 3642 1674 3712 nonnulli
1724 3647 2018 3731 Regem,
2072 3641 2192 3709 alii
2258 3640 2507 3711 ducem
2557 3639 2773 3711 fuisse

220 3733 668 3803 arbitrantur.
723 3731 777 3801 Ii
827 3743 1057 3802 autem
1105 3731 1224 3818 qui
1274 3730 1359 3800 ad
1411 3729 1729 3800 Carolum
1778 3730 2062 3807 venere,
2116 3749 2357 3799 omnes
2405 3729 2475 3798 in
2525 3728 2769 3801 eodem

224 3822 373 3892 loco
404 3820 827 3890 salutaribus
857 3820 1187 3909 baptismi
1220 3818 1430 3890 undis
1467 3818 1720 3909 expiati
1750 3830 1937 3898 sunt,
1994 3817 2358 3903 visumque
2402 3829 2505 3886 est
2538 3818 2777 3888 Carolo

223 3910 416 4002 Regi,
472 3909 615 3979 illic
665 3908 984 4000 Episcopi
1022 3908 1255 3978 sedem
1288 3907 1726 3977 constituere.
1781 3911 2018 3994 Itaque
2054 3905 2247 3975 tertio
2289 3904 2544 3975 abhinc
2591 3928 2778 3976 anno

225 4021 505 4089 parvam
577 3998 675 4067 ibi
722 3998 1104 4067 construxit
1150 3995 1536 4074 ecclesiam,
1588 4016 1918 4081 eamque,
1982 3994 2169 4082 quod
2232 3993 2426 4064 locus
2475 3994 2772 4064 necdum

226 4087 543 4157 munitus
590 4097 789 4167 esset,
844 4084 1324 4175 Herbipolensi
1372 4083 1708 4173 Episcopo
1771 4096 1914 4152 tum
1979 4081 2510 4152 commendavit.
2565 4087 2773 4152 Porro

224 4198 406 4245 anno
456 4175 616 4244 inde
654 4173 1193 4261 decimoquinto,
1247 4172 1666 4243 Canonicum
1717 4170 2046 4242 ecclesiae
2095 4170 2613 4260 Herbipolensis
2643 4175 2777 4240 Ha-

224 4264 629 4344 tumarium,
689 4263 963 4334 natione
1009 4261 1504 4352 westphalum‚
1571 4261 1876 4352 primum
1927 4259 2070 4329 illic
2121 4260 2534 4352 Episcopum
2585 4258 2780 4329 insti-

226 4353 394 4422 tuit:
447 4353 649 4444 cujus
695 4353 927 4442 episco
981 4363 1135 4420 atus
1182 4372 1364 4420 anno
1400 4364 1645 4437 quarto
1677 4353 1805 4419 Leo
1855 4347 2160 4419 Pontifex
2193 4353 2573 4428 RomanuS,
2625 4346 2778 4437 ejus

229 4440 529 4512 nominis
578 4441 839 4524 tertiuS,
894 4374 981 4510 ab
1030 4438 1323 4510 aemulis
1380 4441 1593 4510 Roma
1661 4436 1941 4529 pulsus,
2004 4436 2089 4507 ad
2149 4442 2401 4527 Regem
2458 4433 2773 4505 Carolum
