3327 4999
606 332 736 397 462
1189 346 1246 394 s.
1298 344 1528 394 soscrn
1575 343 1880 393 naemu
1927 344 2352 392 rnnnnsmsc
2673 326 2916 392 MART.
2967 328 3050 393 25

518 433 762 523 Clopae
811 430 952 501 filia
1000 429 1386 500 secundum
1434 428 1681 521 legem,
1734 441 1799 500 et
1847 429 2186 499 Salomen.
2236 434 2312 497 Et
2360 428 2527 498 haec
2575 429 2859 515 quidem
2910 428 3043 500 ille.

515 523 717 592 Vides
761 521 997 611 igitur,
1051 517 1217 606 quid
1269 519 1502 609 magni
1549 518 2301 616 utriusque-Ecclesiae
2353 517 2481 586 viri
2528 517 2615 587 de
2671 523 2742 587 B.
2793 519 3050 609 Josepb

518 612 843 681 sentiant.

604 706 643 782 ἓ
711 704 798 768 ².
852 700 1014 784 Ego,
1068 704 1147 764 ut
1189 715 1429 764 verum
1477 695 1713 778 fatear,
1765 706 1832 765 et
1877 694 2190 764 animum
2241 715 2472 764 meum
2505 715 2735 764 coram
2775 699 2930 776 Deo,
2966 707 3056 765 te-

512 810 648 875 que
713 808 793 855 ac
853 795 990 854 toto
1046 782 1427 868 Clirist‘uno
1492 785 1654 854 orbe
1722 795 2038 855 testatum
2087 782 2334 852 faciam
2400 784 2600 874 (pace
2649 784 2740 853 sit
2787 784 3052 853 dictum

514 875 833 946 omnium
881 872 1126 941 horum
1180 872 1821 961 praeexcellentium
1870 873 2200 951 virorum,
2253 893 2428 958 quos
2470 873 2538 941 in
2595 872 2753 942 aliis
2803 894 3052 960 sequor

515 963 929 1055 plurimum,
968 959 1364 1051 amplector,
1419 973 1485 1031 et
1542 973 1867 1049 tanquam
1917 960 2542 1030 venerabilissimos
2578 973 2804 1051 patres
2854 962 3052 1032 vehe-

517 1063 782 1122 menter
826 1050 1148 1120 observo:
1201 1062 1269 1118 at
1314 1051 1385 1119 in
1435 1050 1564 1120 hoc
1631 1050 1804 1119 mihi
1865 1049 2133 1141 placere
2192 1071 2628 1136 nequaquam
2696 1051 3042 1140 possunt),

516 1160 789 1232 semper
833 1137 1249 1207 contrariam
1298 1138 1485 1209 tenui
1536 1138 1966 1220 sententiam,
2022 1148 2381 1224 tenereque
2410 1138 2779 1227 profitebor
2826 1161 3050 1227 usque

514 1228 603 1299 ad
651 1238 939 1297 mortem
972 1247 1007 1303 z,
1040 1226 1173 1297 nisi
1229 1241 1463 1297 sancta
1514 1240 1730 1298 mater
1774 1227 2074 1297 Ecclesia
2121 1226 2467 1296 diversum
2518 1227 2783 1315 aliquid
2834 1249 3049 1319 super

514 1319 645 1388 hoc
691 1325 981 1387 statuat:
1034 1315 1136 1384 vel
1187 1315 1322 1384 nisi
1359 1317 1515 1403 quis
1565 1339 1674 1386 me
1726 1316 2222 1407 potentioribus
2268 1328 2333 1384 et
2379 1314 2880 1387 efficacioribus
2932 1340 3047 1387 ur-

516 1407 678 1477 serit
728 1402 1131 1484 rationibuS,
1168 1416 1245 1472 ut
1290 1426 1331 1474 a
1381 1426 1531 1473 mea
1561 1405 1782 1476 victus
1823 1404 2134 1474 recedam
2183 1404 2529 1493 opinione.
2584 1405 2932 1491 credoque
2982 1417 3047 1476 et

513 1494 806 1564 firmiter
846 1503 1060 1573 teneo,
1116 1492 1550 1563 beatissimae
1596 1493 1895 1585 Virginis
1942 1514 2300 1582 sponsum,
2355 1493 2687 1583 virginem
2717 1506 2782 1563 et
2808 1495 3042 1584 ipsum

514 1583 748 1658 fuisse.
805 1602 930 1649 nec
978 1602 1287 1666 unquam
1339 1581 1710 1671 pudicitiae
1741 1604 1904 1652 suae
1935 1582 2171 1650 florem
2212 1580 2549 1650 amisisse.
2595 1581 2822 1651 Talem
2858 1582 3046 1651 enim
3123 1592 3128 1596 ’

516 1684 829 1751 matrem,
874 1668 1077 1738 talem
1129 1691 1487 1826 sponsum,
1540 1682 1606 1739 et
1665 1670 1867 1740 talem
1916 1682 2322 1756 tantumque
2372 1669 2622 1750 filium,
2661 1670 2863 1739 talem
2916 1694 3046 1762 pu-

517 1760 803 1830 tativum
856 1769 1118 1846 patrem
1219 1759 1417 1828 abere
1464 1780 1590 1849 par
1634 1771 1800 1828 erat.
1853 1764 1931 1828 Et
1968 1781 2053 1827 ne
2098 1781 2177 1827 ex
2231 1780 2379 1828 meo
2427 1760 2704 1828 cerebro
2753 1760 2920 1829 baec
2967 1762 3040 1828 e·

510 1860 670 1918 ruta
714 1846 1024 1915 videatur
1063 1848 1420 1928 sententia,
1474 1848 1695 1916 tribus
1723 1869 1898 1929 eam,
1944 1848 1999 1918 si
2049 1860 2302 1936 potero,
2345 1850 2568 1916 enitar
2605 1848 2852 1917 mediis
2879 1870 3044 1918 con-

510 1936 811 2006 firmare.
868 1939 1109 2004 Sacrae
1158 1935 1460 2025 primum
1527 1935 1750 2027 ipsius
1798 1936 2187 2025 Scripturae
2249 1935 2593 2017 fontibuS‚
2657 1935 2882 2024 iisque
2932 1936 3044 2028 pie

512 2036 849 2112 recteque,
886 2036 952 2092 et
999 2023 1379 2092 secundum
1428 2046 1837 2115 germanum
1879 2046 2155 2095 sensum
2192 2023 2537 2094 deductis:
2582 2025 2922 2094 constanti
2950 2041 3046 2095 et-

512 2114 676 2194 iam,
739 2126 816 2182 ut
861 2111 1232 2193 credimus,
1286 2124 1351 2182 et
1396 2135 1571 2199 quae
1616 2114 1800 2183 vinci
1859 2135 1992 2184 non
2052 2112 2287 2202 possit,
2343 2113 2648 2193 ratione;
2720 2125 2868 2182 tum
2917 2113 3039 2183 de-

511 2224 706 2272 mum
755 2213 1146 2270 sanctorum
1208 2200 1599 2288 aliquorum
1648 2215 1921 2292 patrum
1971 2202 2390 2271 auctoritate.
2453 2201 2644 2284 Quod
2695 2202 2830 2271 nisi
2877 2203 3042 2273 effe-

512 2311 692 2371 cer0,
747 2299 894 2359 tum
944 2301 1019 2358 tu
1068 2311 1175 2357 me
1224 2290 1606 2381 imperitiae
1666 2291 2128 2377 stultitiaeque
2173 2291 2477 2379 argirito:
2532 2303 2735 2377 atque
2783 2312 2908 2381 ego
2960 2290 3040 2359 li-

510 2381 748 2449 beram
802 2378 921 2447 tibi
969 2378 1383 2460 concedam,
1447 2379 1774 2466 quicquid
1837 2379 2174 2460 volueriS,
2235 2379 2556 2447 credendi
2607 2392 3034 2465 potestatem.

510 2467 684 2539 Audi
722 2489 883 2558 ergo
931 2466 1294 2557 diligenter
1338 2480 1402 2539 et
1452 2468 1785 2559 patienter
1830 2467 2144 2538 ausculta
2189 2489 2364 2556 quae
2397 2490 2517 2560 pro
2550 2468 2676 2538 hac
2706 2468 3043 2539 sententia

510 2556 853 2628 firmanda
892 2555 1010 2624 tibi
1044 2557 1272 2625 affero.

597 2648 635 2734 ξ
694 2650 788 2717 8.
839 2649 926 2715 Ac
977 2643 1276 2735 primum
1328 2645 1607 2732 quidem
1649 2646 1719 2715 id
1770 2645 1967 2716 nobis
2014 2644 2508 2735 explorandum
2559 2667 2826 2727 cense0,
2861 2667 3032 2715 num

507 2757 588 2805 ex
638 2734 1045 2823 ScripturiS,
1111 2735 1432 2819 quisnam
1490 2758 1695 2806 verus
1743 2747 1954 2825 pater,
2026 2746 2092 2803 et
2137 2756 2314 2820 quae
2361 2757 2517 2803 vera
2568 2746 2785 2803 mater
2831 2731 3038 2804 fuerit

506 2824 745 2896 Jacobi
781 2823 979 2893 istius
1026 2821 1314 2892 minoris
1352 2825 1472 2909 qui
1509 2824 1712 2894 etiam
1763 2824 1991 2893 dictus
2032 2823 2118 2891 sit
2165 2823 2372 2892 frater
2418 2823 2686 2892 Domini
2752 2822 3038 2914 reperiri

509 2914 747 3005 possit.
802 2910 1147 2996 Credoque
1195 2932 1331 2980 non
1382 2911 1521 2981 sore
1580 2912 1648 2982 id
1701 2910 2002 2985 difficile,
2054 2912 2268 2980 immo
2332 2933 2411 2980 ex
2460 2912 2823 3002 propatulo
2890 2910 3038 2981 loco

508 3003 677 3073 satis
726 3011 1060 3069 constare.
1101 2999 1227 3067 Sed
1270 3002 1553 3072 assertio
1602 3000 1723 3071 illa
1764 2999 2290 3102 praemittenda,
2346 3022 2554 3087 quam
2590 3022 2839 3091 negare
2865 2999 3040 3069 mihi

508 3109 942 3178 nequaquam
994 3101 1282 3178 possunt
1326 3089 1527 3159 etiam
1563 3089 1612 3158 ii
1659 3112 1782 3176 qui
1828 3088 1930 3158 vel
1974 3110 2202 3159 sacras
2252 3087 2481 3158 literas
2529 3089 2804 3158 eminus
2851 3089 3039 3158 salu-

508 3178 836 3252 taverint:
892 3176 1034 3246 Scri
1091 3188 1313 3246 turam
1365 3200 1611 3269 nempe
1677 3200 1943 3247 sacram
2005 3177 2271 3263 quoties
2321 3178 2410 3246 ita
2461 3177 2788 3264 loquitur,
2841 3181 3034 3247 Isaac

507 3267 835 3348 Abrahae,
888 3265 989 3334 vel
1087 3266 1255 3335 acob
1303 3271 1517 3348 Isaac,
1571 3267 1760 3336 hunc
1809 3267 1879 3334 in
1930 3267 2360 3336 audientium
2411 3287 2611 3336 aures
2660 3288 2941 3337 sensum
2972 3277 3039 3336 et

505 3355 1030 3445 intelligentiam
1067 3354 1453 3436 immittere,
1491 3366 1554 3424 et
1587 3378 1720 3425 non
1767 3353 2000 3436 aliam,
2035 3359 2228 3425 Isaac
2262 3375 2412 3424 esse
2441 3353 2663 3423 fllium
2697 3355 3028 3437 Abrahae,

504 3455 571 3515 et
614 3445 827 3514 Jacob
875 3443 1099 3513 filium
1147 3465 1295 3513 esse
1342 3449 1556 3513 Isaac.
1602 3449 1740 3513 Hoc
1795 3448 2012 3513 Lucae
2070 3465 2145 3512 111
2193 3443 2416 3534 capite
2465 3443 2760 3513 maxime
2806 3455 3035 3513 osten-

503 3533 663 3603 dere
711 3555 1104 3623 possumus,
1161 3532 1280 3602 ubi
1329 3532 1731 3633 genealogia
1770 3530 2037 3601 Domini
2064 3553 2141 3601 ex
2167 3532 2422 3622 Ioseph
2455 3532 2889 3602 ascendendo
2918 3555 3034 3602 us-

501 3644 637 3710 que
668 3622 755 3690 ad
790 3626 998 3690 Deum
1027 3621 1462 3691 describitur.
1502 3621 1761 3691 Dicitur
1793 3642 2092 3708 namque
2142 3621 2275 3690 ibi:
2328 3626 2407 3690 Et
2453 3621 2602 3710 ipse
2651 3626 2856 3692 Iesus
2887 3631 3032 3691 erat

500 3711 842 3800 incipiens
884 3711 1082 3797 quasi
1130 3732 1471 3780 annorum
1509 3710 1810 3801 triginta,
1863 3721 1940 3779 ut
1973 3709 2344 3799 putabatur
2391 3708 2578 3779 filius
2624 3711 2880 3800 Joseph
2911 3708 3034 3796 qui

502 3799 633 3870 fuit
661 3799 833 3880 Heli,
886 3799 1300 3869 subauditur
1337 3798 1556 3869 filius:
1610 3798 1730 3887 qui
1778 3797 1907 3868 fuit
1941 3799 2236 3879 Mathan,
2292 3820 2539 3888 nempe
2571 3798 2799 3868 silius:
2835 3808 2899 3866 et
2933 3797 3031 3867 sic

502 3888 587 3958 de
635 3888 931 3978 singulis
975 3910 1196 3974 usque
1243 3887 1326 3956 ad
1382 3888 1615 3968 Adam,
1665 3888 1751 3956 de
1803 3908 1940 3974 quo
1989 3886 2138 3956 loco
2184 3886 2478 3956 dicitur:
2531 3887 2662 3970 Qui
2709 3885 2840 3957 fuit
2887 3885 3027 3955 Dei:

500 3987 565 4047 et
598 3976 1137 4067 subintelligitur
1169 3975 1553 4047 filius.·Hoc
1603 3976 1786 4045 idem
1836 3975 2165 4066 probatur
2224 3975 2514 4045 ,Ioannis
2564 3974 2830 4055 ultimo,
2871 3996 3033 4045 cum

500 4065 669 4135 dicit
730 4065 1060 4134 Dominus
1107 4071 1336 4135 Petro:
1391 4066 1624 4136 Simon
1680 4065 2008 4145 JoanniS,
2077 4086 2267 4134 amas
2316 4068 2477 4133 me?
2531 4067 2670 4134 Hoc
2717 4075 2863 4145 est,
2926 4061 3033 4132 Si-

500 4176 661 4225 mon
692 4154 789 4223 fili
817 4154 865 4222 J
868 4154 1135 4222 oannis,
1163 4154 1353 4237 Quod
1382 4155 1474 4223 ita
1507 4176 1656 4224 esse
1688 4152 1984 4224 ostendit
2005 4153 2334 4223 Dominus
2368 4153 2516 4244 ipse
2552 4153 2869 4223 Matthaei
2897 4173 3022 4231 nn,

498 4244 622 4314 ubi
669 4243 837 4313 dicit
882 4243 968 4311 ad
1015 4242 1370 4312 eumdem:
1423 4248 1666 4313 Beatus
1712 4265 1786 4312 es
1834 4242 2066 4313 Simon
2116 4246 2243 4311 Bar
2286 4242 2492 4322 Jona,
2531 4241 2695 4328 quia
2758 4263 2914 4311 caro
2962 4247 3029 4307 et

501 4332 787 4425 sanguis
818 4354 950 4401 non
1004 4330 1320 4400 revelavit
1371 4331 1516 4412 tibi,
1571 4330 1686 4402 sed
1739 4336 1931 4400 Pater
1963 4352 2157 4402 meus
2203 4331 2324 4418 qui
2373 4331 2445 4400 in
2492 4330 2700 4401 coelis
2726 4342 2851 4401 est.
2902 4334 3028 4420 Bar

503 4422 689 4492 enim
723 4420 1074 4503 Hebraice,
1131 4419 1363 4491 Latine
1390 4419 1615 4490 filium
1668 4431 1934 4490 sonat.»
1981 4449 1982 4452 ¹
