3327 4999
601 302 728 365 554
1375 316 1454 363 nn
1504 316 1560 364 s.
1615 316 1922 365 Eususio
1970 316 2210 363 Annam
2680 296 2928 363 MART.
2983 296 3077 363 29

507 419 792 467 causam
856 418 1071 466 ovans
1120 406 1410 464 mortem
1479 396 1744 487 excipio
1824 408 2102 487 propter
2147 394 2355 463 Illum
2413 393 2534 480 qui
2581 415 2709 483 pro
2769 414 2882 461 me
2928 415 3073 462 non

506 486 925 576 dedignatus
984 496 1084 552 est
1137 484 1383 552 mori.»
1427 488 1691 554 Interea
1742 499 2016 576 peracta
2073 483 2410 571 legatione
2469 504 2594 552 sua
2657 482 3073 552 Eustachius

507 587 703 664 pater
736 576 1016 653 remeat,
1067 571 1366 663 puellam
1418 573 1733 642 custodia
1782 573 2047 652 liberat,
2090 584 2349 661 patrem
2403 569 2798 638 terribiliter
2842 571 3075 639 incre-

509 675 650 752 pat,
721 660 1076 750 religionis
1138 673 1390 728 vestem
1461 683 1581 749 per
1633 662 2022 750 pontificem
2074 659 2268 729 urbis
2333 658 2524 727 illius
2573 657 3073 728 Gundoaldum

509 749 815 829 nomine,
873 748 1124 828 induit,
1179 760 1541 835 sacratque
1589 750 2014 819 salutaribus
2049 746 2523 826 sacramentiS,
2569 746 3071 815 monasterium

507 838 856 927 virginum
901 835 1148 905 Christi
1199 858 1410 926 super
1452 850 1811 926 paternum
1867 837 2087 906 solum
2142 836 2321 904 inter
2368 834 2616 903 fluvios
2664 839 2977 989 Mudgram
3004 847 3075 903 et

508 926 747 995 Albam
791 924 1130 1003 aedificat,
1169 922 1412 993 fratres
1457 927 1573 1012 qui
1626 937 2013 995 structurae
2072 944 2311 994 curam
2364 922 2684 1003 habeant,
2806 925 3067 1011 eputat,

557 1035 920 1081 ermanum
966 1012 1234 1102 puellae
1283 1013 1801 1103 chagnoaldum
1835 1027 1901 1082 et
1946 1013 2067 1099 qui
2115 1012 2179 1081 ci
2230 1025 2460 1101 postea
2495 1011 2852 1090 successit,
2892 1010 3073 1079 Wal-

508 1037 892 1181 gehennam,
946 1115 1024 1171 ut
1098 1099 1409 1188 regulam
1487 1123 1604 1171 eas
1671 1102 2000 1181 doceant,
2083 1100 2424 1169 decernit:
2485 1098 2555 1166 in
2597 1120 2735 1184 quo
2783 1098 3071 1184 quidem

507 1189 940 1259 Waldeberto
988 1202 1294 1274 quantae.
1329 1189 1613 1259 virtutes
1661 1190 2102 1281 postmodum
2153 1187 2520 1267 extiterint,
2561 1186 2622 1255 si
2654 1186 2792 1255 vita
2838 1207 3071 1257 comes

510 1276 740 1357 fuerit,
797 1277 1118 1366 prosequi
1170 1277 1493 1346 nitemur.

600 1368 636 1452 ξ
687 1371 779 1435 6.
827 1370 1163 1434 Reversus
1213 1365 1374 1433 inde
1422 1364 1834 1434 venerabilis
1883 1364 1987 1432 vir
2033 1364 2447 1433 Eustachius
2496 1362 2581 1430 ad
2634 1361 3010 1431 Luxovium
3048 1415 3066 1441 ‚

510 1453 826 1542 magistri
875 1463 1318 1543 praeceptum
1363 1453 1652 1543 implere
1689 1464 1903 1542 parat,
1958 1464 2033 1521 ut
2082 1466 2317 1541 gentes
2362 1451 2626 1519 vicinae
2676 1449 2934 1539 pabulo
2984 1449 3070 1518 fi-

509 1540 618 1610 dei
696 1541 1065 1610 alerentur.
1147 1547 1560 1630 Progressus
1631 1563 1817 1631 erg0,
1876 1541 2210 1611 warascis
2256 1541 2292 1575 '¹‘
2341 1539 2713 1629 praedicat,
2768 1558 3074 1625 quorum

509 1630 629 1698 alii
679 1629 1125 1698 idololatricis
1163 1629 1493 1710 cultibus,
1549 1629 1668 1698 alii
1719 1629 2027 1708 Photini,
2074 1628 2192 1696 alii
2236 1628 2496 1696 Bononi
2558 1649 2788 1695 errore
2835 1638 3072 1695 conta-

509 1717 750 1785 minati
793 1729 1009 1787 erant.
1047 1718 1168 1787 His
1216 1717 1301 1785 ad
1338 1718 1547 1787 fidem
1581 1717 1951 1797 conversi3‚
1991 1717 2074 1785 ad
2116 1717 2310 1807 Bojos
2335 1716 2455 1802 qui
2487 1737 2672 1784 nunc
2704 1713 3070 1802 Baioarii*

507 1819 860 1885 vocantur,
915 1806 1171 1874 tendit:
1225 1806 1462 1891 eisque
1528 1806 1744 1874 multo
1811 1805 2041 1873 labore
2112 1805 2439 1885 imbutiS,
2495 1825 2573 1872 ac
2640 1801 2797 1872 fidei
2856 1802 3070 1870 linea-

510 1906 744 1962 mento
791 1894 1138 1972 correctiS‚
1197 1893 1535 1982 plurimos
1593 1916 1829 1963 eorum
1884 1894 1966 1960 ad
2045 1892 2247 1961 fidem
2311 1891 2664 1961 convertit.
2721 1891 2848 1959 Ubi
2896 1911 3058 1959 cum

507 1981 1012 2071 aliquantisper
1052 1995 1358 2050 moratus
1407 1981 1670 2063 fuisset,
1726 1982 1992 2049 dimisit
2022 2002 2301 2070 sagaces
2352 1981 2531 2050 viros
2570 1980 2693 2065 qui
2733 1979 2802 2046 in
2845 1977 3069 2066 coepti

507 2069 765 2139 laboris
814 2070 1041 2139 studio
1092 2069 1547 2138 desudarent:
1589 2071 1736 2160 ipse
1786 2091 1941 2139 vero
1994 2069 2079 2137 ad
2128 2069 2500 2139 Luxovium
2554 2088 2857 2136 remeare
2920 2081 3072 2135 stu-

510 2158 646 2225 det.
702 2163 869 2226 Cum
919 2180 1082 2247 ergo
1133 2158 1258 2225 iter
1311 2171 1643 2247 carperet,
1702 2158 1885 2226 venit
1930 2157 2015 2225 ad
2070 2157 2441 2243 quemdam
2496 2155 2719 2224 virum
2787 2155 3071 2223 nomine

509 2246 955 2315 Gundoinum
1005 2246 1125 2332 qui
1174 2267 1252 2313 eo
1292 2248 1596 2335 tompore
1653 2245 1739 2314 ad
1794 2245 2050 2324 villam,
2105 2267 2318 2331 quam
2369 2249 2627 2312 Mosam
2691 2256 2935 2313 vocant
2982 2241 3072 2310 ab

511 2355 719 2402 amne
766 2356 844 2402 eo
879 2334 946 2400 in
1002 2333 1147 2402 loco
1198 2334 1473 2414 fluente,
1530 2334 1950 2403 morabatur.
2019 2338 2328 2419 Cumque
2388 2333 2447 2401 is
2498 2332 2780 2400 vidisset
2828 2336 3073 2400 Eusta-

510 2421 777 2502 chium,
837 2420 1017 2490 velut
1052 2421 1528 2512 gratissimum
1581 2443 1841 2491 munus
1886 2443 2100 2490 ovans
2137 2421 2326 2490 domi
2380 2420 2656 2510 recepit.
2703 2425 3073 2511 Ingressus

509 2522 740 2579 autem
792 2512 1204 2579 Eustachius
1253 2511 1322 2578 in
1368 2511 1681 2592 domum,
1740 2510 2119 2601 praemissa
2166 2510 2666 2588 benedictione,
2721 2508 2945 2598 poscit
2994 2517 3073 2577 ut

508 2598 766 2668 liberos
815 2620 989 2683 quos
1034 2600 1299 2678 habeat,
1356 2612 1839 2686 repraesentet.
1883 2597 2004 2667 Ille
2052 2598 2406 2675 obediens,
2456 2598 2633 2666 duos
2685 2597 2903 2665 bonae
2962 2597 3070 2664 in-

514 2686 692 2756 dolis
741 2685 922 2754 [ilios
973 2698 1380 2776 praesentat.
1419 2692 1494 2756 At
1529 2688 1629 2755 vir
1665 2700 1967 2766 sanctus,
2008 2691 2165 2756 «Est
2214 2708 2323 2766 ne,
2371 2686 2618 2771 inquit,
2667 2685 2788 2754 tibi
2837 2684 3072 2754 adhuc

509 2775 738 2864 proles
760 2779 828 2842 32»
860 2774 981 2842 Ille
1014 2774 1264 2843 fatetur
1297 2788 1563 2864 praeter
1612 2797 1823 2843 unam
1859 2774 2101 2842 filiam·
2128 2773 2517 2843 luminibus
2564 2775 2903 2852 orbatam,
2946 2793 3073 2841 no-

510 2863 699 2930 mine
746 2863 1230 2951 Adesbergam,
1267 2884 1339 2931 se
1379 2862 1684 2952 amplius
1724 2885 1860 2931 non
1913 2863 2188 2931 hahere.
2222 2862 2525 2942 «Veniat,
2566 2862 2813 2948 inquit,
2874 2860 3071 2929 illa.»

510 2954 728 3031 Quam
780 2971 938 3018 cum
992 2948 1316 3029 vidisset,
1370 2950 1759 3019 sciscitatus
1806 2962 1907 3019 est
1955 2973 2035 3018 ex
2083 2973 2184 3030 ea,
2253 2963 2490 3019 utrum
2531 2950 2866 3039 juvenilis
2915 2949 3074 3017 ani-

511 3059 672 3106 mus
702 3038 788 3104 ad
824 3037 1087 3105 cultum
1142 3037 1359 3105 divini
1409 3039 1676 3107 timoris
1724 3039 2083 3128 aspiraret.
2138 3044 2307 3106 Tum
2358 3037 2476 3107 illa
2535 3038 2796 3106 affatim
2847 3047 2924 3106 ut
2973 3048 3075 3105 te-

511 3147 677 3193 nera
725 3125 944 3211 quivit
977 3138 1185 3203 aetaS,
1242 3125 1596 3215 respondit
1644 3147 1718 3194 se
1768 3140 2077 3216 paratam
2129 3147 2279 3197 esse
2326 3126 2543 3196 sacris
2592 3127 3072 3215 obtemperare

515 3212 925 3314 praeconiis.
983 3214 1295 3302 Suscepit
1340 3236 1502 3303 ergo
1574 3214 1674 3283 vir
1721 3229 2002 3283 sanctus
2053 3213 2382 3294 laborem,
2442 3214 2748 3284 biduano
2812 3234 3074 3302 corpus

500 3301 771 3390 jejunio
818 3301 1065 3380 affecit,
1123 3314 1420 3369 mentem
1475 3301 1609 3370 fide
1642 3303 1956 3382 armavit,
2012 3324 2222 3404 super
2261 3302 2500 3372 oculos
2560 3300 3066 3371 benedictionis

510 3388 739 3458 oleum
807 3389 1069 3469 effudit,
1126 3390 1515 3475 meruitque
1566 3390 1841 3459 tandem
1898 3412 2017 3480 per
2063 3412 2218 3477 eJus
2266 3390 2730 3460 interventum
2778 3390 3077 3459 caecitas

511 3477 821 3546 obtinere
873 3477 1133 3545 lumen.
1171 3478 1684 3568 Redintegravit
1716 3477 1950 3547 divina
1984 3478 2200 3569 pietas
2247 3479 2334 3548 ad
2372 3501 2607 3569 preces
2654 3478 2901 3547 famuli
2931 3477 3070 3557 sui,

513 3563 804 3656 luminis
850 3564 1130 3645 damna,
1187 3577 1264 3635 ut
1312 3579 1581 3655 recepto
1632 3565 1919 3646 lumine,
1975 3578 2124 3656 post
2161 3566 2397 3636 divina
2445 3589 2737 3636 munera
2784 3565 3076 3636 uberius

512 3653 596 3721 ad
652 3653 918 3722 timoris
970 3654 1083 3722 Dei
1153 3653 1422 3723 cultum
1471 3653 1831 3743 aspiraret.
1887 3659 1966 3722 Et
2027 3677 2107 3724 ea
2153 3656 2435 3742 quidem
2486 3676 2905 3741 nuncusque
2952 3675 3078 3722 su-

511 3755 759 3831 perest,
813 3755 877 3810 et
909 3741 1163 3809 divinis
1218 3742 1570 3828 obsequiis
1618 3742 1871 3821 dedita,
1919 3763 2055 3810 non
2120 3743 2345 3814 solum
2397 3766 2564 3813 suae
2598 3742 2902 3823 utilitati,
2948 3740 3073 3811 sed

514 3840 580 3897 et
627 3829 782 3899 aliis
836 3829 1142 3918 providet
1187 3842 1604 3919 opportuna.
1686 3834 1996 3917 Cumque
2045 3830 2147 3898 vir
2195 3831 2311 3900 Dei
2371 3852 2780 3931 progressus
2854 3829 3022 3899 inde
3052 3882 3071 3909 ,

509 3928 829 4004 coeptum
883 3917 1010 3986 iter
1057 3931 1433 4007 perageret,
1521 3917 1894 4017 quemdam
1946 3917 2225 3987 fratrem
2275 3919 2545 4008 Agilum
2603 3919 2887 3988 nomine
2948 3917 3077 4004 qui

510 4004 717 4074 modo
770 4006 1225 4094 Respacensis
1273 4005 1590 4074 coenobii
1633 4005 1906 4096 praesul
1956 4007 2205 4087 existit,
2262 4028 2609 4093 quemque
2656 4019 2805 4076 tum
2877 4005 3080 4075 vehe-

509 4114 706 4162 mens
742 4092 1034 4162 sebrium
1074 4093 1259 4181 ignis
1306 4094 1590 4174 excoxit,
1649 4115 1863 4162 manu
1911 4094 2155 4185 tetigit,
2225 4094 2752 4182 interventuque
2809 4094 3072 4164 oratio-

510 4201 684 4249 num
733 4202 1023 4249 suarum
1072 4179 1405 4271 pristinae
1465 4181 1779 4272 sospitati
1828 4180 2015 4251 illico
2082 4182 2404 4253 restituit.
2460 4183 2716 4253 Deinde
2765 4181 3084 4273 pervenit

565 4337 592 4365 ¹⁸¹
622 4337 892 4387 Van-nuqua.
913 4337 1038 4384 apud
1059 4336 1315 4384 Sequanos.
1332 4345 1536 4384 quorum
1553 4336 1669 4377 urbs
1690 4339 1832 4387 caput
1850 4337 2074 4378 Vesontio
2095 4338 2365 4386 (Boanum).

566 4390 619 4418 ¹⁸¹⁸
649 4391 874 4429 Hodierni
896 4389 1081 4429 Bitvari.
