3327 4999
630 309 759 374 638
2605 300 2711 368 Ex
2757 292 2983 368 SEPT.
3046 300 3096 366 3

987 513 1125 594 DE
1179 510 1748 595 MIRAOULIS
1801 509 2115 591 BEATI
2165 506 2635 593 REMAOLI

1373 694 1583 745 nonu
1628 693 1917 747 Norenno
1963 691 2247 743 AUCTORE

1162 821 1279 890 sed
1323 820 1400 891 ob
1440 822 1703 891 lectoris
1748 819 2101 890 vitandum
2140 819 2462 900 taedium,

960 925 1181 995 multa
1207 927 1410 995 Laur.
1445 925 1688 995 Sur-ius
1719 925 1792 993 in
1822 923 2284 1014 compendium
2312 923 2594 1013 redeqit.
2630 921 2665 956 ⁴*

635 1123 673 1209 ἓ
734 1124 818 1195 1.
879 1124 1036 1190 Post
1102 1118 1583 1212 gloriosissimi
1642 1119 1887 1211 agonis
1948 1120 2277 1190 omnibus
2343 1118 2598 1190 seculis
2653 1117 3090 1188 laudabilem

548 1208 1005 1300 triumphum,
1060 1232 1199 1298 quo
1244 1208 1554 1302 deposito
1600 1209 1864 1279 carnali
1911 1208 2358 1291 indumento,
2429 1207 3090 1279 immarcescibilem

547 1297 806 1391 gloriae
834 1298 1014 1369 idem
1055 1310 1300 1370 nactus
1337 1311 1440 1370 est
1484 1320 1833 1382 coronam,
1871 1298 1956 1369 ad
1998 1296 2591 1389 comprobandum
2640 1297 2882 1385 quanti
2932 1318 3092 1367 me·-

547 1389 686 1471 riti,
736 1400 1168 1477 quantaeque
1214 1388 1596 1460 sanctitatis
1641 1388 1886 1461 beatus
1932 1388 2038 1458 vir
2071 1388 2195 1458 iste
2241 1387 2468 1469 fuerit,
2502 1386 2725 1457 noluit
2771 1387 2932 1479 pius
2960 1392 3094 1456 Do-

548 1479 784 1549 minus
828 1477 1174 1549 occultum
1227 1499 1527 1559 manere,
1580 1478 1766 1566 quod
1805 1476 1992 1569 apud
2043 1476 2240 1548 illum
2269 1499 2406 1547 non
2455 1476 2746 1547 latebat:
2799 1476 2918 1547 sed
2955 1475 3086 1547 fie-

550 1578 650 1639 ret
695 1566 1097 1638 hominibus
1143 1588 1415 1656 quoque
1463 1567 1757 1649 clarum,
1812 1577 2070 1656 quanta
2141 1566 2313 1637 loria
2343 1566 2458 1636 ille
2499 1566 2751 1658 polleat
2774 1565 2846 1635 in
2869 1565 3090 1636 coelis
3142 1599 3147 1603 ·

549 1656 664 1728 cui
711 1667 899 1727 tanta
945 1656 1281 1727 miracula
1326 1677 1504 1745 quae
1552 1657 1804 1727 nostris
1833 1590 2226 1750 aspectibus
2257 1677 2581 1728 concessa
2613 1668 2776 1727 sunt
2822 1654 3083 1736 videre,

552 1756 851 1838 praestat
896 1768 936 1815 a
985 1767 1098 1816 ere
1142 1746 1467 1816 interris,
1505 1751 1648 1818 Non
1696 1746 1881 1817 enim
1931 1746 2272 1817 audemus
2316 1745 2517 1816 silere
2563 1766 2741 1834 quae
2762 1745 3091 1814 novimus

552 1858 639 1906 ne
668 1835 869 1924 quasi
901 1835 945 1904 d
1026 1835 1172 1907 ides
1217 1848 1282 1905 et
1329 1835 1501 1906 tardi
1553 1836 1640 1905 ad
1689 1858 1897 1928 opera
1922 1835 2168 1906 Christi
2194 1835 2577 1907 enarranda
2607 1835 2711 1905 vel
2740 1834 3084 1916 miranda,

551 1924 1037 2016 dijudicemur.
1090 1929 1220 1996 Nec
1268 1923 1427 2008 alia,
1482 1925 1617 1995 nisi
1662 1948 1746 1996 ea
1791 1946 1967 2014 quae
2032 1924 2252 1997 relatu
2317 1925 2666 1997 veracium
2715 1924 3088 1995 hominum

554 2013 952 2096 didicimuS‚
988 2013 1091 2083 vel
1139 2013 1269 2105 ipsi
1303 2013 1525 2086 oculis
1570 2014 2070 2107 perspeximuS,
2107 2013 2334 2087 dicere
2379 2015 2725 2098 volumuS,
2760 2036 2846 2084 ne
2876 2013 3088 2105 culpa

555 2103 898 2175 mendacii
946 2125 1346 2195 arguamur.
1967 2132 1976 2139 ·

648 2201 687 2276 ἓ
740 2197 828 2264 ².
881 2197 974 2264 Eo
1011 2203 1336 2284 tempore,
1379 2215 1516 2282 quo
1573 2193 1901 2265 ecclesiae
1957 2205 2227 2265 nostrae
2272 2194 2484 2266 altare
2530 2194 3082 2274 construebatur,

556 2281 776 2354 adfuit
819 2282 964 2353 illic
1016 2283 1273 2374 Joseph
1319 2283 1602 2371 quidam
1652 2283 1823 2355 ade'o
1869 2295 2285 2369 contractus,
2330 2298 2407 2356 ut
2452 2286 2523 2354 in
2573 2305 2799 2375 genua
2847 2304 3088 2375 presso

557 2372 803 2463 capite,
858 2393 992 2443 non
1041 2384 1269 2463 posset
1313 2372 1581 2444 coelum
1640 2373 1991 2465 suspicere
2024 2430 2039 2457 ,
2105 2396 2231 2445 nec
2290 2388 2517 2447 tamen
2568 2386 2777 2465 caput
2820 2394 2964 2444 uno
3011 2371 3084 2441 in

556 2460 706 2533 loco
751 2460 876 2533 diu
923 2461 1235 2534 retinere.
1288 2462 1364 2533 Id
1413 2462 1579 2533 mali
1630 2476 1776 2535 tum
1826 2463 1960 2535 sibi
2015 2463 2349 2536 accidisse
2397 2463 2749 2544 referebat,
2802 2483 2965 2534 cum
3013 2461 3086 2533 in

555 2574 721 2644 agro
757 2551 966 2623 vicini
1014 2552 1122 2623 sui
1170 2553 1488 2644 gramina
1531 2553 1756 2644 ipsius
1791 2575 2015 2643 equus
2044 2554 2296 2643 injuste
2329 2566 2662 2648 carperet.
2697 2553 3086 2638 'runi-enim

557 2641 833 2744 fulgure
886 2663 1292 2732 percussum
1338 2642 1636 2713 sensisse
1687 2666 1764 2713 ¹se
1812 2655 2070 2714 tantam
2117 2644 2579 2726 adustionem,
2632 2657 2710 2715 ut
2759 2665 2919 2713 mox
2967 2642 3087 2713 de·

556 2742 779 2824 posito
808 2731 1030 2821 capite
1075 2732 1611 2802 contraheretur.
1666 2733 1977 2816 Quadam
2026 2745 2253 2804 autem
2303 2734 2696 2804 Dominicae
2727 2744 2926 2803 nocte
2955 2731 3089 2802 fra-

558 2820 781 2891 tribus
825 2819 1139 2890 divinum
1185 2819 1492 2891 officium
1541 2821 2111 2912 persolventibuS,
2159 2823 2278 2894 ille
2309 2824 2382 2894 in
2461 2824 2885 2894 avimentum
2916 2834 3089 2892 tem-

556 2910 656 3069 pli
706 2911 1065 3001 proruenS,
1119 2909 1392 3010 magnis
1420 2909 1842 2982 clamoribus
1889 2912 2186 3004 complet
2216 2924 2401 3005 temp
2435 2935 2577 2996 um,
2631 2913 2803 2984 adeo
2821 2922 2901 2983 ut
2924 2931 3088 3003 prae

608 3020 841 3100 orrore
886 2998 990 3068 illi
1036 2998 1155 3085 qui
1190 2997 1444 3099 vigiliis
1490 2999 1631 3070 illis
1680 3000 2076 3085 intererant,
2112 3001 2450 3093 fugerent,
2484 3014 2549 3074 et
2596 3002 2670 3072 in
2718 3000 2956 3072 altaris
2989 2999 3087 3069 lo-

558 3110 721 3159 cum
767 3098 1214 3158 irreverenter
1245 3102 1730 3179 irrumperent.
1785 3091 2099 3161 Monachi
2132 3114 2290 3163 vero
2337 3114 2464 3165 suo
2499 3113 2686 3162 more
2714 3091 3087 3161 matutinos

561 3176 858 3279 hymnos
906 3176 1296 3279 sublimiter
1326 3177 1828 3268 depromentes,
1863 3181 2120 3253 abeunt
2146 3182 2234 3252 ad
2268 3182 2619 3253 hominem
2647 3180 3086 3260 clamantem,

559 3265 929 3368 videntque
972 3287 1130 3367 eum
1151 3268 1617 3367 ‘integerrime
1642 3271 1916 3342 sanitati
1947 3271 2362 3342 restitutum.
2399 3277 2889 3343 Percontantur
2919 3268 3088 3358 quid

560 3356 632 3425 id
662 3354 921 3427 sactum
970 3367 1094 3426 s1t:
1146 3355 1263 3427 ille
1308 3379 1417 3427 res
1469 3359 1675 3429 ondet
1713 3360 1964 3432 vidisse
2010 3382 2083 3431 se
2129 3382 2255 3432 ceu
2301 3361 2600 3432 faculam
2649 3360 3004 3430 ardentem
3053 3380 3093 3428 a

562 3444 736 3516 lecto
764 3444 1143 3516 beatissimi
1181 3448 1486 3518 Remaci
1526 3447 1886 3531 vibratam,
1931 3451 2163 3552 ipsum
2196 3450 2424 3521 subito
2464 3449 2816 3531 irradiare,
2849 3459 2918 3519 et
2947 3470 3092 3518 ma-

562 3534 713 3606 lum
760 3556 963 3605 omne
1011 3557 1053 3605 a
1096 3556 1381 3626 corpore
1441 3537 1807 3629 depellere.
1869 3539 1971 3611 1h1
2031 3552 2179 3611 tum
2239 3560 2519 3610 cernere
2583 3539 2841 3609 mirum
2898 3549 3085 3619 erat,

561 3622 893 3712 quicquid
940 3623 1237 3726 fulguris
1282 3624 1467 3716 ignis
1512 3627 1893 3710 adusserat,
1950 3628 2158 3701 simul
2207 3640 2411 3718 atque
2456 3629 2840 3700 abstersum
2887 3638 3085 3707 esset,

563 3735 701 3784 non
738 3712 965 3784 solum
1015 3713 1240 3786 simile
1276 3736 1425 3785 esse
1469 3717 1663 3787 carni
1709 3716 1835 3788 reli
1884 3741 2037 3798 uae,
2091 3717 2209 3788 sed
2242 3717 2609 3790 candidius
2655 3718 2863 3788 etiam
2892 3728 3091 3803 atque

561 3802 889 3894 vegetius,
936 3803 1249 3873 Monachi
1309 3804 1650 3876 solemnes
1715 3740 1958 3880 laudes
2021 3808 2318 3879 offerunt
2364 3812 2497 3878 Deo
2537 3820 2626 3903 ‚et
2690 3817 2926 3879 sancto
2976 3826 3092 3896 pa-

564 3903 785 3963 trono.
824 3897 1194 3963 Servantur
1221 3904 1447 3963 autem
1499 3894 1729 3996 lignea
1761 3897 2244 3980 instrumenta,
2282 3897 2542 3987 quibus
2576 3908 2721 3968 tum
2769 3895 2909 3976 ille,
2949 3906 3089 3964 tum

565 3981 684 4051 alii
730 3980 850 4070 qui
889 3980 1032 4082 illic
1083 3994 1439 4084 san-antur,
1473 4005 1584 4054 usi
1624 3984 1838 4069 fuere,
1889 3998 1956 4057 et
2001 3986 2087 4058 ad
2137 3986 2376 4079 templi
2424 3986 2604 4059 fores
2651 3983 3090 4077 suspendun-

567 4083 703 4154 tur,
739 4082 819 4142 ut
862 4081 1001 4140 sint
1031 4084 1453 4142 monimenta
1484 4073 1816 4146 virtutum
1863 4077 2134 4160 Christi,
2186 4087 2252 4147 et
2301 4098 2383 4148 ea
2425 4076 2732 4147 videntes
2777 4082 3091 4145 enarrent

567 4159 919 4252 magnalia
947 4159 1120 4251 ejus,

659 4252 697 4338 ξ
741 4254 835 4322 8.
903 4248 1311 4342 Amulgerus
1354 4251 1639 4340 quidam
1693 4265 1996 4346 tempore
2054 4254 2301 4326 messis
2348 4254 2703 4325 Dominico
2747 4252 2860 4322 die
2887 4307 2905 4334 ,
2957 4272 3086 4322 non

572 4338 749 4410 dans
795 4339 1124 4410 honorem
1173 4345 1330 4421 Deo,
1385 4340 1695 4432 plaustra
1762 4354 2010 4414 onusta
2065 4367 2227 4415 cum
2295 4366 2422 4417 sua
2466 4344 2762 4435 conjuge
2809 4341 3088 4412 domurn

622 4457 649 4486 Φ
678 4456 914 4507 Quaedam
932 4458 981 4502 et
994 4468 1080 4501 noe
1100 4458 1351 4502 brevitatis
1366 4470 1495 4512 ergo,
1512 4461 1877 4514 perstringenda·
1895 4463 1974 4505 vel
1991 4464 2192 4506 mund·
2206 4464 2490 4506 censuimus.
