3327 4999
569 312 702 379 252
1152 380 1153 383 ,
1297 326 1378 372 nn
1426 325 1482 373 s.
1536 320 1735 372 rnrno
1775 322 1984 373 cume.
2036 322 2228 370 mar.
2672 302 2920 367 MART.
2978 303 3062 367 ⁴2

482 409 737 504 gladiis
784 408 874 478 ab
920 430 1001 478 eo
1052 406 1368 496 protinus
1410 403 1755 496 jugulari.
1802 410 1971 473 Cum
2035 414 2190 492 post
2237 399 2609 492 paululum
2661 399 3059 490 desperanti

482 498 662 567 mihi
705 497 950 565 beatus
992 493 1387 584 GregoriuS,
1444 492 1816 562 comitante
1865 513 2101 561 secum
2155 489 2591 559 dextrorsum
2643 489 3068 559 reverendae

482 585 861 658 memoriae
907 589 1091 672 Papa
1139 582 1438 661 Nicolao,
1475 580 1956 651 sinistrorsum
2007 600 2190 660 vem,
2232 578 2412 648 sicut
2445 574 2620 646 mihi
2669 577 3058 659 videbatur,

476 679 675 744 Petro
742 694 869 742 suo
922 671 1238 751 diacon0,
1301 669 1520 739 multo
1570 669 1838 738 lumine
1885 666 2312 737 clarificatus
2360 665 2711 765 apparuit,
2766 665 3061 735 dicens:

479 785 517 829 «
544 762 849 831 Modicae
896 759 1083 838 fidei,
1120 780 1336 845 quare
1383 757 1721 827 dubitasti
1741 761 1813 825 ?»
1844 756 1962 824 Cui
1993 756 2164 825 dum
2217 778 2252 824 e
2274 777 2344 824 to
2377 754 2594 845 priori
2625 776 2875 844 pavore
2906 776 3069 845 per-

480 849 747 931 culsus,
788 848 1207 938 respondere
1240 868 1376 916 non
1429 867 1729 935 possem,
1768 844 2151 915 benevolus
2179 844 2271 911 mi
2303 844 2350 912 1i
2386 857 2579 933 pater
2608 842 2930 911 Nicolaus
2962 841 3068 911 la·

482 950 735 1007 tentem
786 935 1262 1005 adversarium
1328 947 1483 1024 post
1547 934 1889 1003 cortinam
1960 954 2139 1019 quae
2205 944 2372 1001 tunc
2434 953 2667 1000 meum
2722 930 3062 1000 lectulum

479 1024 984 1105 circumdabat,
1021 1023 1239 1113 digito
1290 1021 1784 1092 manifestans:
1840 1021 2097 1103 «Quia,
2153 1020 2401 1106 inquit,
2449 1020 2561 1087 hic
2611 1018 2892 1088 invidus
2945 1018 3055 1088 lu·-

479 1136 730 1186 cernae
779 1112 1003 1203 ipsius
1055 1114 1400 1192 flammas,
1436 1123 1777 1197 quantum
1830 1109 1899 1177 in
1953 1130 2025 1178 se
2072 1108 2225 1189 fuit,
2269 1108 2644 1177 extinxit.»
2697 1113 2844 1176 Mox
2893 1111 3054 1176 Gre-

479 1202 720 1293 gorius
752 1222 1040 1270 manum
1076 1199 1376 1279 diaconi,
1414 1218 1552 1285 qua
1603 1219 1931 1283 magnam
1978 1195 2196 1266 facem
2242 1207 2470 1265 tenere
2520 1195 2902 1275 videbatur,
2934 1216 3046 1263 ar-

480 1290 781 1381 ripiens,
835 1290 1124 1380 ejusque
1191 1288 1495 1355 flammis
1561 1308 1638 1355 os
1704 1285 2091 1371 faciemque
2140 1283 2515 1375 petulantis
2580 1288 2907 1364 exurens,
2961 1282 3048 1351 ad

481 1378 703 1448 instar
748 1377 1088 1465 aethiopis
1136 1375 1544 1464 denigravit.
1581 1379 1731 1456 Qua
1779 1374 2134 1443 exustione
2181 1374 2269 1442 ab
2318 1395 2434 1442 ore
2481 1371 2856 1472 petulantis
2889 1392 3046 1460 par·

481 1466 769 1537 vissima
818 1463 1121 1535 scintilla
1152 1463 1604 1543 descendenS,
1643 1462 2050 1531 candentem
2089 1462 2396 1530 tunicam
2430 1460 2612 1528 dicto
2653 1461 2860 1529 citius
2890 1481 3053 1528 con-

484 1555 823 1645 flagravit,
880 1554 1116 1640 sicque
1164 1552 1589 1651 nigerrimus
1620 1562 1803 1619 totus
1855 1550 2203 1707 apparuit.
2242 1553 2550 1634 Cumque
2583 1548 2920 1618 diaconus
2949 1547 3053 1616 di-

481 1656 663 1712 ceret
711 1642 877 1711 satis
912 1641 1389 1711 adversarium
1438 1638 1906 1728 denigratum,
1994 1650 2189 1707 eatus
2239 1637 2631 1727 Gregorius,
2679 1642 2887 1717 «Nos,
2927 1636 3048 1717 ait,

483 1730 687 1799 illurn
718 1752 854 1799 non
882 1727 1428 1818 denigravimus
1457 1726 1576 1796 sed
1609 1727 1887 1817 nigrum
1919 1726 2134 1813 fuisse
2165 1726 2777 1795 monstravimus.»
2801 1723 3058 1793 Deinde

484 1817 944 1887 infortunium
993 1838 1221 1884 meum
1250 1814 1542 1884 diversis
1588 1814 2182 1884 consolationibus
2230 1814 2648 1894 exhortatuS‚
2684 1812 3047 1883 abscessit.

484 1912 565 1976 Et
614 1905 830 1974 facem
881 1904 1163 1992 quidem
1216 1924 1452 1972 secum
1503 1902 1772 1982 detulit,
1810 1902 1929 1971 sed
1985 1914 2168 1971 tanto
2201 1902 2468 1971 lumine
2518 1901 2773 1982 locum,
2811 1901 2880 1969 in
2916 1922 3056 1986 quo

488 1994 947 2073 dormiebam,
1003 2016 1074 2061 re
1127 2013 1280 2060 vera
1331 1990 1712 2060 sulffentem
1762 1990 2050 2071 dimisit,
2091 2002 2167 2060 ut
2213 1990 2756 2081 expergefactuS,
2809 2010 3060 2078 pueros

490 2093 649 2151 ante
699 2102 809 2150 me
857 2080 1278 2150 dormientes
1344 2042 1659 2148 crebrius
1721 2078 2212 2159 inclamarem,
2287 2100 2413 2150 neo
2471 2091 2629 2147 ante
2676 2078 3056 2164 quicquam

486 2171 620 2240 sub
667 2169 862 2260 gravi
911 2190 1157 2258 sopore
1202 2167 1693 2255 quoquomodo
1741 2169 2237 2257 responderent
2285 2177 2405 2236 aut
2453 2188 2735 2256 surgere
2789 2165 3058 2255 potuis-

492 2269 668 2339 sent,
720 2279 930 2344 quam
984 2257 1258 2326 relictae
1307 2255 1487 2325 lucis
1529 2256 1730 2345 copia
1779 2254 2111 2344 paulatim
2176 2277 2247 2324 se
2305 2255 2719 2324 subtrahens
2778 2254 3058 2344 penitus

490 2346 888 2415 effluxisset.
943 2350 1019 2415 At
1066 2345 1150 2414 de
1200 2345 1287 2413 iis
1337 2349 1516 2413 Deus
1566 2344 1829 2411 viderit.
1886 2348 2025 2434 Ego
2074 2355 2301 2411 tamen
2351 2343 2628 2413 divinae
2675 2344 2824 2432 spei
2871 2341 3056 2412 fidu-

484 2435 593 2504 cia
649 2435 1032 2515 roboratus,
1086 2432 1251 2521 quia
1300 2430 1729 2502 Gauderlcus
1776 2430 2147 2522 episcopus
2201 2431 2585 2501 Veliternus
2633 2430 3044 2521 expostulat,

488 2523 575 2592 ad
628 2524 1041 2592 Clementem
1106 2528 1456 2591 Romanae
1523 2520 1707 2591 sedis
1768 2520 2183 2602 antistitem,
2256 2522 2680 2611 suffragante
2732 2520 3044 2601 DominO,

482 2611 741 2701 stylum
790 2622 1224 2681 convertam:
1278 2620 1623 2695 quatenus
1667 2608 1788 2693 qui
1836 2609 2187 2680 continuis
2235 2608 2638 2677 infortuniis
2688 2620 3038 2686 tenuatus,

482 2700 729 2769 amicis
777 2699 972 2778 τηθὶς,
1026 2721 1067 2767 a
1113 2696 1371 2783 quibus
1420 2707 1801 2782 utcumque
1848 2709 2217 2778 sustentor,
2293 2698 2616 2766 meritum
2668 2696 3050 2787 rependere

487 2809 778 2875 neque0‚
818 2786 1061 2858 saltem
1088 2785 1297 2854 verba
1324 2805 1502 2871 quae
1531 2783 1744 2863 valeo,
1778 2784 2066 2854 minime
2092 2785 2470 2875 denegasse
2517 2807 2898 2876 cognoscar
2919 2782 3048 2873 (a).

898 3043 1398 3145 {LLUSTRE
1473 3042 2098 3145 MARTYRlUM
2164 3044 2244 3144 S.
2315 3044 2624 3146 PETRI

1109 3229 1632 3295 CUBICULARII
1686 3229 2165 3296 DIOCLETIAN
2174 3231 2202 3295 Ι
2240 3231 2332 3295 ΙΜ
2342 3231 2414 3294 Ρ.

572 3391 651 3440 Ex
698 3389 948 3436 EUSEBlI
996 3388 1461 3437 CAESAREENSIS
1502 3390 1842 3437 HISTORIAE
1891 3391 2412 3439 ECCLESIASTICAE
2459 3392 2582 3439 LlB.
2617 3377 2680 3453 8,
2713 3392 2852 3441 CAP.
2887 3377 2952 3452 6,

887 3495 1395 3543 INTERPRETE
1471 3494 1784 3543 JOANNE
1860 3495 2645 3545 CHRISTOPHORSONO

1561 3624 1763 3678 Anno
1804 3624 1956 3679 303.

567 3754 662 3817 Ex
709 3749 1038 3819 omnibus
1084 3748 1207 3835 qui
1256 3770 1569 3836 unquam
1619 3749 1719 3818 vel
1770 3748 1953 3840 apud
2009 3752 2333 3829 GraecOS,
2387 3748 2491 3819 vel
2541 3750 2728 3840 apud
2785 3749 3043 3819 Barba-

477 3859 593 3906 ros
642 3837 1181 3926 propter—animi
1253 3837 1805 3928 magnitudinem
1855 3837 2162 3909 illustres
2210 3850 2276 3907 et
2323 3837 2690 3908 hominum
2727 3859 3049 3908 sermone

475 3924 802 3995 celebrati
869 3938 1071 4006 sunt,
1145 3925 1384 3995 nullus
1445 3947 1608 3995 curn
1678 3926 1934 3994 divinis
1981 3939 2046 3996 et
2108 3926 2382 3995 eximiis
2450 3927 2667 3996 nostri
2718 3926 3051 4016 temporis

481 4013 930 4113 martyribus,
985 4013 1319 4083 Dorotheo
1351 4026 1417 4083 et
1463 4014 1614 4083 suis
1662 4014 2041 4096 sodalibuS,
2096 4020 2602 4105 Imperatorum
2654 4013 3040 4095 ministriS,

477 4122 875 4191 comparar1
938 4114 1202 4192 potest:
1272 4102 1396 4189 qui
1455 4102 1738 4190 quidem
1798 4126 1962 4173 cum
2029 4123 2387 4175 summum
2458 4103 2789 4172 honorem
2858 4102 3048 4192 apud

526 4241 597 4295 (a)
626 4244 725 4282 Hoc
754 4242 938 4293 insigne
967 4244 1025 4283 de
1054 4243 1099 4283 S.
1134 4244 1360 4294 Gregorio
1379 4246 1459 4293 Pp.
1479 4244 1524 4285 S.
1544 4245 1859 4294 Ildephonsus
1879 4246 2044 4290 Tolet„
2062 4246 2111 4285 in
2132 4244 2255 4286 libro
2275 4247 2333 4286 de
2356 4243 2674 4295 Scrlptoribiis
2696 4245 2959 4285 ecclesiast.
2977 4244 3045 4284 te·

475 4297 754 4336 stimonium
772 4297 998 4345 protulit:
1030 4297 1050 4317 ‘¹
1069 4298 1143 4337 Ita
1160 4300 1444 4338 cunctorum
1464 4300 1743 4338 meritorum
1761 4300 1934 4338 claruit
1955 4300 2246 4347 perfectione
2271 4300 2508 4347 sublimis,
2527 4302 2581 4338 ut
2601 4299 2809 4339 exclusis
2826 4298 3046 4337 omnibus

471 4349 739 4390 illustrium
759 4351 970 4389 virorum
991 4351 1440 4398 comparationibus.
1460 4351 1582 4390 nihil
1602 4352 1677 4391 illi
1699 4352 1853 4391 simile
1874 4353 2171 4394 demonstret
2191 4354 2468 4402 antiquitas.
2497 4353 2622 4393 Vicit
2640 4353 2769 4392 enim
2788 4351 3046 4391 sanctitate

475 4404 749 4449 Antonium,
764 4402 1039 4453 eloquentia
1059 4403 1359 4452 cyprianum,
1377 4402 1612 4452 sapientia
1635 4406 1966 4455 augustinum.
1983 4434 2003 4456 „
