3327 4999
643 290 773 355 536
1315 271 1320 276 ⁴
1387 306 1466 352 DE
1513 304 1568 352 s.
1621 305 1905 357 numero
1953 303 2252 353 amscoro
2708 287 2954 352 MART.
3006 287 3107 353 27

549 399 776 458 ortum
824 386 1088 464 didicit,
1140 385 1242 454 eis
1288 385 1630 454 Christum
1666 385 1787 454 dili
1843 398 2033 455 enter
2055 386 2527 466 annunciavit,
2564 385 3102 475 profligatisque

553 476 641 545 ab
687 498 922 545 eorum
979 475 1366 564 pectoribus
1413 475 1743 545 teterrimi
1838 475 2147 545 aemonis
2194 474 2598 567 imposturis
2628 486 2693 544 et
2724 473 3102 544 fraudibus

556 566 641 635 iis
689 563 1047 634 instillavit
1093 563 1325 641 fidem,
1365 563 1769 634 castitatem.
1802 564 2286 639 humilitatem.
2329 562 2895 644 misericordiam,
2934 564 3104 649 qui-

552 654 688 724 bus
736 652 1067 731 ChristuS,
1119 652 1433 720 omnium
1482 652 1821 722 bonorum
1874 652 2154 744 largitor
2199 663 2264 722 et
2308 652 2483 732 fonS,
2537 651 2914 722 delectatus
2964 652 3102 720 ho-

554 742 879 833 spitibus
934 741 1225 810 libenter
1269 762 1509 811 earum
1552 742 1884 811 mentium
1927 742 2315 832 ingreditur
2352 740 2727 819 domicilia,
2779 762 2955 827 quas
3004 741 3102 811 iis

557 831 904 922 praeditas
969 829 1470 899 animadvertit.
1524 834 1831 917 Cumque
1892 831 2081 900 hunc
2145 831 2216 899 in
2281 830 2561 900 modurn
2624 829 3101 918 Bajoariorum

555 921 733 990 fines
780 918 884 987 vir
928 918 1172 988 beatus
1218 918 1633 998 circumiret,
1686 932 1750 988 et
1796 941 2036 989 omnes
2093 918 2179 988 ad
2238 941 2504 988 sacram
2538 917 2784 988 Christi
2821 917 3102 1008 religio·-

557 1030 712 1077 nem
767 1007 1197 1087 traduxisset,
1254 1007 1654 1076 hortabatur
1701 1020 1779 1078 ut
1825 1008 1895 1077 in
1947 1007 2080 1076 fide
2120 1020 2508 1080 constantes
2566 1019 3094 1096 permanerent:

559 1096 949 1182 relictisque
995 1095 1179 1185 apud
1229 1116 1345 1167 eos
1393 1096 1813 1185 presbyteris
1849 1096 1971 1183 qui
2022 1097 2354 1186 populum
2388 1095 2469 1164 ad
2501 1095 2734 1164 divina
2767 1095 3098 1183 mysteria

557 1184 1139 1264 consuefacerent,
1189 1185 1551 1253 Juvavium
1605 1205 1677 1255 se
1726 1186 2017 1276 recepit,
2087 1207 2168 1255 ex
2216 1185 2471 1259 divinat
2495 1183 2902 1253 revelatione
2956 1205 3097 1253 non

557 1275 884 1365 ignorans
933 1273 1326 1365 propediem
1375 1274 1632 1342 instare
1681 1273 1863 1342 diem
1912 1274 2141 1344 obitus
2180 1274 2313 1354 sui,
2366 1294 2569 1359 quem
2620 1273 2822 1341 etiam
2875 1272 3090 1342 disci-

491 1417 504 1423 -
559 1363 746 1453 pulis
803 1363 948 1433 suis
1003 1361 1353 1430 indicavit.
1406 1366 1710 1443 Quorum
1763 1384 1926 1431 sane
1984 1362 2255 1432 animos
2302 1375 2438 1430 tam
2491 1362 2679 1430 triste
2746 1360 3093 1431 nuncium

558 1473 692 1521 non
740 1451 1078 1520 immerito
1126 1450 1604 1531 consternavit,
1636 1451 1819 1538 quod
1872 1472 2005 1519 non
2037 1474 2109 1521 se
2154 1452 2530 1531 dumtaxat,
2565 1449 2677 1519 sed
2712 1450 2916 1518 etiam
2952 1461 3095 1519 tam

559 1539 836 1619 multOS,
890 1540 1271 1608 Christiana
1320 1539 1645 1629 religione
1695 1561 1916 1631 nuper
1962 1539 2335 1609 admodum
2386 1538 2708 1610 initiatos.
2759 1549 2944 1606 tanto
2993 1538 3097 1606 vi.-

557 1628 795 1698 derent
844 1642 1109 1717 pastore
1156 1627 1458 1698 destitui.
1511 1632 1587 1697 At
1634 1627 1750 1697 ille
1785 1628 1998 1698 multa
2027 1629 2095 1696 in
2131 1628 2471 1698 Christum
2508 1626 2762 1695 fiducia
2791 1638 3086 1707 erectuS,

560 1717 936 1785 Juvavium
985 1729 1049 1785 et
1095 1717 1369 1786 Noricos
1423 1716 1713 1806 populos
1765 1722 1894 1786 Deo
1939 1716 2307 1798 commisit,
2369 1715 2809 1800 Vitalemquc,
2863 1715 3091 1784 virum

558 1817 872 1875 sanctum
925 1818 1127 1891 atque
1172 1805 1362 1874 omni
1415 1805 1595 1896 plebi
1645 1819 2068 1895 pergratum,
2123 1806 2256 1875 sibi
2305 1805 2496 1895 petiit
2542 1803 2689 1873 fieri
2740 1826 3095 1873 successo-

558 1916 728 1963 rem.
795 1893 1049 1962 Deinde
1096 1916 1255 1963 cum
1312 1894 1459 1962 dies
1509 1893 2139 1984 Quadragesimalis
2170 1894 2671 1963 ·observantiae
2724 1892 2856 1981 (sic
2903 1893 3093 1961 enim

562 1983 868 2068 loquitur
912 1995 1150 2051 auctor
1189 1982 1397 2072 hujus
1449 1983 1799 2072 historiae)
1826 1997 2213 2073 agerentur,
2254 1982 2547 2051 febrium
2573 1981 2942 2051 ardoribus
2992 1982 3097 2050 vir

560 2084 842 2141 sanctus
881 2070 1240 2171 defatigari
1273 2072 1517 2160 coepit.
1549 2077 1752 2140 Porro
1804 2072 2240 2140 illucescente
2278 2070 2525 2140 Christi
2573 2070 3096 2140 resurrectionis

562 2160 1027 2230 sacratissimo
1060 2160 1193 2239 (he,
1248 2161 1607 2230 Missarurn
1651 2158 1982 2229 solemnia
2017 2160 2405 2239 celebravit,
2441 2171 2507 2228 et
2554 2172 2830 2248 sumpto
2862 2180 3095 2227 sacro-

564 2261 799 2318 sancto
847 2271 964 2317 cor
1014 2248 1153 2317 oris
1183 2261 1247 2316 et
1294 2248 1655 2339 sanguinis
1705 2249 1948 2318 Christi
1985 2249 2248 2328 viatico,
2302 2261 2455 2349 post
2490 2247 2728 2317 dulces
2766 2261 3089 2336 paternae

565 2337 835 2427 pietatis
882 2338 966 2406 ad
1022 2337 1411 2416 ortationes,
1474 2348 1540 2405 et
1593 2349 1892 2407 extrema
1940 2337 2476 2428 benignissimae
2522 2336 2875 2405 charitatis
2921 2335 3095 2405 allo—

560 2427 747 2514 quia,
783 2426 1038 2513 quibus
1063 2426 1562 2516 discipulorum
1597 2426 1869 2495 animos
1894 2426 2367 2504 confirmabat,
2407 2426 2585 2494 inter
2617 2437 2890 2495 sanctas
2939 2424 3095 2494 illo-

559 2538 715 2584 rum
768 2515 1015 2584 misere
1056 2515 1472 2606 plorantium
1514 2538 1765 2584 manus
1797 2516 2024 2585 emisit
2057 2516 2405 2605 spiritum.
2440 2520 2606 2583 Ecce
2653 2526 2882 2583 autem
2918 2514 3090 2583 dum

565 2604 803 2696 lugent
848 2603 1197 2694 discipuli,
1250 2617 1483 2674 coetus
1531 2603 1822 2694 angelici
1853 2604 2335 2691 aquibusdam
2386 2603 2771 2673 audiuntur
2817 2602 3099 2672 reticio-

558 2694 654 2763 sis
707 2692 893 2780 viris,
947 2716 1106 2762 cum
1156 2693 1445 2762 canticis
1482 2693 1892 2763 coelestibus
1951 2693 2255 2762 animam
2315 2692 2534 2764 sancti
2584 2692 2709 2760 viri
2761 2691 2845 2759 ad
2900 2691 2944 2760 il
2978 2714 3093 2760 am

558 2784 826 2852 beatam
877 2780 1256 2851 Jerusalem
1313 2780 1749 2872 perferentes.
1796 2788 2103 2867 Cumque
2148 2782 2298 2873 ejus
2344 2780 2890 2851 sacratissimum
2939 2803 3094 2849 cor-

562 2892 695 2961 pus
758 2869 844 2938 ad
894 2869 1285 2961 sepulcrum
1342 2883 1858 2961 apportaretur,
1933 2870 2060 2939 visi
2125 2883 2287 2940 sunt
2336 2870 2461 2938 viri
2511 2868 3086 2959 splendidissimi,

556 2957 1074 3028 candidissimis
1115 2958 1347 3028 amicti
1379 2958 1606 3030 stolis:
1640 2959 1762 3045 qui
1802 2958 2093 3050 peractis
2121 2960 2208 3029 iis
2234 2980 2409 3045 quae
2435 2958 2516 3026 ad
2555 2956 2817 3026 funeris
2848 2978 3090 3027 curam

563 3047 936 3134 pertinent,
997 3046 1518 3136 disparuerunt:
1588 3070 1763 3134 quos
1822 3047 2101 3134 quidem
2159 3069 2358 3117 nemo
2418 3046 2754 3116 dubitavit
2810 3046 3092 3136 angelos

558 3135 795 3215 fuisse,
831 3148 1033 3221 atque
1081 3135 1335 3205 idcirco
1382 3138 1810 3227 apparuisse.
1863 3149 1939 3207 ut
1986 3158 2224 3206 omnes
2276 3135 2751 3224 intelligerent,
2783 3157 2921 3221 qua
2980 3134 3092 3203 ille

559 3223 982 3293 beatitudine
1029 3223 1369 3294 frueretur
1415 3226 1482 3293 in
1551 3225 1799 3306 coelis,
1862 3225 1945 3294 ad
1995 3226 2198 3316 cujus
2245 3223 2669 3315 sepulturam
2719 3225 2925 3293 etiam
2974 3244 3094 3293 an-

558 3311 695 3403 geli
744 3333 876 3381 non
927 3312 1463 3402 dedignarentur
1508 3313 1769 3383 adesse.

619 3404 678 3488 νξ
726 3404 819 3470 9.
874 3404 923 3470 Ο
972 3400 1235 3470 felicem
1269 3403 1747 3471 Juvaviensem
1792 3403 2060 3482 urbem,
2103 3413 2238 3470 tam
2291 3400 2548 3502 insigni
2591 3400 2930 3470 munitam
2977 3422 3093 3501 pa-

561 3502 789 3559 trono:
844 3511 1020 3576 quae
1067 3490 1193 3559 etsi
1241 3512 1599 3562 murorum
1650 3490 1874 3561 ruinis
1923 3490 2231 3560 videatur
2276 3489 2742 3580 despicabilis,
2788 3501 2856 3558 at
2903 3488 3094 3558 illius

562 3579 963 3647 meritorum
1016 3577 1280 3648 lumine
1354 3579 1625 3670 egregie
1671 3579 2005 3648 clarescit.
2045 3579 2347 3665 Denique
2381 3579 2547 3648 tanti
2598 3578 2723 3647 viri
2775 3578 3096 3647 interces-

560 3666 750 3736 sione
807 3667 959 3736 fulti
1066 3667 1322 3737 audent
1369 3668 1592 3738 Norici
1655 3688 1896 3736 omnes
1948 3679 2014 3738 et
2064 3668 2485 3757 praepotenti
2535 3672 2664 3736 Deo
2730 3678 3094 3758 perpetuas

553 3756 849 3825 offerunt
897 3755 1009 3824 lau
1061 3777 1135 3824 es
1179 3756 1298 3841 qui
1350 3768 1486 3826 tam
1547 3756 1979 3846 praeclarum
2037 3756 2210 3847 ipsis
2281 3755 2646 3826 contulerit
2692 3755 3037 3826 doctorem
3069 3809 3085 3834 ,

555 3845 759 3934 cujus
806 3843 1115 3914 doctrina
1164 3858 1229 3914 et
1276 3844 1782 3935 praedicatione
1814 3845 1993 3914 viam
2031 3844 2331 3916 veritatis
2376 3857 2848 3936 agnoscentes,
2878 3844 3094 3932 erepti

554 3932 696 4002 sint
742 3931 826 4002 de
875 3932 1172 4002 tenebris
1217 3946 1284 4002 et
1335 3933 1642 4023 perducti
1703 3932 1789 4003 ad
1857 3932 2201 4003 Christum
2259 3933 2494 4004 lumen
2542 3955 2806 4014 verum,
2861 3934 3096 4001 viven-

555 4033 690 4091 tem
740 4035 804 4090 et
851 4034 1248 4112 regnantem
1300 4021 1372 4090 in
1421 4022 1693 4092 infinita
1739 4020 1972 4092 secula
2018 4022 2434 4104 seculorum,
2487 4025 2720 4091 Amen.

3300 288 3313 395 l
