3327 4999
116 320 373 385 MART.
426 319 511 384 22
791 337 870 383 nn
915 332 970 383 S.
1024 335 1381 385 cunnum
1427 337 1595 384 vute.
1649 337 1725 384 ΕΤ
1770 336 1966 385 vmuA
2434 320 2565 385 453

127 422 392 493 decidit
413 422 590 492 inter
611 442 942 508 equorum
977 421 1206 511 pedes:
1242 444 1443 512 porro
1462 423 1906 492 succedentes
1931 444 2083 491 mox
2112 430 2297 492 rotae
2318 423 2486 492 adeo
2511 423 2666 511 ejus

127 525 360 583 costas
393 511 818 591 attriverunt,
862 523 940 580 ut
979 511 1086 580 vix
1138 510 1514 581 anhelitum
1564 512 1814 581 ducere
1862 510 2228 580 videretur.
2261 516 2339 579 In
2374 534 2655 581 currum

128 612 370 672 autem
420 599 837 680 sublevatus,
880 599 1191 668 animum
1242 600 1643 669 Catharinae
1695 599 1908 669 multo
1956 599 2188 668 dolore
2235 600 2480 669 affecit.
2533 606 2666 669 Ita-

128 712 270 778 que
319 710 447 759 suo
495 710 683 757 more
730 686 998 757 dicebat
1043 687 1425 776 angelicam
1467 689 1971 768 salutationem,
2007 700 2073 757 et
2101 687 2335 757 leviter
2363 688 2665 759 hominis

130 790 541 866 quassatum
576 777 758 845 latus
789 778 1269 847 contrectabat.
1309 783 1454 846 Mox
1501 778 1670 847 adeo
1701 777 1816 846 ille
1849 776 2203 846 restitutus
2249 789 2372 857 est,
2422 789 2497 846 ut
2542 776 2663 863 qui

131 889 302 959 prae
349 865 605 935 doloris
637 864 1003 934 acerbitate
1051 865 1314 955 spirare
1360 866 1469 934 vix
1516 878 1799 955 poterat,
1852 865 2090 934 eodem
2144 866 2254 934 die
2305 865 2523 935 laetus
2571 864 2668 933 di-

135 967 501 1034 scurreret,
556 953 898 1023 Christum
936 953 1229 1023 laudans
1261 965 1325 1023 et
1365 959 1428 1023 S.
1468 955 1929 1035 Catharinam,
1966 954 2166 1043 cujus
2198 954 2461 1024 meritis
2491 963 2669 1025 esset

135 1044 430 1113 salutem
482 1050 617 1111 tam
675 1041 983 1111 celeriter
1029 1041 1343 1134 adeptus.
2685 1126 2689 1130 Α

227 1135 265 1219 ξ
317 1135 470 1202 ⁶24.
523 1136 727 1199 Porro
775 1129 860 1199 ab
907 1152 985 1199 eo
1043 1144 1343 1221 tempore
1378 1187 1392 1213 ,
1445 1154 1583 1218 quo
1631 1134 1718 1202 ab
1768 1133 1944 1202 Urbe
1990 1130 2325 1212 discessit,
2378 1135 2663 1222 corpore

132 1220 362 1311 coepit
408 1219 773 1289 debilitari:
826 1230 890 1287 et
940 1218 1094 1288 licet
1141 1221 1425 1290 morbus
1462 1221 1863 1307 quotidiana
1910 1231 2180 1309 caperet
2219 1220 2664 1302 incrementa,

132 1323 205 1379 at
256 1308 428 1377 nihil
478 1308 538 1377 ei
572 1309 657 1377 de
694 1308 909 1376 animi
941 1308 1186 1398 pietate
1233 1320 1297 1377 et
1334 1308 1687 1379 devotione
1717 1308 2056 1380 discessit:
2093 1316 2216 1376 n'ee
2246 1309 2670 1378 medicorum

134 1397 355 1467 voluit
414 1397 515 1465 uti
571 1398 819 1553 opera,
872 1398 1129 1497 quippe
1193 1419 1367 1484 quae
1433 1410 1567 1467 toto
1634 1409 1903 1488 pectore
1949 1409 2229 1487 cuperet
2274 1397 2557 1466 dissolvi
2603 1408 2668 1466 et

135 1508 291 1557 esse
340 1506 498 1554 cum
567 1485 852 1554 CiristO.
909 1485 1161 1554 De1nde
1208 1485 1277 1553 in
1330 1487 1823 1556 monasterium
1861 1491 2324 1565 Watstenense
2373 1508 2662 1568 reversa,

138 1575 226 1644 ab
277 1575 531 1644 octavis
582 1573 1051 1663 Apostolorum
1105 1575 1279 1643 Petri
1325 1586 1389 1642 et
1436 1575 1653 1657 Pauli,
1707 1597 1927 1663 usque
1974 1574 2056 1643 ad
2103 1575 2494 1644 Dominicae
2537 1579 2670 1643 An-

140 1662 598 1731 nuntiationis
647 1661 1170 1744 solemnitatem,
1215 1663 1423 1732 variis
1467 1665 1897 1733 continenter
1942 1662 2382 1732 exercebatur
2427 1685 2670 1753 corpo-

136 1752 238 1820 ris
288 1750 642 1820 molestiis.
721 1750 848 1820 Sed
913 1764 1170 1838 quanto
1233 1765 1379 1821 erat
1441 1774 1723 1843 corpore
1771 1752 2153 1833 infirmior,
2211 1764 2395 1821 tanto
2443 1752 2666 1908 magis

142 1839 362 1910 animi
411 1840 626 1909 virtus
672 1850 735 1907 et
787 1839 993 1908 robur
1039 1841 1471 1930 augescebat.
1525 1842 1780 1910 Accidit
1815 1854 1986 1921 tum,
2024 1851 2101 1909 ut
2146 1841 2427 1926 quidam
2460 1863 2538 1909 ex
2596 1862 2667 1908 a-

142 1928 339 1998 milia
389 1928 785 1996 monasterii
846 1928 933 1997 ab
995 1928 1129 1997 alto
1176 1928 1490 1998 aedificio
1553 1952 1878 2021 praeceps
1934 1930 2004 1997 in
2056 1928 2245 2027 ligna
2290 1939 2354 1997 et
2402 1928 2667 2018 lapides

142 2016 507 2098 decideret,
552 2016 919 2101 fractisque
965 2016 1219 2086 dexteri
1272 2016 1500 2088 lateris
1547 2019 1844 2098 ossibUS,
1890 2017 1998 2085 vix
2047 2018 2363 2117 spiritum
2400 2017 2666 2086 trahere

141 2104 507 2174 videretur.
578 2105 655 2173 Id
694 2105 815 2172 ubi
862 2104 983 2173 illa
1029 2106 1343 2186 rescivit,
1397 2105 1481 2174 ad
1532 2106 1928 2176 monasterii
1975 2118 2227 2174 ostlum
2276 2104 2652 2184 descendit,

138 2194 444 2263 oratione
495 2194 869 2283 praemissa
938 2192 1119 2262 laesa
1178 2193 1486 2263 membra
1557 2195 1823 2285 tetigit,
1878 2194 2320 2281 doloremque
2383 2215 2662 2263 omnem

144 2283 243 2351 ita
292 2294 563 2373 repente
601 2282 887 2372 depulit.
926 2293 1000 2351 ut
1038 2304 1259 2372 aeger,
1315 2283 1643 2352 membris
1676 2282 2140 2362 consolidatiS,
2187 2283 2413 2352 statim
2446 2283 2531 2351 ad
2563 2282 2665 2350 la-

140 2371 376 2440 borem
441 2392 750 2439 reversus
822 2371 954 2452 sit,
1008 2371 1465 2461 magnificans
1521 2376 1735 2442 Deum
1771 2427 1786 2453 ,
1838 2372 1959 2459 qui
2016 2371 2219 2440 talem
2267 2382 2666 2461 potestatem

114 2457 330 2534 ‚dedit
379 2458 798 2528 hominibus.

227 2551 264 2635 ξ
316 2553 467 2622 25.
523 2553 597 2615 In
638 2548 784 2617 dies
816 2560 1041 2617 autem
1093 2549 1330 2618 morbo
1378 2548 1859 2630 invalescente,
1894 2549 2091 2619 beata
2126 2548 2488 2618 Catharina
2518 2569 2667 2617 cre-

136 2636 264 2704 bro
311 2657 382 2704 se
428 2648 1009 2705 sacramentorum
1059 2659 1193 2707 usu
1242 2638 1556 2707 munivit.
1603 2639 1698 2707 Ab
1746 2661 1824 2707 eo
1863 2651 2089 2706 autem
2142 2650 2465 2727 tempore,
2527 2659 2664 2723 quo

138 2746 299 2794 cum
352 2737 563 2793 matre
613 2725 1192 2814 peregrinationes
1242 2739 1655 2814 susceperat,
1709 2726 2012 2813 quotidie
2072 2725 2269 2796 solita
2316 2726 2444 2795 suit
2510 2747 2664 2816 pec-

134 2827 289 2882 cata
342 2835 467 2881 sua
534 2813 737 2881 corde
792 2814 1081 2884 contrito
1143 2814 1485 2884 confiteri:
1558 2816 1906 2885 interdum
1956 2814 2065 2885 bis
2113 2827 2289 2884 terve
2337 2815 2406 2883 id
2458 2814 2663 2883 facie-

132 2903 277 2970 bat.
334 2901 595 2970 Sciebat
641 2902 850 2983 enim,
904 2903 1407 2972 Confessionem
1457 2925 1605 2972 esse
1654 2904 1946 2974 salutem
1996 2905 2413 2984 animarum,
2470 2903 2661 2972 vitio-

135 3010 294 3059 rum
346 2989 817 3080 expultricem,
870 2990 1198 3060 virtutum
1251 2991 1843 3072 instauratricem,
1885 2992 2452 3083 oppugnatricem
2503 2991 2668 3059 dae-

140 3098 424 3147 monum
459 3134 474 3158 ,
540 3091 604 3147 et
649 3101 824 3165 quae
872 3091 1016 3148 tum
1081 3101 1157 3149 os
1207 3081 1438 3148 tartari
1485 3082 1829 3161 obstruat,
1883 3093 2028 3150 tum
2081 3080 2385 3181 paradisi
2484 3092 2666 3149 ortas

134 3168 410 3235 reseret.
481 3167 977 3236 Eucharistiam
1050 3190 1203 3236 vero
1266 3169 1335 3236 in
1388 3170 1515 3237 hac
1563 3183 1861 3238 extrema
1918 3170 2349 3260 aegmtudine
2396 3191 2434 3236 o
2533 3182 2669 3238 sto-

134 3255 370 3323 machi
418 3256 770 3341 passiones
818 3277 1088 3325 sumere
1138 3278 1270 3324 non
1321 3257 1636 3326 audebat:
1684 3257 1801 3326 sed
1850 3258 2108 3345 quibus
2158 3269 2417 3348 poterat
2463 3257 2669 3327 devo-

138 3343 348 3413 tionis
413 3345 631 3434 signis
697 3357 1207 3414 sacrosanctum
1258 3345 1502 3414 Christi
1550 3369 1803 3436 corpus
1867 3368 2200 3416 venerans
2235 3402 2250 3427 ,
2307 3345 2542 3414 levatis
2590 3346 2664 3413 in

133 3429 406 3500 coelum
454 3432 694 3513 oculiS,
735 3446 800 3502 et
828 3435 990 3520 quia
1037 3432 1275 3523 lingua
1326 3455 1461 3501 non
1512 3446 1794 3523 poterat,
1849 3435 2100 3524 spiritu
2147 3435 2514 3503 Dominum
2547 3433 2668 3502 de·-

190 3540 453 3601 recanS,
493 3522 874 3591 astantibus
922 3522 1294 3603 sororibuS,
1340 3520 1626 3591 feliciter
1672 3522 2106 3591 obdormivit.
2147 3522 2475 3591 Viderunt
2524 3534 2670 3591 tum

134 3541 457 3678 homines
503 3609 787 3695 quidam
837 3610 1140 3700 religiosi
1189 3632 1400 3699 supra
1446 3610 1757 3691 domum,
1804 3611 1875 3678 in
1924 3633 2062 3697 qua
2108 3632 2362 3700 corpus
2410 3610 2561 3699 ejus
2608 3632 2676 3678 e-

132 3696 411 3764 xanime
427 3697 720 3786 jacebat,
750 3720 869 3788 per
906 3698 1053 3768 dies
1094 3712 1158 3767 et
1189 3710 1419 3768 noctes
1466 3698 1733 3770 stellam
1784 3700 2180 3780 consistere,
2230 3699 2445 3767 donee
2494 3709 2674 3767 esset

136 3783 390 3854 tradita
419 3786 834 3876 sepulturae.
889 3791 1192 3877 Corpore·
1224 3799 1453 3856 autem
1503 3787 1589 3855 ad
1641 3799 2165 3856 monumentum
2213 3786 2442 3868 allat0,
2482 3785 2678 3855 stella

133 3873 394 3963 pariter
422 3897 547 3944 suo
575 3875 719 3944 visa
747 3887 845 3944 est
878 3875 1021 3945 loco
1050 3876 1302 3945 moveri
1339 3887 1667 3962 tanquam
1699 3875 2107 3962 obsequium
2131 3874 2356 3944 funeri
2389 3876 2676 3965 praesti-

135 3973 318 4030 tura.
364 3967 546 4032 Inter
594 3965 955 4033 Missarum
987 3975 1212 4032 autem
1248 3963 1606 4044 solemnia,
1641 3985 1923 4054 corpore
1964 3964 2033 4033 in
2079 3963 2334 4053 templo
2379 3964 2674 4053 reposito

136 4048 338 4120 stella
385 4053 638 4121 mansit
686 4052 991 4142 pendula
1037 4074 1250 4142 supra
1296 4051 1649 4122 feretrum:
1685 4052 1983 4138 denique
2029 4073 2311 4142 corpore
2358 4051 2670 4134 bumatO,

136 4138 339 4208 stella
384 4140 680 4209 evanuit.
719 4146 848 4209 Nec
901 4141 1203 4219 deerant,
1241 4141 1362 4227 qui
1410 4154 1644 4210 sancte
1685 4141 2001 4228 jurarent
2049 4141 2302 4211 vidisse
2349 4163 2422 4210 se
2472 4140 2677 4210 lumi-

136 4227 337 4297 naria
386 4229 557 4298 mire
606 4228 943 4299 radiantia
992 4228 1062 4297 in
1112 4232 1288 4309 aere,
1327 4252 1504 4316 quae
1544 4230 1774 4320 ipsum
1809 4229 2131 4299 feretrum
2165 4230 2666 4309 antecederent,

138 4315 311 4385 dum
360 4317 446 4384 ad
495 4317 854 4387 ecclesiam
905 4318 1399 4408 deportaretur.
1434 4318 1527 4387 Ad
1562 4319 1714 4408 ejus
1747 4318 2010 4388 obitum
2046 4319 2114 4387 in
2149 4324 2487 4390 Watstena
2522 4316 2676 4407 plu-

138 4404 303 4474 rimi
357 4427 731 4476 convenere
778 4406 1064 4477 Praelati
1099 4461 1115 4489 ,
1168 4406 1719 4498 Archiepiscopi,
1783 4407 2104 4499 Episcopi
2148 4419 2215 4477 et
2260 4407 2548 4476 Abbates
2595 4427 2676 4474 ex
