3327 4999
201 390 308 462 EX
356 398 530 465 OCT.
584 398 624 467 5
915 414 995 466 mi
1043 418 1099 467 s.
1145 418 1507 467 unmutrflo
1556 419 1723 468 nrAc.
1769 418 1845 466 ετ
1891 418 2074 467 conr.
2531 402 2659 469 653

200 496 449 566 rursus
469 497 668 585 jubet
699 498 1096 569 instaurari.
1134 499 1368 568 Obtem
1379 510 1569 589 perat
1597 498 1923 590 populus,
1949 511 2016 569 et
2040 499 2438 590 sepulcrum
2467 523 2746 592 repara-

200 593 338 653 tur.
375 585 625 656 Eodem
657 600 962 679 tempore
991 586 1275 675 quidam
1307 588 1751 658 Meinhardus
1777 589 2135 678 presbyter
2157 588 2517 659 ecclesiam
2548 612 2750 681 paro-

199 670 499 744 chialem
544 676 705 777 pagi
752 676 1161 745 Attelnensis
1205 676 1325 764 qui
1368 699 1406 746 a
1448 674 1812 747 Budicensi
1865 699 2000 747 non
2059 676 2260 769 longe
2307 677 2562 758 aberat,
2620 701 2750 770 gu·-

196 758 556 834 bernabat.
599 770 672 833 Ei
721 777 1005 835 sanctus
1056 765 1497 856 Meinulphus
1547 766 1617 835 in
1671 766 1931 837 visione
1977 778 2285 856 apparet,
2338 767 2626 836 mandat
2674 779 2751 838 ut

197 849 645 950 Episcopum,
681 852 769 923 ob
818 854 1197 944 neglectam
1249 855 1434 924 circa
1482 853 1880 946 sepulcrum
1914 877 2119 924 suum
2155 855 2460 947 divinam
2512 856 2750 926 admo·

197 950 562 1025 mtloncm,
631 964 702 1011 re
756 942 1110 1012 rehendat.
1167 943 1526 1033 Presbyter
1574 944 1677 1012 vir
1723 942 2013 1034 simplex
2064 943 2478 1034 Episcopum
2541 944 2752 1014 refor-

195 1027 500 1111 midans,
561 1053 693 1188 neg
724 1030 849 1121 igit
895 1031 1253 1102 visionem.
1309 1036 1602 1122 Apparet
1633 1032 1694 1101 ei
1734 1032 1963 1101 denuo
1991 1045 2272 1111 sanctus
2307 1032 2750 1124 Meinulphus

192 1118 443 1206 repetit
478 1142 636 1189 man
694 1132 909 1205 atum,
948 1120 1065 1192 sed
1118 1120 1474 1211 presbyter
1520 1121 1766 1191 timore
1812 1120 1899 1189 ab
1955 1142 2034 1190 eo
2089 1122 2488 1209 exequendo
2534 1134 2746 1191 retar-

192 1202 423 1276 datur.
477 1208 777 1278 Tandem
841 1222 1128 1300 apparet
1177 1209 1409 1290 tertio,
1467 1210 1774 1279 minatur
1820 1208 2179 1279 oculorum
2229 1211 2617 1298 orbitatem,
2671 1211 2744 1280 ni

197 1310 462 1393 pareat.
539 1296 828 1388 Evigilat
894 1299 1300 1388 presbyter,
1379 1297 1504 1368 fert
1571 1297 1855 1368 moleste
1921 1320 2057 1367 non
2119 1320 2333 1370 vanas
2380 1298 2595 1369 fuisse
2643 1300 2747 1368 vi-

192 1385 415 1456 sionis
466 1385 715 1466 minas,
769 1387 1029 1478 quippe
1076 1387 1332 1477 apertis
1364 1387 1587 1458 oculis
1642 1386 1816 1456 nihil
1869 1386 2132 1456 videns.
2187 1388 2356 1457 Petit
2408 1410 2563 1458 mox
2613 1389 2747 1457 sci-

192 1470 501 1574 pionem,
559 1474 809 1565 accipit
856 1476 1102 1545 ducem
1137 1475 1429 1557 itineriS,
1467 1476 1613 1548 adit
1659 1476 2103 1566 Episcopum,
2146 1475 2314 1564 quid
2385 1477 2517 1546 sibi
2566 1477 2749 1547 acci-

194 1557 400 1645 derlt,
454 1564 752 1654 exponit.
2089 1612 2096 1631 ·

280 1652 317 1737 ξ
375 1657 509 1725 11.
565 1652 657 1722 Iis
703 1651 984 1733 auditis,
1041 1655 1422 1744 Episcopus
1450 1652 1583 1725 sibi
1614 1666 1951 1735 metuen5‚
1998 1652 2353 1724 confestim
2388 1676 2548 1725 cum
2584 1678 2744 1746 pre-

190 1738 471 1829 sbytero
520 1741 606 1810 ad
640 1741 998 1812 ecclesiam
1045 1743 1494 1813 Budicensem
1546 1743 2033 1832 proficiscitur,
2089 1743 2307 1813 sancti
2360 1744 2772 1836 Meinulphi,

190 1830 594 1919 sepulcrum
647 1829 862 1921 petiit,
901 1852 1155 1921 corpus
1202 1832 1352 1931 ejus
1397 1830 1560 1900 inde
1607 1831 1930 1913 sustollit,
1971 1845 2033 1901 et
2082 1831 2151 1899 in
2216 1854 2377 1901 arca
2423 1831 2746 1902 decenter

189 1918 600 1998 conditum,
668 1918 740 1987 in
792 1918 942 2010 ipsa
1007 1919 1296 1991 ecclesla
1355 1918 1644 1989 collocat
1704 1932 2107 1990 reverenter.
2167 1926 2313 1990 Mox
2361 1920 2536 1991 redit
2584 1922 2745 1990 Mei-

189 2004 463 2106 phardo
511 2007 908 2098 presbytero
956 2007 1318 2078 oculorum
1369 2008 1651 2078 sanitas.
1713 2014 1917 2078 Porro
1987 2031 2237 2096 aquam
2289 2009 2508 2090 illam,
2571 2031 2738 2096 qua,

182 2095 477 2180 Jubente
518 2102 565 2166 E
620 2096 760 2168 isco
814 2119 877 2178 o,
919 2118 1155 2167 sacrae
1217 2096 1372 2166 illae
1421 2096 1595 2166 lotae
1645 2110 1808 2168 sunt
1856 2097 2208 2185 reliquiae,
2256 2098 2327 2167 in
2376 2120 2569 2187 spem
2621 2098 2743 2168 bo-

190 2202 354 2252 nam
387 2185 569 2255 ancil
603 2207 681 2255 ae
730 2184 975 2256 Ciristi
1030 2186 1164 2255 sibi
1213 2197 1669 2256 reservarunt.
1737 2190 1902 2255 Cum
1966 2185 2217 2257 mulier
2262 2186 2603 2275 quaedam
2656 2209 2740 2257 ex

190 2275 497 2365 paralysi
532 2275 736 2367 longo
784 2288 1087 2366 tempore
1136 2274 1604 2344 membrorum
1635 2274 1949 2345 omnium
2000 2274 2243 2346 fuisset
2290 2275 2615 2345 destituta
2642 2276 2739 2345 of·

188 2360 372 2445 sicin,
431 2376 795 2455 postquam
830 2364 958 2433 hac
992 2366 1171 2451 aqua
1220 2363 1291 2432 in
1338 2362 1628 2433 ecclesia
1675 2362 2041 2434 Budicensi
2092 2377 2427 2453 peruncta
2475 2376 2598 2446 est,
2633 2365 2740 2433 in-

190 2459 293 2520 tra
343 2475 602 2545 paucos
649 2453 797 2524 dies
853 2466 1093 2524 sanata
1139 2463 1263 2522 est.
1326 2452 1468 2522 Alia
1514 2452 1852 2540 quaedam
1920 2452 2170 2523 mulier
2208 2453 2441 2523 cancri
2493 2453 2731 2525 morbo

187 2539 362 2612 adeo
407 2565 627 2629 exesa,
683 2555 759 2613 ut
804 2555 1030 2612 costae
1078 2543 1228 2632 ejus
1276 2541 1605 2612 carnibus
1662 2541 1963 2612 nudatae
1997 2541 2414 2623 viderentur,
2450 2564 2726 2612 cereum

184 2628 440 2702 obtulit
486 2631 571 2701 ad
608 2631 935 2720 reliquias
972 2631 1102 2700 viri
1155 2630 1290 2712 Dei,
1329 2640 1583 2700 etcum
1622 2630 1863 2700 multis
1914 2630 2240 2721 lacrymis
2279 2632 2430 2722 eJus
2478 2653 2552 2700 se
2593 2653 2739 2701 me-

184 2717 341 2790 ritis
388 2721 910 2801 commendans,
948 2720 1234 2790 domum
1272 2719 1493 2789 rediit.
1531 2718 1752 2788 Altera
1802 2718 1956 2789 luce
1991 2719 2295 2789 vulneris
2327 2720 2734 2810 superficies

188 2812 368 2879 nova
416 2809 637 2901 coepit
684 2809 937 2879 obduci
982 2807 1325 2899 pellicula,
1361 2819 1426 2877 et
1459 2808 1639 2878 intra
1670 2808 1817 2878 dies
1853 2830 1985 2877 non
2037 2808 2316 2889 multos,
2354 2809 2547 2878 omni
2588 2831 2736 2879 ces-

187 2910 385 2969 sante
432 2898 687 2979 dolore,
725 2898 976 2969 mulier
1024 2920 1095 2968 se
1135 2897 1347 2968 sensit
1382 2897 1791 2967 restitutam.

273 2991 312 3075 ἓ
377 2992 525 3059 12.
579 2987 1146 3058 Tintinnabulum
1182 2986 1535 3074 quoddam
1570 3008 1862 3056 aeneum
1899 2986 2072 3056 bene
2121 3007 2477 3068 sonorum,
2516 2987 2587 3055 in
2623 3007 2737 3056 eo-

186 3072 344 3144 dem
399 3076 812 3146 monasterio
852 3085 1233 3146 reverenter
1259 3087 1672 3145 asservatur.
1714 3080 1879 3145 Nam
1915 3073 2185 3162 quoties
2215 3074 2450 3163 aliqua
2476 3098 2556 3144 ex
2585 3075 2737 3147 e'us

187 3163 590 3234 monasterii
646 3164 998 3235 sororibus
1048 3164 1234 3235 brevi
1282 3175 1425 3234 erat
1471 3164 1747 3234 abitura
1794 3184 1831 3233 e
1881 3164 2038 3246 vita,
2092 3163 2355 3252 absque
2412 3164 2558 3234 ullo
2657 3186 2740 3233 u-

188 3272 398 3321 mano
447 3251 824 3322 ministerio
874 3275 995 3342 per
1052 3274 1124 3322 se
1171 3251 1411 3322 fortem
1463 3251 1792 3322 reddebat
1839 3275 2112 3325 sonum.
2167 3255 2567 3324 Asseverant
2615 3275 2738 3321 au-

188 3348 322 3409 tem
369 3362 638 3423 omnes,
691 3341 865 3409 illud
900 3341 1257 3411 inventum
1307 3341 1486 3410 inter
1522 3363 1680 3411 ossa
1730 3342 1947 3412 sancti
1999 3341 2404 3432 Meinulphi,
2459 3362 2618 3411 cum
2654 3363 2736 3410 ea

186 3448 224 3495 e
285 3428 601 3519 sepulcro
660 3428 1227 3500 transferrentur:
1280 3429 1723 3517 crediturque
1782 3430 1895 3499 ille
1959 3451 2038 3498 eo
2101 3452 2273 3500 usus
2340 3429 2555 3501 fuisse
2603 3429 2735 3499 sub

186 3515 560 3587 elevatione
607 3516 1018 3588 sacramenti
1066 3517 1137 3586 in
1189 3516 1307 3586 illo
1341 3540 1466 3587 suo
1496 3517 2224 3588 diaconiministerio:
2278 3539 2493 3605 eaque
2522 3520 2738 3587 causa

183 3627 344 3676 cum
397 3605 516 3676 illo
564 3606 632 3675 in
668 3605 818 3695 ejus
867 3605 1185 3696 sepulcro
1235 3606 1612 3695 repositum
1640 3618 1764 3676 est.
1806 3610 2113 3692 Cumque
2138 3605 2224 3674 de
2253 3605 2732 3675 transferendo

186 3705 370 3765 statu
429 3695 580 3786 ejus
629 3694 1028 3764 monasterii
1090 3695 1368 3764 tractari
1406 3703 1725 3783 coeptum
1775 3705 1992 3772 esset,
2047 3693 2239 3763 illius
2279 3693 2743 3764 tintinnabuli

186 3804 399 3855 sonus
446 3807 486 3854 a
535 3784 774 3854 multis
829 3796 931 3853 est
976 3782 1282 3864 audituS,
1348 3781 1556 3869 idque
1606 3803 1743 3851 non
1794 3781 2028 3862 semel,
2084 3781 2201 3850 sed
2242 3783 2486 3852 crebro
2536 3804 2731 3852 sane.

186 3875 277 3942 Ea
311 3895 419 3943 res
453 3873 849 3944 Abbatissae
885 3893 1062 3959 quae
1109 3872 1257 3942 sola
1302 3894 1384 3941 ex
1429 3892 1509 3940 eo
1547 3869 1839 3961 collegio
1875 3869 2017 3938 illic
2055 3882 2199 3939 tum
2235 3869 2548 3963 degebat,
2588 3892 2736 3940 ma-

184 3984 393 4050 gnam
439 3961 666 4032 attulit
715 3960 1182 4051 suspicionem
1221 3972 1287 4030 et
1335 3970 1593 4030 metum
1646 3959 1835 4029 brevi
1892 3957 2255 4029 adfuturae
2305 3959 2571 4030 mortis.
2617 3964 2730 4028 At·
2819 4028 2836 4038 ,

183 4070 318 4136 que
363 4073 442 4121 ea
491 4053 703 4122 causa
751 4051 822 4120 in
874 4049 983 4121 sui
1014 4071 1288 4150 quoque
1316 4048 1763 4118 translatione
1794 4047 2011 4118 multo
2039 4048 2454 4148 propensius
2507 4060 2739 4138 postea

186 4141 499 4222 assensit,
544 4138 946 4211 existimans
996 4151 1203 4208 vitam
1244 4137 1377 4207 sibi
1428 4135 1867 4229 prolixiorem
1902 4135 2066 4215 fore,
2121 4158 2180 4208 sl
2229 4136 2460 4207 locum
2515 4149 2766 4206 muta-·

188 4239 309 4296 ret.
364 4234 439 4299 At
487 4250 643 4299 vero
704 4227 1200 4298 monasterium
1248 4226 1425 4296 illud
1478 4247 1688 4319 prope
1736 4224 2166 4305 desolatum,
2240 4227 2329 4296 ab
2394 4225 2735 4316 Episcopo

185 4315 589 4387 dioecesano
638 4316 999 4387 Canonicis
1040 4316 1475 4407 regularibus
1523 4315 1761 4383 datum
1797 4325 1923 4395 est,
1953 4325 2018 4383 et
2049 4313 2136 4383 ab
2161 4313 2326 4398 illis,
2363 4318 2496 4384 Deo
2529 4313 2733 4403 adju-

186 4416 408 4487 vante,
472 4406 542 4474 in
593 4416 845 4476 statum
901 4405 1274 4495 pristinum
1351 4414 1768 4474 revocatum.
1853 4408 2098 4473 Beatus
2162 4403 2377 4504 igitur
2446 4401 2736 4472 Meinul-

186 4490 369 4581 phus
416 4493 486 4563 in
534 4516 741 4565 carne
787 4493 1069 4585 degenS,
1106 4493 1200 4565 ita
1252 4493 1426 4565 vitae
1456 4505 1782 4565 actuosae
1818 4492 1987 4582 jecit
2035 4513 2325 4572 semina,
2376 4503 2453 4561 ut
2503 4501 2736 4561 tamen
