3327 4999
157 308 267 376 EX
314 308 489 376 OCT.
545 308 616 373 Μ
898 326 978 374 mi
1025 326 1082 375 s.
1137 325 1429 376 nannomz
1475 324 1700 375 coron.
1753 324 1953 373 msc.
2493 309 2621 373 675

155 406 360 490 illud,
413 406 598 496 quod
645 405 926 490 dicitur,
981 418 1309 490 mentem,
1362 428 1527 478 cum
1574 405 1911 477 dividitur
1948 405 2036 475 ad
2087 404 2329 488 multa,
2382 404 2535 475 fieri
2576 406 2708 475 mi-

159 518 400 568 norem
450 496 535 566 ad
586 493 891 586 singula.

245 587 283 672 ξ
330 590 481 658 18.
563 588 854 675 cogente
911 584 1128 675 igitur
1204 583 1559 674 Imperiali
1607 583 2014 655 auctoritate
2061 582 2387 673 suscepit,
2440 594 2519 654 ut
2559 584 2708 672 jam

155 672 420 744 dictum
471 685 594 755 est,
648 684 941 743 tractare
990 673 1260 764 negotia
1298 673 1494 763 regni
1532 695 1571 743 a
1625 673 1718 743 ud
1771 672 2204 745 Lotharicos:
2256 684 2321 741 et
2360 695 2521 742 cum
2553 673 2712 742 uni-

152 762 407 849 cuique
452 761 538 831 de
588 761 1026 851 principibus
1074 776 1140 832 et
1188 761 1574 851 magistrati
1628 784 1713 833 us
1782 784 1988 833 suum
2053 764 2430 852 partiretur
2495 782 2700 840 onus,

153 849 539 937 unicuique
588 850 723 919 sibi
769 872 1159 941 congruum
1213 849 1584 941 imperaret
1614 872 1816 940 opus:
1858 849 2030 918 nihil
2065 864 2291 921 tamen
2326 861 2492 931 erat,
2524 848 2711 936 quod

157 961 296 1008 non
348 938 498 1029 ipse
555 938 797 1019 obiret,
852 938 982 1008 hoc
1033 938 1332 1008 maxima
1377 938 1654 1009 consilii
1694 939 2050 1008 vivacitate
2097 939 2468 1030 providens
2521 937 2709 1024 quod

158 1027 490 1098 omnibus
519 1026 890 1116 expediret.
937 1031 1322 1098 Causantur
1368 1026 1537 1097 forte
1575 1026 1816 1113 aliqui,
1855 1026 2130 1096 divinae
2168 1027 2710 1119 dispensationis

158 1115 411 1207 ignari,
451 1136 666 1203 quare
712 1117 1092 1205 Episcopus
1140 1137 1283 1186 rem
1337 1115 1575 1206 populi
1620 1127 1688 1184 et
1738 1114 2045 1205 pericula
2093 1116 2505 1197 tractaverit,
2542 1135 2705 1184 cum

156 1205 553 1274 animarum
623 1202 1104 1274 tantummodo
1169 1226 1408 1274 curam
1478 1204 1878 1294 susceperit.
1935 1204 2201 1285 Quibus
2249 1226 2357 1274 res
2406 1204 2559 1293 ipsa
2606 1202 2707 1271 sa-

160 1292 316 1374 cile,
371 1293 431 1362 si
477 1292 646 1379 quid
697 1314 947 1362 sanum
993 1292 1296 1382 sapiunt,
1351 1291 1704 1372 satisfacit,
1757 1312 1917 1361 cum
1979 1304 2244 1363 tantum
2293 1304 2360 1362 et
2408 1305 2543 1362 tam
2597 1292 2706 1360 in-

159 1393 463 1463 suetum,
516 1379 657 1451 illis
706 1381 1112 1472 praesertim
1162 1380 1501 1470 partibus,
1558 1381 1749 1470 pacis
1798 1381 2058 1451 bonum
2115 1403 2235 1472 per
2283 1381 2470 1450 hunc
2522 1391 2700 1450 tuto-

158 1491 304 1539 rem
353 1480 420 1539 et
467 1468 816 1539 doctorem
866 1467 1094 1538 fidelis
1143 1468 1407 1559 populi,
1464 1468 1665 1559 longe
1714 1468 1984 1556 lateque
2033 1481 2489 1561 propagatum
2518 1468 2707 1559 aspi-

157 1558 375 1627 ciunt:
432 1578 517 1627 ne
564 1579 691 1648 pro
740 1558 869 1627 hac
939 1579 1035 1637 re,
1092 1558 1294 1644 quasi
1360 1557 1429 1626 in
1482 1558 1800 1628 tenebras
1848 1579 1959 1626 am
2016 1557 2195 1640 lius,
2248 1558 2371 1628 ubi
2417 1579 2554 1627 non
2606 1568 2707 1627 est

212 1646 549 1716 raesentia
599 1646 813 1728 luciS,
867 1645 1240 1715 offendant.
1310 1650 1440 1716 Nec
1505 1667 1662 1715 vero
1712 1666 1885 1715 nova
1980 1647 2078 1716 uit
2125 1645 2525 1737 hujusmodi
2580 1668 2709 1736 gu-

206 1735 519 1816 ernatio,
577 1746 698 1804 aut
747 1745 1022 1804 sanctae
1071 1734 1185 1802 Dei
1250 1733 1588 1804 Ecclesiae
1637 1733 2018 1805 rectoribus
2082 1748 2282 1804 antea
2334 1734 2702 1804 inusitata:

157 1824 364 1913 cujus
409 1822 723 1913 exempla
771 1822 830 1890 si
863 1822 1022 1909 quis
1069 1821 1481 1913 requisierit,
1522 1823 1593 1890 in
1647 1834 1973 1912 promptu
2021 1836 2206 1893 sunt.
2245 1829 2452 1892 Nemo
2482 1822 2699 1912 igitur

160 1933 373 2001 super
405 1911 532 1979 hac
582 1932 656 1980 re
702 1909 1123 2000 culpabilem
1158 1931 1319 1979 eum
1370 1909 1576 1992 dicat,
1629 1932 1792 1979 cum
1825 1911 2214 1981 Samuelem
2250 1921 2604 1991 sanctum,
2644 1921 2711 1980 et

161 1998 335 2069 alios
385 1998 645 2089 plureS,
701 1997 1088 2068 sacerdotes
1125 1997 1379 2087 pariter
1425 1997 1739 2088 legamus
1787 2010 1851 2067 et
1891 1997 2187 2084 judiceS,
2241 2012 2306 2068 et
2354 1997 2708 2068 Danielem

159 2085 570 2178 prophetam
618 2087 795 2157 duos
847 2085 1279 2176 presbyteros
1327 2085 1414 2154 ad
1465 2098 1756 2156 mortem
1793 2086 2163 2157 damnasse
2194 2087 2532 2178 legamus.
2575 2092 2708 2158 Nos

162 2197 318 2245 vero
365 2174 453 2245 ad
501 2174 638 2244 alia
682 2175 1081 2244 festinantes
1129 2173 1296 2261 quid
1328 2175 1622 2262 quisque
1668 2172 1756 2244 de
1806 2175 1917 2264 pio
1979 2175 2107 2245 hoc
2158 2175 2303 2245 viro
2352 2175 2700 2263 loquatur,

162 2285 290 2332 suo
329 2262 551 2355 ipsius
603 2262 857 2333 'udicio
897 2261 1382 2350 relinquimus,
1446 2264 1739 2332 scientes
1778 2263 1928 2331 sani
1977 2264 2226 2353 capitis
2284 2285 2435 2334 esse
2484 2264 2703 2333 nemi-

162 2373 368 2433 nem,
421 2351 542 2438 qui
635 2373 850 2420 onum
913 2349 1509 2421 evidentissimum
1559 2350 1703 2421 ullo
1753 2350 2102 2421 maledicti
2150 2352 2525 2442 opprobrio
2595 2352 2707 2421 fu-

161 2461 357 2510 scare
427 2440 710 2511 nitatur.
793 2445 1173 2511 Honestum
1220 2439 1404 2509 enim
1453 2450 1518 2509 et
1567 2438 1736 2510 utile
1783 2451 2055 2509 nostrae
2103 2439 2530 2531 reipublicae
2581 2439 2711 2510 fuit

159 2550 369 2598 omne
414 2528 600 2617 quod
648 2529 827 2603 fecit.
869 2528 1088 2598 Factis
1134 2549 1293 2597 vero
1340 2527 1487 2597 suis
1542 2528 1731 2598 hunc
1794 2527 2004 2597 finem
2048 2551 2490 2616 nequaquam
2539 2551 2706 2599 con-

160 2616 430 2699 stituit,
483 2630 562 2687 ut
609 2640 747 2688 non
823 2616 959 2687 nisi
1023 2638 1144 2707 per
1189 2616 1553 2684 hominum
1603 2638 1724 2686 ora
1770 2615 2075 2685 favorem
2121 2618 2464 2708 captando
2513 2619 2704 2687 vola-

161 2716 337 2786 rent;
390 2705 510 2777 sed
543 2705 639 2775 ita
678 2705 871 2775 vixit:
910 2705 1006 2774 ita
1031 2726 1240 2795 opera
1269 2725 1398 2773 sua
1427 2725 1660 2774 coram
1711 2704 2119 2776 hominibus
2172 2706 2598 2796 temperavit,
2633 2718 2712 2777 ut

160 2794 485 2884 pessimis
532 2793 824 2876 horrori,
876 2792 1080 2865 bonis
1125 2804 1303 2864 esset
1350 2792 1618 2861 honori.
1656 2792 1778 2863 His
1807 2805 2041 2882 aperte
2068 2795 2341 2865 cunctis
2372 2795 2705 2876 innotuit,

160 2882 344 2969 quod
386 2882 459 2951 in
508 2883 924 2973 Episcopatu
974 2882 1238 2951 bonum
1284 2902 1463 2970 opus
1501 2879 1939 2961 desideravit,
1993 2883 2064 2950 in
2113 2904 2251 2969 quo
2300 2903 2426 2951 nec
2474 2884 2563 2954 ab
2609 2881 2714 2951 in-

161 2970 342 3040 vidis
387 2982 453 3039 et
501 2969 794 3041 aemulis
841 2969 990 3040 suis
1037 2968 1238 3039 facile
1280 2968 1499 3058 potuit
1548 2969 1984 3069 reprehendi,
2040 2970 2175 3040 nisi
2206 2971 2334 3040 hoc
2370 2972 2605 3060 ipsum
2639 2971 2711 3039 in

163 3057 370 3128 laude
415 3058 567 3148 ejus
617 3058 841 3147 magis
890 3058 1270 3148 proficeret,
1309 3056 1495 3144 quod
1531 3056 1787 3128 talibus
1835 3057 2254 3147 displiceret.
2309 3064 2451 3129 Hac
2500 3058 2716 3150 igitur

166 3144 464 3215 mirifica
511 3146 959 3236 occupatione
1009 3145 1358 3225 detentuS,
1414 3145 1702 3235 pervigil
1753 3146 2013 3214 summi
2067 3146 2591 3236 patrisfamilias
2638 3167 2711 3214 o-

164 3245 438 3325 perator
484 3247 549 3304 et
596 3255 918 3305 summus
969 3232 1267 3322 praesul,
1323 3231 1682 3302 lucernam
1731 3234 2126 3317 ardentem,
2181 3236 2345 3305 boni
2400 3235 2716 3304 videlicet

165 3321 396 3413 operis
441 3320 814 3411 exemplar,
861 3322 930 3389 in
972 3321 1300 3391 manibus
1347 3319 1596 3402 ferens,
1635 3320 1724 3390 ad
1772 3343 1873 3403 ea,
1928 3345 2105 3411 quae
2154 3324 2269 3393 Dei
2318 3336 2505 3407 sunt,
2542 3324 2716 3393 alios

169 3410 474 3481 volentes
521 3408 738 3490 duxit,
793 3408 963 3480 alios
1012 3409 1321 3479 nolentes
1368 3409 1591 3478 traxit.

254 3500 292 3585 ἓ
337 3502 470 3571 1⁸2.
527 3496 654 3567 Sed
704 3498 884 3566 inter
927 3497 1120 3577 haec,
1174 3497 1466 3566 humani
1515 3497 1790 3587 generis
1837 3498 2121 3586 antiqua
2145 3500 2358 3590 pestis
2391 3521 2530 3570 non
2564 3522 2713 3570 ces-

168 3587 345 3656 savit
411 3584 711 3654 invidiae
758 3606 925 3655 suae
970 3585 1162 3655 virus
1222 3606 1344 3674 per
1407 3606 1616 3674 opera
1666 3585 1762 3675 pii
1812 3585 2147 3668 doctoris,
2207 3588 2344 3672 iam
2398 3589 2470 3658 in
2534 3589 2718 3658 bona

164 3697 287 3764 spe
335 3673 839 3764 germinantia,
896 3673 1098 3764 longe
1145 3673 1415 3759 lateque
1462 3673 1883 3762 dispergere.
1954 3680 2121 3744 Nam
2186 3698 2351 3746 cum
2403 3676 2713 3767 primum

160 3762 517 3832 Lotharici
565 3762 762 3851 regni
813 3761 1138 3853 populus,
1195 3760 1608 3831 multImoda
1659 3762 1896 3852 magni
1945 3763 2160 3853 hujus
2222 3765 2350 3833 viri
2399 3766 2716 3835 exhorta-

164 3851 348 3921 tione
397 3851 504 3920 vix
552 3849 833 3920 tandem
872 3850 1227 3929 inductus,
1282 3847 1765 3918 blandimenta
1807 3850 1998 3939 pacis
2049 3850 2246 3921 valde
2276 3852 2410 3922 sibi
2441 3854 2720 3924 insueta

162 3950 501 4019 tentaret,
562 3950 628 4008 et
696 3937 828 4017 iis,
885 3938 1008 4025 qui
1065 3937 1213 4006 sola
1273 3936 1462 4006 civili
1508 3936 1945 4008 dissensione
1994 3949 2221 4010 tutum
2272 3940 2407 4012 sibi
2455 3941 2721 4028 aliquid

214 4028 695 4107 ollicebantur,
734 4047 1101 4101 assensum
1151 4025 1221 4093 in
1273 4026 1383 4095 sui
1432 4026 1815 4117 perniciem
1840 4048 1921 4096 ex
1953 4037 2144 4117 parte
2181 4028 2486 4118 plurima
2520 4053 2720 4121 prae-

159 4050 324 4186 bere
371 4124 767 4205 respueret,
822 4134 1023 4184 saeva
1071 4117 1564 4205 Hungarorum
1614 4135 1787 4205 gens
1817 4169 1836 4194 ,
1910 4128 1975 4184 et
2022 4115 2301 4202 qualem
2356 4141 2717 4206 nunquam

163 4217 346 4275 terra
394 4215 627 4275 nostra
657 4202 872 4273 sensit
917 4202 1334 4283 barbariem,
1371 4226 1413 4271 a
1460 4202 1803 4303 perversis
1852 4202 2080 4274 illecta
2128 4203 2421 4289 civibuS,
2462 4207 2720 4276 transi-

167 4293 254 4362 tis
303 4293 707 4362 Germaniae
741 4290 1091 4392 plerisque
1190 4290 1537 4371 rovinciis,
1581 4291 1865 4373 Galliae,
1904 4292 2021 4362 cui
2049 4293 2199 4382 jam
2247 4293 2414 4364 olim
2468 4294 2721 4364 nobilis

170 4386 591 4452 Francorum
631 4381 935 4472 populus
968 4381 1118 4451 mse
1173 4380 1245 4463 it,
1301 4380 1539 4451 omnia
1586 4379 1767 4451 ferro
1815 4393 1879 4451 et
1911 4381 2197 4472 ignibus
2247 4393 2599 4454 vastatura
2646 4405 2719 4454 se
