3327 4999
195 325 449 392 MART.
499 326 589 392 27
922 345 1002 391 nx
1051 345 1109 392 s,
1162 343 1534 393 Amxxnnno
1580 344 1794 392 inum
1838 343 2030 390 mar.
2541 323 2672 391 549

193 423 617 494 sacrificium
671 423 974 513 postulat
1013 446 1280 514 purum*
1320 447 1401 495 ac
1431 426 1581 495 sine
1628 423 1996 513 sanguine.
2029 444 2066 489 »
2102 425 2282 491 Haec
2329 441 2490 490 cum
2539 421 2758 510 Tybe-

193 512 438 581 rianus
503 511 921 585 audivisset:
982 513 1310 594 «Omitte,
1366 514 1617 600 inquit,
1671 511 2019 582 insaniam
2070 510 2300 589 istam,
2354 509 2755 592 Alexander,

193 611 262 670 et
306 600 470 669 deos
506 600 694 686 ipsos
743 599 1241 670 beneficiorum
1290 613 1611 672 auctores
1654 620 1743 669 ne
1789 610 2218 680 contemnas,
2260 619 2346 667 ne
2404 595 2576 666 forie
2623 602 2763 666 Im-

192 701 468 778 perator
499 688 671 757 haec
711 688 973 770 audiat,
1012 701 1078 758 et
1124 687 1456 759 adversus
1506 710 1617 758 me
1663 687 2073 779 indignetur
2117 686 2307 773 quod
2355 699 2420 756 te
2453 685 2617 756 talia
2655 685 2759 755 di-

191 787 461 845 centem
504 774 809 845 feram.»

280 866 319 950 ἓ
382 868 475 934 3.
531 868 712 933 Haec
756 885 919 933 cum
985 863 1273 936 dixisset
1329 864 1703 936 festinabat
1760 885 1905 934 una
1963 884 2124 933 cum
2191 866 2615 962 Imperatore
2683 862 2758 931 in

190 949 452 1041 templo
498 973 690 1023 esse:
741 963 892 1021 erat
952 953 1139 1021 enim
1211 966 1525 1043 tempus,
1596 974 1737 1041 quo
1802 957 2187 1042 Imperator
2231 950 2368 1020 di1s
2417 949 2763 1020 sacrificia

191 1039 485 1109 offerret.
553 1045 810 1109 Memor
857 1060 1014 1109 vero
1061 1062 1305 1110 eorum
1356 1042 1725 1110 verborum
1775 1060 1954 1126 quae
2002 1061 2044 1109 a
2092 1038 2312 1108 milite
2380 1061 2508 1108 suo
2555 1038 2760 1108 audi-

191 1139 401 1211 yerat,
457 1128 951 1197 Maximianum
1000 1128 1195 1208 adiit,
1249 1141 1315 1197 et
1352 1129 1448 1198 ita
1493 1150 1653 1198 eum
1705 1127 2054 1197 allocutus
2087 1138 2227 1197 est:
2283 1126 2584 1196 «Milites
2613 1148 2761 1195 om·
2802 1186 2805 1189 .

192 1236 353 1295 nes,
415 1220 840 1306 Imperator,
906 1237 1084 1303 quos
1135 1216 1309 1286 mihi
1360 1218 1692 1306 maJestas
1744 1227 1861 1285 tua
1908 1215 2297 1299 commisit,
2355 1228 2470 1285 tuo
2535 1214 2760 1284 edicto

192 1303 645 1373 inservientes
691 1304 872 1373 vidi:
924 1325 1113 1373 unus
1169 1325 1326 1374 vero
1383 1326 1421 1373 e
1477 1305 1826 1374 militibus
1876 1325 2013 1373 non
2054 1303 2279 1373 solum
2334 1302 2506 1372 mihi
2557 1324 2629 1371 re
2684 1324 2761 1371 u-

192 1391 449 1480 gnavit,
510 1392 627 1462 sed
679 1392 844 1464 deos
891 1392 1099 1462 etiam
1163 1392 1352 1482 ipsos
1406 1392 1942 1463 contumeliosis
1989 1392 2217 1462 verbis
2264 1391 2513 1472 affecit,
2572 1414 2609 1460 a
2664 1411 2759 1460 lr-

191 1500 396 1548 mans
442 1480 608 1548 deos
657 1479 836 1559 illos,
892 1501 1070 1566 quos
1119 1491 1194 1549 tu
1244 1485 1648 1570 Imperator,
1712 1492 1780 1550 et
1830 1502 1954 1550 nos
2002 1479 2322 1559 colimus,
2385 1479 2760 1550 daemones

189 1588 343 1636 esse
389 1567 942 1658 impurissimos:
985 1589 1206 1654 neque
1255 1569 1510 1658 cogitat
1541 1590 1659 1639 eos
1706 1567 1827 1656 qui
1858 1568 2105 1638 edictis
2153 1566 2429 1657 imperii
2484 1566 2585 1635 tui
2638 1566 2760 1635 ad·

189 1669 579 1737 versantur,
620 1676 768 1724 mea
807 1676 1022 1725 manu
1057 1656 1446 1726 interfici.»
1496 1662 1679 1726 Haec
1727 1678 1887 1725 cum
1943 1655 2402 1725 Maximianus
2449 1655 2759 1745 accepis·

191 1754 317 1823 set,
373 1743 602 1822 militi,
642 1742 728 1811 de
773 1764 911 1829 quo
944 1744 1112 1813 haec
1151 1745 1533 1825 audiverat,
1571 1743 1768 1814 valde
1799 1744 2018 1814 iratus
2050 1743 2212 1813 fuit:
2266 1754 2332 1812 et
2372 1767 2408 1810 «
2434 1742 2752 1823 Ubinam,

191 1830 445 1917 inquit,
493 1832 609 1900 ille
641 1842 765 1910 est,
801 1831 888 1900 de
924 1853 1064 1918 quo
1114 1832 1282 1901 haec
1308 1832 1532 1903 dicis?
1570 1838 1706 1923 Age
1739 1832 1875 1901 duc
1904 1831 2101 1900 illum
2135 1831 2221 1900 ad
2264 1853 2399 1911 me,
2437 1844 2513 1900 ut
2538 1832 2755 1899 sciam

191 1919 363 2005 quid
418 1919 535 1988 ille
582 1920 853 1988 sentiat.
902 1942 941 1986 »
999 1925 1173 1988 Tum
1224 1920 1638 1989 Maximiano
1689 1921 2161 2008 Tyberianus:
2210 1942 2245 1986 «
2301 1924 2403 1988 Ita
2448 1918 2754 1989 edictum

194 2020 426 2085 tuum,
466 2012 869 2097 Imperator,
922 2018 989 2076 et
1028 2007 1373 2097 meipsum
1429 2007 1627 2077 miles
1675 2008 1791 2078 ille
1842 2029 1963 2097 pro
2005 2007 2223 2076 nihilo
2271 2006 2454 2088 fecit,
2490 2018 2570 2076 ut
2618 2007 2756 2075 huc

194 2093 434 2163 venire
472 2095 869 2185 neglexerit.
901 2118 930 2161 ι
985 2093 1151 2165 Ilico
1200 2096 1658 2166 Maximianus
1695 2096 1906 2183 jussit
1957 2108 2090 2164 tres
2140 2095 2394 2164 milites
2423 2094 2638 2174 abire,
2691 2105 2760 2163 et

192 2181 397 2250 illum
440 2182 681 2251 ferreis
732 2182 994 2261 catenis
1043 2182 1350 2252 vinctum
1392 2184 1478 2253 ad
1530 2206 1604 2253 se
1650 2183 1925 2252 ducere.
1972 2188 2216 2251 Beatus
2266 2205 2422 2252 vero
2471 2182 2754 2251 Alexan-

192 2269 319 2339 der
357 2270 549 2340 domi
596 2292 764 2340 suae
799 2271 870 2339 in
923 2268 1097 2340 tho
1133 2272 1634 2358 requiescebat:
1681 2283 1825 2341 erat
1848 2283 2075 2339 autem
2111 2270 2281 2340 hora
2305 2271 2508 2357 quasi
2535 2283 2746 2339 sexta.

191 2363 385 2426 Tunc
433 2357 724 2448 angelus
762 2359 1034 2428 Domini
1064 2359 1136 2427 in
1185 2359 1452 2429 somnis
1482 2359 1582 2428 illi
1617 2358 1965 2449 apparuit,
2004 2370 2069 2427 et
2108 2358 2236 2427 ait:
2281 2381 2317 2425 «
2343 2363 2499 2428 Esto
2530 2357 2749 2439 fortiS,

191 2445 592 2528 Alexander,
646 2446 979 2534 quoniam
1033 2446 1246 2517 multa
1280 2469 1615 2539 passurus
1661 2469 1737 2519 es
1787 2469 1910 2538 pro
1961 2447 2242 2516 nomine
2291 2445 2542 2517 Christi
2588 2468 2754 2516 cru-

191 2533 413 2603 cifixi:
467 2548 705 2626 parata
752 2535 941 2605 enim
994 2535 1119 2605 tibi
1167 2548 1331 2607 sunt
1378 2547 1719 2606 tormenta
1776 2535 2015 2620 multa.
2056 2539 2152 2603 En
2211 2535 2500 2605 veniunt
2547 2533 2633 2603 ad
2688 2547 2752 2604 te

194 2623 640 2713 Imperatoris
690 2623 987 2693 milites:
1032 2623 1151 2693 sed
1203 2646 1288 2692 ne
1337 2624 1604 2705 timeaS,
1649 2623 1873 2710 n‘ecTue
1904 2634 2252 2693 cortuum
2296 2633 2744 2713 expavescat:

192 2731 322 2800 ego
350 2712 537 2780 enim
588 2712 848 2781 missus
887 2731 1068 2792 sum,
1104 2723 1179 2781 ut
1232 2712 1356 2782 tibi
1413 2734 1616 2803 opem
1668 2711 1880 2780 seram
1940 2711 2273 2780 adversus
2327 2711 2565 2780 omnia.
2614 2723 2754 2780 tor-

191 2813 424 2869 menta
481 2800 603 2869 illa
640 2795 819 2887 q‘uae
864 2799 955 2868 ab
1001 2804 1421 2890 Imperatore
1467 2800 1817 2870 afferenda
1865 2812 2050 2868 sunt.
2124 2804 2342 2890 Surge
2394 2798 2415 2867 i
2471 2798 2632 2878 itur,
2688 2810 2757 2868 et

194 2890 409 2956 Deum
445 2899 643 2957 tuum
675 2909 837 2956 ora:
889 2908 1017 2976 ego
1062 2889 1247 2957 enirn
1281 2901 1504 2958 tecum
1538 2911 1679 2968 ern,
1714 2887 1943 2976 quoad
1977 2908 2267 2957 cursum
2299 2908 2426 2957 con
2459 2886 2753 2956 eceris.»

192 2979 375 3043 Haec
422 2996 584 3045 cum
636 2974 880 3044 beatus
925 2974 1302 3045 Alexander
1348 2977 1435 3045 ab
1494 2976 1750 3066 Angelo
1814 2976 2238 3055 audivisset,
2293 2974 2633 3054 surrexit,
2688 2985 2759 3044 et

194 3066 328 3131 Deo
377 3063 729 3152 psalmum
766 3062 967 3131 illum
1001 3063 1287 3132 cecinit:
1333 3066 1466 3146 Qui
1491 3065 1755 3133 habitat
1804 3067 1875 3133 in
1923 3065 2266 3166 adjutorio
2299 3065 2644 3143 altissimi,
2680 3064 2756 3130 in

180 3152 594 3242 protectione
647 3151 771 3219 Dei
813 3151 983 3219 coeli
1021 3153 1560 3221 commorabitur.
1598 3154 1785 3221 Dicet
1833 3157 2131 3232 Domum,
2167 3155 2524 3243 Susceptor
2566 3173 2758 3220 meus

192 3260 263 3306 es
293 3249 390 3318 tu,
426 3249 488 3307 et
515 3238 861 3326 resayium
890 3260 1112 3307 meum
1153 3241 1224 3307 in
1265 3240 1373 3307 die
1413 3241 1872 3308 tribulationis
1921 3262 2130 3308 meae.
2205 3245 2282 3308 Et
2326 3260 2505 3326 quae
2552 3238 2754 3307 dein-

192 3346 359 3414 ceps
408 3337 816 3411 sequuntur.
856 3330 1163 3411 Cumque
1214 3325 1560 3415 psalmum
1613 3339 1831 3396 totum
1880 3326 2309 3406 absolvisset,
2368 3326 2575 3396 domo
2625 3348 2757 3396 sua

191 3433 542 3503 egressuS,
598 3410 938 3482 militibus
975 3413 1112 3482 illis
1149 3414 1472 3495 occurrit,
1509 3436 1687 3500 quos
1715 3414 1882 3483 olim
1926 3414 2199 3486 sodales
2234 3415 2595 3484 habuerat.
2622 3413 2753 3497 Qui

192 3522 359 3571 cum
405 3498 864 3570 Alexandrum
923 3500 1295 3582 vidissent,
1365 3523 1529 3592 prae
1579 3502 1823 3571 timore
1870 3502 1942 3593 in
1993 3513 2245 3572 terram
2295 3502 2746 3572 ceciderunt:

190 3601 342 3659 erat
370 3588 559 3657 enim
591 3587 744 3678 ejus
791 3601 1136 3675 aspectuS,
1179 3600 1509 3675 tanquam
1560 3587 1803 3680 fulgur
1848 3589 1907 3658 ’ἦ
2036 3597 2039 3600 ’

284 3679 323 3764 ἓ
383 3681 468 3749 4.
522 3681 714 3746 Tunc
761 3675 1004 3746 beatus
1035 3675 1410 3746 Alexander
1438 3675 1645 3747 dixit:
1700 3700 1737 3744 «
1764 3677 2057 3769 Surgite.
2096 3676 2378 3747 fratres:
2414 3678 2756 3765 quidnam

198 3764 426 3836 timidi
470 3764 740 3835 estis‘l»
791 3762 914 3834 Cui
949 3763 1204 3834 milites
1254 3765 1798 3855 responderunt:
1852 3787 1889 3831 «
1920 3764 2231 3834 Vidimus
2283 3765 2401 3835 Dei
2454 3765 2761 3856 potentia

198 3865 264 3924 te
308 3852 845 3933 circumdatum,
897 3864 965 3923 et
1010 3874 1174 3943 prae
1221 3853 1465 3922 timore
1503 3852 1574 3921 in
1612 3864 1865 3922 terram
1914 3852 2324 3923 cecidimus,
2356 3876 2393 3920 »
2442 3853 2537 3923 Ad
2590 3854 2760 3923 haec

197 3940 617 4010 Alexander:
671 3963 710 4007 «
744 3939 1013 4022 Audite,
1057 3941 1309 4027 inquit,
1362 3940 1630 4011 fratres.
1696 3945 1877 4010 Deus
1923 3940 2040 4010 ille
2095 3941 2410 4010 coelestis
2463 3941 2765 4030 providit

199 4049 393 4098 servo
426 4050 578 4098 suo.
636 4028 861 4099 Facite
889 4026 1103 4120 igitur
1131 4051 1249 4099 vos
1280 4028 1464 4117 quod
1504 4028 1692 4129 jussi
1740 4029 1907 4098 estis
1956 4028 2024 4097 in
2062 4049 2223 4099 eum
2282 4041 2524 4100 contra
2553 4050 2767 4117 quem

200 4116 399 4189 missi
445 4116 699 4198 fuistiS,
754 4129 822 4188 et
858 4139 969 4187 me
1016 4117 1326 4188 vinctum
1375 4116 1682 4187 ducite.»
1716 4122 1888 4186 'l'um
1920 4115 2179 4187 milites
2226 4118 2762 4209 responderunt:

253 4314 283 4342 ¹·
309 4314 629 4355 Putat-:ticin
648 4323 769 4365 quoe
786 4314 864 4356 mi
893 4314 1031 4356 erant
1057 4313 1237 4364 ingenii
1262 4312 1617 4363 liutmun-uteo
1647 4313 1950 4363 suspicamur
1978 4312 2335 4362 commentitia.
2371 4314 2510 4364 quui
2543 4313 2776 4357 historiae

202 4369 545 4414 ornamentum,
575 4368 692 4408 baec
719 4369 835 4408 Actu
859 4367 1312 4416 interpolationibus
1338 4367 1601 4408 marcisae.
1643 4367 1895 4416 Quasdam.
1921 4367 2247 4417 prolixitatem
2273 4368 2457 4418 petoni,
2496 4367 2753 4417 rejecimu-

202 4419 465 4466 nonnuliis.
480 4419 628 4463 nimi}
650 4422 795 4463 nuent
810 4421 1083 4468 neverit-te.
1100 4420 1419 4471 mmmmm.
