3327 4999
155 316 422 381 MART.
911 336 988 380 m:
1037 335 1179 382 vau.
1239 334 1701 382 nucuAmsnAR
1747 333 2015 405 sacam?
2503 312 2632 382 573

150 415 254 483 ait
290 412 686 505 Apostolus,
724 414 802 483 Si
841 417 1015 483 enim
1047 417 1340 504 nosipsos
1373 416 1928 505 dijudicaremuS,
1964 437 2092 482 non
2123 417 2353 505 utique
2370 416 2721 505 judicare-

147 526 340 572 mur.
383 507 553 573 Cum
582 503 982 593 judicamur
1035 515 1260 573 autem
1286 526 1330 573 a
1366 506 1657 581 Domina
1696 504 2102 593 corripimur
2159 514 2393 572 utnon
2422 527 2572 572 cum
2603 506 2721 573 hoc

145 592 414 660 mundo
475 592 894 659 damnemur.
953 596 1166 679 Atque
1216 592 1342 660 hoc
1408 604 1510 660 est
1565 592 1747 677 quod
1800 591 1917 671 ait,
1978 596 2210 678 ltaque
2258 592 2373 677 qui
2432 594 2724 683 percipit

149 702 423 770 corpus
485 693 550 748 et
597 701 717 747 san
780 682 1009 748 uinem
1067 681 1331 750 Domini
1385 679 1694 770 indigne,
1748 680 2095 770 judicium
2149 679 2281 749 sibi
2350 681 2726 751 manducat

148 781 219 839 et
264 768 473 838 bibit.
521 773 644 836 Per
690 703 861 837 iilud
919 791 1119 855 porro
1173 769 1469 860 purgati,
1518 769 1788 859 corpori
1843 769 2135 849 Domini,
2196 768 2554 859 ipsiusque.
2581 771 2726 859 spi-

148 859 296 927 ritu
350 857 672 937 unimur,
731 879 809 926 ac
858 858 1106 927 Christi
1156 881 1414 948 corpus
1458 857 1826 927 efficimur.
1872 858 2076 926 Panis
2111 857 2221 927 hic
2269 858 2595 928 delibatio
2622 871 2724 928 est

147 945 378 1016 futuri
439 946 641 1036 panis
689 946 808 1033 qui
858 945 1552 1036 supersubstantialis
1600 959 1724 1017 est.
1782 946 2134 1032 Siquidem
2185 947 2726 1037 supersubstan—

148 1036 349 1116 tiale,
407 1034 517 1102 vel
565 1034 874 1102 futurum
937 1035 1305 1125 significat,
1373 1035 1501 1104 hoc
1549 1047 1652 1105 est
1704 1057 1947 1125 panem
2014 1034 2228 1104 futuri
2290 1035 2547 1115 seculi,
2623 1036 2724 1104 vel

146 1146 318 1193 eum
375 1123 503 1210 qui
554 1123 637 1191 ad
692 1123 1014 1192 tuendam
1083 1125 1542 1194 substantiam
1610 1140 1913 1193 nostram
1975 1123 2365 1193 adhibetur.
2423 1130 2725 1207 Quamo-

147 1213 359 1282 brem
415 1212 562 1282 sive
613 1213 737 1280 hoc
770 1267 786 1291 ,
852 1212 993 1281 sive
1043 1213 1161 1282 illo
1211 1213 1413 1282 modo
1463 1213 1866 1302 accipiatur,
1919 1234 2173 1302 corpus
2224 1212 2491 1281 Domini
2561 1225 2719 1303 apte

149 1302 466 1371 dicetur.
521 1300 845 1371 vivificus
892 1302 1144 1370 etenim
1197 1303 1482 1392 spiritus
1549 1314 1650 1370 est
1697 1324 1856 1370 caro
1909 1302 2226 1370 Domini:
2278 1301 2724 1389 quandoqui-

151 1391 322 1460 dem
375 1412 463 1458 ex
509 1389 780 1458 vivifico
828 1390 1076 1479 spiritu
1125 1404 1454 1481 concepta
1502 1404 1626 1459 est.
1682 1390 1870 1473 Quod
1924 1390 2106 1458 enim
2150 1412 2228 1459 ex
2293 1390 2542 1479 spiritu
2609 1413 2728 1459 na-

154 1494 310 1549 tum
355 1490 488 1558 est,
525 1477 813 1568 spiritus
859 1492 981 1548 est.
1019 1486 1204 1561 Quae
1255 1493 1482 1548 tamen
1535 1501 1668 1547 non
1705 1501 1783 1548 eo
1818 1502 1856 1547 a
1908 1500 2017 1546 me
2064 1492 2721 1560 commemorantur,

153 1581 235 1638 ut
288 1568 611 1657 corporis
662 1581 978 1637 naturam
1028 1569 1472 1638 submoveam
1553 1592 1632 1637 ac
1667 1567 1751 1635 de
1801 1567 2026 1636 medio
2062 1567 2321 1649 tollam,
2363 1590 2600 1637 verum
2651 1580 2727 1637 ut

158 1657 345 1726 illud
402 1655 756 1724 vivificum
806 1678 954 1725 esse
991 1679 1070 1725 ac
1111 1656 1421 1725 divinum
1472 1655 1858 1726 ostendam.

251 1748 290 1833 ἓ
359 1749 447 1817 S.
503 1744 692 1826 Quod
741 1744 797 1813 si
843 1744 1161 1815 nonnulli
1216 1767 1459 1835 panem
1512 1769 1591 1815 ac
1659 1746 1893 1814 vinum
1949 1743 2263 1834 Corporis
2311 1766 2389 1813 ac
2431 1745 2725 1845 Sangui-

162 1834 280 1903 nis
339 1833 613 1902 Domini
662 1832 960 1923 figuram
1008 1856 1156 1903 esse
1205 1834 1546 1912 dixerunt,
1582 1833 2168 1921 quemadmodum
2230 1832 2342 1905 ille
2389 1832 2723 1904 divinitus

165 1923 455 1992 afflatus
506 1921 823 2002 Basilius,
880 1945 1011 1991 non
1056 1922 1183 1992 hoc
1218 1935 1370 2012 post
1415 1922 1997 1991 consecrationem
2051 1922 2394 2002 dixerunt,
2433 1921 2547 1991 sed
2601 1944 2728 1990 an-

167 2024 459 2098 tequam
512 2008 764 2079 oblatio
812 2033 891 2080 ea
965 2026 1484 2080 consecraretur
1520 2066 1534 2091 ‚
1609 2013 1735 2080 hoc
1787 2010 2199 2080 vocabulum
2252 2024 2725 2100 usurparunt,

164 2099 624 2189 Participatio
671 2114 899 2167 autem
950 2099 1152 2169 etiam
1187 2100 1315 2170 hoc
1357 2112 1863 2168 sacramentum
1917 2098 2203 2168 dicitur:
2249 2099 2408 2185 quia
2472 2121 2591 2189 per
2644 2100 2729 2168 il-

166 2188 294 2258 lud
333 2188 719 2256 divinitatis
766 2190 937 2257 Jesu
988 2189 1358 2288 participes
1407 2188 1775 2256 efficimur.
1822 2188 2229 2257 Commuuio
2273 2189 2431 2256 item
2466 2211 2505 2257 0
2560 2188 2728 2258 timo

156 2279 325 2368 jure
377 2275 805 2366 appellatur:
861 2277 1024 2363 quia
1075 2300 1193 2366 per
1241 2276 1411 2345 illud
1451 2300 1610 2346 cum
1673 2276 1936 2346 Christo
1970 2277 2460 2345 commercium
2567 2278 2728 2345 abe-

170 2389 359 2445 mUS,
401 2388 481 2433 ac
531 2388 805 2434 carnem
861 2365 1082 2453 ipsius
1114 2380 1177 2435 et
1206 2364 1631 2434 divinitatem
1673 2365 2117 2456 percipimus,
2157 2378 2359 2451 atque
2398 2364 2567 2433 adeo
2604 2388 2726 2434 005

163 2453 351 2524 inter
409 2473 534 2523 nos
599 2456 1204 2524 communicamus
1263 2468 1467 2541 atque
1533 2454 1968 2544 copulamur.
2025 2454 2361 2536 Quoniam
2413 2454 2598 2522 enim
2650 2476 2730 2523 ex

160 2563 307 2613 uno
361 2565 552 2633 pane
603 2544 1140 2636 participamus,
1208 2566 1447 2613 omnes
1496 2565 1719 2613 unum
1771 2542 2012 2613 Christi
2067 2566 2360 2633 corpus,
2426 2556 2491 2611 et
2541 2566 2726 2612 unus

165 2633 493 2723 sanguiS,
546 2646 611 2701 et
660 2633 779 2701 alii
826 2633 1120 2702 aliorum
1185 2633 1495 2702 membra
1560 2631 1945 2713 efficimur,
2002 2632 2386 2720 Christique
2444 2653 2731 2700 concor-

168 2723 370 2811 porei
407 2722 789 2790 existimus.
831 2727 1180 2791 Caeterum
1234 2722 1401 2790 illud
1443 2743 1562 2812 pro
1612 2721 1876 2790 viribus
1925 2743 2314 2803 caveamus
2371 2743 2455 2789 06
2498 2742 2728 2789 sacra-

173 2824 493 2880 mentum
540 2812 668 2879 hoc
717 2811 815 2879 vel
868 2815 955 2881 ab
1005 2812 1365 2880 haereticis
1422 2811 1849 2901 accipiamus
1899 2811 1997 2879 vel
2053 2810 2189 2881 illis
2237 2810 2506 2880 demus.
2558 2809 2726 2899 (No-

175 2898 295 2968 lite
342 2899 530 2967 enim
568 2913 883 2968 sanctum
935 2900 1097 2968 dare
1146 2901 1463 2979 canibuS,
1502 2900 1730 2986 inquit
1782 2901 2134 2979 Dominus,
2176 2922 2299 2969 066
2351 2898 2729 2990 projiciatis

180 2988 598 3078 margaritas
649 3002 904 3057 vestras
961 3002 1118 3057 ante
1191 2992 1505 3080 porcos):
1561 3011 1644 3057 06
1694 2987 1952 3075 alioqui
2000 2999 2064 3057 et
2112 3010 2346 3057 eorum
2399 3009 2727 3067 errorem,

178 3089 246 3144 et
293 3075 966 3154 condemnationem,
1017 3079 1215 3146 nobis
1264 3077 1779 3146 contrahamus.
1819 3083 1981 3146 Nam
2035 3077 2091 3145 si
2142 3078 2425 3146 omnino
2475 3077 2601 3144 hoc
2636 3075 2734 3142 af-

178 3164 314 3232 fert
365 3164 547 3232 istud
599 3179 1133 3244 sacramentum,
1192 3178 1268 3234 ut
1314 3178 1377 3234 et
1427 3167 1713 3246 Christo,
1752 3177 1816 3234 et
1864 3165 2167 3235 aliialiis
2201 3167 2551 3245 uniamur,
2592 3186 2729 3232 000

182 3265 288 3320 est
337 3251 630 3320 dubium
673 3255 839 3339 quin
892 3254 1218 3323 omnibus
1256 3255 1376 3340 qui
1430 3256 1787 3323 uobiscum
1830 3253 1997 3323 illud
2054 3256 2464 3345 percipiunt,
2496 3254 2733 3322 animo

188 3361 272 3439 ac
323 3339 666 3409 voluntate
697 3340 1129 3432 copulemur.
1170 3348 1262 3410 Ex
1297 3342 1643 3412 voluntate
1680 3343 1937 3431 quippe
1971 3344 2365 3434 conjunctio
2397 3344 2561 3411 haec
2595 3342 2731 3410 exi-

185 3440 327 3508 stit,
377 3448 512 3496 non
561 3441 787 3498 autem
839 3431 1003 3498 citra
1057 3431 1291 3499 animo
1343 3433 1554 3500 nostri
1603 3432 2036 3500 sententiam.
2095 3437 2345 3501 Omnes
2391 3432 2603 3511 enim,
2660 3440 2736 3499 ut

185 3516 486 3608 Apostoli
530 3518 754 3587 verbis
802 3533 980 3600 utar,
1016 3542 1236 3587 unum
1287 3543 1541 3611 corpus
1590 3542 1860 3599 sumus,
1912 3520 2242 3606 quoniam
2278 3543 2354 3588 ex
2388 3541 2524 3588 uno
2560 3541 2735 3608 pane

188 3606 717 3696 participamus.
765 3608 1052 3698 Figurae
1104 3630 1303 3698 porro
1355 3631 1582 3677 rerum
1635 3608 2027 3677 futurarum
2082 3607 2339 3677 idcirco
2373 3607 2728 3688 dicuntur,

190 3714 326 3763 non
361 3696 542 3781 quod
601 3718 732 3765 non
778 3719 928 3765 vere
961 3720 1214 3797 corpus
1244 3720 1323 3767 ac
1355 3697 1643 3788 sanguis
1678 3696 1924 3766 Christi
1959 3709 2144 3777 sunt,
2182 3697 2295 3766 sed
2335 3697 2516 3784 quod
2551 3718 2737 3765 nunc

190 3784 470 3868 quidem
521 3786 900 3854 divinitatis
950 3787 1196 3856 Christi
1252 3809 1369 3877 per
1415 3809 1494 3855 ea
1549 3786 1914 3876 participes
1944 3784 2355 3868 efficiamur,
2412 3799 2576 3856 tunc
2612 3808 2736 3854 au-

192 3883 329 3942 tem
380 3874 828 3945 intellectuali
869 3876 1097 3958 01000,
1144 3898 1223 3945 ac
1276 3897 1395 3965 per
1444 3875 1668 3946 solum
1721 3887 2102 3966 aspectum.
