3327 4999
143 354 252 422 Ex
299 354 484 422 AUG.
539 350 623 421 ⁴6
951 375 1031 421 nn
1078 377 1134 423 s.
1186 375 1498 424 menovlo
1545 372 1845 423 amscoro
2467 357 2585 422 6⁴⁴

145 460 388 528 aetatis
453 457 815 529 hauriebat
871 458 1210 549 gratiam,
1265 472 1453 530 tanto
1513 459 1786 530 avidius
1857 469 2061 544 atque
2130 456 2503 528 instantius
2565 479 2686 528 cor

140 569 348 617 suum
403 548 855 639 praeparabat
900 547 986 616 ad
1036 549 1491 639 appetendam
1530 548 1886 639 Angelicae
1919 547 2094 616 vitae
2123 546 2678 617 sanctimoniam.

140 637 515 724 Sciensque
559 658 640 705 ex
686 658 803 705 ore
852 636 1145 717 Domini,
1183 637 1680 707 beatitudinem
1711 634 1989 705 videndi
2025 639 2234 707 Deum
2273 636 2683 725 promissam

139 746 292 795 esse
341 724 623 801 mundis
672 726 898 804 corde,
934 725 1021 793 ab
1070 724 1241 817 ipsis
1291 726 1625 817 pueritiae
1672 723 2086 796 rudimentis
2117 744 2190 794 se
2220 722 2486 794 devovit
2517 746 2682 816 ope·-

144 814 340 885 ribus
388 815 795 884 munditiae.
850 813 1096 884 Volens
1134 815 1321 885 enim
1374 816 1643 908 placere
1695 820 1827 885 Deo
1859 818 2156 904 'corpore
2204 826 2269 882 et
2309 813 2580 902 spiritu,
2617 834 2687 882 e-

138 902 302 1003 legit
334 925 607 971 omnem
661 914 949 973 aetatem
999 925 1198 973 suam
1247 926 1448 994 agere
1490 905 1560 974 in
1611 902 2025 995 virginitatis
2053 900 2418 971 coelibatu.
2485 902 2677 972 Sicut

132 1013 320 1062 emm
389 1006 555 1061 testa
620 1014 905 1073 recens,
957 1013 1097 1079 quo
1146 994 1358 1062 semel
1405 1005 1507 1073 est
1553 994 1867 1074 imbuta,
1923 991 2047 1060 diu
2095 1004 2320 1061 servat
2364 988 2673 1060 odorem:

131 1080 226 1149 ita
274 1094 339 1150 et
384 1081 445 1149 ei
497 1080 662 1149 utile
713 1080 933 1149 visum
982 1093 1107 1161 est,
1144 1080 1316 1151 rude
1364 1104 1482 1151 vas
1528 1072 1840 1173 corporis
1889 1080 1998 1153 sui
2046 1092 2282 1170 aptare
2320 1078 2681 1169 quampri-

132 1192 326 1238 mum
389 1169 474 1238 ad
548 1168 1157 1239 sanctificationem
1232 1183 1297 1239 et
1368 1170 1699 1241 honorem
1736 1226 1752 1252 ,
1807 1191 1890 1239 ne
1938 1190 2213 1239 corrum
2268 1179 2500 1238 eretur
2554 1189 2677 1258 per

132 1258 432 1327 carnalis
465 1257 788 1329 desiderii
842 1258 1256 1348 passionem.
1292 1259 1483 1341 Quod
1518 1273 1596 1329 ut
1641 1258 1930 1329 liberius
1977 1271 2043 1328 et
2094 1278 2213 1347 per
2241 1257 2457 1326 ectius
2508 1278 2670 1347 pos-

131 1359 232 1416 set
260 1347 524 1434 exequi,
565 1370 682 1435 per
718 1359 1075 1437 parentum
1127 1346 1551 1418 devotionem
1603 1360 1670 1418 et
1768 1347 2070 1439 ropriam
2108 1346 2520 1415 voluntatem
2557 1368 2669 1415 as-

131 1436 429 1525 sumpsit
498 1436 808 1504 habitum
875 1436 1151 1505 Ordinis
1214 1438 1600 1507 monastici.
1669 1441 1719 1506 U
1773 1437 1795 1505 i
1847 1436 2111 1528 positus
2158 1435 2290 1505 sub
2334 1434 2672 1536 regularis

132 1524 542 1613 disciplinae
576 1524 912 1607 custodia,
950 1546 1161 1610 quam
1198 1540 1554 1595 strenuum
1607 1537 1673 1595 et
1722 1537 2119 1618 promptum
2165 1545 2236 1595 se
2282 1524 2675 1594 exhibuerit

130 1635 295 1714 prae
344 1614 628 1683 caeteris
678 1613 744 1681 in
797 1612 1208 1695 obedientia,
1263 1614 1506 1683 saltem
1553 1636 1632 1684 ex
1684 1615 1809 1685 hoc
1861 1612 2136 1705 probari
2179 1613 2446 1703 poterit,
2488 1611 2674 1700 quod

128 1701 391 1770 mvidia
437 1702 916 1788 coaequalium
965 1725 1251 1772 suorum
1302 1724 1535 1773 carere
1582 1725 1721 1774 non
1768 1702 2023 1794 potuit:
2057 1723 2235 1789 quae
2275 1722 2547 1792 semper
2595 1722 2677 1771 ex

129 1790 426 1860 aliorum
467 1790 771 1891 profectu
809 1804 874 1859 et
922 1791 1143 1881 gloria
1201 1813 1515 1874 nascens,
1555 1791 1623 1861 in
1677 1792 1905 1884 seipsa
1953 1789 2399 1861 contabescit.
2455 1789 2675 1859 Patie-

128 1881 333 1950 batur
370 1901 555 1947 enim
606 1880 785 1948 inter
829 1902 1114 1949 coaevos
1163 1901 1348 1961 suos,
1399 1881 1581 1969 quod
1633 1882 1898 1972 Joseph
1946 1881 2110 1950 olim
2159 1901 2405 1970 passus
2434 1891 2536 1949 est
2573 1878 2678 1946 in-

130 1980 232 2038 ter
278 1967 519 2037 fratres
567 1990 751 2038 suos.
803 1968 1055 2067 Joseph
1125 1968 1456 2058 polymita
1513 1970 1748 2039 tunica
1793 1993 1834 2040 a
1868 1983 2057 2060 patre
2104 1969 2445 2049 donatus,
2484 1979 2549 2036 et
2587 1967 2676 2036 ab

124 2078 205 2125 eo
275 2057 429 2145 plus
477 2057 745 2126 cunctis
795 2056 1122 2127 fratribus
1171 2070 1441 2127 amatus
1473 2114 1488 2140 ,
1549 2059 1713 2145 quia
1761 2059 2048 2128 fratrum
2098 2057 2263 2126 vitia
2321 2057 2668 2146 carpebat,

130 2145 463 2214 invidiam
505 2145 634 2214 sibi
684 2146 1115 2215 conflaverat.
1159 2147 1283 2215 Hic
1313 2148 1542 2228 etiam,
1581 2148 1746 2235 quia
1782 2148 2061 2218 talarem
2100 2145 2534 2236 perfectionis
2563 2156 2674 2215 tu-

131 2234 384 2313 nicam,
425 2249 488 2302 et
519 2234 846 2304 virtutum
899 2235 1124 2303 colore
1161 2236 1486 2305 variatam
1521 2258 1559 2304 a
1606 2241 1733 2306 Deo
1779 2236 2050 2316 meruit,
2086 2233 2483 2320 aequalium
2515 2255 2675 2303 suo-

125 2344 282 2391 rum
337 2323 665 2391 invidiam
716 2324 1015 2414 effugere
1064 2345 1197 2392 non
1254 2324 1493 2413 potuit.
1528 2330 1668 2393 Mos
1715 2339 1817 2394 est
1864 2324 2139 2395 Ordinis
2174 2322 2386 2404 illius,
2421 2344 2672 2414 pueros

126 2409 304 2479 ferre
336 2410 889 2480 hebdomadatim
947 2412 1295 2482 lucernam
1339 2435 1497 2483 cum
1531 2414 1682 2483 luce
1711 2426 1866 2483 ante
1899 2412 2375 2514 paedagogum
2430 2433 2665 2494 suum,

128 2501 410 2586 quando
482 2515 816 2571 nocturno
885 2515 1185 2591 tempore
1245 2502 1503 2571 intrant
1550 2503 1650 2572 vel
1700 2516 1947 2573 exeunt
1992 2517 2394 2573 oratorlum.
2458 2501 2670 2570 Adve-

130 2589 360 2658 niente
392 2611 552 2681 ergo
594 2590 1027 2659 hebdomada
1073 2589 1292 2662 felicis
1344 2592 1562 2680 pueri,
1607 2613 1967 2683 compares
2016 2592 2169 2683 ejus
2228 2590 2668 2659 extinxerunt

126 2677 385 2768 ignem,
438 2701 574 2766 quo
624 2679 914 2750 debebat
964 2680 1243 2749 lucerna
1275 2679 1582 2749 accendi:
1618 2694 1955 2771 optantes,
1991 2693 2067 2750 ut
2108 2679 2348 2762 saltem
2388 2701 2509 2769 pro
2536 2678 2668 2747 hac

120 2767 378 2836 offensa
428 2769 742 2837 sufferret
791 2768 1070 2838 verbera
1121 2770 1455 2856 magistri.
1495 2770 1667 2852 Quid
1712 2783 1942 2860 ageret
1976 2769 2102 2841 sim
2163 2768 2388 2838 licitas
2437 2768 2669 2859 pueri?

120 2856 212 2924 Ad
251 2856 623 2948 officinam,
676 2858 791 2926 ubi
850 2879 930 2926 ex
976 2859 1275 2927 annonis
1321 2862 1501 2945 aqua
1553 2859 1803 2929 infusis
1850 2873 2055 2945 atque
2151 2858 2398 2927 ecoctis
2447 2856 2666 2927 confi-

118 2945 429 3014 ciebatur
476 2946 827 3026 cerevisia,
867 2948 1196 3028 cucurrit,
1242 2960 1307 3016 et
1355 2948 1583 3016 itrnem
1636 2948 1770 3017 sibi
1817 2948 1970 3017 dari
2003 2971 2044 3017 a
2078 2947 2392 3016 ministro
2487 2946 2658 3015 etiit.

124 3033 248 3101 Sed
290 3056 410 3103 nec
441 3035 508 3102 in
545 3036 761 3105 crudo
796 3035 1033 3103 rustici
1071 3048 1337 3125 pectore
1369 3004 1752 3107 diabolicae
1794 3035 2093 3107 invidiae
2123 3035 2387 3105 malitia
2466 3036 2659 3104 efuit.

116 3125 538 3212 Aspernatus
584 3123 768 3192 enim
820 3123 1160 3213 supplicis
1209 3126 1403 3215 pueri
1456 3126 1938 3208 humilitatem,
1985 3125 2261 3227 negavit
2318 3124 2670 3216 porrigere

66 3267 77 3278 .
118 3210 307 3300 ignis
352 3210 682 3288 fomitem.
740 3211 867 3280 Ille
914 3213 1350 3302 angustiatus
1401 3235 1564 3304 prae
1613 3215 1854 3283 timore
1909 3214 2243 3306 magistri,
2305 3234 2566 3305 prunas
2626 3240 2669 3282 a

116 3299 395 3366 camino
444 3299 757 3368 ardentes
819 3299 912 3369 im
967 3301 1148 3370 osuit
1199 3302 1404 3383 vesti,
1457 3314 1522 3372 et
1583 3302 1665 3371 ad
1737 3302 2087 3373 lucernam
2145 3301 2662 3372 accendendam

120 3387 519 3464 recurrebat
555 3410 800 3478 gressu
845 3410 919 3457 ce
951 3389 1072 3458 eri.
1128 3390 1250 3459 Sed
1305 3391 1661 3459 inveniens
1709 3412 1858 3459 eam
1914 3391 2047 3459 'am
2097 3413 2457 3460 accensam
2490 3391 2666 3459 divi-

120 3475 337 3554 nituS,
383 3483 641 3565 prunas
679 3478 978 3546 excussit
1008 3479 1329 3560 vestibus,
1366 3501 1540 3564 quae
1589 3490 1817 3548 tamen
1853 3413 2130 3549 iliaesae
2181 3479 2509 3549 omuibus
2538 3502 2665 3570 ap-

121 3578 526 3654 paruerunt.
599 3565 1035 3656 Paedagogus
1081 3567 1426 3658 geminato
1478 3567 1815 3637 miraculo
1877 3566 2343 3657 stupefactuS,
2388 3566 2658 3637 alumni

115 3675 189 3724 se
248 3653 586 3743 provoluit
633 3655 948 3744 genibus.
1029 3661 1104 3723 Et
1152 3655 1478 3744 deinceps
1551 3655 1821 3725 debitae
1873 3655 2290 3725 venerationi
2340 3655 2645 3737 habituS‚

113 3764 276 3812 cum
327 3764 566 3811 omnes
616 3743 900 3811 anteiret
951 3743 1193 3833 gloria,
1249 3759 1474 3812 tamen
1533 3745 1787 3814 charus
1833 3758 1978 3813 erat
2027 3744 2380 3813 omnibus,

202 3833 240 3917 ξ
299 3837 391 3902 6.
449 3832 558 3902 Vir
604 3846 884 3902 sanctus
930 3833 1095 3919 quia
1152 3833 1394 3903 Christi
1452 3832 1771 3902 sacerdos
1817 3846 1960 3902 erat
2008 3832 2285 3903 futurus
2330 3846 2396 3902 et
2442 3844 2659 3924 caput

113 3930 181 3987 et
227 3919 517 3989 caudam
574 3921 830 3990 hostiae
881 3921 946 3990 in
1000 3922 1415 3991 sacrificium
1481 3923 1588 3991 Dei
1642 3922 1871 3991 offerri
1933 3922 2180 3991 debere
2236 3922 2516 4004 sciebat,
2572 3922 2658 3992 de

115 4007 229 4075 die
278 4008 345 4077 in
388 4009 569 4078 diem
620 4011 705 4080 de
741 4010 982 4079 virtute
1034 4011 1102 4079 in
1155 4012 1472 4080 virtutem
1525 4010 2034 4101 proficiebat,et
2085 4033 2201 4099 per
2245 4010 2500 4081 scalam
2537 4012 2658 4081 bo-

116 4117 363 4165 norum
398 4121 681 4189 operum
740 4099 1079 4200 gradatim
1131 4100 1218 4168 ad
1270 4122 1624 4170 summum
1701 4100 2130 4191 perfectionis
2179 4100 2508 4169 scandere
2563 4101 2669 4169 la-

113 4185 421 4256 borabat.
476 4188 816 4275 Quicquid
866 4189 1048 4258 enim
1103 4188 1169 4256 in
1242 4202 1465 4258 tenera
1518 4201 1733 4259 aetate
1801 4194 1930 4258 Deo
1979 4188 2272 4258 fideliter
2319 4190 2517 4271 vovit,
2590 4189 2661 4259 id

116 4291 504 4364 opportuno
554 4289 855 4367 tempore
904 4279 1260 4347 sinceriter
1306 4278 1527 4347 solvit.
1607 4283 1772 4347 Ante
1843 4278 2078 4348 omnia
2134 4278 2427 4348 castitati
2500 4299 2666 4366 ope-

116 4386 262 4431 ram
314 4365 538 4448 dedit,
593 4367 820 4437 sciens
884 4367 1049 4454 quia
1101 4368 1230 4436 nisi
1295 4367 1633 4437 mundum
1691 4389 1804 4437 vas
1862 4365 2100 4449 fuerit,
2169 4368 2662 4455 quodcumque

122 4451 535 4534 infunditur,
580 4457 853 4528 acescit.
893 4456 1167 4526 Habens
1214 4478 1375 4546 ergo
1424 4457 1852 4547 praecinctos
1900 4457 2174 4529 lumbos
2232 4456 2362 4526 hac
2423 4455 2669 4525 virtute
