3327 4999
633 305 765 370 440
1226 323 1307 370 nn
1356 322 1412 369 s.
1467 319 1831 371 emmanu
1877 322 2051 370 vina.
2103 322 2183 370 nr
2219 275 2427 370 'vinna
2715 302 2964 370 MART.
3026 305 3142 370 22

543 410 866 508 Coeperat
932 418 1079 475 tum
1156 405 1278 475 illa
1342 408 1637 476 vestium
1708 407 2120 497 simplicitas
2176 428 2355 494 quae
2422 405 2808 493 antiquitus
2877 406 2950 473 in
3037 429 3140 476 ea

540 516 821 584 regione
896 506 1160 562 servata
1236 493 1499 575 suerat,
1567 496 1822 564 mutari
1876 496 1943 564 in
2005 495 2260 564 fastum
2313 505 2379 564 et
2427 515 2740 584 pompaS,
2807 494 3137 564 maxime

544 583 730 673 apud
767 582 1070 651 nobiles:
1126 582 1244 650 sed
1295 596 1532 652 sancta
1599 583 1794 673 virgo
1843 583 1911 652 id
1983 606 2205 674 genus
2261 595 2479 654 vestes
2550 581 2888 672 paulatini
2946 605 2988 651 a
3043 604 3136 653 se

544 671 856 750 removit,
912 692 1037 739 nec
1086 670 1251 740 ullis
1285 671 1897 743 obtrectationibus
1943 684 2009 741 et
2067 670 2506 741 irrisionibus
2552 670 2806 739 adduci
2859 671 3125 761 potuit,

544 770 624 829 ut
656 760 743 828 ab
773 758 1162 827 humilitate
1210 770 1275 827 et
1322 758 1551 848 prisca
1611 761 1874 849 patriae
1938 760 2441 829 consuetudine
2489 757 2889 828 discederet.
2943 760 3129 848 Ejus

546 860 779 916 autem
822 845 1134 936 exemplo
1167 860 1514 935 permotae
1564 847 1826 917 multae
1880 848 2167 927 nobiles,
2213 846 2618 918 consodales
2664 857 2729 916 et
2781 861 3128 937 cognatae

548 935 726 1021 ejus,
768 934 1059 1002 vestium
1126 956 1416 1025 pompas
1476 946 1542 1005 et
1588 935 1856 1005 cultum
1914 937 2346 1037 superfluum
2410 934 2833 1025 abjecerunt.
2887 940 2963 1002 In
3027 935 3128 1003 iis

546 1022 678 1092 fuit
728 1022 982 1091 nobilis
1031 1021 1337 1104 domina,
1394 1045 1570 1092 uxor
1608 1023 1853 1104 Caroli,
1906 1045 2111 1110 cujus
2165 1036 2322 1093 ante
2365 1024 2623 1092 mentio
2678 1022 2914 1091 habita
2960 1034 3118 1093 est:

546 1132 726 1198 quae
775 1111 933 1179 licet
980 1109 1178 1178 initio
1244 1112 1688 1201 pertinaciter
1738 1112 1841 1180 illi
1891 1112 2256 1192 resisteret,
2301 1124 2370 1180 at
2431 1123 2662 1201 postea
2728 1111 2799 1178 in
2858 1110 3123 1180 melius

549 1199 757 1268 vitam
807 1198 1278 1267 commutavit.
1315 1203 1480 1269 Cum
1524 1200 1711 1269 enim
1762 1200 1830 1267 in
1870 1198 2389 1269 Chalmarnensi
2437 1199 2609 1268 urbe
2660 1199 2916 1289 pariter
2961 1220 3126 1268 ora-

544 1299 697 1356 rent
731 1298 969 1355 sancta
1019 1286 1384 1356 Catharina
1429 1299 1496 1356 et
1527 1288 1695 1356 haec
1744 1287 1975 1357 fratris
2013 1289 2165 1378 ejus
2211 1288 2463 1378 conjux
2519 1288 2589 1355 in
2644 1286 2895 1356 sacello
2944 1288 3113 1356 bea·-

547 1374 855 1444 tissimae
906 1375 1176 1455 Mariae,
1217 1374 1425 1461 idque
1472 1396 1707 1444 coram
1757 1376 1946 1445 illius
1996 1376 2323 1466 imagine.
2377 1374 2745 1464 paululum
2801 1375 2951 1465 ipsa
2994 1375 3122 1443 ob-

547 1462 895 1543 dormivit,
949 1463 1360 1549 videbatque
1393 1463 1622 1531 divam
1676 1464 2022 1555 Virginem
2072 1464 2329 1532 blando
2386 1463 2590 1533 vultu
2640 1463 3111 1541 Gathar-inam,

552 1573 624 1621 se
674 1572 830 1619 vero
900 1551 1109 1619 torvis
1184 1550 1406 1619 oculis
1454 1550 1789 1621 iracunde
1860 1552 2138 1621 intueri.
2218 1558 2454 1637 Itaque
2503 1550 2799 1620 multum
2852 1550 3060 1619 anxia
3094 1605 3113 1630 ,

547 1660 705 1708 cum
759 1637 1087 1727 lacrymis
1135 1638 1307 1708 dixit
1361 1638 1447 1707 ad
1499 1652 1790 1708 matrem
1824 1640 1962 1709 Dei:
2004 1662 2040 1705 «
2076 1644 2209 1708 Cur
2268 1661 2378 1707 me
2411 1640 2504 1707 ita
2563 1638 2960 1708 terribiliter
3006 1660 3118 1707 re-

548 1726 784 1815 spiciS‚
828 1728 1114 1794 Domina
1162 1728 1399 1795 mea‘?»
1452 1728 1570 1796 Cui
1622 1728 1743 1796 illa
1790 1728 2193 1817 respondit:
2249 1732 2380 1796 «Et
2409 1748 2623 1813 quare
2672 1738 2746 1795 tu
2796 1748 2933 1795 non
2983 1727 3113 1795 ob·-

549 1824 895 1902 temperas
941 1814 1251 1884 consiliis
1293 1814 1466 1883 mihi
1515 1815 1805 1884 dilectae
1864 1816 2310 1885 catharinae?
2361 1816 2430 1883 Si
2481 1828 2552 1884 tu
2600 1815 2750 1903 ejus
2797 1814 3116 1904 exemplo

549 1913 616 1970 et
648 1902 927 1970 monitis
976 1902 1288 1971 habitum
1326 1924 1688 1989 moresque
1713 1915 1867 1972 tuos
1897 1904 2297 1984 correxeris,
2333 1925 2458 1993 ego
2509 1915 2568 1970 te
2606 1924 2881 1989 quoque
2913 1902 3119 1971 blan-

551 1989 730 2058 diter
770 1989 1159 2089 respiciam.
1200 2014 1236 2055 »
1277 1990 1404 2059 Illa
1434 1991 1520 2059 ad
1572 2012 1642 2060 se
1694 2014 1984 2073 reversa,
2040 2013 2176 2060 non
2231 1991 2602 2059 immemor
2630 1991 2795 2077 quid
2834 1990 3120 2060 vidisset

553 2087 621 2146 et
669 2077 1068 2156 audivisset,
1123 2077 1282 2146 ilico
1349 2079 1730 2168 repudiatis
1798 2079 2115 2169 superbis
2181 2080 2472 2148 vestium
2523 2080 2972 2159 ornamentis,
3028 2077 3118 2147 ad

559 2178 838 2235 sanctae
887 2167 1291 2235 catharinae
1323 2168 1633 2257 exempla
1669 2190 1740 2236 se
1772 2169 2185 2257 composuit.
2222 2168 2299 2236 Id
2349 2182 2424 2236 ut
2454 2166 2623 2236 vidit
2648 2167 2938 2236 maritus
2964 2167 3119 2252 ejus

560 2253 843 2323 Carolus
889 2256 1010 2339 qui
1060 2265 1203 2322 tum
1248 2254 1476 2324 adhuc
1518 2267 1699 2324 totus
1746 2267 1891 2325 erat
1938 2256 2203 2325 mundo
2236 2255 2534 2335 deditus,
2562 2256 2833 2323 turbato
2880 2255 3119 2323 animo

559 2341 730 2410 dixit
778 2342 995 2411 sorori
1031 2364 1195 2411 suae
1243 2343 1684 2412 Catharinae:
1739 2365 1774 2410 «
1825 2348 1969 2413 Non
2017 2355 2121 2413 sat
2166 2355 2332 2425 erat,
2405 2353 2480 2412 ut
2521 2356 2582 2411 te
2617 2343 2818 2413 nobis
2873 2362 3122 2411 mona-

553 2430 759 2499 cham
808 2430 1187 2506 exhiberes,
1243 2430 1380 2501 nisi
1411 2453 1634 2501 meam
1673 2453 1950 2519 quoque
1997 2432 2362 2522 conjugem
2413 2430 2537 2498 tibi
2587 2430 3002 2522 adjungeres
3049 2440 3118 2499 et

551 2519 881 2589 omnibus
941 2519 1297 2588 ridendam
1376 2521 1867 2620 propinares‘b
1921 2526 1998 2589 At
2046 2534 2282 2590 sancta
2342 2521 2533 2608 virgo
2590 2542 2807 2607 aequo
2861 2518 3122 2588 ferebat

552 2607 787 2675 animo
836 2630 874 2675 o
932 2607 1208 2696 probria
1265 2618 1330 2676 et
1397 2609 1792 2677 irrisiones:
1849 2628 2051 2699 porro
2112 2630 2184 2677 se
2233 2607 2504 2676 laudari
2564 2609 2652 2677 ob
2701 2620 2880 2677 recte
2936 2607 3123 2677 sacta

554 2694 840 2764 moleste
902 2695 1153 2775 erebat,
1220 2696 1569 2764 obtestans
1608 2718 1723 2766 eos
1769 2697 1891 2782 qui
1942 2697 2164 2786 ipsam
2231 2695 2632 2776 laudabant,
2690 2718 2776 2764 ne
2809 2695 2876 2764 id
2931 2694 3120 2765 face-

551 2794 745 2851 rent:
799 2782 1015 2851 immo
1065 2782 1440 2852 familiares
1474 2805 1638 2853 suos
1686 2786 1807 2870 qui
1841 2797 2255 2854 secretorum
2308 2785 2458 2873 ejus
2504 2796 2699 2853 erant
2749 2783 3011 2854 conscii
3052 2793 3122 2852 et

553 2892 706 2939 eam
758 2892 882 2960 pro
931 2882 1197 2938 servata
1247 2870 1315 2937 in
1366 2871 1811 2940 matrimonio
1841 2872 2174 2962 pudicitia
2225 2870 2548 2962 virginali
2599 2871 2864 2941 felicem
2916 2892 3120 2961 prae-

554 2958 904 3035 dicabant,
946 2978 1104 3026 cum
1161 2956 1486 3045 lacrymis
1536 2960 1940 3048 saepissime
1987 2960 2420 3050 objurgabat,
2473 2972 2675 3046 atque
2733 2959 2938 3028 etiam
2997 2959 3121 3028 ad-

544 3044 853 3135 jurabat,
907 3066 992 3112 ne
1041 3043 1304 3131 aliquid
1340 3046 1685 3132 ejusmodi
1736 3047 2064 3138 deinceps
2112 3048 2442 3116 dicerent.

643 3134 681 3218 §
745 3137 839 3202 6.
906 3138 1047 3201 Non
1108 3132 1405 3201 multum
1477 3134 1865 3204 intercessit
1935 3136 2265 3225 temporis
2312 3137 2399 3204 ab
2455 3135 2624 3204 inito
2672 3134 3017 3225 conjugi0,
3050 3144 3121 3203 et

558 3233 751 3309 pater
797 3219 949 3308 ejus
996 3219 1325 3290 dominus
1401 3221 1622 3312 Ulpho
1702 3223 2214 3304 Gudmarsson,
2277 3224 2582 3292 Nericiae
2642 3224 2990 3313 princeps,
3044 3223 3118 3291 in

557 3318 907 3377 senectute
957 3308 1137 3376 bona
1204 3308 1623 3390 defunctuS‚
1703 3311 1773 3378 in
1824 3311 2153 3381 coenobio
2223 3310 2526 3380 Alvastra
2582 3310 2961 3379 honorifice
3006 3322 3119 3379 tu-

557 3395 867 3465 mulatus
930 3407 1054 3465 est.
1124 3401 1215 3466 Eo
1264 3411 1557 3479 mortu0,
1597 3411 1836 3469 sancta
1888 3399 2171 3489 Birgitta
2218 3400 2471 3489 conjux
2530 3400 2681 3469 e'us
2712 3455 2727 3480 ‚
2780 3398 3117 3468 divinitus

546 3482 781 3570 jussa,
836 3489 1121 3552 Romam
1166 3485 1374 3553 abiit:
1428 3508 1729 3572 cumque
1793 3487 2057 3556 solicita
2106 3499 2283 3556 esset
2337 3509 2463 3577 pro
2521 3509 2558 3555 o
2618 3487 2895 3556 tinenda
2948 3508 3118 3556 suae

555 3571 1135 3669 peregrinationis
1183 3572 1369 3641 fideli
1406 3574 1615 3656 socia,
1670 3596 1846 3661 quae
1878 3597 2028 3644 eam
2081 3575 2149 3643 in
2203 3576 2496 3665 negotiis
2543 3575 2781 3643 arduis
2813 3573 3116 3642 familia-

556 3679 708 3728 r1us
756 3660 1134 3749 adiuvaret,
1171 3681 1207 3727 a
1245 3661 1508 3730 Christo
1548 3663 1751 3752 jussa
1783 3674 1884 3732 est
1913 3662 2094 3732 bono
2123 3684 2272 3732 esse
2322 3663 2592 3731 animo:
2646 3663 2876 3752 ipsum
2927 3662 3116 3730 enim

551 3758 985 3829 curaturum,
1024 3760 1101 3816 ut
1149 3747 1288 3818 fida
1339 3751 1673 3839 potiretur
1719 3750 2056 3841 adjutrice
2102 3772 2310 3837 quam
2371 3751 2576 3820 etiam
2616 3750 2899 3840 speciali
2950 3771 3116 3820 suae

552 3833 1057 3906 benedictionis
1105 3836 1324 3925 gratia
1383 3850 1562 3906 esset
1616 3849 2140 3928 praeventurus.
2206 3843 2444 3924 Itaque
2510 3860 2667 3907 cum
2710 3839 2856 3928 jam
2908 3837 3118 3924 quin—

552 3922 940 4008 quennium
987 3923 1124 3992 fere
1164 3926 1648 4014 praeteriisset,
1707 3940 2071 4016 postquam
2141 3931 2207 3995 S.
2261 3927 2373 3994 Bir
2426 3926 2544 3995 itta
2589 3948 2626 3994 e
2674 3925 2928 3994 Suedia
2984 3931 3116 3995 Ro-

553 4030 740 4079 mam
775 4022 1073 4091 venerat,
1120 4012 1514 4082 incredibili
1563 4019 1849 4084 Romam
1893 4014 2196 4084 adeundi
2229 4014 2370 4085 desi
2426 4015 2567 4083 erio
2602 4013 2844 4083 ardere
2889 4015 3113 4105 coepit

555 4098 924 4170 catharina
980 4097 1125 4168 filia
1186 4100 1358 4188 ejus.
1440 4106 1573 4171 Nec
1623 4100 1926 4172 latebant
1984 4102 2378 4193 Eghardum
2432 4102 2582 4190 ejus
2630 4101 2928 4193 suspiria
2988 4102 3116 4171 im-

554 4205 821 4266 mensa,
862 4209 1286 4275 causamque
1334 4189 1432 4258 rei
1482 4190 1801 4259 insolitae
1846 4212 1926 4260 ex
1965 4212 2042 4260 ea
2073 4191 2475 4270 sciscitanti,
2515 4212 2649 4260 non
2694 4190 2969 4260 reticuit
2998 4194 3116 4260 Ca-

551 4273 832 4372 tharina
879 4275 1047 4361 quid
1080 4277 1315 4345 animo
1364 4278 1675 4368 agitaret.
1730 4278 1854 4347 Ille
1883 4300 2041 4348 vero
2076 4280 2300 4350 sciens
2327 4279 2543 4347 animi
2591 4279 2743 4368 ejus
2792 4291 3114 4348 constan-

553 4372 745 4450 tlam,
799 4383 950 4431 eam
1003 4363 1337 4436 divinitus
1387 4367 1745 4456 perurgeri
1792 4367 2250 4450 existimabat,
2303 4388 2429 4436 nec
2476 4389 2693 4439 ausus
2754 4366 2885 4437 fuit
2929 4367 2992 4435 ei
3042 4388 3114 4436 se
