3327 4999
723 338 852 404 696
1163 357 1241 404 ηις
1286 357 1345 403 a.
1396 355 1627 404 ucoao
1675 325 2023 407 nummio
2055 357 2200 406 onn.
2253 354 2621 406 ranulam.
2691 336 2800 404 EX
2845 337 3025 404 OCT.
3087 331 3164 403 ¹1¹!

642 461 906 512 memor
949 454 1146 512 esset.
1185 448 1316 511 Nec
1364 441 1773 531 promissam
1826 441 1940 512 ille
1988 465 2028 512 0
2080 465 2185 511 ern
2236 441 2528 511 distulit:
2558 462 2719 511 nam
2759 440 3184 531 priusquam

642 531 803 601 inde
849 531 1262 611 abscederet,
1320 551 1465 600 sese
1510 530 1663 600 diro
1711 554 1993 622 prorsus
2069 534 2404 602 iberatum
2441 532 2681 601 morbo
2711 531 2949 600 sensit.
2986 529 3186 599 Obiit

640 632 868 690 autem
916 621 1159 691 beatus
1203 621 1500 690 Iacobus
1549 641 1731 690 anno
1778 622 1866 691 ab
1935 621 2234 691 adventu
2282 620 2531 691 Christi
2577 619 2947 700 millesimo
2991 641 3188 706 qua—

640 710 1179 799 dringentesimo
1227 710 1673 799 nonagesimo
1720 711 1965 800 primo,
2017 711 2260 797 quinto
2307 710 2472 780 Idus
2518 709 2830 780 Octobris
2871 710 3004 797 (a).

727 801 764 884 ,ξ
809 804 951 871 15.
1005 798 1241 868 Statim
1291 809 1517 867 autem
1578 821 1700 889 per
1764 811 1968 869 totam
2019 802 2262 870 urbem
2318 799 2463 868 visa
2508 810 2611 869 est
2654 820 2781 869 vox
2828 797 3192 867 divinitus

639 886 960 969 diffundi,
1011 909 1187 975 quae
1234 899 1519 957 cunctos
1566 899 1895 969 moneret,
1941 900 2016 959 ut
2062 889 2120 958 si
2170 898 2483 960 sanctum
2537 888 2787 969 virum,
2825 886 2946 975 qui
2975 887 3170 957 obis-

643 988 763 1056 set,
819 998 1095 1046 cernere
1140 976 1409 1058 vellent,
1462 978 1789 1047 continuo
1836 978 1921 1047 ad
1961 977 2199 1047 aedem
2238 977 2376 1045 divi
2413 977 2750 1047 Dominici
2795 997 3169 1047 concurre-

642 1074 816 1134 rent.
870 1071 1168 1157 Repente
1205 1078 1433 1135 autem
1483 1077 1614 1135 tota
1654 1067 1985 1137 confluxit
2008 1067 2269 1146 civitas,
2305 1088 2514 1153 seque
2546 1066 2811 1136 felicem
2856 1065 3163 1156 putabat,

641 1155 1064 1243 quicumque
1101 1177 1373 1226 sacrum
1422 1154 1713 1225 cadaver
1757 1169 1984 1247 posset
2031 1157 2445 1246 contingere.
2480 1155 2756 1225 Puellus
2805 1155 2902 1224 ibi
2948 1173 3170 1224 anto-

643 1264 795 1318 num
845 1244 1081 1323 trium,
1133 1244 1253 1332 qui
1294 1264 1419 1313 nec
1467 1243 1688 1315 firmis
1717 1246 1944 1315 adhuc
1977 1245 2330 1337 gressibus
2375 1245 2771 1325 consistere,
2810 1265 2937 1313 nec
2967 1241 3164 1328 loqui

642 1343 953 1424 poterat,
1017 1354 1136 1423 per
1180 1332 1552 1404 confertam
1604 1334 2144 1416 multitudinem,
2195 1347 2262 1403 et
2306 1355 2429 1436 per
2477 1334 2741 1404 medios
2786 1332 3165 1434 psallentes

645 1433 870 1512 patres
917 1421 1003 1492 ad
1052 1435 1369 1493 sanctum
1416 1422 1706 1493 cadaver
1769 1424 2101 1494 divinitus
2146 1435 2382 1493 evaslt:
2435 1445 2734 1510 cumque
2780 1422 2955 1492 illud
2987 1431 3160 1490 ‘tetl-

644 1511 894 1601 gisset,
971 1513 1408 1604 stupentibus
1465 1513 1831 1594 omnibus,
1905 1526 1968 1584 et
2017 1512 2307 1582 firmiter
2351 1512 2589 1614 gradi,
2642 1524 2707 1581 et
2753 1521 2934 1581 recte
2973 1508 3166 1596 loqui

642 1601 886 1691 coepit:
939 1600 1361 1689 domumque
1405 1601 1744 1691 profectus
1790 1614 2176 1693 stupentem
2228 1613 2520 1671 novitate
2560 1602 2657 1670 rei
2703 1614 2983 1670 matren
3011 1599 3166 1667 -ad-

648 1690 964 1771 monuit,
1013 1702 1093 1760 ut
1137 1690 1219 1760 ad
1291 1692 1525 1760 aedem
1574 1690 1716 1760 divi
1784 1691 2119 1761 Dominici
2168 1703 2603 1782 properaret,
2655 1702 2721 1760 et
2765 1688 2979 1760 sanc-ti
3034 1687 3166 1756 viri

644 1801 897 1869 corpus
938 1779 1181 1849 viseret
1228 1802 1384 1849 mox
1433 1779 1931 1870 sepeliendum.
1971 1779 2356 1850 Praefectus
2387 1802 2544 1849 vero
2576 1777 2964 1850 monasterii
2994 1799 3167 1846 cum

645 1869 929 1939 caeteris
979 1869 1312 1959 patribuS,
1350 1891 1508 1939 cum
1558 1892 1718 1939 eum
1761 1869 2098 1960 sepulturi
2144 1880 2392 1950 essent,
2427 1869 2780 1939 communi
2830 1867 3169 1939 sententia

646 1956 913 2027 diverso
961 1957 1030 2026 in
1082 1958 1229 2027 loco
1277 1958 1565 2050 sepelire
1612 1958 2080 2041 decreverunt,
2136 1980 2220 2028 ne
2267 1958 2549 2028 caeteris
2595 1958 3162 2026 commisceretur

645 2046 1117 2116 cadaveribus:
1170 2068 1329 2116 cum
1396 2048 1495 2117 sic
1543 2047 1921 2119 multorum
1956 2104 1971 2128 ,
2023 2048 2143 2134 qui
2204 2069 2361 2117 cum
2413 2046 2790 2116 sanctitatis
2834 2045 3165 2136 opinione

644 2135 1119 2214 decessissent,
1166 2135 1613 2226 permixtione
1659 2149 1724 2207 et
1768 2135 2170 2207 confusione
2217 2137 2651 2217 cadaverum,
2687 2134 3015 2204 memoria
3048 2155 3169 2224 pe-

644 2225 891 2295 riisset.
940 2225 1314 2315 Separatim
1342 2225 1567 2316 igitur
1624 2248 1781 2296 eum
1833 2226 1903 2295 in
1954 2227 2108 2296 loco
2154 2225 2606 2305 tumularunt,
2658 2222 2835 2312 quod
2871 2246 3164 2314 parvum

645 2313 1035 2404 Capitulum
1087 2313 1459 2404 appellant:
1506 2337 1630 2385 nec
1661 2315 1757 2385 ibi
1790 2315 1912 2408 diu
1947 2315 2272 2406 perstitit..
2312 2320 2476 2385 Nam
2519 2336 2679 2384 cum
2738 2311 3166 2383 incredibilis

645 2403 953 2491 quotidie
1001 2404 1224 2495 magis
1272 2403 1458 2473 fieret
1496 2404 1580 2474 ad
1616 2406 1766 2496 ejus
1800 2405 2193 2494 sepulcrum
2226 2404 2461 2495 populi
2493 2425 2871 2474 concursus
2902 2401 3164 2471 utrius-

643 2516 778 2581 que
827 2516 1052 2574 sexus,
1097 2508 1161 2563 et
1208 2492 1559 2564 insolitum
1608 2506 1786 2564 esset
1832 2517 1910 2564 ac
1959 2495 2308 2576 indecenS,
2343 2491 2677 2564 foeminas
2703 2492 2786 2563 ad
2818 2514 2968 2561 eam
3056 2514 3162 2562 ar·

645 2595 775 2652 tem
830 2583 1227 2653 monasterii
1273 2583 1563 2675 ingredi,
1616 2585 1737 2654 ubi
1790 2585 2099 2675 sepultus
2128 2597 2295 2654 erat:
2338 2605 2608 2654 necesse
2637 2583 2764 2652 fuit
2798 2596 2950 2673 post
3031 2583 3158 2651 iem

643 2685 983 2752 octavum,
1040 2673 1469 2763 permittente
1508 2674 1575 2743 id
1617 2674 2022 2744 Bononiensi
2074 2674 2403 2755 Antistite,
2442 2673 2514 2742 in
2546 2671 2904 2743 ecclesiam
2934 2685 3163 2740 trans·-

642 2762 838 2842 ferre,
891 2775 958 2831 et
1001 2762 1085 2829 ad
1136 2784 1323 2831 aram
1374 2762 1515 2831 divi
1579 2763 1874 2833 Thomae
1921 2762 2227 2853 sepelire,
2285 2763 2384 2832 sic
2430 2763 2775 2852 integrum
2824 2773 2891 2830 et
2935 2761 3162 2829 incor-

644 2863 950 2942 ruptum,
1004 2873 1082 2920 ac
1130 2851 1187 2921 si
1235 2862 1398 2921 tunc
1460 2851 1761 2941 primum
1811 2852 2204 2952 expirasset.
2263 2852 2388 2922 Ubi
2436 2872 2592 2920 vero
2640 2849 2954 2950 sepultus
3001 2850 3153 2927 suit,

643 2962 817 3032 pene
864 2939 1134 3008 infinita
1183 2953 1413 3009 secuta
1443 2953 1606 3010 sunt
1635 2940 1973 3031 prodigia,
2013 2962 2310 3028 quorum
2349 2952 2610 3031 partem
2641 2939 2945 3026 aliquam
2977 2960 3163 3009 com-

644 3028 1207 3098 memorabimus.

729 3120 765 3204 §
811 3122 961 3189 16.
1002 3116 1305 3199 ¹Quidam
1357 3117 1805 3187 Bononiensis
1853 3130 2188 3188 mercator
2220 3118 2447 3188 filium‘
2476 3117 2772 3187 habebat
2800 3115 3155 3197 infantem,

641 3217 876 3295 utpote
946 3205 1399 3276 anniculum:
1452 3206 1571 3293 qui
1632 3229 1790 3276 cum
1858 3208 2259 3298 gravissime
2306 3220 2766 3299 aegrotasset,
2820 3207 3165 3297 expirasse

640 3295 1035 3397 putabatur:
1090 3294 1360 3365 nullum
1409 3296 1593 3364 enim
1635 3296 1704 3365 in
1746 3318 1824 3367 eo
1872 3298 2046 3366 vitae
2094 3297 2371 3388 signum
2419 3296 2816 3388 apparebat.
2849 3300 3163 3365 Parentes

641 3384 854 3475 igitur
925 3385 1406 3467 moestissimi,
1459 3384 1932 3477 confugientes
1989 3387 2070 3455 ad
2136 3408 2336 3477 opem
2385 3386 2564 3457 beati
2608 3383 2858 3455 Jacobi
2894 3440 2909 3466 ,
2961 3386 3161 3474 cujus

644 3473 848 3544 modo
895 3473 1168 3543 extincti
1220 3473 1398 3543 fama
1450 3475 1828 3546 sanctitatis
1886 3487 2030 3545 erat
2075 3475 2407 3557 celebris,
2461 3486 2829 3554 voverunt,
2886 3474 2943 3543 si
3046 3494 3164 3543 uer

644 3563 1013 3645 revixisset,
1059 3563 1235 3633 beati
1285 3585 1357 3633 se
1401 3566 1665 3646 Jacobi,
1717 3564 1846 3635 hoc
1891 3577 2014 3646 est,
2069 3565 2616 3635 Praedicatorum
2670 3564 2918 3633 vestitu
2966 3563 2983 3630 i
3023 3563 3162 3632 lum

641 3652 1032 3722 induturOS.
1110 3654 1443 3723 Continuo
1489 3654 1703 3744 igitur
1745 3654 1984 3724 oculos
2031 3653 2258 3723 infans
2304 3654 2612 3745 aperuit,
2668 3665 2872 3741 atque
2917 3674 3165 3722 conva-

641 3742 816 3811 luit:
871 3741 1256 3829 tabellaque
1329 3742 1410 3811 ad
1474 3742 1870 3833 sepulcrum
1923 3743 2101 3812 beati
2147 3744 2382 3813 Jacobi
2445 3764 2751 3834 appensa
2797 3752 2946 3821 est,
3002 3762 3161 3811 cum

640 3831 1089 3921 inscriptione
1137 3831 1287 3901 tali:
1342 3831 1464 3900 Hic
1523 3854 1696 3922 puer
1731 3832 2068 3902 extinctus
2113 3845 2288 3912 erat,
2351 3832 2465 3901 sed
2522 3832 2780 3901 meritis
2827 3830 3008 3900 beati
3056 3836 3166 3900 Ja-

641 3920 794 3989 cobi
846 3920 1103 3989 revixit.
1145 3920 1384 3989 Mulier
1428 3920 1764 4006 quaedam
1814 3921 2169 4012 desperata
2208 3921 2355 4011 Jam
2414 3920 2655 4003 salute,
2707 3933 2772 3991 et
2820 3941 3017 3989 sacro
3062 3919 3164 3987 in·-

643 4020 850 4078 uncta
897 4008 1044 4078 oleo
1094 4009 1476 4079 Christiano
1525 4032 1735 4090 more,
1789 4032 1942 4080 mox
1989 4010 2294 4080 animam
2336 4009 2736 4080 exhalatura
2776 4009 3156 4079 videbatur.

638 4097 1014 4187 Propinqui
1061 4098 1234 4187 ejus,
1288 4099 1465 4168 beati
1513 4099 1745 4169 Jacobi
1793 4119 1989 4190 opem
2042 4099 2134 4167 im
2192 4099 2524 4181 lorarunt‚
2560 4112 2624 4168 et
2656 4099 2829 4168 mira
2862 4118 2970 4167 res
3003 4119 3162 4168 con-

641 4187 833 4256 tinuo
882 4198 1114 4255 secuta
1159 4200 1282 4258 est.
1336 4192 1501 4257 Nam
1549 4210 1725 4275 quae
1773 4187 1956 4276 loqui
2009 4210 2144 4278 pau
2176 4201 2375 4259 oante
2423 4211 2558 4258 non
2668 4200 2903 4268 oterat,
2958 4199 3163 4278 caput

637 4275 898 4346 extulit:
950 4286 1036 4356 et,
1092 4280 1245 4357 Dee,
1284 4276 1529 4363 inquit,
1621 4277 1828 4347 ratias
1876 4300 1913 4345 a
1965 4298 2027 4358 0,
2081 4278 2202 4365 qui
2247 4278 2426 4347 beati
2458 4283 2622 4347 Jaco
2675 4277 2696 4344 i
2743 4276 3009 4346 meritis
3060 4297 3160 4343 me

641 4388 681 4433 a
729 4376 944 4434 morte
990 4366 1346 4435 revocavit.
1402 4366 1514 4434 Vir
1558 4389 1594 4436 c
1626 4389 1790 4436 arus
1821 4300 1980 4448 viti,
2034 4367 2248 4441 literis
2284 4379 2350 4436 et
2387 4366 2714 4457 religione
2748 4371 3161 4455 Jeronymus

693 4487 751 4539 (a)
780 4489 1061 4537 Virtutibus,
1081 4489 1348 4535 sanctitate.
1363 4489 1605 4530 nih-aculis
1624 4490 1718 4531 rite
1741 4490 2010 4541 recognitis.
2026 4491 2123 4532 Leo
2142 4492 2221 4541 Pp.
2239 4490 2322 4531 ΧΠ
2340 4489 2465 4531 huuc
2483 4488 2734 4530 Bettorum
2754 4489 2888 4529 cultu
2905 4486 3160 4538 insignivit.
