3327 4999
703 334 831 399 752
1384 353 1462 398 nn
1506 352 1596 400 ss.
1657 351 1828 399 ΜΕΝΑ
1876 351 1949 397 ΕΤ
2003 349 2201 399 sociis
2250 351 2363 399 mx.
2693 332 2799 398 EX
2851 332 3033 398 DEC.
3087 334 3163 398 lo

616 453 695 501 ex
727 436 1001 511 Senatu,
1040 430 1321 500 nomine
1355 432 1730 513 Rusticius,
1766 431 2021 500 civitati
2065 430 2382 500 invidens
2410 442 2476 500 et
2499 429 2696 501 nobis
2724 429 3155 504 Christianis:

617 532 682 590 et
728 518 936 590 simul
987 519 1407 601 ebrietatem,
1441 542 1580 607 qua
1607 519 1712 589 uti
1759 519 2071 590 solebant
2099 520 2184 588 ad
2219 541 2400 600 aras,
2443 529 2509 589 et
2540 518 2881 606 reliquam
2917 520 3162 591 intern-

620 609 1001 698 perantiam
1049 606 1271 699 pluris
1318 607 1600 688 faciens,
1661 629 1874 695 quam
1924 629 2075 678 eam
2124 629 2301 695 quae
2347 619 2450 678 est
2497 607 2684 697 apud
2735 608 3159 680 Christianos

618 696 1104 768 abstinentiam
1153 707 1218 765 et
1267 696 1830 777 moderationem,
1885 697 1977 766 ita
2022 709 2099 766 ut
2145 709 2290 767 erat
2346 697 2451 766 ira
2507 696 2848 787 percitus,
2911 720 3022 768 ma
3081 720 3162 767 na

618 786 961 856 celeritate
994 806 1283 854 currens
1322 785 1408 855 ad
1444 791 1960 876 Imperatorem,
2013 786 2256 875 paucis
2307 796 2541 854 narrat
2587 786 2864 855 omnia:
2923 808 2961 852 «
2992 793 3040 856 A
3090 809 3161 856 o-

619 875 819 944 litum
869 884 991 954 est,
1047 873 1308 954 dicens,
1340 895 1545 942 omne
1593 874 2049 944 sacrificium:
2103 874 2522 958 contumelia
2568 887 2667 943 est
2723 874 2969 944 affecta
3003 875 3161 946 deo·

619 986 774 1032 rum
814 961 1362 1053 magnificentia:
1415 984 1648 1034 eversa
1697 974 1859 1032 sunt
1890 974 2018 1031 tem
2079 962 2179 1032 la:
2232 963 2462 1032 diruta
2512 974 2674 1032 sunt
2718 963 2959 1052 omnia
3008 964 3161 1034 deo-

617 1074 773 1122 rum
821 1050 1110 1121 altaria:
1189 1062 1253 1121 et
1318 1050 1404 1120 ad
1482 1073 1879 1132 summam,
1949 1072 2019 1120 re
2051 1063 2150 1121 ert
2211 1052 2499 1123 deorum
2562 1051 2975 1121 deletionem
3015 1108 3030 1134 ,
3098 1066 3158 1122 et

618 1139 939 1210 Praefecti
1012 1140 1507 1210 mutationem:
1575 1153 1637 1209 et
1702 1141 1886 1226 quod
1950 1138 2330 1210 Praefectus
2398 1145 2883 1231 Hermogenes,
2943 1152 3160 1211 vetere

616 1227 1089 1298 benevolentia
1135 1240 1199 1298 et
1247 1228 1440 1298 lucro
1488 1229 1674 1298 civili
1723 1229 2049 1299 inductus
2075 1230 2161 1298 ab
2194 1229 2551 1316 eloquente
2583 1234 2797 1312 Mena,
2837 1229 3160 1301 universo

616 1317 755 1387 fere
786 1317 1128 1407 persuasit
1176 1316 1490 1407 imperiO,
1529 1329 1605 1387 ut
1651 1317 2028 1387 declinaret
2071 1317 2161 1387 ad
2196 1317 2648 1387 Crucifixum:
2702 1330 2768 1387 et
2804 1318 2956 1408 jam
3006 1319 3158 1407 qui-

615 1405 772 1475 dem
806 1404 1066 1491 ubique
1104 1427 1344 1475 secure
1377 1406 1704 1475 adoratur
1737 1405 2087 1475 Christus:
2138 1427 2299 1476 eum
2331 1418 2560 1477 autem
2602 1418 2839 1478 secuta
2885 1417 2991 1476 est
3027 1419 3160 1477 tota

615 1493 1105 1564 Alexandria.»
1167 1498 1348 1563 Haec
1396 1516 1559 1564 cum
1613 1494 1919 1576 dixisset,
1974 1493 2062 1565 ut
2119 1516 2279 1565 eum
2333 1493 2555 1585 magis
2624 1508 3025 1584 provocaret
3073 1497 3156 1566 ad

615 1581 1076 1664 iracundiam,
1111 1593 1177 1652 et
1223 1582 1309 1651 ad
1407 1604 1616 1654 oenas
1667 1583 1753 1653 de
1801 1583 2206 1652 Christianis
2259 1582 2635 1654 sumendas
2681 1584 2916 1655 acrius
2966 1584 3155 1655 irita-

615 1682 737 1753 ret,
790 1670 1062 1761 adjicit:
1118 1671 1318 1740 «Nisi
1417 1693 1497 1742 oc
1545 1671 1670 1742 tibi
1720 1692 2011 1763 magnae
2059 1671 2542 1753 fueritcurae,
2577 1684 2641 1741 et
2689 1694 2728 1741 a
2770 1684 2833 1742 te
2870 1672 3156 1759 quidem

615 1770 1006 1830 evertantur
1036 1781 1143 1829 res
1173 1758 1744 1841 Christianorum,
1800 1760 1867 1829 in
1921 1760 2289 1850 pristinum
2316 1781 2473 1831 vero
2504 1771 2758 1830 statum
2787 1760 3156 1830 restituan-

617 1860 729 1918 tur
775 1869 884 1918 res
942 1846 1230 1916 deorum
1266 1902 1282 1928 ,
1354 1848 1496 1918 scio
1556 1848 1701 1918 fore
1731 1903 1746 1929 ,
1808 1860 1887 1918 ut
1947 1860 2146 1919 tuum
2193 1847 2475 1937 quidem
2524 1848 2902 1939 imperium
2969 1849 3159 1920 citis-

619 1937 791 2095 sifine
855 1946 1241 2006 evertatur:
1322 1936 1769 2007 confirmetur
1844 1948 2075 2007 autem
2142 1958 2436 2028 regnum
2501 1936 2653 2026 ejus
2711 1937 2833 2025 qui
2902 1936 3159 2010 dicitur

618 2030 661 2095 C
720 2025 951 2095 ristus.
988 2047 1024 2090 »

704 2116 741 2201 ἓ
809 2118 963 2186 ²5.
1017 2116 1158 2182 Hoc
1205 2134 1364 2182 cum
1399 2113 1774 2184 audivisset
1823 2114 2260 2199 MaximinuS,
2298 2114 2440 2184 fore
2486 2114 2794 2203 quidem,
2833 2125 2914 2184 ut
2952 2135 3158 2185 suum

614 2213 962 2273 corrueret
1007 2200 1378 2291 imperium
1412 2256 1428 2283 ,
1482 2201 1731 2273 Christi
1778 2214 2010 2273 autem
2058 2224 2350 2294 regnum
2399 2203 2825 2294 erigeretur:
2879 2201 3160 2272 laudato

615 2289 896 2378 quidem
955 2300 1021 2359 et
1078 2289 1409 2360 honorato
1466 2290 1774 2362 Rusticio
1837 2301 2114 2382 propter
2158 2292 2311 2381 ejus
2359 2291 2429 2360 in
2480 2291 2714 2382 ipsum
2761 2303 2829 2362 et
2873 2290 2948 2360 in
2997 2290 3160 2362 deos

615 2377 1184 2459 benevolentiam,
1239 2377 1560 2450 efferatus
1593 2379 1923 2450 adversus
1970 2380 2393 2451 Praefectum
2440 2392 2507 2450 et
2556 2379 2958 2450 universam
2991 2379 3160 2452 civi-

615 2478 848 2550 tatem,
883 2479 949 2539 et
997 2467 1220 2559 magis
1266 2487 1474 2555 quarn
1524 2468 1872 2560 expediret
1921 2468 2349 2561 indignatuS,
2389 2469 2628 2540 statuit
2673 2468 2947 2561 illeipse
2992 2491 3159 2541 con-

617 2558 810 2627 tinuo
851 2557 1196 2648 proficisci
1231 2557 1731 2640 Alexandriam,
1790 2579 2041 2649 magno
2067 2558 2297 2628 studio
2335 2570 2400 2629 et
2428 2571 2791 2650 apparatu,
2826 2580 2990 2629 cum
3020 2558 3160 2630 bel-

615 2646 984 2717 licosorum
1036 2646 1399 2716 hominum
1451 2646 1685 2717 decem
1740 2647 1958 2716 millia
1990 2646 2075 2716 ad
2111 2648 2239 2718 hoc
2260 2647 2585 2738 jussisset
2631 2648 2853 2735 sequi,
2886 2647 3152 2717 dicens:

617 2734 784 2805 «Vel
835 2735 982 2805 sola
1031 2740 1531 2826 Imperatorum
1583 2736 1959 2806 reverentia
2007 2749 2239 2806 motus
2289 2736 2777 2826 populuS,-eos
2833 2736 3005 2807 deos
3037 2737 3161 2806 ho-

617 2846 784 2894 nore
830 2822 1126 2904 afficiet,
1179 2845 1352 2911 quos
1384 2822 1488 2893 illi
1534 2837 1817 2894 censent
1861 2824 2208 2906 colendos,
2266 2837 2332 2894 et
2378 2847 2451 2896 se
2504 2826 2592 2896 ab
2635 2825 2774 2895 alia
2832 2824 3165 2915 reprimet

615 2912 1076 3003 improbitate.
1116 2917 1282 2983 Nam
1328 2911 1460 2981 nisi
1492 2913 1587 2981 ita
1623 2926 1822 2996 esset,
1876 2926 1953 2984 ut
2001 2914 2149 3004 ipse
2183 2934 2414 2984 rerum
2445 2925 2663 2993 status
2697 2937 2775 2984 ar
2826 2914 2951 2996 uit,
2986 2913 3167 2985 citra

612 3000 837 3071 ullum
900 3000 1220 3070 ruborem
1263 2999 1445 3069 mala
1490 3000 1754 3082 fierent,
1812 3014 1878 3071 et
1926 3024 2050 3072 nec
2100 3002 2403 3072 studeret
2447 3003 2730 3090 quidem
2808 3005 2994 3073 atere
3036 3003 3167 3072 ali-

612 3090 792 3176 quis.
845 3092 1151 3157 Attamen
1184 3108 1343 3157 cum
1394 3088 1684 3160 deorum
1716 3089 2145 3179 providentia
2174 3090 2368 3162 fuero
2401 3091 2868 3173 Alexandriae,
2899 3104 2968 3161 et
3002 3091 3166 3163 hos-

614 3178 802 3266 ipsos
826 3175 1147 3256 ulciscar,
1174 3188 1238 3245 et
1269 3197 1490 3247 meam
1523 3178 1867 3268 corrigam
1918 3178 2445 3270 ignorationem,
2484 3180 2720 3271 procul
2767 3179 3168 3251 amandans

615 3285 912 3333 errorem
965 3264 1036 3333 in
1087 3263 1591 3334 crucifixum.»
1644 3266 1841 3347 Dixit,
1881 3290 2099 3355 neque
2150 3269 2449 3339 multum
2484 3269 2810 3370 temporis
2839 3269 3169 3359 permisit

615 3352 1072 3423 intercedere:
1129 3352 1244 3423 sed
1290 3354 1493 3425 rebus
1541 3356 1868 3425 omnibus
1929 3357 2226 3446 publicis
2270 3358 2701 3447 posthabitis,
2755 3378 3021 3447 magna
3054 3381 3173 3427 ce·
3277 3352 3292 3417 ἲ

615 3442 878 3513 leritate
917 3442 1100 3512 venit
1132 3441 1604 3512 Alexandriam
1640 3466 1653 3510 :
1708 3457 1772 3514 et
1820 3445 2048 3515 statim
2074 3446 2270 3535 jubet
2319 3458 2593 3516 sanctos
2625 3445 3162 3547 comprehendi.

614 3543 678 3603 et
712 3554 935 3613 mane,
995 3542 1129 3602 tota
1178 3530 1444 3602 vidente
1491 3531 1785 3613 civitate,
1823 3545 1887 3603 et
1917 3554 2128 3605 manu
2154 3535 2515 3605 assistente
2567 3534 2872 3617 militari,
2907 3534 3174 3606 sedens
3277 3622 3292 3641 a

620 3642 739 3712 pro
790 3620 1144 3701 tribunali,
1188 3642 1304 3689 eos
1324 3619 1536 3709 Jussit
1576 3621 1801 3692 nudos
1851 3621 2219 3692 introduci.

703 3712 740 3797 ξ
804 3714 966 3780 ⁶28.
1021 3714 1385 3796 Postquam
1436 3720 1667 3778 autem
1727 3731 1843 3781 eos
1890 3709 2116 3780 solum
2166 3710 2333 3780 vidit
2381 3711 2846 3793 introductOS,
2901 3734 3177 3804 magna

616 3820 775 3868 voce
821 3797 1239 3877 exclamanS,
1282 3800 1393 3865 «Ο
1441 3797 1562 3878 dii,
1619 3797 1866 3884 inquit,
1901 3798 2068 3885 quid
2119 3799 2246 3868 hoc
2286 3798 2599 3870 futurum
2648 3801 2964 3886 estquod
2997 3801 3163 3881 iste,

614 3888 819 3977 cujus
870 3898 1125 3969 tantam
1175 3906 1416 3955 curam
1451 3886 1657 3977 gessi,
1711 3898 1776 3956 et
1822 3886 1882 3955 ei
1936 3887 2196 3976 primos
2247 3887 2715 3977 magistratus,
2768 3909 2947 3976 quos
2977 3889 3175 3959 nulli

616 3976 732 4046 alii
773 3997 851 4045 ex
886 3975 969 4045 iis
1014 3974 1135 4062 qui
1171 3975 1371 4045 nobis
1402 3987 1663 4064 parent,
1722 3973 2067 4055 mandavi,
2104 3996 2230 4047 sua
2271 3987 2513 4065 sponte
2535 3977 2776 4046 omnia
2822 3975 3173 4067 despexe-

616 4065 726 4145 rit,
782 4075 845 4134 et
893 4061 977 4132 ad
1031 4075 1169 4133 tam
1232 4063 1595 4135 obscuram
1647 4073 1712 4132 ct
1776 4063 2112 4153 abJectam
2170 4063 2519 4134 fortunam
2568 4063 3045 4155 transfugerit,
3103 4076 3175 4135 et

616 4165 887 4224 comam
920 4151 1126 4223 etiam
1166 4151 1413 4243 capitis
1461 4150 1590 4221 sibi
1640 4151 1995 4234 ademerit,
2047 4164 2112 4221 et
2146 4150 2362 4222 nihilo
2413 4151 2662 4224 melius
2706 4151 2795 4222 sit
2843 4154 3171 4234 affectus,

614 4263 823 4331 quam
861 4240 1059 4310 mimi
1105 4251 1171 4311 et
1218 4261 1497 4311 scurrae
1542 4240 1765 4327 quiin
1816 4263 2020 4310 scena
2062 4240 2280 4310 risum
2315 4252 2656 4311 movent.»
2681 4240 2975 4331 Propius
3006 4263 3174 4311 vero
3283 4272 3296 4311 ε

3273 3696 3296 4133 l

618 4330 955 4401 accedens
1003 4329 1090 4398 ad
1123 4334 1648 4428 Hermogenem,
1703 4327 1882 4398 «Dic
1915 4328 2108 4411 mihi,
2163 4328 2409 4416 inquit,
2467 4351 2507 4399 o
2554 4329 2812 4410 infelix,
2850 4352 3173 4418 quanam
3281 4366 3296 4381 -

612 4419 698 4488 de
726 4440 937 4492 causa
984 4418 1108 4490 tibi
1141 4415 1461 4489 comm1si
1487 4416 1695 4489 totius
1731 4428 1947 4488 terrae
1979 4429 2044 4489 et
2080 4417 2289 4490 maris
2329 4418 2731 4509 imperium,
2767 4429 2835 4492 et
2881 4417 3171 4492 decrevi

3179 4592 3184 4595 ·
3259 4496 3296 4797 l
