3327 4999
683 355 765 420 52
1529 373 1608 418 nii
1656 372 1711 419 s.
1766 369 2001 420 coum
2048 371 2219 420 viiio.
2805 353 3052 419 MART.
3111 355 3154 418 6

589 458 660 529 in
711 448 1043 537 codicem,
1097 449 1285 526 unde
1350 454 1616 525 terrebat
1663 456 2069 527 Psalterium
2120 469 2297 545 qu'ae
2345 478 2453 526 res
2504 478 2639 525 non
2693 478 2938 548 parum
2987 477 3148 525 eam

591 548 853 629 afflixit,
909 558 1054 617 tum
1104 544 1287 633 quod
1338 566 1414 613 co
1468 566 1547 613 ex
1596 558 1772 615 esset
1820 546 2153 636 perditus,
2196 559 2340 616 tum
2374 545 2557 632 quod
2609 545 2904 614 necdum
2952 567 3152 614 com-

591 635 846 727 plesset
878 656 1140 726 preces.
1181 633 1400 703 Altera
1433 633 1588 703 luce
1628 634 1910 705 tradidit
1954 635 2262 704 codicem
2313 633 2732 704 confessario
2780 656 2926 716 suc,
2984 656 3155 703 con-

591 736 834 813 questa
879 725 943 794 ei
990 723 1156 811 quid
1206 722 1590 804 accidisset,
1634 722 2135 810 sciscitansque
2185 745 2354 792 num
2412 745 2550 810 qua
2599 733 2829 812 posset
2883 723 3156 792 ratione

591 812 924 904 reparari.
977 817 1054 882 At
1099 810 1561 881 confessarius
1606 824 1966 902 acceptum
2018 812 2276 882 librum
2325 813 2658 902 comperit
2705 834 2785 881 ex
2834 812 2945 881 Dei
2998 834 3156 880 mu-

594 924 757 972 nere
806 901 1081 995 penitus
1131 901 1493 971 illaesum:
1547 922 1727 988 quae
1759 923 1865 971 res
1893 901 2266 971 maximam
2312 900 2574 971 Coletae
2603 901 3155 971 consolationem

593 993 845 1063 attulit.
900 991 1041 1060 Atio
1082 1002 1387 1081 tempore
1435 1011 1595 1059 cum
1644 991 2037 1060 absolutum
2077 989 2482 1061 Psalterium
2536 990 2733 1059 vellet
2790 1011 2915 1060 suo
2961 1010 3157 1058 more

593 1082 838 1152 offerre
902 1086 1068 1160 Dee,
1127 1078 1266 1149 duo
1324 1078 1651 1149 teterrimi
1719 1092 1784 1149 et
1845 1079 2336 1150 immanissimi
2386 1079 2757 1148 daemones
2808 1078 3161 1147 horrenda

594 1172 823 1261 specie
852 1180 1330 1260 apparuerunt
1375 1168 1461 1250 ei,
1516 1168 1663 1238 suis
1713 1168 2293 1238 terriculamentis
2341 1167 2681 1259 impedire
2713 1188 2864 1235 eam
2916 1167 3157 1236 volen-

596 1271 718 1342 teS,
766 1283 850 1329 ne
897 1259 1167 1327 offerret
1215 1279 1473 1326 munus
1520 1280 1741 1326 suum·
1779 1257 2089 1327 Domino.
2145 1257 2272 1326 Illa
2319 1278 2475 1326 vero
2526 1256 2814 1326 fidenter
2860 1278 2933 1324 se
2965 1276 3161 1323 com-

597 1349 921 1418 muniens
972 1346 1206 1417 Crucis
1254 1346 1474 1437 signo‚
1528 1346 1778 1415 obtulit
1829 1352 1956 1416 Deo
2007 1345 2447 1417 Psalterium:
2503 1358 2568 1415 et
2615 1344 2934 1414 vilissimi
2985 1344 3156 1413 dae-

596 1459 836 1507 mones
883 1434 1241 1507 confestim
1277 1447 1728 1505 evanuerunt.

685 1529 721 1613 §
791 1529 937 1597 ²8.
991 1530 1068 1593 In
1121 1523 1447 1594 omnibus
1496 1524 1701 1593 rebus
1749 1521 1943 1593 duris
1974 1534 2040 1592 et
2086 1521 2415 1601 adversis,
2456 1522 2526 1591 in
2578 1521 2870 1613 negotiis
2903 1521 3157 1590 arduis

599 1635 870 1704 semper
907 1612 1445 1703 confugiendum
1477 1612 1798 1682 censebat
1831 1611 1913 1680 ad
1946 1633 2180 1703 preces
2211 1612 2532 1688 humiles,
2565 1611 3163 1697 dicebatquetum

598 1725 722 1794 per
752 1703 1074 1793 seipsam,
1131 1715 1275 1772 tum
1321 1723 1439 1791 per
1464 1722 1753 1781 sorores,
1796 1699 2094 1780 litaniaS,
2147 1700 2403 1788 quibus
2433 1700 2689 1769 fidebat
2734 1700 3157 1791 plurimum,

597 1802 662 1860 et
711 1791 1051 1891 singulari
1100 1790 1455 1859 devotione
1519 1789 1967 1859 afficiebatur.
2023 1795 2116 1858 Ea
2169 1789 2353 1859 enim
2412 1802 2833 1880 tempestate,
2887 1810 3030 1875 qua
3086 1788 3163 1857 in

602 1885 925 1951 Franciae
958 1901 1168 1971 regno
1201 1890 1293 1947 tot
1326 1878 1718 1948 saeviebant
1748 1878 2085 1947 bellorum
2125 1878 2488 1959 tumultus,
2531 1892 2606 1949 ut
2637 1879 2743 1947 vix
2774 1879 3164 1964 quisquam

599 1969 882 2039 auderet
942 1981 1128 2037 extra
1176 1968 1325 2038 loca
1379 1968 1645 2037 munita
1699 1967 2037 2057 pr'ogredi,
2092 1968 2360 2037 tametsi
2408 1967 2528 2037 illa
2579 1990 2702 2059 pro
2752 1966 3164 2036 conditione

600 2080 804 2129 sexus
853 2057 1150 2127 multum
1201 2055 1599 2127 meticulosa
1637 2054 1787 2135 fuit,
1824 2068 1892 2125 at
1921 2068 2146 2126 tamen
2182 2056 2560 2135 constituit,
2612 2078 2733 2147 pro
2763 2056 2875 2125 Dei
2909 2076 3164 2124 amore

599 2159 663 2216 et
708 2147 1102 2216 animarum
1151 2145 1370 2215 salute
1406 2168 1525 2246 per
1571 2146 1988 2235 longinquas
2037 2145 2379 2235 proficisci
2425 2145 2777 2235 regiones:
2833 2156 3050 2230 utque
3081 2143 3162 2213 id

600 2235 814 2306 tutius
866 2247 1112 2326 posset,
1164 2234 1469 2322 quotidie
1517 2234 1758 2303 audire
1807 2234 2081 2303 Missam
2130 2233 2213 2302 de
2263 2233 2648 2334 Epiphania
2684 2233 2976 2302 Domini.
3014 2238 3164 2301 Ita-

601 2345 737 2410 que
784 2323 993 2394 simul
1044 2335 1247 2410 atque
1294 2323 1608 2413 ingressa
1655 2335 1755 2393 est
1823 2321 1969 2401 iter,
2028 2322 2299 2391 litanias
2347 2322 2573 2392 dicere.
2620 2322 2867 2412 coepit,
2921 2334 2986 2390 et
3039 2321 3164 2390 Dei

600 2412 1044 2506 benignitate,
1084 2424 1618 2501 sanctorumque
1663 2411 1786 2498 qui
1825 2410 1967 2479 illic
1999 2410 2424 2492 invocantur,
2464 2411 2746 2491 meritiS,
2783 2411 2997 2480 evasit
3035 2432 3168 2501 pe-

602 2502 824 2572 ricula
869 2502 1127 2582 omnia,
1164 2501 1233 2570 in
1283 2499 1537 2587 quibus
1573 2501 1790 2570 multa
1828 2498 2017 2569 fuere
2074 2522 2240 2569 sane
2302 2501 2662 2569 horrenda.
2702 2499 3165 2570 Proficiscens

599 2591 782 2660 enim
833 2590 1206 2678 aliquando
1237 2611 1396 2658 cum
1450 2589 1686 2660 multis
1729 2590 2081 2659 sororibus
2157 2610 2229 2658 er
2257 2590 2627 2669 reffionem,
2660 2589 2861 2680 cujus
2894 2589 3168 2659 idioma

598 2680 986 2771 ignorabat,
1039 2678 1158 2747 ubi
1196 2677 1615 2768 pervenitad
1667 2701 1911 2748 nemus
1957 2700 2094 2765 quo
2147 2678 2305 2747 dam
2383 2677 2737 2747 atrociniis
2786 2677 3166 2747 infestissi-

600 2789 820 2846 mum,
864 2767 1134 2837 obviam
1169 2766 1232 2835 ei
1279 2779 1612 2835 venerunt
1658 2767 1972 2836 homines
2008 2766 2404 2848 truculenti,
2442 2767 2745 2836 arcubus
2777 2777 2842 2835 et
2882 2767 3165 2857 sagittis

599 2856 920 2925 instructi
966 2854 1088 2940 qui
1134 2855 1197 2923 ei
1246 2867 1310 2924 et
1356 2856 1726 2925 comitibus
1773 2856 1922 2956 ejus
1971 2855 2262 2926 insidias
2315 2855 2834 2946 comparabant,
2895 2877 3168 2942 easque

600 2944 897 3045 spoliare
944 2942 1282 3012 volebant.
1337 2944 1668 3014 Curribus
1715 2966 1900 3014 enim
1944 2959 2221 3036 propter
2252 2944 2520 3014 itineris
2579 2944 3038 3036 prolixitatem
3091 2956 3167 3014 et

599 3055 866 3101 viarum
914 3031 1350 3122 asperitatem
1401 3032 1823 3103 vehebantur
1868 3055 2045 3119 quae
2093 3056 2201 3102 res
2247 3034 2585 3120 quaedam
2627 3055 2763 3103 nori
2795 3032 3166 3124 vulgarem

600 3132 1011 3212 apparatum
1063 3143 1226 3211 prae
1274 3143 1345 3192 se
1379 3120 1554 3191 ferre
1602 3122 1983 3192 videbatur.
2041 3122 2148 3191 Illi
2198 3144 2359 3213 ergo
2389 3122 2704 3193 crudeles
2735 3122 3053 3191 homines
3084 3122 3164 3191 in

601 3211 807 3279 verba
855 3231 1139 3300 prorsus
1173 3211 1468 3280 barbara
1500 3222 1565 3281 et
1614 3212 1975 3280 inhonesta
2010 3233 2294 3301 coepere
2343 3233 2814 3312 prorumpere,
2851 3211 2936 3280 ad
2974 3211 3170 3280 mala

601 3299 837 3368 omnia
886 3299 1130 3399 parati.
1179 3298 1403 3368 Coleta
1463 3313 1604 3369 tum
1657 3298 2116 3389 compleverat
2166 3299 2463 3379 litanias,
2516 3313 2580 3369 et
2638 3322 2717 3369 ex
2765 3300 2880 3368 Dei
2933 3300 3164 3400 gratia

601 3386 932 3457 intellexit
988 3388 1153 3473 quid
1205 3387 1511 3457 dicerent
1553 3389 1850 3478 (Poterat
1895 3388 2079 3458 enim
2130 3410 2287 3458 cum
2339 3388 2676 3480 Apostolis
2724 3410 3011 3475 quaevis
3045 3411 3163 3458 ca-

605 3498 765 3566 pere
796 3475 1159 3565 idiomata)
1204 3476 1569 3564 locutaque
1598 3490 1702 3546 est
1748 3477 1833 3546 ad
1879 3476 2031 3547 illos
2081 3476 2356 3556 blande,
2461 3477 2681 3547 lacide
2730 3490 2936 3564 atque
2988 3500 3171 3566 pru-

603 3564 866 3634 denter.
912 3564 1019 3633 Illi
1072 3588 1226 3635 mox
1272 3567 1423 3657 ejus
1454 3565 1691 3636 audita
1741 3588 1899 3635 voce
1947 3566 2192 3635 mutati
2250 3566 2422 3635 mira
2479 3566 2679 3647 iliter,
2738 3588 2872 3635 non
2926 3566 3172 3636 solum

602 3654 666 3723 ei
714 3666 780 3724 et
824 3654 1196 3725 comitibus
1253 3667 1743 3745 pepercerunt,
1811 3655 1927 3725 sed
1976 3654 2180 3724 etiam
2283 3668 2586 3756 romptos
2634 3677 2706 3725 se
2754 3655 3174 3727 obtulerunt

604 3743 691 3812 ad
741 3765 980 3813 secure
1011 3743 1453 3814 deducendas
1500 3766 1637 3824 eas,
1675 3765 2113 3830 quocumque
2161 3766 2237 3812 ve
2270 3743 2410 3813 lent
2442 3756 2568 3813 iter
2617 3743 2990 3813 intendere.
3037 3750 3174 3813 Co·-

604 3832 736 3901 leta
788 3853 942 3901 vero
999 3833 1255 3922 gratias
1301 3832 1400 3902 eis
1448 3832 1609 3922 egit,
1671 3843 1735 3901 et
1786 3832 1884 3900 illi
1925 3833 2073 3902 sine
2121 3832 2264 3902 ullo
2316 3832 2653 3902 maleficio
2693 3845 3164 3904 recesserunt.

696 3928 734 4001 ἓ
802 3924 964 3992 39.
1020 3921 1163 3991 Alio
1213 3934 1343 3990 tem
1402 3943 1517 3991 ore
1564 3943 1725 3991 cum
1775 3921 2054 3991 duceret
2104 3921 2437 3991 moniales
2485 3921 2745 4009 aliquot
2779 3920 2861 3990 ad
2903 3943 3176 3991 novum

608 4009 1129 4091 monasterium,
1188 4022 1254 4081 et
1300 3944 1396 4079 ad)
1437 4010 1667 4080 locum
1718 4010 2087 4097 quemdam
2143 4011 2610 4100 periculosum
2654 4011 2970 4090 venisset,
3006 4031 3178 4080 sen-

608 4097 784 4170 tiens
831 4099 902 4167 in
957 4098 1206 4189 spiritu
1256 4121 1331 4169 se
1390 4099 1458 4167 in
1515 4097 1919 4169 discrimine
1967 4099 2244 4181 versari,
2302 4100 2571 4170 monuit
2617 4119 2905 4178 sororeS,
2947 4111 3026 4168 ut
3076 4099 3175 4168 li-

609 4186 831 4258 tanias
867 4191 1284 4345 promerent.
1332 4187 1626 4270 Quidam
1681 4209 1832 4257 vero
1868 4187 2142 4269 nobilis
2191 4210 2434 4259 saevus
2493 4200 2557 4258 et
2604 4188 2957 4267 immanis,
2998 4210 3173 4257 san-

607 4288 718 4346 cta
776 4281 860 4346 Co
891 4288 1034 4347 etae
1091 4298 1298 4367 opera
1345 4288 1409 4347 et
1456 4289 1745 4348 conatus
1812 4277 2083 4368 magnis
2133 4277 2394 4347 viribus
2454 4276 2786 4368 impedire
2833 4276 3163 4367 cupiens,

608 4386 732 4455 per
779 4365 1132 4435 ministros
1181 4389 1342 4437 suos
1390 4367 1517 4436 iter
1561 4366 1712 4456 ejus
1759 4366 1882 4436 diu
1928 4365 2267 4457 explorari
2315 4364 2549 4457 jussit.
2605 4365 2726 4434 Ille
2762 4386 2915 4436 vero
2965 4364 3170 4434 Cole-

607 4467 748 4523 tam
796 4467 859 4523 et
913 4455 1197 4527 comites
1261 4455 1411 4546 ejus
1457 4468 1873 4526 curaverunt
1921 4456 2066 4525 illic
2111 4454 2556 4538 detinendas,
2627 4454 2844 4524 donec
2893 4453 3162 4526 nobilis
