3327 4999
656 297 785 362 456
2711 295 2954 361 MART.
3005 297 3109 363 24

1506 434 2158 517 MARTYRFUM

806 617 1213 721 SIMONlS
1262 617 1794 720 INNOCENT.
1845 618 2161 720 PUERI
2212 617 2849 738 TRlDEN'l'INl,

1299 819 1339 864 A
1385 818 1644 866 JUDAEIS
1692 818 2077 867 CRUDELITER
2119 818 2368 879 NECATI,

1253 972 1535 1021 AUCTORE
1580 972 1822 1021 JO'ANNE
1867 974 2145 1022 HATTmA
2191 973 2481 1022 TIBERINO

1624 1117 1824 1173 Anno
1865 1118 2043 1176 1475.

659 1299 829 1385 §1
881 1302 1178 1367 Joannes
1226 1298 1537 1368 Matthias
1592 1298 1976 1379 Tiberinus,
2036 1297 2424 1368 liberalium
2475 1297 2727 1367 artium
2778 1309 2844 1366 et
2893 1298 3101 1367 Medi-

573 1386 770 1455 cinae
817 1391 1077 1467 Doctor,
1134 1387 1519 1477 magnificis
1568 1387 1992 1470 RectoribuS,
2033 1387 2309 1456 Senatui
2343 1386 2732 1476 populoque
2780 1387 3092 1457 Brixiano

573 1474 886 1544 salutem.
941 1481 1105 1543 Rem
1156 1475 1549 1556 maximam,
1602 1475 1874 1561 qualem
1923 1498 1961 1544 a
2004 1477 2323 1565 passione
2372 1475 2638 1543 Domini
2671 1474 2757 1543 ad
2792 1475 2960 1545 haec
2984 1499 3096 1546 us-

572 1585 705 1650 que
755 1574 1081 1652 tempora,
1137 1563 1328 1632 nulla
1375 1585 1686 1650 unquam
1736 1578 1920 1633 aetas
1967 1564 2246 1645 audivit,
2284 1564 2370 1632 ad
2403 1585 2518 1633 vos
2560 1564 2785 1633 scribo
2833 1565 3129 1653 magni·-

573 1651 687 1721 fici
738 1658 1072 1733 RectoreS,
1126 1652 1440 1738 civesque
1511 1652 2083 1742 praeclarissimi:
2149 1675 2358 1740 quam
2425 1674 2645 1742 nuper
2694 1652 2803 1723 his
2851 1653 3101 1722 diebus

459 1804 480 1824 ,
573 1740 829 1830 elapsis
876 1742 1206 1810 Dominus
1266 1755 1493 1810 noster
1538 1747 1739 1811 Jesus
1787 1742 2113 1822 ChristuS‚
2157 1743 2461 1810 humano
2509 1740 2804 1831 benigne
2853 1742 3101 1810 miser-

575 1840 687 1899 tus
744 1829 1013 1919 generi,
1073 1841 1255 1898 tanto
1308 1842 1581 1916 tamque
1629 1830 1941 1899 horribili
1990 1830 2241 1900 scelere
2287 1829 2770 1909 stomachatuS,
2823 1830 3102 1900 tandem

575 1916 897 2074 produxit
943 1917 1013 1984 in
1063 1916 1328 1986 lucem:
1382 1930 1458 1986 ut
1502 1918 1838 1988 catholica
1866 1917 2036 1987 fides
2082 1930 2334 2000 nostra,
2373 1918 2431 1987 si
2460 1940 2595 2005 qua
2628 1921 2697 1986 in
2746 1930 2933 2007 parte
2980 1917 3103 1988 de-

627 2005 739 2074 ilis
785 2017 907 2084 est,
949 2005 1066 2074 fiat
1115 2019 1439 2092 tanquam
1487 2008 1697 2077 turris
1743 2006 2184 2089 fortitudinis,
2239 2020 2304 2076 et
2354 2009 2634 2093 antiqua
2675 2006 3103 2076 Judaeorum

579 2094 805 2164 rabies
863 2106 995 2163 toto
1055 2116 1136 2164 ex
1182 2095 1342 2163 orbe
1390 2095 1770 2166 Christiano
1817 2095 2121 2165 deleatur
2151 2151 2166 2176 ,
2219 2108 2284 2164 et
2329 2094 2413 2164 de
2469 2108 2646 2165 terra
2695 2095 3095 2175 viventium,

573 2201 810 2251 eorum
849 2182 1121 2274 penitus
1169 2184 1498 2252 memoria
1546 2196 1796 2274 pereat.
1839 2184 2078 2253 Audite
2124 2184 2244 2271 qui
2278 2183 2510 2273 regitis
2541 2183 2854 2274 populos,
2889 2183 3097 2253 inau-

577 2270 799 2339 ditum
850 2271 1097 2350 scelus,
1154 2283 1218 2340 et
1266 2284 1614 2362 pastorum
1659 2295 1844 2342 more
1892 2272 2198 2341 fidelium
2249 2273 2486 2342 vestris
2535 2271 2811 2362 populis
2849 2271 3104 2362 invigi-

578 2358 733 2428 late.
773 2360 1343 2451 Expergiscamur
1390 2361 1772 2431 habitantes
1812 2373 2082 2440 terram,
2122 2374 2188 2431 et
2233 2361 2506 2430 videant
2551 2359 2788 2446 quales
2831 2360 2900 2428 in
2934 2361 3105 2431 sinu

573 2448 853 2539 proprio
892 2449 1159 2540 viperas
1208 2448 1534 2519 nutriant.
1574 2450 1892 2520 Crudeles
1935 2449 2186 2520 Judaei
2235 2472 2370 2520 non
2420 2448 2644 2520 solum
2680 2448 3097 2520 Christiano-

573 2560 743 2607 rum·
779 2560 887 2608 res
932 2538 1203 2608 rabiosa
1235 2561 1600 2608 usurarum
1639 2539 1817 2609 same
1845 2542 2285 2619 consumunt,
2328 2539 2443 2610 sed
2496 2538 2566 2607 in
2604 2539 2830 2625 capita
2861 2553 3098 2608 nostra

573 2625 1086 2716 perniciemque
1112 2627 1468 2727 conjurati,
1496 2627 1797 2697 filiorum
1833 2641 2219 2699 nostrorum
2251 2628 2399 2697 vivo
2431 2627 2766 2727 sanguine
2798 2649 3100 2716 pascun-

575 2725 709 2795 tur,
761 2736 933 2802 quos
979 2716 1191 2784 atroci
1238 2738 1307 2784 ln
1359 2717 1725 2806 synagocris
1789 2716 1936 2788 suis
1983 2715 2298 2806 affligunt
2344 2715 2707 2807 supplicio,
2759 2727 2825 2784 et
2872 2716 3096 2785 instar

581 2802 829 2873 Christi
876 2803 1137 2873 crudeli
1185 2802 1418 2873 funere
1454 2771 1803 2894 jugulant.

662 2893 699 2977 ξ
761 2897 847 2961 2.
902 2896 1128 2981 Nuper
1172 2891 1243 2958 in
1308 2893 1575 2961 civitate
1630 2894 2022 2963 Tridentina
2067 2893 2123 2973 ⁴³,
2176 2914 2352 2979 quae
2396 2914 2634 2963 versus
2680 2892 3093 2979 Aquilonem

577 2979 843 3048 Italiam
893 3001 932 3046 a
981 2980 1362 3061 Germania,
1426 2982 1688 3050 Lavisio
1745 2983 2032 3051 flumine
2091 2982 2558 3061 interlabente,
2621 2981 3094 3051 disterminat:

575 3089 656 3136 ea
703 3067 773 3134 in
822 3066 1096 3157 regione
1131 3089 1305 3154 quae
1342 3069 1427 3138 ab
1474 3071 1735 3141 Athesis
1784 3083 1984 3161 ponte
2033 3071 2375 3150 recedens,
2446 3092 2683 3138 versus
2729 3068 3094 3139 castellum

576 3177 617 3225 a
664 3154 850 3224 laeva
900 3155 1346 3254 protenditur,
1396 3170 1529 3228 tres
1572 3160 1991 3230 Judaeorum
2042 3158 2344 3228 familiae
2390 3157 2872 3239 consedebant,
2916 3179 3095 3244 quo-

575 3264 732 3312 rum
774 3256 998 3333 caplta
1044 3244 1229 3314 fuere
1275 3246 1539 3328 TobiaS,
1600 3248 1897 3337 Angelus
1941 3259 2006 3315 et
2045 3247 2350 3316 Samuel:
2402 3246 2587 3346 apud
2635 3268 2840 3333 quem
2891 3268 3102 3315 senex

576 3331 858 3418 quidam
894 3332 1240 3414 barbatus,
1280 3339 1541 3424 Moyses
1585 3339 1884 3416 nomine,
1940 3358 2145 3422 quem
2194 3348 2460 3404 venturi
2499 3335 2776 3403 Messiae
2821 3349 3100 3423 tempus

575 3432 641 3489 et
689 3420 924 3490 horam
976 3421 1369 3512 prophetico
1416 3423 1667 3514 spiritu
1712 3426 1884 3493 scire
1931 3424 2404 3493 decantabant.
2460 3424 2543 3491 Hi
2590 3445 2668 3491 ea
2715 3423 2784 3491 in
2844 3423 3104 3492 hebdo-

576 3507 799 3589 made,
833 3531 1042 3596 quam
1090 3532 1215 3580 nos
1262 3511 1625 3582 Christiani
1669 3529 1976 3583 sanctam
2001 3512 2455 3603 appellamus,
2498 3511 2608 3580 die
2636 3511 2888 3593 MartiS,
2926 3511 3098 3581 duo·

575 3597 843 3667 decimo
874 3599 1199 3667 Calendas
1225 3599 1494 3688 ApriliS,
1540 3622 1721 3669 anno
1751 3602 2087 3693 incarnati
2116 3601 2309 3670 Verbi
2341 3600 3095 3690 septuagesimoquinto

576 3707 787 3776 supra
834 3687 1193 3756 millenum
1261 3701 1910 3773 quatercentenum,
1980 3700 2443 3759 convenerunt
2498 3688 2568 3757 in
2630 3688 2913 3758 domum
2976 3694 3102 3758 Sa-

576 3774 847 3857 muelis,
901 3775 1021 3846 ubi
1071 3781 1423 3866 synagoga
1470 3790 1535 3846 et
1579 3799 1817 3847 eorum
1867 3789 2000 3848 tem
2055 3778 2199 3848 lum
2229 3832 2244 3859 ,
2310 3776 2664 3867 spectandi
2730 3777 2954 3867 gratia
2998 3778 3099 3846 vi-

572 3874 838 3932 ventem
872 3864 1163 3934 vitulum
1203 3866 1323 3949 qui
1370 3865 1456 3933 ad
1504 3888 1619 3936 eos
1659 3888 1738 3935 ea
1786 3866 1937 3938 luce
2035 3889 2072 3937 e
2119 3867 2343 3956 Levigi
2398 3886 2570 3956 pago
2617 3865 2885 3937 delatus
2920 3877 3091 3936 erat.

570 3955 650 4021 Et
696 3951 860 4020 dum
910 3952 1085 4022 inter
1115 3975 1185 4024 se
1219 3953 1518 4043 plurima
1549 3954 1734 4025 vario
1766 3976 2076 4026 sermone
2122 3954 2528 4037 conferrent,
2563 3953 2863 4044 Angelus
2912 3952 3096 4022 hanc

571 4039 812 4109 rabido
860 4040 1038 4111 fudit
1081 4040 1165 4111 de
1212 4054 1479 4132 pectore
1526 4065 1792 4113 vocem:
1841 4049 1970 4112 «In
2029 4045 2160 4113 ista
2208 4048 2570 4112 Parasceve
2616 4056 2682 4112 et
2739 4063 2983 4113 carnes
3032 4054 3101 4111 et

570 4129 793 4219 pisces
840 4128 1115 4199 abunde
1150 4131 1344 4200 nobis
1377 4142 1577 4201 sunt:
1631 4154 1850 4201 unum
1901 4143 2166 4202 tantum
2210 4132 2407 4201 nobis
2432 4131 2690 4200 deest.»
2720 4129 3100 4220 Respondit

578 4216 895 4287 Samuel:
951 4223 1085 4287 «Et
1111 4219 1278 4306 quid
1316 4219 1437 4289 tibi
1485 4220 1807 4291 deficit?»
1857 4226 2044 4291 Tunc
2072 4220 2395 4311 conjectis
2441 4219 2662 4291 oculis
2686 4220 2773 4290 ad
2799 4219 3095 4289 invicem

625 4379 653 4407 ⁸¹
678 4380 783 4420 Iul.
810 4381 980 4427 Tremo,
1003 4380 1300 4429 percelebris,
1325 4381 1374 4420 in
1403 4382 1665 4422 Lutherum
1693 4384 1986 4431 praesertim,
2014 4383 2211 4425 concuti
2238 4383 2387 4431 sedes,
2414 4382 2472 4424 ab
2500 4392 2623 4425 anno
2654 4391 2838 4428 uoxw.
2855 4382 3003 4423 Paulo
3025 4381 3096 4422 111

573 4433 707 4475 Pont.
727 4435 847 4476 Max.
866 4434 926 4475 nd
943 4444 1145 4481 mmmm,
1160 4435 1283 4476 Eocl.
1303 4438 1493 4485 regente
1509 4437 1590 4475 Pio
1611 4438 1693 4484 Pp.
1710 4435 1787 4476 1v.
