3327 4999
622 357 627 364 ·
692 326 817 392 7⁴4
1399 344 1476 390 nn
1524 344 1581 390 s.
1634 341 1905 391 resumo
1955 338 2352 390 ransnrrssao
2679 323 2784 389 EX
2830 324 3018 392 Nov.
3080 328 3163 389 ⁴2

602 422 1159 493 machinamenta
1207 423 1535 503 hostium,
1600 422 1796 492 nulla
1874 435 2254 492 terreamur
2327 421 2668 512 grandine
2732 423 3166 493 secularium

604 522 1118 603 tempestatum.

777 606 865 673 ᾖ.
921 606 1133 686 Atque
1179 611 1255 669 ut
1305 599 1432 667 boc
1481 598 1717 667 divina
1749 598 2188 669 miseratione
2218 599 2493 685 assequi
2535 599 2911 680 valeamus,
2945 600 3171 690 hujus

602 711 690 758 no
744 689 802 759 is
850 688 1271 758 sanctissimi
1338 688 1466 756 viri
1515 687 1910 777 exemplum
1971 686 2286 758 sufficere
2336 708 2535 776 posse
2601 689 2980 768 credimus,
3035 692 3170 777 qui

601 778 780 847 inter
824 778 1109 846 adversa
1169 776 1414 844 mundi
1462 787 1526 844 et
1583 797 1934 865 prospera,
1991 777 2356 845 saevientis
2405 774 2717 845 fortunae
2767 777 3115 868 impetum
3147 835 3162 853 ,

602 864 1190 953 quemadmodum
1251 865 1460 933 turris
1525 864 1684 933 Sion
1733 878 1797 934 et
1848 877 2040 955 porta
2087 864 2470 935 Jerusalem
2547 866 2889 954 praesidio
2939 873 3170 957 Ange-

605 955 736 1025 lico
769 952 1047 1024 defensa
1098 952 1410 1035 recussit,
1450 954 1875 1040 cassatisque
1937 954 2189 1025 ictibus
2240 953 2722 1023 machinarum
2775 954 2843 1023 in
2897 958 3167 1046 sempi-

606 1057 836 1113 ternae
882 1041 1042 1110 fidoi
1095 1041 1435 1110 soliditate
1507 1043 1872 1131 persistere
1920 1043 2194 1112 meruit.
2262 1042 2354 1110 Ad
2405 1053 2662 1111 tantam
2731 1064 2889 1111 vero
2937 1045 3168 1134 perfe-

604 1132 900 1202 ctionem
931 1129 1355 1215 quibusdam
1403 1131 1744 1200 bonorum
1783 1130 2203 1200 naturalium
2238 1130 2574 1220 gradibus
2613 1132 2945 1213 ascendit,
3004 1135 3166 1219 qui-

604 1220 735 1291 bus
782 1219 983 1306 quasi
1024 1217 1230 1289 scalis
1276 1230 1597 1299 evectuS,
1658 1232 1925 1287 terrena
1973 1219 2371 1290 transiliens
2417 1218 2766 1289 coelorum
2816 1219 2958 1290 alta
3006 1222 3164 1291 feli-

603 1308 772 1378 citer
821 1305 1221 1397 penetravit.
1258 1309 1560 1393 Denique
1608 1306 1679 1374 in
1711 1307 2000 1376 infantia
2033 1329 2156 1377 sua
2188 1313 2318 1376 Deo
2352 1318 2417 1378 et
2464 1308 2872 1378 hominibus
2899 1309 3166 1382 charus

602 1396 865 1467 extitit:
901 1416 1201 1482 cumque
1249 1405 1427 1465 esset
1474 1395 1755 1484 ingenio
1802 1395 2048 1465 docilis
2077 1449 2098 1476 ,
2154 1397 2387 1465 animo
2437 1396 2648 1476 mitis,
2707 1419 2976 1487 pauper
3023 1400 3166 1490 spi-

603 1485 764 1566 rim,
819 1484 1085 1554 meritis
1132 1484 1344 1564 dives,
1401 1483 1565 1554 viris
1615 1484 1921 1574 probatis
1970 1485 2278 1553 certatim
2313 1484 2792 1557 annitentibus
2839 1486 3160 1556 habitum

604 1573 960 1663 religionis
1008 1572 1407 1661 assumpsit,
1454 1571 1525 1638 in
1574 1594 1712 1658 quo
1762 1573 1849 1641 ita
1903 1573 2165 1641 Christo
2205 1585 2270 1642 et
2297 1572 2638 1641 Ecclesiae
2673 1595 2840 1644 suae
2873 1574 3163 1645 devotus

603 1663 884 1732 effectus
930 1672 1054 1739 est,
1109 1672 1185 1730 ut
1230 1681 1512 1730 coaevos
1552 1681 1715 1730 suos
1782 1660 2023 1730 literali
2076 1662 2446 1750 sagacitate
2497 1662 2956 1750 praecederet,
3020 1687 3161 1733 ma-

595 1750 871 1840 joribus
932 1748 1433 1819 officiosissime
1484 1751 1788 1838 pareret,
1891 1749 2296 1819 erfectorum
2367 1749 2680 1839 imperiis
2743 1763 3073 1839 tanquam
3125 1775 3162 1821 a

607 1845 738 1908 Deo
788 1838 969 1908 datis
1015 1858 1167 1905 vera
1219 1837 1607 1907 humilitate
1657 1774 2010 1927 praeditus
2042 1839 2527 1925 acquiesceret.
2567 1844 2771 1909 Porro
2809 1840 2882 1908 in
2927 1842 3160 1930 pueri-

606 1928 739 1998 tiae
786 1926 1036 2007 annis,
1093 1946 1360 1994 morum
1440 1926 1792 1996 honestate
1865 1938 2160 1998 sectatus
2221 1938 2322 1996 est
2387 1928 2852 1997 venerandam
2914 1950 3159 2000 senum

604 2015 953 2096 canitiem,
993 2014 1379 2083 innocentis
1440 2015 1613 2084 vitae
1662 2013 2174 2105 simplicitatem
2224 2016 2576 2088 doctrinae
2636 2016 2953 2087 coelestis
3004 2041 3161 2088 eru-

603 2104 863 2174 ditione
909 2124 1354 2192 componens.
1396 2104 1777 2174 Pubertatis
1827 2114 2055 2173 autem
2107 2106 2350 2194 spatia,
2418 2126 2557 2174 non
2607 2104 3031 2176 lascivientis
3090 2130 3162 2175 a·

608 2193 784 2262 nimi
824 2190 1290 2281 voluptatibus
1338 2191 1835 2276 effoeminavit,
1891 2193 2006 2262 sed
2070 2193 2298 2282 potius
2356 2192 2581 2283 rigore
2627 2192 3050 2284 frugalitatis
3097 2207 3160 2264 ct

594 2281 753 2372 jugi
802 2280 1118 2350 laborum
1148 2280 1488 2362 exercitiO,
1543 2280 1984 2350 rebellionem
2026 2281 2409 2369 juventutis
2441 2282 2772 2363 edomuit,
2809 2284 3164 2374 castigans

604 2391 859 2459 corpus
907 2391 1110 2439 suum
1152 2378 1216 2437 et
1256 2368 1326 2435 in
1368 2368 1762 2438 servitutem
1806 2368 2148 2458 redigens,
2204 2392 2289 2441 ne
2331 2368 2499 2440 forte
2545 2392 2706 2439 cum
2757 2369 2913 2442 aliis
2966 2394 3166 2462 prae-

602 2457 886 2539 dicaret,
940 2457 1087 2548 ipse
1134 2457 1470 2547 reprobus
1515 2457 1919 2528 efficeretur.
1987 2458 2208 2548 Hujus
2265 2457 2605 2546 siquidem
2680 2459 3162 2551 philosophiae

605 2546 1077 2623 nobilissimos
1126 2545 1566 2645 professoreS,
1611 2547 1863 2618 multos
1915 2548 1983 2616 in
2024 2560 2260 2617 sancta
2305 2547 2604 2619 Ecclesia
2656 2569 2806 2620 esse
2854 2550 3159 2621 sciebat:

604 2637 784 2706 inter
830 2652 1005 2723 quos
1038 2634 1254 2703 felicis
1308 2636 1677 2705 memoriae
1709 2636 2226 2706 Willibrordum
2278 2649 2483 2723 atque
2511 2636 2939 2708 Bonisacium
2994 2644 3167 2709 Pon-

608 2725 825 2796 tifices
875 2725 941 2791 in
995 2723 1233 2792 vineae
1279 2723 1549 2793 cultura
1610 2725 2002 2794 Dominicae
2051 2728 2365 2815 apprIme
2432 2725 2781 2795 laborasse
2819 2727 3161 2810 audierat,

605 2814 897 2900 ideoque
929 2812 1241 2881 animum
1283 2817 1409 2881 Deo
1459 2811 1732 2901 placitis
1780 2813 2106 2903 operibus
2129 2814 2515 2894 exercebat,
2559 2824 2635 2883 ut
2682 2836 2857 2901 quos
2899 2815 3164 2886 habue-

606 2915 712 2973 rat
759 2903 829 2969 in
881 2900 1410 2970 Christianitatis
1461 2902 1897 2988 provectibus
1930 2901 2151 2971 socios
2198 2916 2263 2971 et
2313 2914 2559 2991 patres,
2616 2902 2896 2973 eosdem
2947 2904 3163 2975 habe·

607 3000 707 3059 ret
753 2990 822 3057 in
874 3001 1149 3058 aeterna
1216 2987 1535 3056 felicitate
1583 3001 1956 3059 consortes.
2028 2990 2387 3060 Enimvero
2435 2991 2600 3078 quia
2658 3002 3010 3063 tantorum
3061 2994 3166 3063 sa-

606 3077 840 3146 miliae
880 3076 1125 3145 Christi
1168 3076 1618 3145 luminarium
1674 3100 1868 3147 sacra
1919 3079 2173 3147 mentio
2203 3080 2454 3150 nostris
2504 3080 2978 3162 relationibus,
3016 3085 3164 3152 acsi

604 3165 889 3252 quidam
941 3164 1366 3258 venerandae
1406 3165 1583 3235 lucis
1614 3166 1876 3248 radiu5‚
1914 3167 2160 3257 illapsa
2192 3179 2315 3248 est,
2357 3168 2752 3238 intermisso
2790 3168 3162 3258 paululum

605 3254 958 3344 superiore
1015 3252 1213 3341 stylo,
1278 3254 1457 3323 viros
1507 3276 1641 3323 non
1696 3256 1844 3324 sine
1912 3256 2158 3326 mentis
2218 3257 2566 3327 alacritate
2617 3259 3112 3329 memorandos
3148 3316 3164 3343 ,

605 3343 673 3412 di
732 3343 838 3413 nis
872 3341 1160 3410 laudum
1213 3341 1598 3500 praeconiis
1632 3343 1718 3412 ad
1771 3345 2096 3414 honorem
2146 3345 2282 3425 Dei,
2338 3357 2541 3436 prout
2590 3367 2991 3436 possumuS,
3049 3371 3168 3418 ex-

604 3432 691 3503 tol
728 3452 950 3501 amus:
1005 3442 1080 3499 ut
1132 3435 1217 3499 Le
1270 3433 1434 3500 uino
1485 3444 1716 3502 nostro
1767 3444 1952 3502 tanto
2000 3445 2258 3502 crescat
2321 3434 2523 3503 altior
2596 3434 2841 3525 gloria,
2895 3450 3165 3522 quanto

603 3542 676 3591 se
732 3519 1285 3611 praecedentium
1340 3520 1816 3610 probabililior
1872 3520 2084 3591 fuisse
2149 3520 2406 3590 dicitur
2455 3522 2612 3591 vita:
2675 3523 2958 3610 quando
3004 3528 3168 3612 qui-

599 3610 758 3679 dem
811 3609 1024 3679 nullis
1055 3608 1482 3679 diverticulis
1511 3610 1598 3678 ab
1646 3632 1885 3679 eorum
1925 3610 2191 3679 tramite
2223 3609 2613 3692 declinavit,
2646 3612 2767 3699 qui
2807 3623 3162 3683 tantorum

603 3698 889 3788 vestigia
963 3697 1223 3767 ducum
1303 3699 1600 3769 summis
1680 3699 1953 3768 nisibus
2027 3697 2231 3768 fucrit
2305 3711 2649 3769 executus.
2727 3704 3167 3791 Quapropter

599 3810 761 3856 cum
814 3787 1093 3856 illorum
1145 3787 1552 3875 religiositas
1601 3787 2034 3877 exprimitur,
2089 3789 2214 3859 iste
2270 3787 2615 3858 laudatur.
2671 3793 2837 3857 Cum
2909 3789 3163 3859 horum

601 3875 830 3944 studia
859 3886 1372 3964 praenotantur,
1415 3876 1537 3943 iste
1573 3888 1753 3947 totus
1783 3876 2206 3966 depingitur.
2246 3881 2413 3946 Cum
2447 3877 2724 3946 illorum
2771 3877 3163 3967 praeliandi

599 3963 929 4032 adversus
980 3975 1342 4052 potestates
1374 3976 1607 4034 aereas
1639 3964 2015 4034 certamina
2049 3965 2465 4044 referuntur,
2508 3966 2719 4055 liujus
2750 3966 3161 4057 triumphus

596 4052 944 4120 evidenter
990 4053 1377 4141 exponitur.
1433 4057 1643 4139 Atque
1675 4075 1753 4122 ex
1790 4053 2190 4140 hujusmodi
2242 4054 2658 4142 conjecturis
2707 4053 2910 4123 facile
2960 4052 3163 4125 colli-

648 4139 785 4209 itur
845 4141 1172 4209 memoria
1223 4141 1530 4230 priorum
1599 4141 1805 4210 vitam
1865 4141 2199 4211 illustrari
2260 4142 2739 4228 sequentium:
2801 4155 2870 4212 et
2916 4145 3163 4233 augeri

598 4164 762 4297 filiis
814 4228 1259 4311 honestatem,
1314 4252 1473 4299 cum
1525 4229 1801 4299 eosdem
1840 4243 2115 4320 patrum
2173 4230 2471 4321 gloriose
2523 4230 2897 4299 viventium
2961 4232 3162 4302 fulcit

599 4316 993 4388 auctoritas.
1066 4317 1255 4386 Viros
1307 4318 1519 4407 igitur
1584 4341 1760 4405 quos
1822 4318 2312 4408 praemisimus
2352 4374 2366 4401 ,
2445 4330 2717 4389 sanctos
2770 4319 3157 4389 admodum

597 4405 809 4477 fuisse
841 4426 975 4475 non
1013 4405 1441 4478 dubitamus:
1482 4429 1777 4494 quorum
1816 4408 1987 4478 alter
2019 4407 2470 4488 confessione,
2502 4406 2672 4477 alter
2703 4409 3039 4497 martyrio
3088 4409 3158 4477 in
