3327 4999
208 330 455 399 MART.
513 335 598 399 ⁴2
1105 352 1185 398 m:
1231 352 1289 400 s.
1342 350 1656 400 cancomo
1705 352 1868 399 rArA
2553 331 2685 400 185

206 438 595 521 Imperator
638 456 798 506 vero
860 440 1377 517 Romanorum,
1430 435 1762 505 dominus
1811 434 2216 504 liberorum.
2289 436 2481 505 Unde
2531 446 2597 505 et
2652 458 2773 506 vos

205 522 543 608 quicquid
596 524 824 615 agitis,
890 524 1088 614 prius
1125 524 1409 611 quidem
1467 528 1736 593 servata
1775 523 2073 624 justitia,
2113 522 2364 593 deinde
2430 525 2776 594 custodita

204 631 333 701 per
391 612 631 681 omnia
691 610 1000 681 libertate
1055 634 1258 703 agere
1311 612 1597 682 debetiS.
1658 617 2006 700 Scriptum
2040 623 2142 681 est
2170 612 2396 681 enim:
2435 614 2620 695 Quod
2651 614 2778 682 cibi

200 721 340 768 non
386 701 489 767 mis·
532 702 706 790 fieri,
761 702 914 770 vide
961 724 1043 770 ne
1084 702 1293 770 alteri
1332 702 1553 790 facias
1597 700 1740 789 (Em
1801 702 2035 770 Tobiae
2081 722 2169 779 1v,
2227 700 2362 788 46).
2403 705 2480 769 Et
2513 723 2632 802 per
2664 723 2776 770 se-

203 785 577 891 metipsam
627 789 886 858 Veritas
934 788 1123 858 dicit:
1188 794 1371 873 Quae
1426 791 1658 869 υαίιίε,
1701 799 1779 857 ut
1802 791 2067 889 saciant
2115 790 2299 856 vobis
2347 789 2665 869 hommeS,
2707 799 2772 858 et

202 898 322 943 vos
370 877 606 946 eadem
651 880 858 966 facite
908 880 1048 947 illis
1091 877 1361 966 (Mami.
1424 877 1565 965 vu).
1636 881 1715 945 In
1769 875 2081 946 libertate
2127 897 2291 966 ergo
2337 898 2604 957 eorum,
2648 877 2771 963 qui

206 963 404 1033 vobis
447 964 517 1031 in
558 964 991 1035 discussione
1030 966 1387 1036 commissi
1439 975 1623 1044 sunt,
1662 976 1957 1034 vestram
1999 964 2390 1054 specialiter
2418 965 2800 1043 attendere,

204 1049 501 1120 debetis:
545 1054 701 1123 etsi
748 1054 879 1143 ipsi
923 1077 964 1123 a
996 1054 1371 1143 Majoribus
1416 1053 1657 1124 vestris
1692 1053 2018 1141 injuriari
2056 1053 2436 1122 libertatem
2472 1067 2770 1123 vestram

205 1161 347 1209 non
379 1140 618 1219 vultiS‚
648 1144 1119 1232 subjectorum
1149 1154 1527 1212 vestrorum
1560 1141 1942 1211 libertatem
1968 1141 2372 1210 honorando
2399 1142 2761 1211 custodite.

205 1228 490 1297 Scimus
535 1229 725 1298 enirn
757 1231 878 1316 qui
924 1230 1139 1299 dixit:
1193 1235 1464 1301 Coelum
1497 1241 1559 1298 ec
1590 1241 1776 1299 terra
1816 1232 2232 1309 transibunt,
2284 1232 2489 1299 verba
2539 1241 2768 1299 aulem

199 1339 357 1386 mea
390 1339 524 1385 non
551 1320 928 1387 transibunt
954 1319 1224 1475 5Matcln.
1258 1322 1456 1407 xxiv).
1491 1318 1701 1407 Cujus
1738 1319 1904 1404 quia
1936 1320 2140 1387 verba
2189 1339 2327 1386 non
2379 1328 2762 1399 transeunt,

202 1404 323 1473 sed
362 1426 487 1494 per
541 1405 777 1473 omnia
816 1406 959 1497 imp
991 1419 1215 1488 entur,
1265 1419 1657 1476 metuamus
1710 1406 1893 1492 quod
1941 1407 2188 1475 iterum
2239 1406 2447 1474 dicit:
2501 1411 2579 1474 In
2629 1429 2770 1497 qua

199 1516 527 1562 mensura
558 1494 775 1561 mensi
796 1496 1087 1582 fueritis,
1124 1497 1193 1563 in
1221 1518 1302 1563 ea
1332 1496 1720 1564 remetietur
1746 1496 1928 1564 vobis
1955 1495 2224 1584 (Macm.
2251 1495 2392 1582 vn).
2430 1493 2605 1577 Quid
2640 1517 2767 1564 au·-

201 1592 341 1651 tem
394 1579 615 1671 gloria
651 1595 869 1650 vestra
898 1583 1265 1661 existimat,
1301 1584 1465 1669 quia
1501 1583 1560 1652 si
1592 1584 1914 1673 superbe,
1962 1583 2021 1652 si
2054 1582 2428 1652 crudeliter
2460 1583 2761 1672 agimus,

197 1668 531 1759 despecto
583 1669 737 1750 Deo,
780 1670 976 1740 nobis
1025 1670 1373 1740 hominem
1431 1671 1834 1761 placamus?
1863 1670 2063 1741 Nullo
2113 1671 2341 1740 modo.
2397 1672 2562 1739 Nam
2619 1671 2765 1761 ipse

195 1759 325 1844 qui
376 1756 781 1848 despicitur,
817 1781 976 1828 eum
1025 1772 1262 1829 contra
1322 1782 1469 1841 nOS,
1523 1782 1733 1846 quem
1781 1760 1903 1830 des
1957 1772 2105 1828 ecto
2143 1764 2273 1827 Deo
2324 1757 2599 1848 placare
2648 1781 2766 1828 vo-

199 1846 471 1927 lumus,
524 1846 770 1915 irritat.
826 1852 1156 1916 Curemus
1203 1870 1366 1937 ergo
1411 1869 1529 1937 per
1578 1848 1816 1917 omnia
1867 1872 1908 1937 p
1941 1870 2141 1917 acare
2187 1853 2428 1927 Deum,
2474 1847 2595 1933 qui
2649 1870 2768 1937 po-

198 1945 360 2005 tens
418 1946 522 2003 est
577 1947 644 2003 et
709 1934 917 2004 iratos
968 1935 1283 2005 homines
1331 1936 1417 2004 ad
1487 1936 2097 2006 mansuetudinem
2149 1935 2499 2005 reducere.
2566 1941 2762 2017 Nam,

197 2022 391 2092 sicut
426 2022 596 2103 dixi,
632 2023 835 2091 etiam
892 2025 1234 2093 mansueti
1286 2023 1626 2104 homines,
1681 2024 2086 2114 indignante
2136 2029 2290 2104 De0,
2347 2023 2432 2092 ad
2484 2022 2768 2092 iracun-

194 2110 395 2180 dia'm
502 2125 933 2180 revocantur.
990 2112 1057 2180 Si
1107 2124 1334 2181 autem
1386 2112 1666 2193 dicitur,
1718 2113 1882 2198 quia
1933 2113 2080 2184 sine
2129 2112 2533 2182 verberibus
2563 2125 2770 2197 atque

196 2133 590 2269 terroribus
638 2199 917 2270 fraudes
966 2199 1287 2289 publicae
1335 2199 1632 2268 inveniri
1682 2222 1818 2269 non
1872 2212 2187 2291 possunt:
2229 2200 2360 2268 hoc
2407 2198 2768 2269 admittere

200 2299 565 2379 poteram,
620 2288 679 2357 si
742 2287 813 2355 in
883 2287 1402 2357 ratiociniorum
1465 2310 1676 2357 causa
1724 2289 2053 2357 dominus
2100 2287 2421 2356 Leontius
2471 2309 2609 2355 non
2658 2310 2767 2357 ve-

200 2376 451 2445 nisset.
486 2380 655 2443 Nam
694 2398 936 2445 verum
983 2375 1189 2445 etiam
1239 2388 1364 2456 est,
1404 2378 1570 2463 quia
1619 2376 1719 2445 illi
1773 2376 1993 2448 solent
2041 2376 2365 2447 manibus
2412 2376 2761 2458 excedere,

197 2464 331 2553 qui
382 2464 449 2532 in
504 2485 716 2534 sensu
763 2478 829 2534 et
876 2464 1115 2556 lingua
1165 2464 1501 2534 deficiunt
1541 2491 1565 2530 ι
1602 2465 1662 2534 ⁴⁸.

290 2555 333 2640 ξ
381 2555 532 2624 28.
610 2557 1029 2623 Cunctorum
1072 2552 1398 2643 judicum
1453 2553 1869 2644 cupiditates
1922 2553 2025 2622 vel
2078 2551 2339 2622 scelera
2392 2552 2764 2642 Gregorius

195 2641 406 2729 quasi
436 2662 635 2710 camo
666 2640 1019 2727 frenoque,
1062 2641 1397 2732 pontificii
1447 2643 1560 2712 sui
1606 2641 2059 2711 validissimis
2099 2641 2626 2711 auctoritatibus
2661 2663 2765 2710 re-

193 2728 627 2819 stringebat:
679 2742 745 2798 et
792 2729 851 2799 si
891 2751 1066 2816 quos
1112 2729 1412 2798 dulciter
1443 2752 1481 2799 a
1517 2730 1849 2820 pravitate
1888 2730 2232 2821 corrigere
2281 2752 2418 2799 non
2463 2729 2755 2811 valebat,

194 2817 622 2907 scriptorum
672 2840 960 2887 suorum
1013 2818 1622 2906 redargutionibus
1674 2817 2096 2908 publicabat.
2177 2817 2370 2887 Unde
2447 2824 2760 2887 Romano

193 2906 506 2976 Exarcho
558 2905 791 2976 Italiae
842 2905 1169 2976 residenti
1209 2912 1572 2976 Ravennae
1621 2906 1887 2987 scribit,
1943 2906 2292 2993 inquiens:
2341 2932 2365 2968 ι(
2405 2906 2600 2997 Apud
2651 2928 2764 2974 ex-

192 2994 593 3066 cellentiam
645 3008 937 3064 vestram
998 3016 1365 3094 pravorum
1424 2995 1721 3064 audacia
1759 2995 2216 3085 correptionis
2248 2994 2450 3064 debet
2483 2994 2764 3064 aculeos

195 3083 451 3174 magiS,
491 3103 701 3169 quam
753 3082 1178 3152 defensionis
1226 3082 1534 3152 invenire
1575 3082 1924 3153 solatium.
1974 3088 2142 3151 Nam
2194 3083 2360 3153 satis
2408 3104 2613 3172 grave
2661 3093 2766 3152 est

194 3172 346 3241 illic
394 3170 649 3258 habere
698 3192 978 3260 pravam
1028 3182 1106 3240 ut
1152 3170 1507 3261 contingat
1565 3170 1907 3240 actionem
1972 3170 2358 3259 refugium,
2402 3171 2588 3239 unde
2650 3170 2759 3238 di-

192 3258 539 3349 sciplinae
586 3258 780 3329 decet
830 3257 1105 3350 prodire
1152 3280 1544 3329 censuram.
1599 3259 1911 3328 Pervenit
1974 3258 2205 3344 itaque
2253 3259 2339 3327 ad
2391 3280 2541 3340 n08‚
2596 3263 2763 3348 Spe-

190 3349 465 3420 ciosum
513 3354 888 3434 quemdam
941 3347 1445 3438 presbyterum,
1482 3347 1606 3434 qui
1644 3351 1858 3417 causa
1910 3356 2230 3437 poscente
2279 3346 2349 3415 in
2413 3359 2758 3416 monaste-

190 3437 299 3507 rio
344 3459 387 3506 a
434 3441 701 3505 ,Ioanne
754 3435 960 3504 fratre
993 3448 1057 3504 et
1089 3435 1497 3526 coepiscopo
1537 3447 1772 3506 nostro
1829 3434 2051 3504 fuerat
2083 3434 2477 3524 deputatus,
2516 3446 2761 3503 contra

192 3525 309 3596 sui
358 3523 656 3616 pastoris
702 3523 949 3593 exinde
996 3523 1415 3592 voluntatem
1464 3523 1709 3602 exisse,
1748 3535 1814 3592 et
1861 3522 2378 3592 Ecclesiasticae
2425 3522 2761 3591 constitu-

191 3613 404 3684 tionis
449 3611 683 3702 vigore
728 3612 1071 3702 despecto,
1115 3611 1459 3681 antedicto
1489 3611 1838 3702 episcopo,
1884 3624 2107 3680 vestra
2148 3610 2397 3679 fretum
2436 3610 2749 3691 tuitione,

190 3701 542 3774 resistere.
594 3700 791 3782 Quod
840 3700 1007 3787 quia
1051 3699 1491 3769 excellentiae
1538 3713 1800 3769 vestrae
1847 3699 1997 3768 sine
2044 3699 2259 3768 dubio
2310 3698 2539 3789 pulsat
2583 3697 2763 3766 invi-

190 3790 428 3871 diam‚
482 3809 762 3858 necesse
807 3801 946 3870 est,
1000 3798 1076 3859 ut
1121 3788 1209 3857 ab
1256 3788 1410 3876 ejus
1477 3811 1619 3869 vos,
1678 3787 1911 3858 habita
1960 3787 2394 3870 discretione,
2449 3785 2759 3856 debeatis

190 3879 485 3949 tuitione
532 3877 1000 3967 suspendere:
1056 3898 1141 3946 ne
1187 3876 1247 3946 si
1297 3876 1602 3948 nominis
1649 3877 1856 3947 vestri
1903 3876 2266 3946 occasione
2315 3875 2576 3965 pastori
2626 3895 2755 3946 suo

188 3965 601 4036 inobediens
649 3964 751 4034 vel
799 3979 1169 4035 contumax
1214 3963 1443 4046 fuerit,
1478 3965 1566 4034 ad
1617 3974 1892 4055 tempus
1940 3977 2004 4034 et
2052 3977 2309 4034 vestros
2357 3976 2599 4034 contra
2635 3983 2755 4033 vos

183 4054 462 4142 judices
493 4053 875 4134 defensare,
914 4064 1118 4140 atque
1146 4052 1620 4123 excellentiam
1648 4065 1943 4122 vestram
1978 4053 2107 4122 hac
2137 4074 2220 4121 ex
2248 4073 2322 4121 re
2343 4064 2633 4142 cogatur
2652 4049 2756 4119 of-

190 4142 493 4224 fendere,
535 4154 605 4213 et
633 4162 759 4212 nos
789 4142 1045 4232 pariter
1074 4141 1158 4211 de
1190 4154 1412 4212 vestra
1439 4140 1790 4213 discordia
1817 4140 2232 4211 contristari.
2269 4139 2750 4231 Comperimus

241 4340 269 4367 ⁸
296 4338 400 4380 Euo
419 4338 569 4388 aptat.
586 4337 729 4387 Grec.
752 4337 931 4378 llberos
949 4337 1166 4379 homines
1184 4339 1442 4384 verberari.
1460 4339 1510 4379 et
1528 4338 1716 4379 levibus
1741 4339 1800 4378 de
1828 4337 2012 4379 caussis
2041 4337 2262 4378 ubertate
2290 4336 2425 4378 vetat
2453 4335 2645 4385 privari.
2677 4334 2759 4374 Se·

188 4393 357 4441 quenti
386 4394 550 4432 sutem
567 4392 854 4440 potestatem
874 4391 1166 4431 saecularem
1181 4393 1387 4442 graviter
1407 4393 1576 4440 arguit,
1597 4401 1760 4431 ansam
1780 4391 2038 4431 rebellibus
2058 4391 2287 4439 Episcopo
2308 4399 2396 4428 suo
2414 4389 2609 4429 clericis
2629 4395 2761 4437 prae·

188 4445 403 4487 benten.
428 4446 552 4486 Not·
571 4446 719 4485 eum
741 4445 1024 4487 charitatem
1046 4446 1264 4486 eximiam
1283 4455 1394 4486 cum
1415 4446 1672 4487 severitate
1690 4445 2078 4516 reprehensionis
2093 4446 2145 4483 m
2161 4444 2311 4492 Epist.
2334 4442 2356 4495 θ
2375 4444 2442 4483 29.
