3327 4999
664 360 796 424 498
1478 377 1555 422 nn
1605 377 1661 423 s.
1715 372 2001 423 runcano
2048 373 2247 423 Emsc.
2410 402 2415 407 ·
2744 348 2992 421 MART.
3056 356 3157 423 26

577 462 924 531 doctorem
985 459 1326 529 Ecclesiae
1373 482 1521 530 esse
1569 459 1907 540 futurum,
1944 457 2314 549 portendit.
2355 456 2657 543 Denique
2689 479 2847 527 cum
2881 457 2971 528 ab
3011 458 3157 527 ali-

572 572 713 636 quo
788 550 1373 638 interrogaretur,
1452 548 1620 635 quid
1692 571 1812 639 per
1877 548 2056 616 diem
2115 558 2441 637 operatus
2510 545 2792 627 fuisset,
2864 568 2940 615 se
3016 569 3155 637 per

576 650 795 708 totum
859 637 1042 705 diem
1107 649 1227 706 aut
1291 636 1503 705 libros
1565 636 2038 728 composuisse
2091 648 2210 705 aut
2259 634 2661 724 scripsisse,
2713 644 2833 702 aut
2879 634 3149 725 legisse

576 724 954 815 respondit.
1018 725 1146 807 Qui
1207 748 1364 794 cum
1413 725 1708 795 ulterius
1768 725 2265 812 inquireretur,
2315 722 2475 809 quis
2522 744 2684 791 eum
2734 722 3141 795 docuisset:

574 819 839 895 «Deus,
895 812 1158 899 inquit,
1213 835 1323 883 me
1370 813 1629 883 docuit.
1674 837 1708 880 »
1757 818 1808 884 Ο
1865 836 2015 883 vere
2062 812 2468 903 Apostolica‚
2524 822 2589 880 et
2636 811 2938 900 perfecto
2988 812 3145 882 viro

573 902 832 991 digna,
886 914 952 970 et
999 902 1070 970 in
1121 902 1387 971 tantillo
1449 916 1719 991 pectore
1768 902 2087 971 miranda
2151 901 2436 969 omnino
2498 899 2836 970 doctrina.
2895 906 3143 971 Nonne

579 991 685 1058 his
735 990 962 1060 verbis
1001 989 1254 1059 dixisse
1305 991 1608 1060 videtur:
1648 1013 1686 1057 «
1719 996 1854 1060 Cur
1880 1013 1988 1059 me
2030 989 2490 1079 interrogatiS,
2527 988 2687 1075 quis
2736 1010 2845 1057 me
2878 988 3140 1059 docue-

575 1078 710 1159 rit,
762 1078 961 1166 quasi
1032 1078 1402 1165 quisquam
1462 1079 1644 1149 alius
1714 1078 2029 1169 singulos
2077 1078 2351 1159 doceat,
2405 1099 2613 1164 quam
2669 1081 2899 1146 Deus?
2960 1079 3137 1160 Quis

575 1166 793 1256 aperit
858 1189 976 1235 ora
1038 1177 1386 1235 mutorum
1426 1221 1441 1247 ,
1495 1180 1560 1237 et
1613 1166 1886 1258 linguas
1947 1166 2315 1235 infantium
2367 1165 2528 1234 facit
2593 1165 2923 1245 disertaS,
2994 1167 3132 1235 nisi

579 1258 787 1323 Deus?
817 1255 953 1323 Nisi
997 1258 1172 1323 Deus
1209 1268 1504 1324 mentem
1560 1256 1747 1324 intus
1795 1255 2125 1333 docuerit,
2166 1255 2477 1324 laborare
2507 1253 2894 1324 forinsecus
2925 1254 3129 1323 homo

578 1354 816 1432 potest,
857 1342 1185 1432 proficere
1235 1364 1367 1413 non
1467 1356 1660 1414 otest.
1715 1349 1892 1414 Deus
1940 1365 2102 1433 ergo
2152 1364 2261 1411 me
2308 1342 2564 1421 docuit,
2609 1343 2733 1429 qui
2783 1365 2892 1411 me
2941 1365 3124 1412 crea-

575 1432 709 1498 vit:
767 1453 899 1500 non
967 1431 1194 1500 hom0.
1232 1455 1267 1497 »
1317 1366 1497 1503 Tafis
1546 1446 1691 1502 erat
1752 1433 1978 1523 prima
2030 1432 2157 1500 viri
2204 1444 2413 1512 aetaS,
2471 1430 2586 1501 tali
2635 1432 2787 1521 ejus
2837 1430 3116 1500 infantia

579 1519 914 1607 tyrocinio
965 1519 1326 1589 militabat.

665 1610 701 1693 ξ
760 1613 846 1678 5.
919 1613 1165 1677 Verum
1216 1608 1340 1678 ubi
1396 1629 1554 1677 cum
1606 1609 1846 1678 aetatis
1895 1630 2223 1698 processu
2274 1608 2628 1699 Ludgerus
2676 1607 2968 1677 scientia
3018 1606 3103 1677 si·-

579 1695 725 1765 mul
774 1707 838 1764 et
885 1696 1146 1765 meritis
1194 1696 1526 1777 accrevit,
1567 1696 1779 1766 literis
1835 1697 2116 1766 demum
2158 1696 2377 1766 imbui
2428 1695 2696 1765 ardenti
2745 1696 3113 1766 admodum

579 1795 728 1852 voto
774 1783 1116 1874 cupiebat.
1156 1785 1424 1854 Sciebat
1451 1786 1636 1854 enim
1690 1785 2073 1876 plerosque,
2101 1785 2299 1874 juxta
2331 1785 2791 1875 Apostolicum
2827 1785 3108 1865 dictum,

577 1872 797 1941 zelum
827 1872 937 1940 Dei
961 1872 1234 1955 habere,
1263 1873 1380 1941 sed
1407 1896 1537 1943 non
1565 1874 1948 1943 secundum
1981 1873 2364 1943 scientiam.
2403 1873 2697 1955 Undefne
2717 1887 2958 1943 contra
2982 1895 3120 1964 pro-

581 1961 883 2051 positum
931 1972 995 2030 et
1044 1960 1461 2031 voluntatem
1512 1984 1711 2031 suam
1745 1962 2132 2052 ignorantia
2162 1961 2332 2031 forte
2371 1962 2441 2029 in
2477 1962 2711 2047 aliquo
2742 1961 3105 2041 laberetur,

581 2060 895 2139 parentes
949 2050 1262 2140 proprios
1309 2049 1528 2131 adiit,
1581 2050 1830 2119 obnixe
1879 2050 2241 2141 postulans
2276 2104 2290 2131 ,
2345 2062 2421 2119 ut
2476 2072 2717 2119 eorum
2780 2050 3123 2120 industria

578 2137 788 2207 alicui
835 2137 1104 2207 erudito
1153 2138 1221 2205 in
1275 2140 1408 2210 scri
1465 2139 1638 2209 turis
1700 2140 1847 2208 viro
1904 2138 2528 2208 commendaretur.
2586 2143 2908 2295 Parensses
2973 2140 3123 2229 piae

580 2226 941 2295 intentioni
1006 2227 1156 2317 ejus
1202 2239 1266 2296 et
1323 2249 1404 2296 vo
1437 2228 1656 2296 untati
1707 2226 2287 2317 congratulanteS,
2329 2226 2578 2316 dignas
2609 2222 2771 2296 inde
2856 2249 2936 2298 eo
2966 2250 3123 2317 gra-

586 2316 711 2384 tias
758 2328 1082 2404 egerunt,
1135 2328 1199 2385 et
1245 2316 1395 2407 ejus
1445 2328 1880 2406 quantocyus
1934 2316 2105 2385 votis
2153 2315 2544 2385 satisfacere
2591 2329 3035 2385 curaverunt.

672 2404 704 2491 §
751 2409 844 2474 θ.
899 2409 1055 2473 Erat
1092 2426 1171 2473 ea
1222 2415 1619 2495 tempestate
1650 2416 1717 2474 et
1765 2405 2115 2475 literarum
2171 2404 2478 2485 scientia,
2533 2415 2598 2473 et
2647 2427 2918 2474 morum
2973 2427 3131 2494 pro-

585 2491 792 2561 bitate
845 2493 946 2561 vir
977 2493 1217 2563 merito
1268 2516 1399 2563 non
1455 2493 1767 2574 infimus,
1810 2495 2090 2563 nomine
2139 2493 2528 2584 GregoriuS,
2581 2493 2701 2580 qui
2734 2493 3129 2584 discipulus

583 2580 936 2668 simulque
987 2604 1343 2653 successor
1383 2583 1597 2654 sancti
1650 2582 1966 2672 Martyris
2015 2581 2365 2663 Bonifacii‚
2405 2583 2825 2671 Trajectinae
2863 2582 3009 2652 sedi
3055 2584 3127 2651 in

580 2668 803 2759 gradu
851 2674 1234 2760 presbyter,
1271 2672 1729 2761 praesidebat.
1784 2672 2011 2761 Hujus
2057 2692 2263 2740 curae
2310 2683 2374 2740 et
2422 2670 2848 2740 solicitudini
2898 2671 3125 2740 virum

585 2759 698 2827 Dei
749 2770 1062 2847 parentes
1109 2760 1787 2830 commendaverunt.
1845 2759 1975 2843 Qui
2022 2760 2173 2850 ejus
2219 2761 2599 2849 sagacitate,
2639 2759 2847 2830 simul
2896 2772 2963 2829 et
3010 2759 3128 2828 de·

583 2846 850 2915 votione
906 2858 1250 2936 comperta
1287 2903 1301 2928 ,
1356 2847 1650 2938 benigne
1701 2871 1916 2918 susce
1973 2860 2117 2917 tum
2164 2858 2229 2916 et
2274 2871 2433 2917 cum
2495 2848 2753 2916 honore
2808 2847 3129 2917 habitum

583 2934 1086 3004 studiosissime
1133 2935 1438 3004 enutrire
1487 2936 1829 3006 studebat.
1870 2942 1919 3006 U
1975 2936 2165 3005 inon
2206 2936 2579 3005 minimum
2629 2937 2730 3006 vel
2777 2936 2848 3004 in
2874 2938 3129 3006 timore

589 3022 858 3091 Domini
907 3033 971 3090 et
1019 3023 1292 3091 servitio
1340 3023 1595 3106 divino,
1651 3024 1750 3093 vel
1805 3026 1872 3093 in
1919 3026 2432 3115 Scripturarum
2479 3024 2916 3097 documentis
2962 3046 3128 3115 pro-

582 3110 846 3190 ficienS,
902 3122 967 3179 et
1015 3111 1490 3181 mundialibus
1541 3114 1832 3204 negotiis
1879 3113 2366 3183 abrenuntiare
2413 3113 2777 3204 cogitabat.
2841 3119 3129 3184 Noverat

582 3198 766 3266 enim
802 3199 1196 3288 Apostolum
1238 3200 1514 3282 dixisse,
1558 3202 1741 3289 quod
1779 3224 1981 3272 nemo
2036 3202 2344 3271 militans
2380 3206 2512 3271 Deo
2560 3202 2873 3292 implicat
2904 3224 2978 3271 se
3009 3224 3128 3270 ne-

582 3286 788 3377 gotiis
838 3287 1290 3369 secularibus,
1345 3301 1421 3359 ut
1471 3290 1737 3380 placeat
1773 3291 1859 3372 ei,
1922 3291 2038 3360 cui
2108 3313 2179 3360 se
2229 3290 2561 3380 probavit.
2624 3291 2913 3360 Proinde
2973 3303 3126 3360 ton-

584 3377 747 3446 sura
795 3378 1097 3466 accepta,
1153 3388 1364 3447 totum
1419 3401 1490 3448 se
1521 3380 1609 3447 {n
1661 3379 2074 3470 TraJectensi
2126 3379 2538 3449 monasterio
2591 3379 2674 3447 ad
2744 3379 2861 3448 Dei
2910 3379 3124 3447 servi-

584 3464 756 3544 tium
808 3476 872 3534 et
932 3464 1018 3534 ad
1058 3465 1518 3536 instrumenta
1564 3468 1732 3539 artis
1780 3467 2112 3559 spiritalis
2171 3467 2524 3536 convertit.
2581 3467 2748 3537 Mira
2797 3467 2898 3536 illi
2939 3468 3127 3536 circa

580 3552 1167 3624 conscholasticus
1221 3576 1384 3625 suos
1417 3556 1738 3637 charitaS,
1798 3556 1970 3624 mira
2004 3556 2189 3625 circa
2218 3555 2759 3626 ecclesiasticum
2810 3555 3123 3625 officium

581 3641 849 3712 devotio
896 3654 1062 3712 erat.
1120 3647 1400 3733 Semper
1431 3655 1548 3713 aut
1581 3644 1849 3735 legebat
1884 3644 2172 3731 aliquid,
2210 3655 2331 3714 aut
2371 3643 2726 3734 psallebat,
2780 3657 2900 3714 aut
2943 3655 3126 3713 certe

580 3730 874 3800 orationi
924 3730 1245 3800 instabat.
1287 3733 1678 3802 Secularem
1720 3733 2146 3803 literaturam
2194 3753 2329 3801 non
2374 3732 2757 3821 multopere
2785 3733 2964 3803 scire
3001 3756 3127 3801 cu-

581 3820 798 3890 rabat.
835 3818 1163 3890 assiduus
1212 3820 1573 3891 meditator
1618 3821 1893 3890 divinae
1927 3821 2332 3911 scripturae,
2377 3843 2529 3891 eam
2574 3822 2871 3890 maxime
2913 3821 3129 3891 menti

579 3907 1013 3989 recondebat,
1066 3930 1243 3996 quae
1290 3919 1410 3978 aut
1458 3909 1732 3979 laudem
1787 3910 1897 3978 Dei
1950 3931 2216 3990 sonare,
2270 3922 2391 3980 aut
2438 3908 2523 3978 ad
2572 3908 2781 3978 fidem
2831 3909 3127 3979 catholi-

577 4018 728 4065 cam
771 3997 1110 4086 pertinere
1158 3996 1538 4067 videbatur.
1579 4003 1734 4087 Ipse
1783 3998 2022 4067 beatus
2068 3998 2173 4067 vir
2220 4019 2360 4066 uno
2411 4018 2682 4087 semper
2723 3998 2955 4078 vultu,
3010 4020 3126 4067 eo-

578 4083 873 4171 demque
919 4086 1152 4155 animo
1219 4096 1403 4155 erat:
1461 4087 1636 4156 laeta
1684 4086 1969 4172 quidem
2010 4085 2189 4156 facie
2238 4098 2305 4155 et
2359 4086 2737 4155 admodum
2777 4086 3126 4176 jucunda,

581 4194 704 4241 nec
755 4185 982 4243 tamen
1031 4174 1217 4243 facili
1274 4187 1339 4244 et
1383 4176 1701 4267 prompta
1749 4174 1835 4243 ad
1893 4175 2137 4243 risum.
2192 4179 2294 4243 Ita
2340 4173 2412 4242 in
2475 4173 2805 4243 omnibus
2853 4174 3134 4244 actibus

578 4261 725 4332 suis
760 4262 1193 4351 prudentiam
1236 4286 1394 4333 cum
1448 4263 1895 4352 temperantia
1941 4262 2428 4353 complectens,
2462 4285 2599 4331 non
2649 4261 2883 4333 solum
2914 4285 2955 4332 a
2988 4286 3137 4333 ma·

578 4350 789 4439 gistro
853 4351 1050 4436 quasi
1111 4351 1368 4423 unicus
1433 4352 1619 4422 filius
1686 4350 2149 4442 diligebatur,
2216 4351 2333 4420 sed
2387 4351 2590 4421 etiam
2642 4351 2729 4419 ab
2805 4353 3141 4423 omnibus

581 4438 1144 4509 conscholasticis
1197 4440 1345 4511 suis
1379 4453 1442 4511 et
1475 4441 1654 4512 notis
1680 4441 1754 4511 in
1795 4440 2093 4511 maximo
2125 4440 2511 4511 habebatur
2544 4440 2816 4511 affectu.
2849 4446 3145 4514 Necesse
