3327 4999
668 335 800 402 226
1475 355 1554 402 na
1601 354 1660 401 s.
1713 352 2026 401 aureonno
2074 354 2237 403 ura
2740 335 2979 417 MART.
3034 336 3110 400 ⁴2

577 434 746 522 quid
800 432 1256 526 negligentiae
1304 455 1425 523 per
1470 455 1584 503 sex
1645 432 1795 502 dics
1840 433 2092 524 agitur,
2165 454 2288 523 per
2345 432 2532 502 diem
2579 432 3113 504 Resurrectionis

581 522 978 594 Dominicae
1026 522 1350 612 precibus
1395 522 1730 613 expietur.
1761 545 1796 588 »

664 615 701 700 ἓ
761 617 920 685 4⁷1.
974 617 1100 680 Pro
1147 611 1599 681 barbarorum
1651 610 2172 682 incursionibus
2217 609 2327 680 bis
2375 610 2444 679 in
2495 610 2929 681 hebdomada
2972 609 3116 679 fieri

576 700 876 772 Litanias
925 700 1293 790 Gregorius
1340 700 1772 770 decernebat.
1808 706 2236 791 Quapropter
2269 700 2612 770 universis
2644 699 2984 790 episcopis
3014 699 3116 769 Si-

571 789 772 860 ciliae
803 788 1136 868 scribens,
1188 789 1324 859 ait:
1379 813 1414 856 «
1442 794 1661 879 Super
1698 788 2101 859 afflictiones
2148 800 2212 857 et
2268 789 2590 879 gemitus,
2630 810 2804 875 quos
2850 809 3113 863 annosa

575 878 690 950 hic
738 877 1254 948 continuatione
1299 878 1383 947 de
1431 878 1748 948 hostibus
1797 878 2246 958 sustinemuS‚
2300 878 2520 966 major
2553 900 2677 947 nos
2738 891 2961 947 metus
3005 898 3114 947 ex-

576 967 840 1038 cruciat
867 967 1053 1053 quod
1103 966 1423 1038 inimicos
1464 981 1731 1038 nostros
1763 966 1955 1036 omni
1984 967 2240 1037 annisu
2267 966 2354 1034 ad
2390 966 2662 1036 Siciliae
2692 966 3117 1035 invasionem

577 1057 1064 1148 cognoscimus
1112 1054 1453 1125 festinare.
1501 1056 1627 1126 Sed
1677 1077 1764 1125 ne
1819 1055 1948 1125 hoc
1996 1055 2136 1126 illis
2183 1054 2652 1135 molientibus,
2707 1054 3117 1145 prosperita-

580 1158 716 1216 tem
766 1143 1136 1214 multitudo
1199 1158 1589 1215 nostrorum
1641 1145 1963 1235 praebeat
2025 1155 2488 1234 peccatorum,
2542 1157 2679 1214 toto
2730 1166 2857 1213 nos
2917 1142 3119 1215 corde

580 1233 666 1304 ad
720 1233 1195 1324 Redemptoris
1242 1234 1457 1304 nostri
1492 1233 1793 1302 remedia
1826 1231 2286 1315 conferamus,
2322 1245 2387 1303 et
2433 1233 2691 1319 quibus
2726 1233 2974 1302 virtute
3022 1252 3122 1300 re·

580 1323 819 1395 sistere
866 1344 1005 1391 non
1050 1343 1454 1423 possumus,
1509 1322 1836 1413 lacrymis
1896 1322 2275 1391 obviemus,
2338 1327 2504 1392 Nam
2560 1321 2730 1408 quid
2775 1322 2969 1391 vobis
3013 1342 3121 1390 ca-

582 1411 909 1492 vendum,
947 1411 1199 1497 quidve
1247 1411 1335 1480 sit
1383 1411 1854 1483 vehementius
1901 1410 2444 1491 formidandum,
2478 1433 2558 1480 ex
2599 1411 2804 1480 istius
2854 1410 3121 1500 provin-

578 1501 727 1571 ciae
772 1500 1035 1570 debetis
1081 1499 1502 1569 desolatione
1547 1499 1893 1590 colligere.
1953 1504 2191 1586 Itaque
2236 1499 2494 1581 hortor,
2532 1498 2779 1571 fratres
2818 1520 3125 1570 reveren-

579 1589 901 1669 dissimi,
973 1600 1049 1657 ut
1112 1588 1302 1658 omni
1379 1588 1838 1670 hebdomadfi,
1889 1593 2133 1675 quarta
2179 1601 2246 1657 et
2291 1591 2480 1657 sexta
2529 1587 2721 1669 feria,
2790 1589 3124 1658 Litaniam
3173 1617 3176 1619 >

578 1676 1140 1748 inexcusabiliter
1186 1677 1533 1757 indicatis,
1586 1688 1651 1747 et
1696 1690 1932 1747 contra
1973 1677 2097 1749 hos
2136 1678 2535 1747 barbaricae
2556 1677 2990 1747 crudelitatis
3024 1677 3125 1744 in-

579 1789 851 1847 cursuS‚
887 1787 1226 1856 supernae
1261 1766 1701 1856 protectionis
1739 1765 2076 1835 auxilium
2125 1766 2528 1856 imploretiS.
2562 1790 2597 1833 »
2648 1766 2980 1836 Eamdem
3029 1764 3131 1833 Si-

579 1855 813 1925 ciliam
865 1854 1250 1925 Simoniaca
1300 1855 1564 1925 haeresi
1599 1854 2023 1941 libidineque
2069 1854 2482 1936 sordentem,
2522 1855 2919 1945 Gregoriu3‚
2955 1853 3131 1924 sicut

579 1944 785 2013 modo
832 1944 1161 2025 cernitur,
1214 1944 1590 2033 perituram
1692 1944 2001 2024 raedixit,
2043 1944 2454 2013 Maximiano
2496 1948 2938 2034 Syracusano
2984 1941 3132 2031 epi-

581 2054 791 2123 scopo
825 2032 1168 2102 scribens:
1224 2038 1494 2102 «Tanta
1544 2053 1632 2102 no
1685 2033 1745 2103 ‘is
1792 2033 2091 2103 subinde
2141 2031 2323 2102 mala
2353 2054 2530 2119 quae
2564 2046 2876 2122 aguntur
2909 2032 2982 2101 in
3014 2030 3131 2098 illa

582 2121 961 2212 provincia,
996 2121 1440 2204 nunciantur,
1477 2134 1554 2191 ut
1601 2122 1898 2212 peccatis
1947 2121 2359 2192 facientibus
2380 2122 2567 2209 quod
2615 2133 2881 2192 avertat
2914 2119 3133 2191 omni·

584 2224 827 2300 potens
875 2215 1076 2291 Deus,
1129 2209 1439 2281 celeriter
1484 2233 1635 2280 eam
1687 2211 2064 2301 perituram
2111 2210 2500 2280 credamus,
2531 2233 2566 2277 »

671 2301 709 2386 ξ
776 2302 930 2371 43.
986 2300 1110 2368 Sed
1162 2313 1227 2369 et
1283 2301 1515 2391 pejora
1577 2300 1925 2390 prioribus
1972 2322 2120 2370 esse
2181 2299 2436 2380 futura,
2543 2320 2836 2390 raesago
2886 2296 3137 2390 spiritu

583 2388 875 2456 Maximo
926 2387 1320 2458 Salonitano
1356 2388 1586 2479 episco
1640 2412 1681 2460 0
1729 2388 1989 2469 scribit,
2034 2387 2312 2458 dicens:
2368 2322 2537 2457 «AX
2556 2394 2946 2458 Romanam
3011 2391 3134 2455 Ur-

580 2476 734 2547 bem
787 2476 1068 2548 veniens
1116 2478 1508 2547 communis
1542 2411 1731 2547 filius
1778 2478 2133 2568 presbyter
2180 2482 2574 2559 veteranus,
2612 2477 2708 2547 ita
2766 2499 2882 2548 me
2922 2474 3134 2569 pbda-

578 2589 742 2657 grae
770 2565 1127 2636 doloribus
1173 2565 1469 2635 debilem
1506 2567 1778 2657 reperit,
1824 2579 1901 2636 ut
1947 2566 2389 2638 fraternitatis
2441 2580 2594 2637 tuae
2641 2567 2967 2657 epistolis
3018 2585 3138 2655 per

580 2677 691 2724 me
740 2655 1150 2744 respondere
1199 2654 1595 2725 nullatenus
1650 2655 2047 2725 valuissem.
2108 2661 2184 2725 Et
2246 2656 2527 2744 quidem
2577 2656 2660 2725 de
2726 2657 3134 2726 Sclavorum

579 2755 780 2834 gente
809 2765 986 2830 quae
1027 2743 1219 2813 vobis
1249 2744 1443 2812 valde
1492 2744 1829 2826 imminet,
1867 2757 1934 2814 et
1970 2745 2236 2835 affligor
2266 2746 2724 2828 veliementer,
2762 2758 2832 2815 et
2867 2745 3131 2815 turbor.

580 2832 854 2923 Affllgor
899 2833 972 2901 in
1013 2832 1122 2900 his
1169 2853 1347 2918 quae
1386 2832 1531 2918 jam
1581 2833 1651 2902 in
1702 2832 1894 2905 vobis
1945 2835 2203 2924 patior:
2256 2835 2631 2903 conturbor
2669 2847 2941 2915 autem,
2973 2832 3136 2919 quia

581 2942 703 3010 per
750 2922 987 2990 Istriae
1035 2919 1301 2989 aditum
1342 2921 1487 3010 jam
1537 2921 1623 2989 ad
1656 2922 1923 2992 ltaliam
1975 2923 2230 2992 intrare
2277 2936 2674 3013 coeperunt.
2733 2928 2830 2992 De
2860 2922 3140 2993 Juliano

580 3021 805 3078 autem
860 3009 1185 3078 Scribone
1230 3010 1396 3096 quid
1445 3009 1698 3091 dicam,
1756 3011 2046 3098 quando·
2091 3011 2349 3098 ubique
2416 3011 2646 3093 viden,
2702 3012 2882 3100 quia
2946 3009 3140 3080 nobis

580 3109 857 3188 peccata
909 3110 1135 3166 nostra
1185 3099 1685 3189 respondeant,
1748 3112 1827 3169 ut
1891 3112 1956 3169 et
2019 3099 2186 3169 foris
2247 3124 2287 3169 a
2381 3101 2681 3182 entibuS,
2739 3113 2810 3172 et
2863 3102 3057 3171 intus
3101 3119 3141 3165 a

581 3186 919 3277 perversis
938 3186 1300 3287 judicibus
1338 3190 1880 3258 conturbemur?
1927 3187 2053 3258 Sed
2091 3188 2298 3258 nolite
2373 3212 2408 3258 e
2443 3189 2702 3260 talibus
2729 3186 3141 3259 omnimodo

579 3275 992 3356 contristari,
1022 3277 1187 3362 quia
1210 3276 1329 3363 qui
1364 3288 1515 3366 post
1555 3298 1679 3347 nos
1713 3277 2024 3358 vixerint,
2059 3278 2395 3347 deteriora
2423 3291 2734 3367 tempora
2769 3280 3134 3355 videbunt,

581 3363 674 3433 ita
722 3377 799 3433 ut
845 3363 915 3433 in
966 3365 1476 3455 comparatione
1528 3366 1638 3436 sui
1688 3367 2040 3456 temporiS,
2093 3365 2324 3437 felices
2384 3389 2520 3436 non
2571 3367 2957 3438 aestiment
2996 3366 3140 3435 dies

579 3452 932 3523 habuisse.
986 3458 1407 3541 Inquantum
1444 3477 1599 3524 vero
1650 3455 1990 3545 praevalet
2036 3454 2423 3525 fraternitas
2472 3468 2609 3536 tua,
2653 3479 2697 3526 o
2759 3478 3021 3548 ponere
3076 3472 3146 3523 se

583 3562 709 3630 pro
755 3542 1107 3632 oppressis
1139 3541 1359 3626 debet.
1396 3547 1583 3625 Quae
1615 3545 1818 3613 etiam
1855 3545 1912 3613 si
1946 3544 2269 3635 prodesse
2304 3544 2591 3614 minime
2625 3568 2708 3615 va
2745 3548 2958 3626 uerit,
2997 3547 3146 3634 ipsa

581 3630 1035 3721 omnipotenti
1094 3637 1227 3701 Deo
1292 3633 1543 3701 mentis
1608 3633 1874 3702 devotio
1923 3632 2199 3714 suflicit,
2249 3656 2461 3721 quam
2511 3633 2730 3704 dedit.
2791 3635 3146 3724 Scriptum

579 3731 681 3789 est
727 3720 947 3790 enim:
1000 3723 1203 3812 Eripe
1227 3745 1332 3790 eos
1361 3724 1484 3812 qui
1506 3722 1845 3792 ducuntur
1874 3724 1964 3792 ad
2007 3733 2308 3802 mortem,
2368 3734 2432 3792 et
2469 3725 2592 3814 qui
2626 3726 3018 3794 trahuntur
3059 3720 3148 3789 ad

580 3810 949 3890 interitum,
1008 3811 1293 3880 liberare
1340 3834 1421 3879 ne
1469 3834 1676 3881 cesses
1720 3812 1945 3902 (Prov.
2004 3812 2207 3900 xx1v).
2253 3812 2445 3894 Quod
2496 3811 2552 3881 si
2601 3812 2904 3894 dixeris,
2958 3812 3145 3881 Vires

580 3919 716 3966 non
769 3911 1186 3989 suppetunt:
1251 3899 1371 3986 qui
1407 3899 1754 3989 inspector
1790 3912 1893 3970 est
1937 3901 2188 3980 cordis,
2226 3901 2372 3990 ipse
2420 3899 2778 3992 intelligit.
2823 3909 2904 3972 In
2956 3896 3144 3970 omni

578 4008 740 4076 ergo
770 3987 954 4073 quod
989 3987 1138 4079 agis
1187 3988 1640 4080 inspectorem
1675 3990 1903 4059 cordis
1950 4003 2194 4080 appete
2224 3991 2476 4060 habere
2510 3989 2906 4079 placatum.
2944 3989 3145 4073 Quic-

578 4075 743 4162 quid
795 4087 921 4157 est,
974 4077 1159 4145 unde
1200 4077 1300 4146 illi
1350 4077 1644 4168 placeas,
1682 4077 1903 4148 facere
1952 4101 2086 4147 non
2136 4080 2434 4149 omittas.
2473 4084 2641 4148 Nam
2676 4080 2984 4150 humani
3018 4092 3146 4149 ter-

578 4186 766 4235 rores
813 4177 879 4234 et
936 4166 1215 4255 gratiae,
1254 4166 1446 4235 fumo
1494 4179 1659 4250 sunt
1697 4166 1960 4236 similes
2007 4169 2130 4254 qui
2180 4167 2316 4236 leni
2363 4190 2530 4237 aura
2586 4182 2846 4260 raptus
2905 4187 3148 4238 evane-

579 4253 730 4322 scit.
778 4259 917 4323 Hoc
975 4255 1354 4326 certissime
1402 4256 1572 4326 scito
1617 4256 1784 4344 quia
1833 4256 2101 4347 placere
2150 4262 2282 4326 Deo
2328 4268 2395 4326 et
2443 4258 2678 4347 pravis
2734 4258 3162 4337 hominibuS,

580 4342 820 4413 nullus
872 4354 1108 4433 potest.
1166 4349 1241 4413 ln
1292 4356 1476 4413 tanto
1524 4367 1595 4414 se
1627 4367 1791 4437 ergo
1835 4347 2148 4415 aestimet
2195 4346 2581 4415 fraternitas
2635 4358 2762 4417 tua
2821 4347 3142 4437 omnipo·-

581 4432 746 4503 tenti
807 4436 938 4501 Deo
998 4432 1364 4523 placuisse,
1416 4446 1674 4521 quanto
1723 4456 1796 4504 se
1842 4434 2180 4525 perversis
2229 4435 2635 4506 hominibus
2688 4436 3142 4529 displicuisse
