3327 4999
732 298 862 363 242
1546 313 1623 359 nn
1673 313 1728 359 s.
1783 311 2095 362 caesonio
2147 313 2310 360 rArA
2811 293 3050 359 MART.
3105 295 3177 359 ²¹2

639 398 988 489 componi.
1042 402 1363 468 Humana
1394 394 1649 466 etenim
1699 416 1894 467 mens
1927 397 2338 497 plerumque
2383 395 2753 477 extollitur,
2791 395 2992 464 etiam
3022 416 3175 465 cum

641 487 839 558 nulla
885 496 1214 577 potestate
1278 484 1582 554 fulcitur.
1637 488 1906 566 Quanto
1958 485 2180 576 magis
2228 507 2300 553 ιη
2354 484 2575 554 altum
2625 506 2696 555 se
2750 482 2973 574 erigit,
3025 504 3178 552 cum

641 598 713 646 se
760 575 824 645 ei
855 575 1061 645 etiam
1113 584 1410 664 potestas
1457 571 1819 663 adjungit?
1866 577 2088 655 Quam
2128 585 2358 642 tamen
2412 584 2812 663 potestatem
2861 582 3036 640 recte
3085 570 3184 640 di-

641 675 922 754 spensat
968 661 1091 749 qui
1139 661 1403 731 solicite
1438 660 1700 730 noverit
1746 672 1811 732 et
1839 683 2114 731 sumere
2161 684 2242 730 ex
2275 661 2394 731 illa
2426 661 2613 747 quod
2644 660 2925 752 adjuvat
2970 670 3034 729 et
3078 681 3186 728 ex·
3299 724 3300 727 ,

641 772 957 841 pugnare
1002 750 1188 836 quod
1238 761 1490 819 tentat:
1543 761 1608 818 et
1654 749 2014 837 aequalem
2069 771 2142 821 se
2198 772 2361 820 cum
2421 749 2542 819 illa
2588 748 2877 820 caeteris
2923 768 3190 817 cernere
3299 766 3300 789 l

643 851 710 910 et
770 851 1000 908 tamen
1050 859 1122 907 se
1171 837 1619 928 peccantibus
1666 838 1808 908 zelo
1856 837 2147 908 ultionis
2193 836 2553 909 anteferre.

729 929 766 1014 ἓ
819 932 966 1000 ²1.
1019 948 1055 992 «
1093 926 1222 995 Sed
1255 925 1436 995 hanc
1465 925 1953 996 discretionem
1987 925 2263 1015 plenius
2293 925 2765 1018 agnoscimus,
2806 925 2866 996 si
2910 923 3192 1015 pastoris

643 1014 855 1105 primi
900 1014 1215 1104 exempla
1261 1035 1653 1084 cernamus.
1725 1020 1966 1085 Petrus
2013 1035 2314 1101 namque
2360 1026 2638 1084 auctore
2689 1019 2823 1083 Deo
2859 1067 2875 1094 ‚
2929 1022 3194 1082 sanctae

643 1103 760 1172 Dei
807 1102 1137 1172 ecclesiae
1187 1101 1654 1195 principatum
1709 1114 1970 1182 tenens,
2024 1125 2066 1172 a
2098 1102 2272 1174 bene
2304 1114 2548 1195 agente
2582 1101 2923 1183 Cornelio,
2962 1113 3026 1170 et
3063 1120 3200 1169 sese
3299 1104 3300 1109 ’

639 1191 705 1261 ei
753 1190 1111 1260 humiliter
1143 1201 1639 1281 prosternente,
1680 1189 2206 1261 immoderatius
2235 1191 2545 1261 venerari
2581 1191 2952 1270 recusavit,
3000 1208 3199 1275 seque

640 1279 744 1348 illi
792 1278 1094 1348 similem
1144 1278 1583 1369 recognovit,
1640 1277 1926 1348 dicens:
1982 1283 2114 1348 Sur
2162 1300 2200 1347 e
2230 1333 2246 1360 ‚
2300 1301 2387 1349 ne
2434 1278 2719 1349 feceris:
2776 1291 2844 1348 et
2892 1300 3020 1367 ego
3067 1277 3204 1366 ipse

639 1367 846 1436 homo
895 1388 1078 1436 sum.
1152 1366 1280 1436 Sed
1328 1388 1491 1435 cum
1539 1366 1844 1436 Ananiae
1889 1376 1955 1436 et
2004 1371 2137 1456 Sap
2196 1367 2336 1436 irae
2381 1366 2666 1456 culpam
2717 1367 3001 1457 reperit,
3055 1383 3203 1433 mox

639 1456 902 1542 quanta
950 1455 1253 1545 potentia
1301 1475 1512 1545 super
1556 1466 1859 1523 caeteros
1905 1454 2333 1536 excrevisset,
2369 1454 2691 1525 ostendit.
2749 1455 2976 1524 Verbo
3012 1472 3205 1521 nam·

639 1564 775 1699 gue
821 1564 1063 1612 eorum
1113 1542 1323 1611 vitam
1373 1542 1691 1632 perculit,
1744 1564 1955 1629 quam
2015 1542 2265 1633 spiritu
2313 1555 2797 1633 perscrutante
2836 1541 3207 1632 deprehen-

693 1631 782 1699 it:
837 1635 916 1699 Et
962 1652 1320 1700 summum
1362 1653 1434 1700 se
1461 1630 1645 1700 intra
1678 1630 2053 1700 Ecclesiam
2083 1643 2323 1700 contra
2358 1643 2637 1721 peccata
2667 1631 2997 1710 recoluit,
3036 1625 3210 1716 quod

641 1718 900 1789 honore
948 1718 1083 1788 sibi
1130 1718 1570 1787 vehementer
1600 1719 1939 1808 impens0,
1986 1739 2218 1788 coram
2261 1720 2435 1788 bene
2468 1741 2507 1787 a
2558 1719 2850 1790 entibus
2891 1716 3212 1788 fratribus

640 1828 779 1875 non
830 1806 1131 1897 agnovit.
1185 1806 1336 1875 Illic
1383 1805 1644 1897 quippe
1676 1807 2241 1876 communionem
2283 1828 2505 1895 aequa
2537 1807 2728 1877 itatis
2765 1807 3212 1878 meruit‘san·

639 1894 838 1964 ctitas
887 1893 1202 1975 actionis,
1239 1894 1352 1963 hic
1384 1893 1574 1965 zelus
1605 1894 1895 1964 ultionis
1923 1895 2045 1985 jus
2084 1895 2355 1985 aperuit
2397 1896 2783 1986 potestatiS.
2827 1920 2865 1963 ›>
2902 1902 2985 1965 Et
3024 1891 3219 1985 paulo

639 1994 833 2073 post:
877 2008 902 2046 ι
937 1982 1066 2051 Sed
1096 2003 1259 2051 cum
1288 1981 1770 2070 delinquentes
1802 1982 2116 2053 subditos
2151 1984 2525 2074 praepositi
2563 1984 2968 2075 corrigunt,
3015 1988 3217 2052 restat

639 2091 918 2147 necesse
965 2082 1090 2151 est,
1144 2080 1223 2140 ut
1269 2069 1530 2140 solicite
1577 2070 1958 2151 attendant,
2010 2082 2357 2159 quatenus
2405 2093 2526 2163 per
2558 2070 2997 2163 disciplinae
3032 2068 3220 2138 debi-

640 2170 813 2240 tum,
866 2157 1111 2249 culpas
1159 2157 1442 2244 quidem
1483 2159 1644 2249 jure
1693 2159 2046 2250 potestatis
2094 2158 2382 2237 feriant,
2437 2159 2554 2229 sed
2609 2182 2739 2250 per
2803 2156 3220 2230 humilitatis

640 2245 1029 2317 custodiam
1062 2247 1388 2333 aequales
1427 2269 1499 2317 se
1533 2246 1706 2337 ipsis
1737 2247 2089 2328 fratribus,
2125 2247 2248 2334 qui
2280 2248 2765 2338 corriguntur,
2809 2257 3216 2340 agnoscant.

642 2334 973 2416 Quamvis
1021 2334 1433 2425 plerumque
1477 2335 1687 2404 etiam
1735 2334 2030 2425 dignum
2077 2351 2201 2416 est,
2255 2347 2331 2405 ut
2378 2336 2656 2406 eosdem
2712 2360 2902 2424 quos
2937 2332 3219 2423 corrigi-

642 2444 827 2505 muS,
885 2422 1090 2491 tacita
1138 2422 1339 2491 nobis
1386 2422 1802 2513 cogitatione
1850 2422 2346 2523 praeferamus
2403 2423 2698 2493 Illorum
2754 2446 3077 2513 namque
3115 2442 3226 2514 per

642 2533 769 2581 nos
818 2512 984 2581 vitia
1030 2510 1443 2600 disciplinae
1475 2511 1709 2600 vigore
1747 2510 2130 2580 feriuntur:
2172 2513 2240 2580 in
2275 2513 2384 2583 his
2414 2535 2596 2593 vero,
2642 2536 2841 2600 quae
2874 2516 3018 2606 ipsi
3052 2533 3228 2582 com-

637 2599 1005 2680 mittimuS,
1050 2621 1138 2667 ne
1171 2597 1361 2682 verbi
1392 2598 1676 2685 quidem
1708 2601 1795 2669 ab
1835 2599 2068 2686 aliquo
2103 2601 2485 2670 invectione
2526 2601 2975 2673 laceramur.
3028 2607 3228 2671 Tanto

634 2709 797 2779 ergo
844 2686 1033 2776 apud
1083 2685 1454 2755 Dominum
1502 2686 1946 2776 obligatiores
1994 2710 2277 2770 sumus,
2330 2700 2590 2776 quanto
2639 2692 2853 2782 apud
2908 2691 3233 2760 homines

638 2774 863 2845 inulte
914 2794 1306 2864 peccamus.
1364 2797 1401 2840 »
2579 2863 2582 2864 γ

725 2865 762 2950 ἓ
824 2867 979 2933 72².
1053 2860 1308 2930 *Sicut
1372 2863 1769 2932 convictum
1843 2863 1930 2932 de
1987 2862 2281 2934 crimine
2320 2865 2471 2934 sine
2504 2864 2836 2937 vindicta
2906 2864 3237 2936 canonica

631 2949 1000 3040 Gregorius
1050 2949 1400 3019 neminem
1449 2950 1882 3037 relinquebat
1915 2950 2014 3020 sic
2047 2952 2385 3022 nimirum
2416 2953 2804 3026 falsarium
2848 2956 3232 3026 delatorem

633 3037 940 3128 regulari
988 3038 1260 3107 tramite
1310 3038 1659 3128 puniebat.
1725 3038 1917 3108 Unde
1965 3039 2324 3111 Anthemio
2373 3041 2830 3114 subdiacono
2884 3045 3224 3118 scribens,

632 3127 767 3197 ait:
822 3148 860 3192 «
912 3130 1079 3196 Cum
1128 3124 1374 3195 fortius
1426 3126 1782 3217 punienda
1829 3128 1970 3195 sint
2015 3127 2336 3209 crimina,
2392 3151 2571 3216 quae
2622 3131 3060 3203 insontibus
3097 3185 3113 3214 ‚
3180 3138 3238 3195 el

633 3214 931 3284 maxime
981 3214 1197 3283 sacris
1243 3214 1608 3284 ordinibus
1658 3215 1728 3284 in
1782 3227 2096 3297 eruntur‚
2148 3237 2362 3302 quam
2413 3218 2563 3288 sitis
2612 3220 3048 3310 culpabiles
3097 3241 3240 3287 om-

633 3325 778 3383 neS‚
831 3302 954 3390 qui
1000 3302 1071 3369 in
1122 3324 1336 3372 causa
1380 3304 1672 3372 Joannis
1772 3304 1997 3372 iaconi
2047 3303 2422 3385 resedistis,
2477 3309 2866 3391 attendite,
2926 3322 3010 3378 ut
3059 3306 3243 3378 Hila-

632 3391 818 3460 rium
847 3446 863 3472 ‚
915 3389 1437 3462 criminatorem
1483 3392 1658 3480 eJuS‚
1718 3391 1913 3460 nulla
1957 3412 2038 3460 ex
2086 3391 2489 3464 definitione
2539 3407 2786 3468 vestra
2843 3420 3085 3490 poena
3141 3416 3246 3464 ve-

632 3481 832 3552 niens
878 3478 1268 3569 castigaret.
1324 3484 1456 3549 Nec
1507 3479 1680 3549 illud
1714 3479 1801 3548 ad
1836 3481 2353 3550 excusationem
2389 3493 2700 3553 vestram
2738 3491 2911 3558 esse
2944 3484 3243 3556 credatis

632 3568 963 3638 idoneum
993 3622 1008 3647 ,
1061 3567 1247 3654 quod
1298 3567 1491 3637 vobis
1539 3568 1741 3654 quasi
1780 3567 2101 3657 judicare
2150 3569 2585 3652 volentibuS,
2646 3574 2869 3645 solus
2923 3576 3147 3646 frater
3191 3582 3250 3639 et

629 3656 1084 3755 coepiscopus
1132 3666 1363 3724 noster
1410 3655 1825 3724 Paschasius
1859 3655 2117 3726 dicitur
2155 3657 2534 3728 distulisse.
2591 3664 2787 3733 Nam
2837 3665 2902 3734 si
2942 3664 3141 3735 zelus
3184 3662 3244 3728 in

630 3742 1309 3814 vobis'rectitudinis
1356 3743 1740 3844 viguisset,
1794 3741 2072 3816 facilius
2118 3746 2243 3814 uni
2291 3770 2332 3816 a
2394 3746 2638 3816 multis
2711 3750 3247 3825 rationabiliter

633 3831 951 3912 suaderi,
1003 3852 1214 3918 quam
1265 3831 1468 3900 multi
1516 3832 1602 3901 ab
1650 3853 1793 3902 uno
1845 3844 2159 3921 poterant
2205 3833 2357 3903 sine
2403 3857 2621 3906 causa
2674 3837 3001 3912 differri.
3085 3840 3251 3923 Quia

630 3942 794 4011 ergo
845 3930 1069 3990 tantae
1118 3919 1466 4006 nequitiae
1515 3918 1782 3990 malum
1835 3942 1972 3989 non
2013 3921 2214 3991 debet
2244 3923 2394 3994 sine
2425 3924 2705 3994 ultione
2744 3931 3101 4010 transire,
3138 3949 3250 3998 su·

633 4007 1100 4100 prascriptum
1150 4007 1429 4077 fratrem
1480 4020 1795 4078 nostrum
1844 4009 2298 4081 Paschasium
2334 4010 2668 4081 volumus
2715 4018 3142 4099 admoneri,
3189 4028 3255 4084 ut

631 4095 955 4167 eumdem
1006 4095 1347 4165 Hilarium
1396 4096 1593 4186 prius
1632 4095 2096 4180 subdiaconii,
2135 4119 2274 4184 quo
2307 4098 2654 4191 indignus
2694 4103 3078 4199 fungitur,
3123 4103 3255 4209 pri·

632 4197 741 4255 vet
786 4184 1033 4266 officio,
1088 4196 1292 4271 atque
1341 4183 1743 4254 verberibus
1775 4184 2054 4274 publice
2085 4185 2529 4277 castigatum,
2564 4186 2804 4264 faciat
2839 4198 2918 4266 in
2966 4195 3260 4268 exilium

631 4272 1018 4365 deportari:
1073 4285 1149 4342 ut
1197 4271 1411 4343 unius
1460 4294 1705 4362 poena,
1743 4272 2128 4344 multorum
2156 4276 2376 4367 possit
2402 4298 2555 4346 esse
2585 4286 3001 4356 correctio.
3049 4285 3254 4374 Cujus

687 4401 715 4430 Φ
742 4400 876 4450 Quod
891 4399 1140 4443 mendaces
1158 4397 1412 4449 delatores,
1431 4399 1695 4441 calumum
1719 4398 1979 4442 inferentes
1998 4400 2177 4444 talione
2199 4402 2523 4445 mulctaverit.
