3327 4999
671 275 744 342 54
759 276 799 340 8
2748 272 3004 338 MART.
3064 271 3171 339 2³⁷

903 474 1528 577 MARTYRHJM
1595 473 1679 574 s,
1751 472 2355 597 Amitinum
2407 416 2809 615 ,niun-s

1297 712 1587 763 AUCTORE
1633 711 1907 761 sumomz
1954 713 2407 761 HETAPHRASTE
2458 670 2463 679 Ι

669 888 709 973 ἓ
762 890 841 958 1.
895 889 1045 968 Quo
1105 896 1412 985 tempore
1463 883 1726 976 impius
1776 884 2237 956 Maximianus
2292 884 2701 974 imperabat,
2755 884 3159 975 persecutio

581 973 803 1043 multa
848 986 1087 1042 contra
1119 972 1546 1043 Christianae
1595 972 1953 1063 religionis
2003 986 2370 1044 sectatores
2402 995 2524 1063 per
2551 994 2794 1043 omnes
2827 972 3159 1062 regiones

580 1074 924 1131 commota
969 1073 1138 1131 erat.
1192 1062 1512 1131 Centurio
1560 1071 1792 1130 autem
1841 1061 2154 1148 quidam,
2186 1061 2607 1130 daemonum
2641 1060 3151 1143 amicissimuS,

580 1149 977 1219 Maximiani
1027 1149 1471 1238 Imperatoris
1507 1149 1718 1248 ‚jussu
1763 1149 1977 1220 erexit
2012 1149 2349 1239 templum
2394 1148 2550 1218 Jovi
2596 1148 2801 1239 longe
2838 1148 2925 1218 ab
2969 1149 3155 1219 urbe

579 1242 800 1306 Roma
847 1236 1069 1307 stadio
1118 1259 1281 1306 uno,
1336 1236 1560 1306 Edixit
1614 1237 1829 1327 igitur
1876 1237 2335 1307 Maximianus
2382 1241 2789 1325 Imperator,
2842 1248 2921 1309 ut
2984 1237 3155 1323 qui·-

579 1345 881 1412 cumque
928 1324 1386 1395 Christianam
1436 1324 1646 1394 fidem
1699 1325 2189 1411 sequebantur,
2224 1324 2362 1396 diis
2395 1326 2567 1416 ipsis
2612 1325 3159 1395 sacrificat-eco-

579 1424 947 1503 gerentur:
994 1412 1346 1500 jussitque
1391 1434 1635 1482 omnes
1688 1425 1959 1504 praesto
2004 1434 2153 1484 esse
2184 1414 2255 1481 in
2297 1413 2539 1503 templi
2565 1412 3023 1494 dedicatione,
3068 1437 3154 1485 ac

575 1520 951 1590 praecones
998 1501 1189 1591 ipsos
1239 1522 1360 1591 per
1409 1511 1614 1571 totam
1668 1502 1912 1570 urbem
1963 1501 2273 1571 indicere
2303 1556 2318 1583 ,
2379 1512 2457 1571 ut
2513 1501 2944 1588 quicumque
2994 1500 3151 1572 illic

578 1600 810 1658 essent
844 1589 1132 1660 deorum
1166 1588 1484 1669 studiosi,
1520 1589 1823 1658 crastino
1871 1588 1985 1659 die
2031 1611 2273 1659 omnes
2320 1589 2393 1658 in
2438 1588 2679 1679 templi
2712 1588 3156 1663 dedicatione

578 1697 742 1745 cum
802 1681 1220 1766 Imperatore
1280 1676 1751 1747 convenirent.
1807 1682 2047 1764 Itaque
2094 1699 2359 1758 omnes,
2413 1677 2655 1746 audita
2714 1679 3152 1767 praeconum

578 1786 744 1833 voce
789 1775 856 1833 et
902 1765 1108 1834 tubae
1156 1764 1378 1854 ipsius
1426 1765 1776 1854 clangore,
1831 1765 2053 1853 parati
2100 1778 2299 1835 erant
2344 1786 2484 1833 una
2515 1787 2676 1834 cum
2723 1769 3154 1855 Imperatore

577 1852 649 1920 in
699 1852 889 1921 Jovis
937 1852 1193 1943 templo
1243 1865 1514 1943 praesto
1560 1874 1734 1922 esse.
1790 1854 1984 1922 Multi
2014 1874 2201 1943 ergo,
2238 1853 2446 1923 rebus
2476 1853 2806 1923 omnibus
2833 1853 3145 1935 omissiS,

578 1940 920 2029 templum
954 1940 1299 2021 adierunt,
1352 1953 1417 2010 et
1453 1940 1607 2010 tovi
1655 1940 2160 2011 sacrificarunt.
2214 1939 2512 2023 Quidam
2555 1962 2712 2010 vero
2755 1940 3146 2011 admodum

575 2027 797 2108 dives,
836 2028 1265 2117 Tyberianus
1313 2030 1616 2109 nomine,
1663 2029 1795 2098 sub
1844 2029 2137 2118 imperio
2169 2049 2297 2099 suo
2332 2029 2596 2097 habens
2639 2028 2914 2109 militeS,
2950 2051 2993 2097 a
3024 2033 3151 2096 Fe-

581 2114 714 2184 lice
761 2116 1042 2187 tribuno
1087 2116 1225 2186 sibi
1255 2117 1693 2194 commissos,
1747 2138 1989 2186 omnes
2036 2117 2194 2186 illos
2240 2116 2659 2196 convocavit,
2689 2116 2927 2203 eisque
2978 2115 3151 2186 haec

579 2203 787 2273 dixit:
842 2204 1166 2273 «Audite
1205 2204 1473 2274 fratres.
1522 2204 1724 2273 Scitis
1780 2226 1898 2275 vos
1946 2226 2211 2285 omneS‚
2264 2203 2861 2291 quemadmodum
2912 2208 3150 2294 Impe-

578 2303 765 2360 rator
805 2293 1172 2383 praecepit.
1229 2304 1308 2361 ut
1355 2292 1691 2361 hodierno
1722 2291 1835 2361 die
1866 2292 1937 2361 in
1989 2293 2247 2383 templo
2293 2293 2743 2363 lovis·cuncti
2788 2314 2931 2361 una
2980 2312 3153 2361 cum

576 2379 730 2470 ipso
764 2390 1036 2470 praesto
1072 2380 1317 2452 simus.
1354 2386 1592 2450 Parate
1640 2380 2026 2470 igitur‘vos,
2080 2393 2158 2450 ut
2188 2401 2461 2449 mecum
2503 2402 2647 2450 una
2697 2380 2767 2448 in
2800 2379 3149 2470 templum

575 2467 942 2540 veniatis.»
992 2473 1174 2539 Haec
1220 2489 1381 2539 cum
1417 2468 1760 2539 militibus
1809 2468 1958 2541 suis
2013 2469 2294 2551 diceret,
2332 2468 2743 2539 nunciatum
2794 2468 2935 2539 illis
2984 2467 3146 2550 fuit,

575 2560 1071 2647 Imperatorem
1130 2557 1202 2626 in
1262 2556 1600 2646 templum
1665 2557 1955 2629 venisse.
2021 2563 2214 2628 Tunc
2259 2557 2573 2627 celeriter
2619 2580 2784 2627 cum
2833 2557 3146 2630 Tribuno

575 2645 730 2735 ipso
765 2645 1021 2714 milites
1054 2666 1296 2715 omnes
1345 2644 1831 2734 properabant,
1872 2659 1949 2715 ut
1980 2646 2393 2737 Imperatori
2438 2646 2864 2716 assisterent.

662 2735 701 2820 ἓ
769 2737 858 2804 2.
916 2738 1107 2803 Unus
1150 2752 1304 2801 vero
1349 2753 1429 2801 ex
1463 2732 1745 2803 illorum
1782 2755 2098 2815 numero,
2146 2735 2429 2804 nomine
2476 2733 2855 2803 Alexander
2882 2733 2939 2814 ²⁴,
2973 2755 3147 2803 cum

573 2843 617 2890 a
661 2842 878 2911 puero
928 2821 1245 2911 pietatem
1298 2841 1602 2902 servam,
1645 2825 1859 2890 Deum
1909 2821 2144 2913 ipsum
2178 2823 2470 2903 timeret,
2505 2822 2813 2892 Tribuno
2844 2843 3142 2911 respon-

575 2908 714 2978 dit:
762 2908 891 2978 «si
920 2908 1007 2978 ad
1062 2913 1273 2977 Deum
1324 2907 1524 2978 illum
1558 2908 1681 2995 qui
1723 2930 1877 2978 vere
1926 2914 2103 2980 Deus
2159 2910 2472 2980 coelestis
2523 2921 2648 2989 est,
2713 2908 2917 2981 nobis
2964 2931 3148 2979 eun-

572 2995 746 3064 dum
804 3017 954 3067 esse
1001 2995 1319 3076 dixisses,
1371 3017 1677 3083 eumque
1735 2997 2220 3079 adorandum,
2292 3010 2470 3068 recte
2524 2998 2813 3085 quidem
2862 2997 3145 3069 locutus

572 3082 851 3154 fuisses.
904 3088 1090 3166 Quos
1137 3083 1324 3153 enim
1357 3105 1477 3155 vos
1524 3085 1691 3155 deos
1727 3107 1878 3155 esse
1917 3086 2172 3168 dicitis,
2207 3086 2583 3156 daemones
2620 3086 2722 3155 illi
2771 3096 2960 3165 sunt,
2999 3108 3143 3155 non

574 3171 765 3240 dii.»
815 3176 988 3241 Tum
1037 3172 1508 3260 Tyberianus:
1564 3178 1771 3242 «Non
1819 3175 2175 3255 omnibus,
2221 3175 2474 3261 inquit,
2512 3173 2673 3254 diis,
2707 3172 2829 3242 sed
2856 3173 2986 3242 uni
3015 3173 3146 3244 deo

570 3259 725 3329 Jovi
776 3259 975 3329 nobis
1010 3282 1199 3329 nunc
1248 3261 1792 3331 sacrificandum
1850 3283 2001 3331 esse
2039 3262 2206 3343 dixi,
2265 3262 2423 3332 licet
2470 3261 2612 3331 sint
2656 3261 2802 3342 alii,
2854 3283 3036 3348 quos
3080 3275 3151 3332 et

572 3351 981 3438 Imperator,
1041 3360 1109 3418 et
1148 3369 1274 3420 nos
1320 3348 1705 3419 colimus.»
1754 3348 1850 3417 Ad
1892 3350 2062 3419 haec
2102 3349 2517 3419 Alexander:
2574 3355 2865 3422 «Jovem
2906 3349 3148 3440 ipsum

571 3436 780 3505 deum
833 3436 1248 3507 nominasti:
1302 3448 1371 3506 at
1418 3436 1534 3506 ille
1584 3436 1742 3508 talis
1789 3449 1914 3518 est,
1956 3438 2186 3524 qualis
2223 3452 2290 3508 et
2335 3438 2588 3508 caeteri
2619 3439 2744 3525 qui
2769 3438 3148 3509 daemones

570 3527 738 3594 sun't
785 3525 982 3594 valde
1011 3524 1314 3603 fallaces,
1371 3546 1532 3594 cum
1574 3547 1691 3595 eos
1731 3548 1771 3595 a
1802 3525 2062 3612 quibus
2111 3525 2462 3606 coluntur,
2497 3526 3011 3597 circumvenire
3041 3539 3151 3596 at-

568 3632 705 3698 que
752 3613 1040 3684 omnino
1089 3613 1376 3703 perdere
1408 3612 1594 3683 soliti
1641 3613 1822 3682 sint:
1875 3614 2474 3700 quemadmodum
2523 3625 2590 3684 et
2639 3637 2757 3684 vos
2789 3613 2925 3705 ipsi
2955 3637 3148 3685 asse-

569 3699 746 3782 ritis,
778 3700 980 3770 illum
1030 3701 1265 3791 ipsum
1311 3706 1550 3770 Jovem
1600 3701 1980 3788 aliquando
2010 3702 2374 3772 mulierem
2410 3701 2854 3793 appetivisse,
2887 3714 3147 3773 etcum

568 3786 764 3857 illam
806 3789 1005 3876 juxta
1056 3810 1245 3858 mare
1290 3788 1714 3870 invenisset,
1783 3790 2011 3880 ipsam
2062 3791 2227 3862 dece
2282 3803 2421 3860 tam
2471 3791 2898 3880 corrupisse.
2973 3792 3148 3873 Quis

568 3888 877 3946 vestrum
927 3898 1240 3963 unquam
1292 3876 1484 3958 vidit,
1524 3890 1643 3947 aut
1678 3877 2059 3966 aliquando
2108 3901 2202 3949 au
2257 3880 2400 3960 ivit,
2441 3883 2656 3948 Deum
2710 3879 3013 3968 impuris
3045 3879 3149 3949 fa-

569 3962 1409 4035 cinoribuslabefactari‘?
1455 3971 1599 4035 Non
1651 3965 1878 4036 solum
1931 3967 2171 4056 igitur,
2223 3978 2302 4037 ut
2348 3966 2517 4046 dixi.
2570 3966 2972 4048 daemoneS,
3026 3967 3149 4039 sed

571 4049 783 4120 etiam
832 4050 1113 4122 fallaces
1165 4053 1264 4123 illi
1316 4063 1503 4124 sunt.
1539 4057 1618 4124 At
1667 4067 1900 4125 noster
1946 4059 2128 4125 Deus
2174 4054 2527 4146 corporeis
2573 4053 2800 4124 oculis
2832 4076 2973 4124 non
2999 4078 3150 4127 cer-

574 4138 769 4210 nitur
827 4139 951 4226 qui
998 4139 1172 4210 coeli
1227 4152 1293 4211 et
1342 4153 1561 4211 terrae
1610 4142 1888 4213 effector
1945 4153 2089 4212 est:
2145 4165 2369 4231 neque
2417 4143 2503 4212 iis
2550 4142 2818 4233 indiget
2878 4144 3150 4215 sacrifi-

578 4226 710 4297 ciis
740 4281 757 4310 ,
829 4249 1009 4316 quae
1078 4250 1200 4299 vos
1273 4229 1576 4320 impuris
1646 4230 2112 4302 daemonibus
2169 4231 2416 4303 offerre
2471 4230 2971 4303 consuevistis:
3027 4233 3149 4304 sed

630 4353 655 4376 ·
685 4353 803 4396 Vide
821 4354 881 4396 ad
899 4354 1022 4396 hanc
1041 4353 1171 4398 diem
1185 4355 1473 4398 unt-ruoz..
1494 4355 1717 4398 nostrum
1734 4356 2094 4399 Intusmwu.
