<?xml version="1.0" encoding="UTF-8"?>
<!DOCTYPE html PUBLIC "-//W3C//DTD XHTML 1.0 Transitional//EN"
    "http://www.w3.org/TR/xhtml1/DTD/xhtml1-transitional.dtd">
<html xmlns="http://www.w3.org/1999/xhtml" xml:lang="en" lang="en">
 <head>
  <title>
</title>
<meta http-equiv="Content-Type" content="text/html;charset=utf-8" />
  <meta name='ocr-system' content='tesseract 3.04.00' />
  <meta name='ocr-capabilities' content='ocr_page ocr_carea ocr_par ocr_line ocrx_word'/>
</head>
<body>
  <div class='ocr_page' id='page_1' title='image "./historiaeseuvit04lippgoog_0789.png"; bbox 0 0 3327 4999; ppageno 0'>
   <div class='ocr_carea' id='block_1_1' title="bbox 257 252 2709 385">
    <p class='ocr_par' dir='ltr' id='par_1_1' title="bbox 257 252 2709 385">
     <span class='ocr_line' id='line_1_1' title="bbox 257 252 2709 385; baseline 0.001 -14"><span class='ocrx_word' id='word_1_1' title='bbox 257 303 365 371; x_wconf 84' lang='lat' dir='ltr'>Ex</span> <span class='ocrx_word' id='word_1_2' title='bbox 414 301 586 370; x_wconf 86' lang='lat' dir='ltr'>DEC.</span> <span class='ocrx_word' id='word_1_3' title='bbox 645 303 725 368; x_wconf 79' lang='lat' dir='ltr'>lO</span> <span class='ocrx_word' id='word_1_4' title='bbox 1053 322 1131 368; x_wconf 69' lang='lat' dir='ltr'>ns</span> <span class='ocrx_word' id='word_1_5' title='bbox 1178 322 1271 370; x_wconf 92' lang='lat' dir='ltr'>ss.</span> <span class='ocrx_word' id='word_1_6' title='bbox 1324 321 1496 371; x_wconf 69' lang='grc' dir='ltr'><strong>ΜΕΝΑ</strong></span> <span class='ocrx_word' id='word_1_7' title='bbox 1533 322 1616 385; x_wconf 52' lang='grc' dir='ltr'>,ΕΤ</span> <span class='ocrx_word' id='word_1_8' title='bbox 1666 320 1865 371; x_wconf 86' lang='lat' dir='ltr'>socus</span> <span class='ocrx_word' id='word_1_9' title='bbox 1912 322 2026 372; x_wconf 74' lang='lat' dir='ltr'>uu.</span> <span class='ocrx_word' id='word_1_10' title='bbox 2519 252 2525 259; x_wconf 88' lang='lat'><em>-</em></span> <span class='ocrx_word' id='word_1_11' title='bbox 2578 305 2709 374; x_wconf 81' lang='lat'>759</span> 
     </span>
    </p>
   </div>
   <div class='ocr_carea' id='block_1_2' title="bbox 260 402 2810 4509">
    <p class='ocr_par' dir='ltr' id='par_1_2' title="bbox 260 402 2810 2190">
     <span class='ocr_line' id='line_1_2' title="bbox 260 402 2805 493; baseline 0.002 -21"><span class='ocrx_word' id='word_1_12' title='bbox 260 425 370 475; x_wconf 88' lang='lat' dir='ltr'>res</span> <span class='ocrx_word' id='word_1_13' title='bbox 402 414 504 473; x_wconf 90' lang='lat' dir='ltr'>est</span> <span class='ocrx_word' id='word_1_14' title='bbox 548 402 731 493; x_wconf 91' lang='lat' dir='ltr'>apud</span> <span class='ocrx_word' id='word_1_15' title='bbox 788 424 902 473; x_wconf 89' lang='lat' dir='ltr'>vos</span> <span class='ocrx_word' id='word_1_16' title='bbox 942 402 1241 473; x_wconf 87' lang='lat' dir='ltr'>maxima</span> <span class='ocrx_word' id='word_1_17' title='bbox 1282 415 1347 473; x_wconf 91' lang='lat' dir='ltr'>et</span> <span class='ocrx_word' id='word_1_18' title='bbox 1394 403 1817 486; x_wconf 86' lang='lat' dir='ltr'>beatissima,</span> <span class='ocrx_word' id='word_1_19' title='bbox 1893 403 2243 476; x_wconf 80' lang='lat' dir='ltr'><strong>existimas</strong></span> <span class='ocrx_word' id='word_1_20' title='bbox 2301 428 2426 478; x_wconf 90' lang='lat' dir='ltr'>nos</span> <span class='ocrx_word' id='word_1_21' title='bbox 2481 429 2522 477; x_wconf 91' lang='lat' dir='ltr'>a</span> <span class='ocrx_word' id='word_1_22' title='bbox 2567 418 2805 477; x_wconf 88' lang='lat' dir='ltr'>nostra</span> 
     </span>
     <span class='ocr_line' id='line_1_3' title="bbox 264 491 2805 586; baseline 0.002 -24"><span class='ocrx_word' id='word_1_23' title='bbox 264 493 621 562; x_wconf 78' lang='lat' dir='ltr'>traducere</span> <span class='ocrx_word' id='word_1_24' title='bbox 667 492 1027 574; x_wconf 84' lang='lat' dir='ltr'>sententia,</span> <span class='ocrx_word' id='word_1_25' title='bbox 1082 491 1363 574; x_wconf 82' lang='lat' dir='ltr'>falleriS,</span> <span class='ocrx_word' id='word_1_26' title='bbox 1419 515 1459 563; x_wconf 94' lang='lat' dir='ltr'>o</span> <span class='ocrx_word' id='word_1_27' title='bbox 1506 497 1909 584; x_wconf 81' lang='lat' dir='ltr'>Imperator.</span> <span class='ocrx_word' id='word_1_28' title='bbox 1941 498 2104 563; x_wconf 89' lang='lat' dir='ltr'>Nam</span> <span class='ocrx_word' id='word_1_29' title='bbox 2150 506 2220 563; x_wconf 91' lang='lat' dir='ltr'>tu</span> <span class='ocrx_word' id='word_1_30' title='bbox 2269 496 2488 586; x_wconf 80' lang='lat' dir='ltr'>priuS,</span> <span class='ocrx_word' id='word_1_31' title='bbox 2544 507 2805 566; x_wconf 90' lang='lat' dir='ltr'>mutato</span> 
     </span>
     <span class='ocr_line' id='line_1_4' title="bbox 263 581 2801 670; baseline 0.002 -19"><span class='ocrx_word' id='word_1_32' title='bbox 263 603 513 662; x_wconf 89' lang='lat' dir='ltr'>errore,</span> <span class='ocrx_word' id='word_1_33' title='bbox 577 581 919 651; x_wconf 79' lang='lat' dir='ltr'>Christum</span> <span class='ocrx_word' id='word_1_34' title='bbox 969 581 1405 652; x_wconf 82' lang='lat' dir='ltr'>confiteberis</span> <span class='ocrx_word' id='word_1_35' title='bbox 1440 637 1455 662; x_wconf 92' lang='lat'>,</span> <span class='ocrx_word' id='word_1_36' title='bbox 1508 604 1715 670; x_wconf 84' lang='lat' dir='ltr'>quarn</span> <span class='ocrx_word' id='word_1_37' title='bbox 1768 604 1894 652; x_wconf 88' lang='lat' dir='ltr'>nos</span> <span class='ocrx_word' id='word_1_38' title='bbox 1950 604 1991 651; x_wconf 91' lang='lat' dir='ltr'>a</span> <span class='ocrx_word' id='word_1_39' title='bbox 2037 583 2315 653; x_wconf 88' lang='lat' dir='ltr'>veritate</span> <span class='ocrx_word' id='word_1_40' title='bbox 2381 584 2801 665; x_wconf 86' lang='lat' dir='ltr'>deficientes,</span> 
     </span>
     <span class='ocr_line' id='line_1_5' title="bbox 266 670 2808 772; baseline 0.002 -33"><span class='ocrx_word' id='word_1_41' title='bbox 266 671 439 741; x_wconf 88' lang='lat' dir='ltr'>salso</span> <span class='ocrx_word' id='word_1_42' title='bbox 488 671 708 741; x_wconf 88' lang='lat' dir='ltr'>simus</span> <span class='ocrx_word' id='word_1_43' title='bbox 753 670 1147 740; x_wconf 78' lang='lat' dir='ltr'>adhaesuri.</span> <span class='ocrx_word' id='word_1_44' title='bbox 1205 675 1281 740; x_wconf 92' lang='lat' dir='ltr'>In</span> <span class='ocrx_word' id='word_1_45' title='bbox 1333 692 1456 740; x_wconf 90' lang='lat' dir='ltr'>nos</span> <span class='ocrx_word' id='word_1_46' title='bbox 1495 693 1655 772; x_wconf 81' lang='lat' dir='ltr'>ergo</span> <span class='ocrx_word' id='word_1_47' title='bbox 1706 671 2090 761; x_wconf 90' lang='lat' dir='ltr'>pronuncia</span> <span class='ocrx_word' id='word_1_48' title='bbox 2140 674 2572 753; x_wconf 83' lang='lat' dir='ltr'>sententiam,</span> <span class='ocrx_word' id='word_1_49' title='bbox 2630 686 2808 744; x_wconf 86' lang='lat' dir='ltr'>recte</span> 
     </span>
     <span class='ocr_line' id='line_1_6' title="bbox 268 759 2808 847; baseline 0.001 -17"><span class='ocrx_word' id='word_1_50' title='bbox 268 761 495 830; x_wconf 91' lang='lat' dir='ltr'>sciens</span> <span class='ocrx_word' id='word_1_51' title='bbox 533 759 712 846; x_wconf 90' lang='lat' dir='ltr'>quod</span> <span class='ocrx_word' id='word_1_52' title='bbox 750 760 1081 847; x_wconf 86' lang='lat' dir='ltr'>quicquid</span> <span class='ocrx_word' id='word_1_53' title='bbox 1131 759 1482 830; x_wconf 79' lang='lat' dir='ltr'>decaetero</span> <span class='ocrx_word' id='word_1_54' title='bbox 1529 759 1785 831; x_wconf 81' lang='lat' dir='ltr'>dixeris</span> <span class='ocrx_word' id='word_1_55' title='bbox 1834 772 1952 830; x_wconf 91' lang='lat' dir='ltr'>aut</span> <span class='ocrx_word' id='word_1_56' title='bbox 2000 759 2260 843; x_wconf 76' lang='lat' dir='ltr'>feceriS,</span> <span class='ocrx_word' id='word_1_57' title='bbox 2315 784 2355 831; x_wconf 94' lang='lat' dir='ltr'>a</span> <span class='ocrx_word' id='word_1_58' title='bbox 2403 776 2464 833; x_wconf 90' lang='lat' dir='ltr'>te</span> <span class='ocrx_word' id='word_1_59' title='bbox 2495 762 2611 832; x_wconf 84' lang='lat' dir='ltr'>fiet</span> <span class='ocrx_word' id='word_1_60' title='bbox 2660 763 2808 833; x_wconf 89' lang='lat' dir='ltr'>ina—</span> 
     </span>
     <span class='ocr_line' id='line_1_7' title="bbox 270 848 2809 952; baseline 0.001 -33"><span class='ocrx_word' id='word_1_61' title='bbox 270 851 467 931; x_wconf 91' lang='lat' dir='ltr'>niter,</span> <span class='ocrx_word' id='word_1_62' title='bbox 504 862 570 918; x_wconf 90' lang='lat' dir='ltr'>et</span> <span class='ocrx_word' id='word_1_63' title='bbox 617 848 702 918; x_wconf 90' lang='lat' dir='ltr'>ab</span> <span class='ocrx_word' id='word_1_64' title='bbox 730 871 806 918; x_wconf 88' lang='lat' dir='ltr'>eo</span> <span class='ocrx_word' id='word_1_65' title='bbox 854 870 1057 935; x_wconf 89' lang='lat' dir='ltr'>quem</span> <span class='ocrx_word' id='word_1_66' title='bbox 1111 849 1232 918; x_wconf 90' lang='lat' dir='ltr'>tibi</span> <span class='ocrx_word' id='word_1_67' title='bbox 1262 850 1613 940; x_wconf 82' lang='lat' dir='ltr'>proponis,</span> <span class='ocrx_word' id='word_1_68' title='bbox 1654 871 1860 939; x_wconf 86' lang='lat' dir='ltr'>scopo</span> <span class='ocrx_word' id='word_1_69' title='bbox 1895 850 2095 952; x_wconf 84' lang='lat' dir='ltr'>longe</span> <span class='ocrx_word' id='word_1_70' title='bbox 2123 850 2390 921; x_wconf 85' lang='lat' dir='ltr'>cadet.»</span> <span class='ocrx_word' id='word_1_71' title='bbox 2432 857 2809 943; x_wconf 85' lang='lat' dir='ltr'>Imperator</span> 
     </span>
     <span class='ocr_line' id='line_1_8' title="bbox 269 937 2806 1025; baseline 0.001 -15"><span class='ocrx_word' id='word_1_72' title='bbox 269 953 496 1010; x_wconf 86' lang='lat' dir='ltr'>autem</span> <span class='ocrx_word' id='word_1_73' title='bbox 533 961 689 1007; x_wconf 87' lang='lat' dir='ltr'>cum</span> <span class='ocrx_word' id='word_1_74' title='bbox 741 951 805 1007; x_wconf 88' lang='lat' dir='ltr'>et</span> <span class='ocrx_word' id='word_1_75' title='bbox 851 959 930 1008; x_wconf 86' lang='lat' dir='ltr'>ex</span> <span class='ocrx_word' id='word_1_76' title='bbox 979 959 1050 1006; x_wconf 90' lang='lat' dir='ltr'>se</span> <span class='ocrx_word' id='word_1_77' title='bbox 1097 939 1374 1025; x_wconf 89' lang='lat' dir='ltr'>quidem</span> <span class='ocrx_word' id='word_1_78' title='bbox 1414 937 1856 1010; x_wconf 78' lang='lat' dir='ltr'>intellexisset</span> <span class='ocrx_word' id='word_1_79' title='bbox 1903 953 2276 1023; x_wconf 82' lang='lat' dir='ltr'>veritatem,</span> <span class='ocrx_word' id='word_1_80' title='bbox 2316 939 2611 1023; x_wconf 83' lang='lat' dir='ltr'>maxime</span> <span class='ocrx_word' id='word_1_81' title='bbox 2650 964 2806 1012; x_wconf 90' lang='lat' dir='ltr'>vero</span> 
     </span>
     <span class='ocr_line' id='line_1_9' title="bbox 268 1028 2810 1118; baseline 0.001 -20"><span class='ocrx_word' id='word_1_82' title='bbox 268 1051 418 1098; x_wconf 88' lang='lat' dir='ltr'>eam</span> <span class='ocrx_word' id='word_1_83' title='bbox 470 1028 898 1118; x_wconf 87' lang='lat' dir='ltr'>cognovisset</span> <span class='ocrx_word' id='word_1_84' title='bbox 943 1048 1023 1096; x_wconf 85' lang='lat' dir='ltr'>ex</span> <span class='ocrx_word' id='word_1_85' title='bbox 1070 1040 1350 1118; x_wconf 87' lang='lat' dir='ltr'>stupore</span> <span class='ocrx_word' id='word_1_86' title='bbox 1396 1038 1461 1097; x_wconf 90' lang='lat' dir='ltr'>et</span> <span class='ocrx_word' id='word_1_87' title='bbox 1508 1028 1963 1099; x_wconf 88' lang='lat' dir='ltr'>admiratione</span> <span class='ocrx_word' id='word_1_88' title='bbox 2011 1051 2245 1102; x_wconf 82' lang='lat' dir='ltr'>eorum</span> <span class='ocrx_word' id='word_1_89' title='bbox 2290 1030 2411 1118; x_wconf 87' lang='lat' dir='ltr'>qui</span> <span class='ocrx_word' id='word_1_90' title='bbox 2444 1029 2810 1102; x_wconf 84' lang='lat' dir='ltr'>adstabant</span> 
     </span>
     <span class='ocr_line' id='line_1_10' title="bbox 267 1117 2805 1210; baseline 0.001 -23"><span class='ocrx_word' id='word_1_91' title='bbox 267 1119 583 1208; x_wconf 89' lang='lat' dir='ltr'>(Sanctos</span> <span class='ocrx_word' id='word_1_92' title='bbox 646 1117 830 1186; x_wconf 88' lang='lat' dir='ltr'>enim</span> <span class='ocrx_word' id='word_1_93' title='bbox 892 1128 1244 1207; x_wconf 83' lang='lat' dir='ltr'>tangentes</span> <span class='ocrx_word' id='word_1_94' title='bbox 1308 1129 1372 1187; x_wconf 89' lang='lat' dir='ltr'>et</span> <span class='ocrx_word' id='word_1_95' title='bbox 1422 1117 1746 1189; x_wconf 88' lang='lat' dir='ltr'>manibus</span> <span class='ocrx_word' id='word_1_96' title='bbox 1811 1130 2307 1190; x_wconf 88' lang='lat' dir='ltr'>contrectantes</span> <span class='ocrx_word' id='word_1_97' title='bbox 2362 1120 2805 1210; x_wconf 90' lang='lat' dir='ltr'>obstupesce-</span> 
     </span>
     <span class='ocr_line' id='line_1_11' title="bbox 269 1205 2807 1308; baseline 0 -31"><span class='ocrx_word' id='word_1_98' title='bbox 269 1206 484 1292; x_wconf 84' lang='lat' dir='ltr'>bant),</span> <span class='ocrx_word' id='word_1_99' title='bbox 525 1206 772 1275; x_wconf 89' lang='lat' dir='ltr'>timens</span> <span class='ocrx_word' id='word_1_100' title='bbox 822 1227 905 1274; x_wconf 88' lang='lat' dir='ltr'>ne</span> <span class='ocrx_word' id='word_1_101' title='bbox 940 1205 1261 1297; x_wconf 90' lang='lat' dir='ltr'>populus,</span> <span class='ocrx_word' id='word_1_102' title='bbox 1316 1207 1517 1308; x_wconf 76' lang='lat' dir='ltr'>cujus</span> <span class='ocrx_word' id='word_1_103' title='bbox 1546 1208 1692 1295; x_wconf 88' lang='lat' dir='ltr'>jam</span> <span class='ocrx_word' id='word_1_104' title='bbox 1743 1219 1938 1277; x_wconf 89' lang='lat' dir='ltr'>erant</span> <span class='ocrx_word' id='word_1_105' title='bbox 1984 1208 2201 1277; x_wconf 88' lang='lat' dir='ltr'>animi</span> <span class='ocrx_word' id='word_1_106' title='bbox 2250 1208 2561 1298; x_wconf 87' lang='lat' dir='ltr'>persuasi</span> <span class='ocrx_word' id='word_1_107' title='bbox 2605 1232 2646 1279; x_wconf 92' lang='lat' dir='ltr'>a</span> <span class='ocrx_word' id='word_1_108' title='bbox 2708 1209 2807 1280; x_wconf 88' lang='lat' dir='ltr'>rei</span> 
     </span>
     <span class='ocr_line' id='line_1_12' title="bbox 269 1293 2803 1385; baseline 0.001 -20"><span class='ocrx_word' id='word_1_109' title='bbox 269 1294 632 1376; x_wconf 87' lang='lat' dir='ltr'>evidentia,</span> <span class='ocrx_word' id='word_1_110' title='bbox 686 1293 803 1365; x_wconf 93' lang='lat' dir='ltr'>illo</span> <span class='ocrx_word' id='word_1_111' title='bbox 852 1296 1205 1364; x_wconf 82' lang='lat' dir='ltr'>resistente</span> <span class='ocrx_word' id='word_1_112' title='bbox 1241 1295 1638 1365; x_wconf 78' lang='lat' dir='ltr'>manifestae</span> <span class='ocrx_word' id='word_1_113' title='bbox 1689 1297 1973 1378; x_wconf 89' lang='lat' dir='ltr'>veritati,</span> <span class='ocrx_word' id='word_1_114' title='bbox 2028 1296 2288 1385; x_wconf 89' lang='lat' dir='ltr'>aliquid</span> <span class='ocrx_word' id='word_1_115' title='bbox 2339 1298 2494 1368; x_wconf 88' lang='lat' dir='ltr'>novi</span> <span class='ocrx_word' id='word_1_116' title='bbox 2526 1297 2595 1368; x_wconf 85' lang='lat' dir='ltr'>in</span> <span class='ocrx_word' id='word_1_117' title='bbox 2645 1320 2803 1367; x_wconf 90' lang='lat' dir='ltr'>eum</span> 
     </span>
     <span class='ocr_line' id='line_1_13' title="bbox 269 1383 2808 1487; baseline 0.001 -33"><span class='ocrx_word' id='word_1_118' title='bbox 269 1396 570 1473; x_wconf 78' lang='lat' dir='ltr'>agerent,</span> <span class='ocrx_word' id='word_1_119' title='bbox 623 1406 779 1453; x_wconf 90' lang='lat' dir='ltr'>cum</span> <span class='ocrx_word' id='word_1_120' title='bbox 816 1383 942 1454; x_wconf 90' lang='lat' dir='ltr'>hoc</span> <span class='ocrx_word' id='word_1_121' title='bbox 974 1384 1194 1456; x_wconf 90' lang='lat' dir='ltr'>solum</span> <span class='ocrx_word' id='word_1_122' title='bbox 1237 1384 1562 1475; x_wconf 87' lang='lat' dir='ltr'>jussisset</span> <span class='ocrx_word' id='word_1_123' title='bbox 1606 1385 1706 1454; x_wconf 88' lang='lat' dir='ltr'>eis</span> <span class='ocrx_word' id='word_1_124' title='bbox 1736 1386 2083 1487; x_wconf 86' lang='lat' dir='ltr'>amputari</span> <span class='ocrx_word' id='word_1_125' title='bbox 2130 1387 2377 1477; x_wconf 88' lang='lat' dir='ltr'>capita,</span> <span class='ocrx_word' id='word_1_126' title='bbox 2433 1387 2725 1459; x_wconf 89' lang='lat' dir='ltr'>surrexit</span> <span class='ocrx_word' id='word_1_127' title='bbox 2769 1409 2808 1457; x_wconf 91' lang='lat' dir='ltr'>e</span> 
     </span>
     <span class='ocr_line' id='line_1_14' title="bbox 272 1473 2806 1562; baseline 0.001 -19"><span class='ocrx_word' id='word_1_128' title='bbox 272 1473 622 1543; x_wconf 87' lang='lat' dir='ltr'>tribunali.</span> <span class='ocrx_word' id='word_1_129' title='bbox 677 1479 1039 1561; x_wconf 90' lang='lat' dir='ltr'>Postquam</span> <span class='ocrx_word' id='word_1_130' title='bbox 1077 1488 1305 1544; x_wconf 82' lang='lat' dir='ltr'>autern</span> <span class='ocrx_word' id='word_1_131' title='bbox 1357 1474 1573 1544; x_wconf 89' lang='lat' dir='ltr'>sancti</span> <span class='ocrx_word' id='word_1_132' title='bbox 1623 1496 1783 1544; x_wconf 90' lang='lat' dir='ltr'>cum</span> <span class='ocrx_word' id='word_1_133' title='bbox 1836 1475 1921 1545; x_wconf 83' lang='lat' dir='ltr'>iis</span> <span class='ocrx_word' id='word_1_134' title='bbox 1968 1476 2089 1562; x_wconf 90' lang='lat' dir='ltr'>qui</span> <span class='ocrx_word' id='word_1_135' title='bbox 2135 1496 2251 1546; x_wconf 90' lang='lat' dir='ltr'>eos</span> <span class='ocrx_word' id='word_1_136' title='bbox 2291 1475 2637 1547; x_wconf 86' lang='lat' dir='ltr'>ducebant</span> <span class='ocrx_word' id='word_1_137' title='bbox 2674 1477 2806 1546; x_wconf 87' lang='lat' dir='ltr'>mi-</span> 
     </span>
     <span class='ocr_line' id='line_1_15' title="bbox 270 1563 2803 1654; baseline 0.002 -21"><span class='ocrx_word' id='word_1_138' title='bbox 270 1563 507 1634; x_wconf 87' lang='lat' dir='ltr'>litibus</span> <span class='ocrx_word' id='word_1_139' title='bbox 541 1576 605 1633; x_wconf 89' lang='lat' dir='ltr'>et</span> <span class='ocrx_word' id='word_1_140' title='bbox 636 1575 770 1633; x_wconf 92' lang='lat' dir='ltr'>toto</span> <span class='ocrx_word' id='word_1_141' title='bbox 819 1584 905 1654; x_wconf 92' lang='lat' dir='ltr'>po</span> <span class='ocrx_word' id='word_1_142' title='bbox 958 1563 1075 1634; x_wconf 92' lang='lat' dir='ltr'>ulo</span> <span class='ocrx_word' id='word_1_143' title='bbox 1105 1564 1189 1633; x_wconf 89' lang='lat' dir='ltr'>ad</span> <span class='ocrx_word' id='word_1_144' title='bbox 1235 1563 1461 1633; x_wconf 87' lang='lat' dir='ltr'>locum</span> <span class='ocrx_word' id='word_1_145' title='bbox 1496 1576 1850 1646; x_wconf 89' lang='lat' dir='ltr'>venerunt,</span> <span class='ocrx_word' id='word_1_146' title='bbox 1890 1576 2144 1635; x_wconf 86' lang='lat' dir='ltr'>stantes</span> <span class='ocrx_word' id='word_1_147' title='bbox 2191 1576 2257 1634; x_wconf 91' lang='lat' dir='ltr'>et</span> <span class='ocrx_word' id='word_1_148' title='bbox 2297 1586 2547 1636; x_wconf 89' lang='lat' dir='ltr'>manus</span> <span class='ocrx_word' id='word_1_149' title='bbox 2594 1565 2803 1637; x_wconf 88' lang='lat' dir='ltr'>simul</span> 
     </span>
     <span class='ocr_line' id='line_1_16' title="bbox 267 1652 2805 1744; baseline 0.001 -22"><span class='ocrx_word' id='word_1_150' title='bbox 267 1666 332 1724; x_wconf 90' lang='lat' dir='ltr'>et</span> <span class='ocrx_word' id='word_1_151' title='bbox 378 1653 614 1723; x_wconf 88' lang='lat' dir='ltr'>oculos</span> <span class='ocrx_word' id='word_1_152' title='bbox 662 1654 731 1722; x_wconf 89' lang='lat' dir='ltr'>in</span> <span class='ocrx_word' id='word_1_153' title='bbox 782 1675 899 1723; x_wconf 89' lang='lat' dir='ltr'>coe</span> <span class='ocrx_word' id='word_1_154' title='bbox 933 1677 1049 1723; x_wconf 90' lang='lat' dir='ltr'>um</span> <span class='ocrx_word' id='word_1_155' title='bbox 1103 1652 1455 1735; x_wconf 90' lang='lat' dir='ltr'>tollentes,</span> <span class='ocrx_word' id='word_1_156' title='bbox 1510 1654 1578 1721; x_wconf 88' lang='lat' dir='ltr'>in</span> <span class='ocrx_word' id='word_1_157' title='bbox 1642 1667 2015 1744; x_wconf 89' lang='lat' dir='ltr'>conspectu</span> <span class='ocrx_word' id='word_1_158' title='bbox 2078 1654 2392 1725; x_wconf 90' lang='lat' dir='ltr'>omnium</span> <span class='ocrx_word' id='word_1_159' title='bbox 2444 1655 2610 1725; x_wconf 90' lang='lat' dir='ltr'>satis</span> <span class='ocrx_word' id='word_1_160' title='bbox 2681 1655 2805 1726; x_wconf 92' lang='lat' dir='ltr'>diu</span> 
     </span>
     <span class='ocr_line' id='line_1_17' title="bbox 269 1742 2800 1832; baseline 0.001 -20"><span class='ocrx_word' id='word_1_161' title='bbox 269 1755 431 1813; x_wconf 91' lang='lat' dir='ltr'>sunt</span> <span class='ocrx_word' id='word_1_162' title='bbox 483 1742 733 1832; x_wconf 90' lang='lat' dir='ltr'>precati</span> <span class='ocrx_word' id='word_1_163' title='bbox 769 1743 1048 1824; x_wconf 89' lang='lat' dir='ltr'>civitati,</span> <span class='ocrx_word' id='word_1_164' title='bbox 1102 1755 1167 1812; x_wconf 91' lang='lat' dir='ltr'>et</span> <span class='ocrx_word' id='word_1_165' title='bbox 1216 1742 1618 1812; x_wconf 88' lang='lat' dir='ltr'>Christianis</span> <span class='ocrx_word' id='word_1_166' title='bbox 1657 1743 1984 1813; x_wconf 89' lang='lat' dir='ltr'>omnibus</span> <span class='ocrx_word' id='word_1_167' title='bbox 2029 1756 2093 1813; x_wconf 88' lang='lat' dir='ltr'>et</span> <span class='ocrx_word' id='word_1_168' title='bbox 2142 1742 2464 1814; x_wconf 85' lang='lat' dir='ltr'>Ecclesiis</span> <span class='ocrx_word' id='word_1_169' title='bbox 2502 1744 2800 1832; x_wconf 90' lang='lat' dir='ltr'>quietem</span> 
     </span>
     <span class='ocr_line' id='line_1_18' title="bbox 268 1830 2806 1923; baseline 0.001 -22"><span class='ocrx_word' id='word_1_170' title='bbox 268 1845 334 1902; x_wconf 89' lang='lat' dir='ltr'>et</span> <span class='ocrx_word' id='word_1_171' title='bbox 372 1830 932 1919; x_wconf 86' lang='lat' dir='ltr'>tranquillitatem</span> <span class='ocrx_word' id='word_1_172' title='bbox 984 1844 1050 1901; x_wconf 87' lang='lat' dir='ltr'>et</span> <span class='ocrx_word' id='word_1_173' title='bbox 1088 1844 1163 1901; x_wconf 92' lang='lat' dir='ltr'>ut</span> <span class='ocrx_word' id='word_1_174' title='bbox 1201 1853 1401 1901; x_wconf 91' lang='lat' dir='ltr'>nemo</span> <span class='ocrx_word' id='word_1_175' title='bbox 1447 1831 1567 1919; x_wconf 91' lang='lat' dir='ltr'>qui</span> <span class='ocrx_word' id='word_1_176' title='bbox 1614 1853 1851 1901; x_wconf 87' lang='lat' dir='ltr'>eorum</span> <span class='ocrx_word' id='word_1_177' title='bbox 1901 1832 2202 1923; x_wconf 73' lang='lat' dir='ltr'>egui-sset</span> <span class='ocrx_word' id='word_1_178' title='bbox 2248 1833 2527 1914; x_wconf 87' lang='lat' dir='ltr'>auxilio,</span> <span class='ocrx_word' id='word_1_179' title='bbox 2583 1854 2806 1903; x_wconf 89' lang='lat' dir='ltr'>rever·</span> 
     </span>
     <span class='ocr_line' id='line_1_19' title="bbox 270 1919 2802 2013; baseline 0 -22"><span class='ocrx_word' id='word_1_180' title='bbox 270 1934 521 1991; x_wconf 90' lang='lat' dir='ltr'>teretur</span> <span class='ocrx_word' id='word_1_181' title='bbox 568 1919 818 1992; x_wconf 89' lang='lat' dir='ltr'>inanis.</span> <span class='ocrx_word' id='word_1_182' title='bbox 862 1921 1114 1990; x_wconf 88' lang='lat' dir='ltr'>Deinde</span> <span class='ocrx_word' id='word_1_183' title='bbox 1149 1934 1300 2011; x_wconf 89' lang='lat' dir='ltr'>post</span> <span class='ocrx_word' id='word_1_184' title='bbox 1350 1919 1808 2011; x_wconf 85' lang='lat' dir='ltr'>precationem</span> <span class='ocrx_word' id='word_1_185' title='bbox 1860 1943 1932 1991; x_wconf 92' lang='lat' dir='ltr'>se</span> <span class='ocrx_word' id='word_1_186' title='bbox 1964 1922 2255 1992; x_wconf 88' lang='lat' dir='ltr'>invicem</span> <span class='ocrx_word' id='word_1_187' title='bbox 2305 1921 2625 2013; x_wconf 81' lang='lat' dir='ltr'>amplexi,</span> <span class='ocrx_word' id='word_1_188' title='bbox 2678 1922 2802 1992; x_wconf 91' lang='lat' dir='ltr'>da—</span> 
     </span>
     <span class='ocr_line' id='line_1_20' title="bbox 268 2009 2801 2102; baseline 0 -22"><span class='ocrx_word' id='word_1_189' title='bbox 268 2023 470 2098; x_wconf 88' lang='lat' dir='ltr'>taque</span> <span class='ocrx_word' id='word_1_190' title='bbox 520 2033 683 2098; x_wconf 90' lang='lat' dir='ltr'>pace</span> <span class='ocrx_word' id='word_1_191' title='bbox 722 2021 786 2079; x_wconf 91' lang='lat' dir='ltr'>et</span> <span class='ocrx_word' id='word_1_192' title='bbox 833 2010 1263 2090; x_wconf 84' lang='lat' dir='ltr'>salutatione,</span> <span class='ocrx_word' id='word_1_193' title='bbox 1319 2011 1647 2102; x_wconf 86' lang='lat' dir='ltr'>porrectis</span> <span class='ocrx_word' id='word_1_194' title='bbox 1695 2009 1914 2092; x_wconf 87' lang='lat' dir='ltr'>collis,</span> <span class='ocrx_word' id='word_1_195' title='bbox 1972 2023 2259 2099; x_wconf 89' lang='lat' dir='ltr'>uterque</span> <span class='ocrx_word' id='word_1_196' title='bbox 2304 2031 2539 2081; x_wconf 87' lang='lat' dir='ltr'>eorum</span> <span class='ocrx_word' id='word_1_197' title='bbox 2594 2033 2633 2080; x_wconf 90' lang='lat' dir='ltr'>a</span> <span class='ocrx_word' id='word_1_198' title='bbox 2675 2012 2801 2081; x_wconf 90' lang='lat' dir='ltr'>mi-</span> 
     </span>
     <span class='ocr_line' id='line_1_21' title="bbox 268 2098 1997 2190; baseline 0 -21"><span class='ocrx_word' id='word_1_199' title='bbox 268 2100 405 2179; x_wconf 89' lang='lat' dir='ltr'>lite,</span> <span class='ocrx_word' id='word_1_200' title='bbox 445 2101 555 2170; x_wconf 91' lang='lat' dir='ltr'>cui</span> <span class='ocrx_word' id='word_1_201' title='bbox 594 2099 658 2169; x_wconf 92' lang='lat' dir='ltr'>id</span> <span class='ocrx_word' id='word_1_202' title='bbox 712 2099 1069 2188; x_wconf 80' lang='lat' dir='ltr'>obtigerat,</span> <span class='ocrx_word' id='word_1_203' title='bbox 1118 2099 1391 2169; x_wconf 87' lang='lat' dir='ltr'>beatum</span> <span class='ocrx_word' id='word_1_204' title='bbox 1444 2098 1651 2168; x_wconf 85' lang='lat' dir='ltr'>finem</span> <span class='ocrx_word' id='word_1_205' title='bbox 1712 2100 1997 2190; x_wconf 85' lang='lat' dir='ltr'>accepit.</span> 
     </span>
    </p>

    <p class='ocr_par' dir='ltr' id='par_1_3' title="bbox 266 2188 2808 3618">
     <span class='ocr_line' id='line_1_22' title="bbox 358 2188 2801 2280; baseline -0 -19"><span class='ocrx_word' id='word_1_206' title='bbox 358 2192 393 2277; x_wconf 64' lang='grc' dir='ltr'>ξ</span> <span class='ocrx_word' id='word_1_207' title='bbox 467 2192 613 2261; x_wconf 66' lang='lat'>8⁸2.</span> <span class='ocrx_word' id='word_1_208' title='bbox 669 2190 1005 2272; x_wconf 86' lang='lat' dir='ltr'>Quoniam</span> <span class='ocrx_word' id='word_1_209' title='bbox 1078 2202 1301 2259; x_wconf 90' lang='lat' dir='ltr'>autem</span> <span class='ocrx_word' id='word_1_210' title='bbox 1356 2210 1461 2258; x_wconf 90' lang='lat' dir='ltr'>ma</span> <span class='ocrx_word' id='word_1_211' title='bbox 1518 2210 1650 2258; x_wconf 90' lang='lat' dir='ltr'>nus</span> <span class='ocrx_word' id='word_1_212' title='bbox 1713 2194 1942 2258; x_wconf 86' lang='lat' dir='ltr'>Menas</span> <span class='ocrx_word' id='word_1_213' title='bbox 1988 2189 2217 2260; x_wconf 87' lang='lat' dir='ltr'>adhuc</span> <span class='ocrx_word' id='word_1_214' title='bbox 2273 2189 2468 2259; x_wconf 91' lang='lat' dir='ltr'>vivus</span> <span class='ocrx_word' id='word_1_215' title='bbox 2518 2188 2801 2280; x_wconf 89' lang='lat' dir='ltr'>petierat</span> 
     </span>
     <span class='ocr_line' id='line_1_23' title="bbox 268 2278 2796 2369; baseline 0.001 -22"><span class='ocrx_word' id='word_1_216' title='bbox 268 2280 353 2349; x_wconf 89' lang='lat' dir='ltr'>ab</span> <span class='ocrx_word' id='word_1_217' title='bbox 389 2284 823 2368; x_wconf 85' lang='lat' dir='ltr'>Imperatore.</span> <span class='ocrx_word' id='word_1_218' title='bbox 872 2290 949 2348; x_wconf 92' lang='lat' dir='ltr'>ut</span> <span class='ocrx_word' id='word_1_219' title='bbox 978 2279 1129 2369; x_wconf 85' lang='lat' dir='ltr'>ejus</span> <span class='ocrx_word' id='word_1_220' title='bbox 1177 2300 1428 2368; x_wconf 87' lang='lat' dir='ltr'>corpus</span> <span class='ocrx_word' id='word_1_221' title='bbox 1508 2291 1917 2369; x_wconf 88' lang='lat' dir='ltr'>eponerctur</span> <span class='ocrx_word' id='word_1_222' title='bbox 1965 2278 2267 2369; x_wconf 84' lang='lat' dir='ltr'>Byzantii</span> <span class='ocrx_word' id='word_1_223' title='bbox 2294 2279 2411 2369; x_wconf 90' lang='lat' dir='ltr'>(de</span> <span class='ocrx_word' id='word_1_224' title='bbox 2457 2301 2538 2349; x_wconf 88' lang='lat' dir='ltr'>eo</span> <span class='ocrx_word' id='word_1_225' title='bbox 2568 2292 2796 2349; x_wconf 83' lang='lat' dir='ltr'>autem</span> 
     </span>
     <span class='ocr_line' id='line_1_24' title="bbox 268 2366 2800 2456; baseline 0 -20"><span class='ocrx_word' id='word_1_226' title='bbox 268 2366 621 2436; x_wconf 90' lang='lat' dir='ltr'>mandavit</span> <span class='ocrx_word' id='word_1_227' title='bbox 657 2367 862 2437; x_wconf 83' lang='lat' dir='ltr'>etiam</span> <span class='ocrx_word' id='word_1_228' title='bbox 911 2368 997 2438; x_wconf 87' lang='lat' dir='ltr'>iis</span> <span class='ocrx_word' id='word_1_229' title='bbox 1044 2367 1164 2456; x_wconf 90' lang='lat' dir='ltr'>qui</span> <span class='ocrx_word' id='word_1_230' title='bbox 1206 2380 1369 2436; x_wconf 91' lang='lat' dir='ltr'>tunc</span> <span class='ocrx_word' id='word_1_231' title='bbox 1415 2380 1609 2437; x_wconf 89' lang='lat' dir='ltr'>erant</span> <span class='ocrx_word' id='word_1_232' title='bbox 1657 2366 1894 2436; x_wconf 81' lang='lat' dir='ltr'>fideles</span> <span class='ocrx_word' id='word_1_233' title='bbox 1940 2381 2004 2437; x_wconf 92' lang='lat' dir='ltr'>et</span> <span class='ocrx_word' id='word_1_234' title='bbox 2050 2380 2245 2437; x_wconf 87' lang='lat' dir='ltr'>erant</span> <span class='ocrx_word' id='word_1_235' title='bbox 2291 2368 2353 2437; x_wconf 90' lang='lat' dir='ltr'>ei</span> <span class='ocrx_word' id='word_1_236' title='bbox 2401 2367 2660 2456; x_wconf 84' lang='lat' dir='ltr'>alioqui</span> <span class='ocrx_word' id='word_1_237' title='bbox 2698 2366 2800 2436; x_wconf 85' lang='lat' dir='ltr'>fa-</span> 
     </span>
     <span class='ocr_line' id='line_1_25' title="bbox 270 2455 2801 2539; baseline -0 -12"><span class='ocrx_word' id='word_1_238' title='bbox 270 2456 598 2539; x_wconf 88' lang='lat' dir='ltr'>miliares,</span> <span class='ocrx_word' id='word_1_239' title='bbox 637 2456 875 2531; x_wconf 90' lang='lat' dir='ltr'>dicens</span> <span class='ocrx_word' id='word_1_240' title='bbox 922 2478 1071 2528; x_wconf 89' lang='lat' dir='ltr'>earn</span> <span class='ocrx_word' id='word_1_241' title='bbox 1123 2456 1460 2526; x_wconf 88' lang='lat' dir='ltr'>civitatem</span> <span class='ocrx_word' id='word_1_242' title='bbox 1514 2455 1643 2528; x_wconf 90' lang='lat' dir='ltr'>sibi</span> <span class='ocrx_word' id='word_1_243' title='bbox 1678 2477 1826 2527; x_wconf 91' lang='lat' dir='ltr'>esse</span> <span class='ocrx_word' id='word_1_244' title='bbox 1880 2456 2277 2527; x_wconf 87' lang='lat' dir='ltr'>attributam</span> <span class='ocrx_word' id='word_1_245' title='bbox 2328 2456 2414 2526; x_wconf 87' lang='lat' dir='ltr'>ad</span> <span class='ocrx_word' id='word_1_246' title='bbox 2481 2456 2801 2527; x_wconf 88' lang='lat' dir='ltr'>habitan-</span> 
     </span>
     <span class='ocr_line' id='line_1_26' title="bbox 269 2546 2801 2647; baseline 0.001 -32"><span class='ocrx_word' id='word_1_247' title='bbox 269 2546 492 2636; x_wconf 89' lang='lat' dir='ltr'>dum),</span> <span class='ocrx_word' id='word_1_248' title='bbox 544 2548 604 2615; x_wconf 93' lang='lat' dir='ltr'>ei</span> <span class='ocrx_word' id='word_1_249' title='bbox 658 2547 970 2617; x_wconf 83' lang='lat' dir='ltr'>invidens</span> <span class='ocrx_word' id='word_1_250' title='bbox 1020 2546 1431 2616; x_wconf 81' lang='lat' dir='ltr'>Maximinus</span> <span class='ocrx_word' id='word_1_251' title='bbox 1479 2546 1578 2615; x_wconf 91' lang='lat' dir='ltr'>vel</span> <span class='ocrx_word' id='word_1_252' title='bbox 1632 2546 1851 2647; x_wconf 86' lang='lat' dir='ltr'>ipsam</span> <span class='ocrx_word' id='word_1_253' title='bbox 1919 2546 2370 2637; x_wconf 87' lang='lat' dir='ltr'>sepulturam,</span> <span class='ocrx_word' id='word_1_254' title='bbox 2429 2547 2641 2636; x_wconf 89' lang='lat' dir='ltr'>jussit</span> <span class='ocrx_word' id='word_1_255' title='bbox 2686 2568 2801 2617; x_wconf 86' lang='lat' dir='ltr'>ca·</span> 
     </span>
     <span class='ocr_line' id='line_1_27' title="bbox 272 2636 2794 2727; baseline -0.001 -22"><span class='ocrx_word' id='word_1_256' title='bbox 272 2658 464 2727; x_wconf 89' lang='lat' dir='ltr'>psam</span> <span class='ocrx_word' id='word_1_257' title='bbox 538 2636 841 2705; x_wconf 88' lang='lat' dir='ltr'>construi</span> <span class='ocrx_word' id='word_1_258' title='bbox 912 2636 1199 2705; x_wconf 86' lang='lat' dir='ltr'>ferream</span> <span class='ocrx_word' id='word_1_259' title='bbox 1249 2648 1314 2705; x_wconf 90' lang='lat' dir='ltr'>et</span> <span class='ocrx_word' id='word_1_260' title='bbox 1377 2637 1449 2705; x_wconf 91' lang='lat' dir='ltr'>in</span> <span class='ocrx_word' id='word_1_261' title='bbox 1514 2656 1593 2704; x_wconf 89' lang='lat' dir='ltr'>ea</span> <span class='ocrx_word' id='word_1_262' title='bbox 1662 2636 1929 2725; x_wconf 77' lang='lat' dir='ltr'>imponi</span> <span class='ocrx_word' id='word_1_263' title='bbox 1997 2657 2282 2727; x_wconf 87' lang='lat' dir='ltr'>corpora</span> <span class='ocrx_word' id='word_1_264' title='bbox 2360 2648 2794 2727; x_wconf 86' lang='lat' dir='ltr'>martyrum:</span> 
     </span>
     <span class='ocr_line' id='line_1_28' title="bbox 268 2724 2796 2815; baseline 0 -21"><span class='ocrx_word' id='word_1_265' title='bbox 268 2725 515 2794; x_wconf 84' lang='lat' dir='ltr'>deinde</span> <span class='ocrx_word' id='word_1_266' title='bbox 547 2725 749 2795; x_wconf 84' lang='lat' dir='ltr'>etiarn</span> <span class='ocrx_word' id='word_1_267' title='bbox 789 2726 857 2794; x_wconf 90' lang='lat' dir='ltr'>in</span> <span class='ocrx_word' id='word_1_268' title='bbox 893 2726 1105 2794; x_wconf 87' lang='lat' dir='ltr'>maris</span> <span class='ocrx_word' id='word_1_269' title='bbox 1157 2724 1574 2815; x_wconf 86' lang='lat' dir='ltr'>profundum</span> <span class='ocrx_word' id='word_1_270' title='bbox 1626 2724 2118 2795; x_wconf 89' lang='lat' dir='ltr'>transmittere:</span> <span class='ocrx_word' id='word_1_271' title='bbox 2172 2746 2258 2795; x_wconf 87' lang='lat' dir='ltr'>ne</span> <span class='ocrx_word' id='word_1_272' title='bbox 2303 2724 2496 2808; x_wconf 75' lang='lat' dir='ltr'>torte,</span> <span class='ocrx_word' id='word_1_273' title='bbox 2534 2725 2796 2807; x_wconf 84' lang='lat' dir='ltr'>dicenS,</span> 
     </span>
     <span class='ocr_line' id='line_1_29' title="bbox 268 2813 2803 2906; baseline -0 -22"><span class='ocrx_word' id='word_1_274' title='bbox 268 2814 531 2901; x_wconf 89' lang='lat' dir='ltr'>aliquid</span> <span class='ocrx_word' id='word_1_275' title='bbox 582 2815 667 2884; x_wconf 92' lang='lat' dir='ltr'>de</span> <span class='ocrx_word' id='word_1_276' title='bbox 715 2814 925 2902; x_wconf 87' lang='lat' dir='ltr'>justis</span> <span class='ocrx_word' id='word_1_277' title='bbox 1001 2814 1333 2884; x_wconf 87' lang='lat' dir='ltr'>faciendis</span> <span class='ocrx_word' id='word_1_278' title='bbox 1400 2814 1722 2886; x_wconf 89' lang='lat' dir='ltr'>Galilaeis</span> <span class='ocrx_word' id='word_1_279' title='bbox 1781 2813 2230 2906; x_wconf 85' lang='lat' dir='ltr'>praedixerit:</span> <span class='ocrx_word' id='word_1_280' title='bbox 2275 2825 2348 2884; x_wconf 82' lang='lat' dir='ltr'>&#39;et</span> <span class='ocrx_word' id='word_1_281' title='bbox 2398 2826 2473 2885; x_wconf 93' lang='lat' dir='ltr'>ut</span> <span class='ocrx_word' id='word_1_282' title='bbox 2522 2816 2619 2886; x_wconf 90' lang='lat' dir='ltr'>sic</span> <span class='ocrx_word' id='word_1_283' title='bbox 2651 2815 2803 2906; x_wconf 87' lang='lat' dir='ltr'>ejus</span> 
     </span>
     <span class='ocr_line' id='line_1_30' title="bbox 266 2902 2807 2995; baseline -0 -22"><span class='ocrx_word' id='word_1_284' title='bbox 266 2905 607 2974; x_wconf 86' lang='lat' dir='ltr'>excideret</span> <span class='ocrx_word' id='word_1_285' title='bbox 662 2903 1061 2995; x_wconf 89' lang='lat' dir='ltr'>praedictio.</span> <span class='ocrx_word' id='word_1_286' title='bbox 1122 2904 1251 2987; x_wconf 86' lang='lat' dir='ltr'>Qui</span> <span class='ocrx_word' id='word_1_287' title='bbox 1300 2902 1385 2974; x_wconf 86' lang='lat' dir='ltr'>ad</span> <span class='ocrx_word' id='word_1_288' title='bbox 1438 2902 1564 2973; x_wconf 92' lang='lat' dir='ltr'>hoc</span> <span class='ocrx_word' id='word_1_289' title='bbox 1611 2924 1775 2993; x_wconf 83' lang='lat' dir='ltr'>ergo</span> <span class='ocrx_word' id='word_1_290' title='bbox 1822 2903 2306 2985; x_wconf 86' lang='lat' dir='ltr'>inserviebant,</span> <span class='ocrx_word' id='word_1_291' title='bbox 2352 2924 2511 2973; x_wconf 90' lang='lat' dir='ltr'>cum</span> <span class='ocrx_word' id='word_1_292' title='bbox 2579 2915 2807 2974; x_wconf 88' lang='lat' dir='ltr'>essent</span> 
     </span>
     <span class='ocr_line' id='line_1_31' title="bbox 266 2991 2805 3085; baseline 0 -23"><span class='ocrx_word' id='word_1_293' title='bbox 266 2995 667 3063; x_wconf 88' lang='lat' dir='ltr'>universum</span> <span class='ocrx_word' id='word_1_294' title='bbox 720 2993 1085 3085; x_wconf 85' lang='lat' dir='ltr'>diligenter</span> <span class='ocrx_word' id='word_1_295' title='bbox 1130 2993 1415 3073; x_wconf 85' lang='lat' dir='ltr'>executi,</span> <span class='ocrx_word' id='word_1_296' title='bbox 1471 2993 1541 3061; x_wconf 90' lang='lat' dir='ltr'>in</span> <span class='ocrx_word' id='word_1_297' title='bbox 1591 3014 1751 3062; x_wconf 89' lang='lat' dir='ltr'>arca</span> <span class='ocrx_word' id='word_1_298' title='bbox 1801 2991 2019 3063; x_wconf 85' lang='lat' dir='ltr'>ferrea</span> <span class='ocrx_word' id='word_1_299' title='bbox 2070 3006 2464 3065; x_wconf 87' lang='lat' dir='ltr'>sanctorum</span> <span class='ocrx_word' id='word_1_300' title='bbox 2515 3014 2634 3063; x_wconf 91' lang='lat' dir='ltr'>cor</span> <span class='ocrx_word' id='word_1_301' title='bbox 2682 3014 2805 3063; x_wconf 87' lang='lat' dir='ltr'>ora</span> 
     </span>
     <span class='ocr_line' id='line_1_32' title="bbox 270 3081 2808 3173; baseline 0 -24"><span class='ocrx_word' id='word_1_302' title='bbox 270 3083 339 3149; x_wconf 92' lang='lat' dir='ltr'>in</span> <span class='ocrx_word' id='word_1_303' title='bbox 394 3083 567 3151; x_wconf 89' lang='lat' dir='ltr'>mari</span> <span class='ocrx_word' id='word_1_304' title='bbox 627 3082 1125 3153; x_wconf 89' lang='lat' dir='ltr'>demerserunt.</span> <span class='ocrx_word' id='word_1_305' title='bbox 1181 3088 1559 3173; x_wconf 91' lang='lat' dir='ltr'>Imperator</span> <span class='ocrx_word' id='word_1_306' title='bbox 1605 3095 1859 3161; x_wconf 88' lang='lat' dir='ltr'>autem,</span> <span class='ocrx_word' id='word_1_307' title='bbox 1912 3105 2071 3153; x_wconf 80' lang='lat' dir='ltr'>cuin</span> <span class='ocrx_word' id='word_1_308' title='bbox 2122 3104 2245 3152; x_wconf 88' lang='lat' dir='ltr'>nec</span> <span class='ocrx_word' id='word_1_309' title='bbox 2293 3081 2586 3152; x_wconf 87' lang='lat' dir='ltr'>civitatis</span> <span class='ocrx_word' id='word_1_310' title='bbox 2658 3102 2808 3151; x_wconf 90' lang='lat' dir='ltr'>erre</span> 
     </span>
     <span class='ocr_line' id='line_1_33' title="bbox 270 3169 2806 3262; baseline -0 -21"><span class='ocrx_word' id='word_1_311' title='bbox 270 3183 495 3258; x_wconf 87' lang='lat' dir='ltr'>posset</span> <span class='ocrx_word' id='word_1_312' title='bbox 556 3184 931 3240; x_wconf 88' lang='lat' dir='ltr'>scommata</span> <span class='ocrx_word' id='word_1_313' title='bbox 978 3185 1041 3241; x_wconf 91' lang='lat' dir='ltr'>et</span> <span class='ocrx_word' id='word_1_314' title='bbox 1090 3172 1297 3243; x_wconf 89' lang='lat' dir='ltr'>simul</span> <span class='ocrx_word' id='word_1_315' title='bbox 1348 3170 1791 3241; x_wconf 83' lang='lat' dir='ltr'>intellexisset</span> <span class='ocrx_word' id='word_1_316' title='bbox 1851 3170 2186 3262; x_wconf 88' lang='lat' dir='ltr'>populum</span> <span class='ocrx_word' id='word_1_317' title='bbox 2250 3171 2322 3240; x_wconf 87' lang='lat' dir='ltr'>in</span> <span class='ocrx_word' id='word_1_318' title='bbox 2372 3192 2529 3240; x_wconf 89' lang='lat' dir='ltr'>eum</span> <span class='ocrx_word' id='word_1_319' title='bbox 2581 3169 2806 3240; x_wconf 87' lang='lat' dir='ltr'>efferri</span> 
     </span>
     <span class='ocr_line' id='line_1_34' title="bbox 268 3259 2807 3349; baseline 0 -20"><span class='ocrx_word' id='word_1_320' title='bbox 268 3259 580 3340; x_wconf 73' lang='lat' dir='ltr'>audacia,</span> <span class='ocrx_word' id='word_1_321' title='bbox 608 3273 672 3329; x_wconf 89' lang='lat' dir='ltr'>et</span> <span class='ocrx_word' id='word_1_322' title='bbox 717 3259 1081 3341; x_wconf 90' lang='lat' dir='ltr'>dubitaret,</span> <span class='ocrx_word' id='word_1_323' title='bbox 1132 3283 1216 3329; x_wconf 89' lang='lat' dir='ltr'>ne</span> <span class='ocrx_word' id='word_1_324' title='bbox 1246 3275 1497 3331; x_wconf 88' lang='lat' dir='ltr'>temere</span> <span class='ocrx_word' id='word_1_325' title='bbox 1543 3273 1609 3330; x_wconf 90' lang='lat' dir='ltr'>et</span> <span class='ocrx_word' id='word_1_326' title='bbox 1643 3259 2022 3349; x_wconf 86' lang='lat' dir='ltr'>periculose</span> <span class='ocrx_word' id='word_1_327' title='bbox 2052 3260 2315 3348; x_wconf 87' lang='lat' dir='ltr'>aliquid</span> <span class='ocrx_word' id='word_1_328' title='bbox 2365 3260 2436 3329; x_wconf 90' lang='lat' dir='ltr'>in</span> <span class='ocrx_word' id='word_1_329' title='bbox 2483 3281 2638 3329; x_wconf 91' lang='lat' dir='ltr'>eum</span> <span class='ocrx_word' id='word_1_330' title='bbox 2678 3259 2807 3329; x_wconf 90' lang='lat' dir='ltr'>ini-</span> 
     </span>
     <span class='ocr_line' id='line_1_35' title="bbox 270 3348 2804 3441; baseline -0.001 -22"><span class='ocrx_word' id='word_1_331' title='bbox 270 3364 478 3429; x_wconf 88' lang='lat' dir='ltr'>retur,</span> <span class='ocrx_word' id='word_1_332' title='bbox 549 3370 627 3418; x_wconf 89' lang='lat' dir='ltr'>ex</span> <span class='ocrx_word' id='word_1_333' title='bbox 676 3371 756 3418; x_wconf 90' lang='lat' dir='ltr'>ea</span> <span class='ocrx_word' id='word_1_334' title='bbox 802 3348 927 3418; x_wconf 85' lang='lat' dir='ltr'>iter</span> <span class='ocrx_word' id='word_1_335' title='bbox 975 3350 1328 3440; x_wconf 86' lang='lat' dir='ltr'>ingressus</span> <span class='ocrx_word' id='word_1_336' title='bbox 1389 3364 1490 3419; x_wconf 87' lang='lat' dir='ltr'>est</span> <span class='ocrx_word' id='word_1_337' title='bbox 1540 3371 1775 3419; x_wconf 89' lang='lat' dir='ltr'>versus</span> <span class='ocrx_word' id='word_1_338' title='bbox 1837 3349 2274 3439; x_wconf 76' lang='lat' dir='ltr'>Byzantium,</span> <span class='ocrx_word' id='word_1_339' title='bbox 2329 3360 2516 3419; x_wconf 89' lang='lat' dir='ltr'>metu</span> <span class='ocrx_word' id='word_1_340' title='bbox 2561 3360 2627 3419; x_wconf 92' lang='lat' dir='ltr'>et</span> <span class='ocrx_word' id='word_1_341' title='bbox 2674 3370 2804 3441; x_wconf 90' lang='lat' dir='ltr'>pu·-</span> 
     </span>
     <span class='ocr_line' id='line_1_36' title="bbox 269 3438 2806 3529; baseline 0 -21"><span class='ocrx_word' id='word_1_342' title='bbox 269 3440 431 3510; x_wconf 89' lang='lat' dir='ltr'>dore</span> <span class='ocrx_word' id='word_1_343' title='bbox 479 3439 785 3509; x_wconf 68' lang='lat' dir='ltr'>affectus</span> <span class='ocrx_word' id='word_1_344' title='bbox 842 3444 1005 3507; x_wconf 81' lang='lat' dir='ltr'>Cum</span> <span class='ocrx_word' id='word_1_345' title='bbox 1043 3438 1153 3508; x_wconf 86' lang='lat' dir='ltr'>hic</span> <span class='ocrx_word' id='word_1_346' title='bbox 1200 3459 1361 3529; x_wconf 84' lang='lat' dir='ltr'>ergo</span> <span class='ocrx_word' id='word_1_347' title='bbox 1416 3438 1656 3508; x_wconf 84' lang='lat' dir='ltr'>fuisset</span> <span class='ocrx_word' id='word_1_348' title='bbox 1704 3459 1932 3509; x_wconf 89' lang='lat' dir='ltr'>rerum</span> <span class='ocrx_word' id='word_1_349' title='bbox 1983 3438 2245 3521; x_wconf 79' lang='lat' dir='ltr'>exituS‚</span> <span class='ocrx_word' id='word_1_350' title='bbox 2298 3438 2374 3508; x_wconf 86' lang='lat' dir='ltr'>fit</span> <span class='ocrx_word' id='word_1_351' title='bbox 2420 3460 2664 3509; x_wconf 88' lang='lat' dir='ltr'>rursus</span> <span class='ocrx_word' id='word_1_352' title='bbox 2709 3449 2806 3508; x_wconf 90' lang='lat' dir='ltr'>et-</span> 
     </span>
     <span class='ocr_line' id='line_1_37' title="bbox 269 3526 1628 3618; baseline -0.001 -21"><span class='ocrx_word' id='word_1_353' title='bbox 269 3529 404 3597; x_wconf 89' lang='lat' dir='ltr'>iam</span> <span class='ocrx_word' id='word_1_354' title='bbox 455 3527 742 3615; x_wconf 86' lang='lat' dir='ltr'>aliquid,</span> <span class='ocrx_word' id='word_1_355' title='bbox 787 3548 920 3596; x_wconf 91' lang='lat' dir='ltr'>non</span> <span class='ocrx_word' id='word_1_356' title='bbox 976 3527 1209 3597; x_wconf 89' lang='lat' dir='ltr'>minus</span> <span class='ocrx_word' id='word_1_357' title='bbox 1258 3526 1628 3618; x_wconf 83' lang='lat' dir='ltr'>prioribus,</span> 
     </span>
    </p>

    <p class='ocr_par' dir='ltr' id='par_1_4' title="bbox 265 3615 2806 4509">
     <span class='ocr_line' id='line_1_38' title="bbox 357 3615 2806 3707; baseline -0.002 -18"><span class='ocrx_word' id='word_1_358' title='bbox 357 3622 392 3704; x_wconf 70' lang='grc' dir='ltr'>ξ</span> <span class='ocrx_word' id='word_1_359' title='bbox 439 3622 591 3689; x_wconf 69' lang='grc'>88.</span> <span class='ocrx_word' id='word_1_360' title='bbox 646 3622 1134 3707; x_wconf 89' lang='lat' dir='ltr'>Imperatorem</span> <span class='ocrx_word' id='word_1_361' title='bbox 1185 3616 1602 3704; x_wconf 88' lang='lat' dir='ltr'>equitantem</span> <span class='ocrx_word' id='word_1_362' title='bbox 1687 3615 2036 3706; x_wconf 88' lang='lat' dir='ltr'>praevenit</span> <span class='ocrx_word' id='word_1_363' title='bbox 2081 3637 2290 3707; x_wconf 88' lang='lat' dir='ltr'>capsa</span> <span class='ocrx_word' id='word_1_364' title='bbox 2327 3638 2506 3703; x_wconf 88' lang='lat' dir='ltr'>quae</span> <span class='ocrx_word' id='word_1_365' title='bbox 2551 3615 2806 3686; x_wconf 84' lang='lat' dir='ltr'>ferebat</span> 
     </span>
     <span class='ocr_line' id='line_1_39' title="bbox 266 3705 2801 3797; baseline -0.001 -21"><span class='ocrx_word' id='word_1_366' title='bbox 266 3729 549 3797; x_wconf 88' lang='lat' dir='ltr'>corpora</span> <span class='ocrx_word' id='word_1_367' title='bbox 602 3719 1009 3796; x_wconf 72' lang='lat' dir='ltr'>martyrum,</span> <span class='ocrx_word' id='word_1_368' title='bbox 1063 3726 1240 3792; x_wconf 91' lang='lat' dir='ltr'>quae</span> <span class='ocrx_word' id='word_1_369' title='bbox 1286 3716 1351 3774; x_wconf 89' lang='lat' dir='ltr'>et</span> <span class='ocrx_word' id='word_1_370' title='bbox 1399 3716 1585 3774; x_wconf 87' lang='lat' dir='ltr'>tanta</span> <span class='ocrx_word' id='word_1_371' title='bbox 1616 3717 1760 3774; x_wconf 89' lang='lat' dir='ltr'>erat</span> <span class='ocrx_word' id='word_1_372' title='bbox 1797 3717 1861 3775; x_wconf 91' lang='lat' dir='ltr'>et</span> <span class='ocrx_word' id='word_1_373' title='bbox 1908 3705 2125 3775; x_wconf 81' lang='lat' dir='ltr'>ferrea</span> <span class='ocrx_word' id='word_1_374' title='bbox 2170 3717 2236 3774; x_wconf 91' lang='lat' dir='ltr'>et</span> <span class='ocrx_word' id='word_1_375' title='bbox 2285 3726 2404 3796; x_wconf 92' lang='lat' dir='ltr'>per</span> <span class='ocrx_word' id='word_1_376' title='bbox 2451 3725 2639 3775; x_wconf 88' lang='lat' dir='ltr'>mare</span> <span class='ocrx_word' id='word_1_377' title='bbox 2672 3727 2801 3774; x_wconf 90' lang='lat' dir='ltr'>na-</span> 
     </span>
     <span class='ocr_line' id='line_1_40' title="bbox 269 3792 2801 3886; baseline 0 -23"><span class='ocrx_word' id='word_1_378' title='bbox 269 3796 563 3886; x_wconf 86' lang='lat' dir='ltr'>vigabat.</span> <span class='ocrx_word' id='word_1_379' title='bbox 609 3800 776 3865; x_wconf 85' lang='lat' dir='ltr'>Nam</span> <span class='ocrx_word' id='word_1_380' title='bbox 812 3817 968 3865; x_wconf 91' lang='lat' dir='ltr'>cum</span> <span class='ocrx_word' id='word_1_381' title='bbox 1003 3794 1237 3864; x_wconf 90' lang='lat' dir='ltr'>divina</span> <span class='ocrx_word' id='word_1_382' title='bbox 1268 3793 1564 3882; x_wconf 89' lang='lat' dir='ltr'>quadam</span> <span class='ocrx_word' id='word_1_383' title='bbox 1597 3793 1843 3864; x_wconf 87' lang='lat' dir='ltr'>virtute</span> <span class='ocrx_word' id='word_1_384' title='bbox 1868 3793 2223 3865; x_wconf 88' lang='lat' dir='ltr'>celerrime</span> <span class='ocrx_word' id='word_1_385' title='bbox 2251 3815 2288 3863; x_wconf 91' lang='lat' dir='ltr'>e</span> <span class='ocrx_word' id='word_1_386' title='bbox 2334 3792 2551 3864; x_wconf 85' lang='lat' dir='ltr'>fundo</span> <span class='ocrx_word' id='word_1_387' title='bbox 2587 3816 2801 3865; x_wconf 90' lang='lat' dir='ltr'>emer·</span> 
     </span>
     <span class='ocr_line' id='line_1_41' title="bbox 268 3882 2801 3975; baseline -0.001 -21"><span class='ocrx_word' id='word_1_388' title='bbox 268 3886 483 3956; x_wconf 88' lang='lat' dir='ltr'>sisset.</span> <span class='ocrx_word' id='word_1_389' title='bbox 540 3895 604 3955; x_wconf 89' lang='lat' dir='ltr'>et</span> <span class='ocrx_word' id='word_1_390' title='bbox 656 3885 904 3955; x_wconf 82' lang='lat' dir='ltr'>fluctus</span> <span class='ocrx_word' id='word_1_391' title='bbox 956 3884 1260 3954; x_wconf 89' lang='lat' dir='ltr'>marinos</span> <span class='ocrx_word' id='word_1_392' title='bbox 1327 3883 1756 3974; x_wconf 89' lang='lat' dir='ltr'>pervasisset,</span> <span class='ocrx_word' id='word_1_393' title='bbox 1824 3883 2128 3954; x_wconf 90' lang='lat' dir='ltr'>secunda</span> <span class='ocrx_word' id='word_1_394' title='bbox 2210 3886 2390 3971; x_wconf 73' lang='lat' dir='ltr'>aqua</span> <span class='ocrx_word' id='word_1_395' title='bbox 2438 3882 2801 3975; x_wconf 85' lang='lat' dir='ltr'>navigabat</span> 
     </span>
     <span class='ocr_line' id='line_1_42' title="bbox 266 3973 2803 4064; baseline -0.002 -19"><span class='ocrx_word' id='word_1_396' title='bbox 266 3987 330 4044; x_wconf 86' lang='lat' dir='ltr'>et</span> <span class='ocrx_word' id='word_1_397' title='bbox 376 3974 718 4045; x_wconf 88' lang='lat' dir='ltr'>celeritate</span> <span class='ocrx_word' id='word_1_398' title='bbox 793 3995 917 4064; x_wconf 91' lang='lat' dir='ltr'>par</span> <span class='ocrx_word' id='word_1_399' title='bbox 975 3974 1371 4044; x_wconf 88' lang='lat' dir='ltr'>volucribus</span> <span class='ocrx_word' id='word_1_400' title='bbox 1445 3973 1764 4043; x_wconf 88' lang='lat' dir='ltr'>currebat</span> <span class='ocrx_word' id='word_1_401' title='bbox 1833 3973 2278 4062; x_wconf 81' lang='lat' dir='ltr'>Byzantium:</span> <span class='ocrx_word' id='word_1_402' title='bbox 2355 3985 2421 4043; x_wconf 88' lang='lat' dir='ltr'>et</span> <span class='ocrx_word' id='word_1_403' title='bbox 2475 3994 2630 4043; x_wconf 89' lang='lat' dir='ltr'>eum</span> <span class='ocrx_word' id='word_1_404' title='bbox 2682 3973 2803 4061; x_wconf 90' lang='lat' dir='ltr'>qui</span> 
     </span>
     <span class='ocr_line' id='line_1_43' title="bbox 265 4061 2803 4150; baseline -0.001 -15"><span class='ocrx_word' id='word_1_405' title='bbox 265 4065 840 4135; x_wconf 88' lang='lat' dir='ltr'>condemnaverat</span> <span class='ocrx_word' id='word_1_406' title='bbox 889 4085 973 4132; x_wconf 91' lang='lat' dir='ltr'>ne</span> <span class='ocrx_word' id='word_1_407' title='bbox 1023 4062 1356 4133; x_wconf 85' lang='lat' dir='ltr'>habitaret</span> <span class='ocrx_word' id='word_1_408' title='bbox 1416 4062 1753 4133; x_wconf 86' lang='lat' dir='ltr'>civitatem</span> <span class='ocrx_word' id='word_1_409' title='bbox 1784 4118 1799 4146; x_wconf 95' lang='lat'>,</span> <span class='ocrx_word' id='word_1_410' title='bbox 1851 4085 1929 4133; x_wconf 91' lang='lat' dir='ltr'>ea</span> <span class='ocrx_word' id='word_1_411' title='bbox 1990 4084 2167 4150; x_wconf 87' lang='lat' dir='ltr'>quae</span> <span class='ocrx_word' id='word_1_412' title='bbox 2213 4063 2435 4132; x_wconf 83' lang='lat' dir='ltr'>suerat</span> <span class='ocrx_word' id='word_1_413' title='bbox 2479 4061 2803 4133; x_wconf 87' lang='lat' dir='ltr'>condem-</span> 
     </span>
     <span class='ocr_line' id='line_1_44' title="bbox 268 4150 2805 4245; baseline 0 -23"><span class='ocrx_word' id='word_1_414' title='bbox 268 4168 448 4235; x_wconf 86' lang='lat' dir='ltr'>nata,</span> <span class='ocrx_word' id='word_1_415' title='bbox 505 4154 1154 4245; x_wconf 55' lang='lat' dir='ltr'>magna2praevenit</span> <span class='ocrx_word' id='word_1_416' title='bbox 1193 4151 1558 4222; x_wconf 86' lang='lat' dir='ltr'>celeritate.</span> <span class='ocrx_word' id='word_1_417' title='bbox 1624 4157 1988 4239; x_wconf 89' lang='lat' dir='ltr'>Postquam</span> <span class='ocrx_word' id='word_1_418' title='bbox 2039 4163 2267 4225; x_wconf 88' lang='lat' dir='ltr'>autem</span> <span class='ocrx_word' id='word_1_419' title='bbox 2316 4150 2551 4222; x_wconf 89' lang='lat' dir='ltr'>divina</span> <span class='ocrx_word' id='word_1_420' title='bbox 2597 4173 2805 4240; x_wconf 87' lang='lat' dir='ltr'>quae-</span> 
     </span>
     <span class='ocr_line' id='line_1_45' title="bbox 267 4240 2805 4333; baseline -0 -21"><span class='ocrx_word' id='word_1_421' title='bbox 267 4244 423 4313; x_wconf 89' lang='lat' dir='ltr'>dam</span> <span class='ocrx_word' id='word_1_422' title='bbox 475 4242 815 4333; x_wconf 87' lang='lat' dir='ltr'>apparitio</span> <span class='ocrx_word' id='word_1_423' title='bbox 890 4242 1183 4312; x_wconf 87' lang='lat' dir='ltr'>civitatis</span> <span class='ocrx_word' id='word_1_424' title='bbox 1248 4241 1584 4332; x_wconf 88' lang='lat' dir='ltr'>Episcopo</span> <span class='ocrx_word' id='word_1_425' title='bbox 1658 4241 1837 4311; x_wconf 88' lang='lat' dir='ltr'>facta</span> <span class='ocrx_word' id='word_1_426' title='bbox 1891 4254 1993 4312; x_wconf 89' lang='lat' dir='ltr'>est</span> <span class='ocrx_word' id='word_1_427' title='bbox 2061 4240 2286 4312; x_wconf 88' lang='lat' dir='ltr'>media</span> <span class='ocrx_word' id='word_1_428' title='bbox 2350 4252 2570 4323; x_wconf 89' lang='lat' dir='ltr'>nocte,</span> <span class='ocrx_word' id='word_1_429' title='bbox 2624 4262 2805 4328; x_wconf 86' lang='lat' dir='ltr'>quae</span> 
     </span>
     <span class='ocr_line' id='line_1_46' title="bbox 268 4330 2804 4422; baseline -0 -22"><span class='ocrx_word' id='word_1_430' title='bbox 268 4334 322 4400; x_wconf 88' lang='lat' dir='ltr'>si</span> <span class='ocrx_word' id='word_1_431' title='bbox 382 4332 702 4402; x_wconf 87' lang='lat' dir='ltr'>nificabat</span> <span class='ocrx_word' id='word_1_432' title='bbox 733 4344 798 4401; x_wconf 90' lang='lat' dir='ltr'>et</span> <span class='ocrx_word' id='word_1_433' title='bbox 845 4352 1000 4401; x_wconf 90' lang='lat' dir='ltr'>mox</span> <span class='ocrx_word' id='word_1_434' title='bbox 1030 4332 1368 4402; x_wconf 86' lang='lat' dir='ltr'>affuturos</span> <span class='ocrx_word' id='word_1_435' title='bbox 1400 4342 1759 4422; x_wconf 79' lang='lat' dir='ltr'>martyreS‚</span> <span class='ocrx_word' id='word_1_436' title='bbox 1798 4341 1863 4400; x_wconf 90' lang='lat' dir='ltr'>et</span> <span class='ocrx_word' id='word_1_437' title='bbox 1901 4330 2189 4419; x_wconf 85' lang='lat' dir='ltr'>jubebat</span> <span class='ocrx_word' id='word_1_438' title='bbox 2225 4352 2386 4401; x_wconf 90' lang='lat' dir='ltr'>eum</span> <span class='ocrx_word' id='word_1_439' title='bbox 2437 4352 2804 4421; x_wconf 89' lang='lat' dir='ltr'>properare</span> 
     </span>
     <span class='ocr_line' id='line_1_47' title="bbox 265 4355 2800 4509; baseline -0 -19"><span class='ocrx_word' id='word_1_440' title='bbox 265 4355 375 4491; x_wconf 77' lang='lat' dir='ltr'>adg</span> <span class='ocrx_word' id='word_1_441' title='bbox 401 4420 596 4492; x_wconf 87' lang='lat' dir='ltr'>litora</span> <span class='ocrx_word' id='word_1_442' title='bbox 641 4441 816 4509; x_wconf 90' lang='lat' dir='ltr'>quae</span> <span class='ocrx_word' id='word_1_443' title='bbox 865 4432 1027 4493; x_wconf 91' lang='lat' dir='ltr'>sunt</span> <span class='ocrx_word' id='word_1_444' title='bbox 1074 4421 1144 4492; x_wconf 90' lang='lat' dir='ltr'>in</span> <span class='ocrx_word' id='word_1_445' title='bbox 1193 4443 1372 4503; x_wconf 89' lang='lat' dir='ltr'>arce,</span> <span class='ocrx_word' id='word_1_446' title='bbox 1411 4432 1487 4490; x_wconf 87' lang='lat' dir='ltr'>ut</span> <span class='ocrx_word' id='word_1_447' title='bbox 1532 4442 1647 4491; x_wconf 86' lang='lat' dir='ltr'>eos</span> <span class='ocrx_word' id='word_1_448' title='bbox 1695 4419 2187 4492; x_wconf 87' lang='lat' dir='ltr'>descendentes</span> <span class='ocrx_word' id='word_1_449' title='bbox 2251 4442 2289 4490; x_wconf 91' lang='lat' dir='ltr'>e</span> <span class='ocrx_word' id='word_1_450' title='bbox 2338 4419 2515 4492; x_wconf 88' lang='lat' dir='ltr'>mari</span> <span class='ocrx_word' id='word_1_451' title='bbox 2563 4419 2800 4490; x_wconf 88' lang='lat' dir='ltr'>statim</span> 
     </span>
    </p>
   </div>
  </div>
 </body>
</html>
