3327 4999
3089 3 3224 18 -----

3161 20 3172 29 .

655 328 785 397 284
1318 342 1397 393 nr:
1445 345 1502 393 s.
1553 343 1909 393 mcernono
1969 308 2365 395 ranunculi
2721 323 2967 389 MART.
3023 321 3109 388 ⁴3

568 432 965 520 clausisque
1008 431 1202 501 ostiis
1249 429 1618 521 praecepit,
1667 452 1750 498 ne
1780 451 1918 516 qua
1967 429 2248 500 illarum
2296 438 2454 499 ante
2500 426 2785 498 alterius
2818 425 2957 494 diei
2994 447 3115 494 or-

570 534 716 593 tum
779 520 1110 591 introiret.
1185 524 1422 607 Itaque
1482 540 1686 588 mane
1742 518 2117 599 intranteS‚
2170 519 2582 588 invenerunt
2642 537 2795 585 eam
2854 513 3112 615 obdor-

569 610 810 681 miisse
854 610 922 678 in
976 608 1287 680 Domino:
1341 608 1823 697 hymnumque
1874 613 2003 677 Deo
2048 608 2378 688 dicentes,
2431 615 2812 697 posuerunt
2844 624 2995 672 eam
3031 623 3111 671 ln

568 699 995 790 Euphrasiae
1041 695 1381 787 sepulcro.
1439 696 1769 786 Deinceps
1814 718 1972 766 vero
2020 695 2286 766 nullam
2333 694 2539 765 aliam
2591 692 2734 763 illic
2781 689 3112 762 condide-

567 800 753 856 runt.
809 786 1017 859 Multa
1059 808 1217 856 vero
1261 784 1344 855 ad
1382 784 1554 855 illud
1593 796 2119 855 monumentum
2152 784 2330 854 facta
2358 796 2522 853 sunt
2561 782 2900 868 hodieque
2932 779 3115 850 fiunt

567 874 929 958 miracula,
985 875 1378 962 multaeque
1421 874 1838 944 curationes.
1893 872 2296 944 Clamabant
2325 894 2484 943 vero
2514 870 2786 961 expulsi
2826 869 3110 940 daemo-

568 985 717 1035 nes:
769 965 984 1034 Etiam
1022 977 1181 1065 post
1225 963 1490 1034 obitum
1539 961 1906 1033 adversum
1955 984 2081 1031 nos
2131 961 2480 1052 praevales
2528 960 2938 1050 Euphrasia.
2989 963 3111 1026 Fe-

567 1053 906 1123 stinemus
944 1054 1157 1143 igitur
1200 1053 1403 1122 etiam
1456 1073 1580 1121 nos
1632 1051 2035 1140 hujusmodi
2073 1050 2280 1120 vitam
2332 1050 2660 1130 obtinere,
2716 1048 2962 1120 sectari
2995 1046 3115 1116 be-

567 1140 1000 1233 nignitatem,
1044 1141 1526 1221 humilitatem,
1564 1139 2050 1223 obedientiam,
2104 1139 2433 1222 laborem,
2474 1136 3103 1215 mansuetudinem,

568 1230 1196 1331 longanimitatem,
1251 1242 1328 1299 ut
1381 1229 1466 1299 ad
1534 1228 2003 1299 beatissimam
2056 1248 2517 1319 supernorum
2570 1225 2944 1317 spirituum
2997 1246 3112 1293 so-

568 1317 920 1389 dalitatem
967 1329 1034 1388 et
1078 1317 1417 1388 immensa
1464 1317 1585 1387 illa
1632 1317 1888 1408 gaudia
1931 1318 2317 1409 pertingere
2364 1337 2778 1386 mereamur.

1535 1617 1644 1695 IN
1699 1613 2151 1696 EXILIUM
2561 1728 2569 1736 ⁶

635 1842 721 1943 S.
791 1840 1351 1984 NlCEPHORl
1422 1838 2161 1940 PATRIARCHAE
2231 1834 3038 1939 CONSTANTINOP.

1129 2042 1206 2089 m·
1252 2042 1319 2090 m
1364 2040 1710 2089 TRANSLAT.
1764 2036 1858 2087 SS.
1910 2040 2065 2088 mus
2112 2039 2546 2096 RELIQUIAatJu

953 2202 1298 2252 ORATIO
1368 2200 1988 2250 THEOPHANIS
2059 2201 2642 2249 PRBSBYTERI
2688 2178 2722 2212 ⁴⁵

1457 2379 1654 2438 vixit
1694 2395 1736 2438 ο,
1777 2382 1896 2437 758
1938 2382 2028 2437 ad
2066 2381 2215 2437 828.

649 2566 686 2653 ἓ
732 2570 809 2637 i.
862 2563 1168 2634 Plurima
1201 2563 1500 2665 profecto
1541 2562 1831 2634 diversis
1860 2561 2346 2634 occasionibus
2393 2574 2600 2650 atque
2647 2563 3107 2653 temporibuS‚

560 2652 631 2723 in
684 2653 1007 2744 gentibus
1051 2665 1118 2722 et
1162 2653 1555 2723 civitatibus
1602 2651 1959 2742 praeclara
1990 2650 2321 2733 facinora,
2367 2651 2449 2720 ad
2480 2649 2768 2720 eximias
2807 2652 2918 2721 Dei
2955 2675 3108 2721 ma-

558 2742 1043 2828 ximarumque
1103 2762 1333 2811 rerum
1404 2739 2069 2821 demonstrationeS,
2122 2738 2299 2809 facta
2364 2752 2567 2821 sunt,
2640 2740 2901 2827 quibus
2947 2763 3115 2812 vera

557 2831 783 2922 ipsius
828 2830 1129 2920 cognitio
1164 2850 1320 2918 pers
1374 2828 1527 2898 ioue
1559 2828 1690 2898 suit
1717 2828 2150 2898 confirmata:
2187 2828 2774 2915 quemadmodum
2813 2828 2885 2898 in
2917 2829 3113 2919 psal-

557 2920 694 2989 rnis
741 2919 1049 2988 canitur:
1101 2920 1254 2986 Dies
1350 2919 1442 2986 ἰοί
1468 2928 1730 2986 eructat
1757 2919 2054 2997 verbum,
2104 2928 2168 2988 et
2200 2941 2340 2987 ηοω
2380 2921 2561 2987 nocti
2598 2919 2856 2987 indicat
2895 2920 3116 2988 scien-

559 3011 728 3077 tiam
774 3009 1053 3093 (Psalm.
1110 3006 1246 3095 ⁴8).
1299 3005 1566 3089 Quibus
1604 3006 1832 3075 verbis
1878 3007 2007 3075 etsi
2055 3020 2386 3097 perpetua
2435 3006 2556 3075 illa
2604 3006 2719 3076 Dei
2754 3007 2972 3076 virtus
3001 3029 3116 3076 re-

556 3118 714 3165 rum
787 3095 1148 3176 omnium,
1202 3106 1407 3181 atque
1451 3094 1758 3166 universi
1814 3095 2002 3164 orbis
2048 3096 2506 3166 conservatrix
2553 3117 2636 3164 ac
2684 3094 3106 3166 moderatrix

555 3184 951 3253 indicatur:
1005 3205 1142 3254 non
1208 3183 1442 3254 minus
1501 3194 1774 3265 tamen,
1828 3184 2044 3254 immo
2095 3205 2250 3253 vero
2302 3184 2524 3275 magis
2569 3184 2779 3253 etiam
2830 3184 3106 3274 signifi-

557 3284 807 3343 cantur
867 3294 946 3341 ea
974 3327 989 3354 ,
1041 3293 1217 3359 quae
1248 3272 1499 3342 nostris
1547 3273 1978 3363 temporibus
2025 3273 2097 3341 in
2148 3272 2393 3373 primis
2440 3272 2844 3342 excellentia
2892 3286 3104 3360 atque

557 3361 997 3432 admirabilia
1042 3373 1232 3452 gesta
1278 3373 1442 3430 sunt
1486 3361 1575 3431 ab
1619 3360 1861 3431 eadem
1904 3361 2056 3451 ipsa
2101 3359 2336 3429 d1vina
2382 3361 2635 3432 virtute
2667 3416 2684 3444 ,
2737 3383 2917 3449 quae
2963 3362 3110 3432 exi-

557 3450 700 3521 mia
734 3450 1033 3542 potentia
1064 3454 1191 3521 sua
1235 3463 1486 3520 cuncta
1517 3450 1880 3540 gubernat,
1916 3472 1996 3519 ac
2027 3449 2222 3540 regit.
2258 3450 2613 3536 Siquidem
2664 3472 2801 3520 non
2846 3450 2918 3519 in
2958 3472 3112 3521 una

556 3552 774 3631 parte,
804 3560 1028 3626 neque
1063 3539 1136 3607 in
1185 3551 1385 3628 gente
1432 3539 1747 3621 minima,
1784 3551 1904 3608 aut
1935 3538 2462 3620 contemnenda,
2505 3539 2853 3630 ejusmodi
2885 3539 3110 3608 bono-

553 3650 715 3698 rum
755 3650 1040 3698 munera
1070 3627 1131 3696 vi
1188 3640 1472 3696 uerunt:
1511 3627 1630 3698 sed
1666 3628 1940 3718 publice
1967 3639 2032 3696 et
2064 3627 2321 3718 passim
2352 3641 2419 3697 et
2449 3628 2520 3696 in
2559 3627 2838 3718 proprio
2888 3640 3101 3715 atque

550 3717 765 3788 electo
812 3717 1057 3787 Christi
1105 3739 1141 3785 c
1172 3736 1310 3797 erc,
1363 3717 1486 3802 qui
1532 3716 1830 3806 Apostoli
1877 3716 2054 3785 Petri
2091 3715 2314 3786 verbis
2367 3717 2607 3787 merito
2658 3730 2940 3787 vocatur
2989 3739 3099 3786 re·-

551 3806 708 3898 gale
753 3805 1237 3885 sacerdotium,
1276 3826 1446 3896 gens
1478 3818 1740 3885 sancta,
1778 3804 2079 3896 populus
2107 3805 2608 3892 acquisitionis.
2641 3811 2893 3876 Verum·
2921 3826 3096 3892 quo-

548 3896 743 3964 niam
788 3916 1021 3966 rerum
1071 3895 1531 3964 maximarum
1577 3907 1988 3984 argumenta
2048 3895 2677 3984 praestantissimos
2726 3894 3099 3982 requirunt

547 3997 975 4055 enarratores
1006 4039 1021 4066 ‚
1073 3983 1196 4070 qui
1241 3982 1518 4053 dicendi
1570 3983 1634 4051 vi
1680 4005 1796 4052 eas
1857 3982 2128 4053 valeant
2187 3984 2577 4074 explicare,
2634 4005 2717 4052 ne
2778 3983 3104 4053 inornata

546 4073 878 4143 orationis
918 4072 1243 4143 tenuitate
1286 4093 1526 4142 earum
1574 4072 1961 4163 amplitudo
2009 4073 2491 4143 imminuatur:
2544 4094 2703 4163 ego,
2768 4073 2892 4158 qui
2939 4092 3101 4141 ora-

553 4161 759 4232 tionis
806 4161 1041 4231 laboro
1090 4173 1510 4261 paupertate,
1546 4161 1985 4231 vehementer
2029 4183 2071 4230 a
2117 4161 2483 4233 scribendo
2521 4160 2938 4231 deterrebar:
2977 4160 3102 4232 sed

552 4263 782 4322 tamen
843 4250 1144 4319 assiduis
1191 4272 1299 4319 me
1357 4250 1444 4320 ad
1508 4272 1764 4319 munus
1813 4250 1940 4320 hoc
1998 4250 2523 4341 suscipiendum
2573 4249 3102 4320 adhortantium

550 4339 876 4433 precibus
940 4359 1075 4408 non
1137 4339 1329 4429 potui
1386 4360 1523 4408 non
1586 4339 2081 4429 obtemperare.
2149 4340 2262 4408 Dei
2314 4338 2580 4430 igitur,
2640 4339 2761 4426 qui
2818 4337 3106 4408 dicendi

603 4457 635 4489 *
659 4459 796 4501 mus
812 4457 891 4500 hio
907 4457 980 4499 ent
997 4465 1052 4498 ιο
1072 4455 1115 4499 8.
1138 4455 1447 4507 Theophanes
1465 4456 1859 4507 Ohmnogrnphun
1879 4456 2322 4506 comt-nunonem.
