3327 4999
264 259 512 327 MART.
564 258 650 327 27
1093 277 1177 325 nn
1221 277 1278 325 s.
1329 274 1614 325 nurnero
1661 242 1960 325 EPISCOPO
2586 258 2715 327 535

265 358 609 440 lucernaS,
651 368 997 445 totamque
1023 356 1214 428 illam
1264 357 1613 448 regionem
1663 357 1884 427 instar
1920 355 2166 437 solaris
2214 354 2791 435 radiiillustrare.

263 452 457 517 Hanc
519 459 749 517 autem
808 447 1167 526 visionem,
1241 468 1402 516 cum
1471 445 1869 517 admirabili
1940 445 2185 517 odoris.
2231 445 2564 523 suavitate
2632 469 2795 519 con-

273 536 611 616 ‘unctam,
687 534 909 606 tribus
978 534 1325 606 continuis
1385 534 1556 604 vidit
1614 534 1969 607 noctibus:
2046 556 2339 623 moxque
2408 534 2479 604 in
2552 535 2795 606 eodem

255 559 415 695 ⁴ioco
447 637 781 695 sacratam
809 623 1044 694 defixit
1088 645 1390 704 crucem,
1441 635 1883 709 extructoque
1929 644 2139 714 super
2186 624 2377 697 illam
2414 624 2787 715 tuguriolo,

263 714 347 783 ad
399 727 713 787 sanctum
749 719 1130 803 Rupertum
1181 733 1535 802 regressus
1579 724 1705 783 est.
1752 711 1871 781 Cui
1918 735 2078 782 curn
2131 735 2276 782 rem
2325 724 2532 783 totam
2581 735 2791 804 expo-

262 802 536 883 suisset,
597 801 737 882 ille,
799 800 1306 872 communicato
1353 821 1510 870 cum
1562 800 1876 891 principe
1931 802 2292 873 Theodone
2335 800 2647 884 consilio,
2702 800 2791 871 ad

262 913 572 960 eremum
635 890 824 960 illam
879 888 1217 980 profectus
1264 901 1386 969 est,
1430 911 1856 976 cernensque
1904 888 2132 960 locum
2180 912 2381 981 posse
2443 889 2796 961 humanae

261 979 667 1050 habitationi
717 977 1247 1061 accommodari,
1316 978 1539 1069 coepit
1597 999 1896 1049 annosas
1942 979 2279 1069 extirpare
2338 1000 2662 1065 quercus,
2724 990 2795 1050 et

262 1068 550 1139 densam
606 1067 868 1157 sylvam
918 1068 987 1137 in
1044 1066 1271 1158 campi
1321 1066 1677 1157 planitiem
1728 1067 2056 1157 redigere,
2114 1065 2586 1158 templumque
2632 1089 2798 1139 cum

258 1178 609 1228 servorum
663 1157 774 1226 Dei
805 1154 1176 1226 domiciliis
1224 1156 1364 1227 sive
1410 1155 1824 1226 habitaculis
1868 1155 2335 1227 exaedificare.

349 1248 387 1328 ἓ
445 1252 539 1316 θ.
594 1251 717 1315 Per
762 1245 832 1315 id
881 1259 1154 1336 tempus
1181 1244 1451 1315 Theodo
1498 1245 1823 1335 princeps
1869 1245 2155 1315 adversa
2205 1254 2561 1335 correptus
2606 1243 2792 1316 vale-

260 1334 525 1415 tudine,
581 1357 743 1405 cum
791 1333 924 1404 sibi
977 1355 1186 1425 prope
1231 1334 1470 1403 adesse
1518 1334 1799 1405 sentiret
1834 1355 2236 1424 supremum
2281 1334 2453 1403 vitae
2487 1345 2785 1424 tempuS,

263 1422 524 1492 vocavit
568 1423 654 1492 ad
694 1444 767 1493 se
805 1422 1339 1492 Theodebertum
1390 1421 1613 1492 filium
1662 1444 1895 1502 suum,
1950 1444 2248 1510 eumque
2296 1426 2547 1492 Ducem
2601 1423 2796 1493 Nori-

258 1534 502 1582 corum
560 1513 1003 1593 constituens,
1047 1511 1392 1602 praecepit
1435 1522 1515 1581 ut
1558 1523 1796 1603 sancto
1844 1516 2143 1602 Ruperto
2189 1510 2675 1598 obsequentem
2725 1524 2793 1582 et

259 1600 680 1690 morigerum
728 1622 802 1670 se
832 1601 1205 1689 praeberet,
1243 1613 1447 1687 atque
1492 1599 1574 1668 ad
1617 1599 2139 1690 propagandum
2192 1599 2794 1686 Christianismum

255 1702 323 1757 et
368 1712 545 1779 opus
583 1689 894 1759 divinum
944 1687 1184 1758 sedulo
1233 1688 1430 1758 illum
1478 1688 1852 1779 adjuvaret,
1889 1701 2340 1775 sanctumque
2386 1689 2613 1757 locum
2661 1695 2790 1760 Ju-

256 1778 568 1848 vavensis
614 1778 941 1848 ecclesiae
978 1787 1260 1857 amaret,
1297 1791 1363 1846 et
1407 1777 1790 1848 honoribus
1828 1798 1907 1847 ac
1954 1777 2407 1868 dignitatibus
2459 1790 2788 1877 perpetuo

254 1868 589 1936 eveheret.
654 1872 959 1952 Cumque
1007 1866 1172 1936 haec
1213 1866 1537 1936 mandata
1582 1866 1884 1937 dedisset
1930 1866 2095 1948 filio,
2136 1867 2319 1935 diem
2379 1864 2630 1936 claustt
2674 1888 2792 1935 ex-

257 1967 579 2025 tremum.
625 1960 716 2024 Eo
761 1954 1105 2034 defuncto,
1150 1954 1652 2025 Theodebertus
1679 1976 1838 2025 cum
1891 1956 2290 2045 proceribus
2327 1953 2474 2024 suis
2502 1953 2671 2023 abiit
2699 1955 2787 2024 ad

256 2057 571 2114 sanctum
603 2049 1009 2134 Rupertum‚
1063 2043 1326 2113 visendi
1372 2044 1523 2134 ejus
1570 2044 1816 2134 gratia:
1869 2044 2266 2113 morabatur
2295 2042 2354 2113 is
2401 2055 2548 2112 tum
2597 2041 2670 2111 in
2701 2065 2784 2115 ea

255 2152 464 2217 quam
514 2132 839 2214 diximus
890 2152 1141 2202 eremo.
1200 2132 1323 2202 Ubi
1378 2145 1606 2202 autem
1656 2131 1744 2202 ad
1792 2154 1953 2202 eum
2014 2131 2319 2222 pervenit
2368 2137 2535 2213 Dux,
2587 2144 2652 2201 et
2698 2131 2788 2202 il-

256 2220 404 2290 lum
439 2233 504 2290 et
551 2221 802 2303 locum,
848 2220 916 2290 in
955 2242 1093 2310 quo
1122 2221 1431 2311 degebat,
1485 2221 1597 2311 pio
1644 2221 2097 2291 venerabatur
2141 2221 2413 2299 affectu,
2465 2220 2789 2291 contulit-

253 2329 392 2395 que
417 2308 782 2391 'ecclesiae‚
824 2332 1035 2397 quam
1069 2323 1349 2381 sanctus
1396 2316 1743 2400 Rupertus
1783 2309 1924 2379 illic
1970 2320 2461 2388 construxerat,
2496 2319 2563 2378 et
2592 2330 2787 2398 prae-

254 2408 445 2466 sente
478 2402 657 2468 Duce
688 2398 758 2468 in
809 2400 1135 2469 honorem
1170 2402 1234 2468 S.
1273 2398 1719 2470 Maximiliani
1746 2398 2108 2480 dedicavit,
2144 2397 2375 2488 sylvae
2421 2396 2611 2467 illius
2653 2399 2784 2475 tria

256 2485 326 2556 in
362 2486 732 2559 circumitu
763 2486 1109 2570 milliaria,
1138 2501 1343 2576 atque
1373 2489 1660 2579 insuper
1700 2487 1932 2558 villam
1965 2487 2279 2557 Albinam
2305 2509 2466 2556 cum
2495 2488 2784 2559 caeteris

252 2589 330 2646 ut
377 2576 536 2646 inde
582 2590 1132 2649 sustentarentur
1179 2577 1523 2660 monachi,
1567 2598 1743 2665 quos
1775 2591 2058 2648 sanctus
2081 2576 2452 2668 episcopus
2479 2581 2610 2646 Deo
2640 2598 2783 2646 ser-

250 2665 511 2737 vituros
559 2665 700 2736 illic
746 2679 1295 2758 congregaverat.

335 2756 373 2855 ς
436 2759 513 2826 2.
566 2761 720 2836 Post
768 2756 936 2825 haec
987 2755 1223 2825 videns
1269 2756 1375 2825 vir
1419 2753 1533 2825 Dei
1583 2754 1977 2825 Bavaricam
2030 2765 2301 2845 gentem
2351 2752 2778 2824 Christianae

245 2842 524 2929 quidem
559 2843 873 2934 religioni
904 2844 1081 2913 colla
1106 2843 1573 2922 submississe‚
1598 2856 1667 2914 at
1696 2843 1969 2913 interim
1999 2856 2224 2912 tamen
2247 2863 2607 2933 superesse
2638 2864 2780 2913 non

248 2953 506 3021 paucos
552 2931 947 3005 ethnicismi
993 2933 1341 3003 erroribus
1404 2944 1470 3003 et
1533 2932 1832 3003 tenebris
1881 2932 2291 3024 implicatos,
2343 2930 2430 3002 ad
2482 2930 2777 3022 patriam

249 3020 593 3110 profectus
638 3033 774 3090 est:
824 3021 1338 3122 assumptisque
1398 3020 1559 3092 inde
1622 3021 1984 3092 duodecim
2052 3019 2346 3112 egregiis
2394 3020 2601 3091 sociis
2647 3019 2773 3106 qui

245 3108 311 3178 ei
358 3108 428 3177 in
479 3108 809 3178 docendis
856 3108 1133 3200 populis
1179 3132 1385 3180 suum
1437 3122 1766 3180 navarent
1809 3130 2113 3202 operam,
2165 3109 2531 3179 Juvavium
2560 3130 2783 3180 rever-

247 3218 372 3267 sus
416 3209 541 3265 est.
584 3202 663 3266 ln
715 3197 799 3268 iis
844 3209 1073 3267 autem
1123 3197 1513 3271 duodecim.
1559 3198 1791 3268 eximii
1837 3210 2031 3267 erant
2080 3197 2505 3268 Cunibaldus
2552 3211 2618 3267 et
2665 3196 2783 3268 Gi-

247 3282 528 3354 silarius
576 3284 977 3375 presbyteri,
1030 3285 1158 3355 viri
1209 3285 1424 3356 multa
1472 3287 1826 3356 sanctitate
1873 3287 2256 3377 conspicui.
2291 3285 2588 3356 Adduxit
2618 3307 2776 3376 vero

247 3391 485 3441 secum
531 3373 735 3442 etiam
785 3373 1236 3445 Erentrudam
1290 3385 1560 3465 neptem
1609 3396 1835 3455 suam,
1871 3387 1937 3443 et
1981 3396 2142 3445 cum
2173 3374 2246 3443 in
2286 3373 2626 3465 superiori
2658 3379 2783 3445 Ju-

243 3460 587 3534 vaviensis
647 3462 843 3532 urbis
900 3461 1177 3533 castello
1225 3463 1295 3532 in
1355 3463 1684 3532 honorem
1734 3463 2006 3533 Domini
2054 3463 2268 3533 nostri
2313 3468 2481 3532 Jesu
2529 3461 2779 3534 Christi

242 3563 311 3620 et
348 3549 822 3622 sanctissimae
871 3551 1109 3622 matris
1153 3550 1304 3641 ejus
1333 3549 1579 3621 Mariae
1611 3551 2102 3621 monasterium
2135 3550 2562 3632 extruxisset,
2600 3549 2781 3621 mul-

244 3651 349 3709 tas
396 3638 538 3710 illic
585 3638 858 3729 collegit
919 3661 1149 3710 sacras
1216 3639 1551 3731 virgines,
1616 3637 1843 3725 iisque
1907 3635 2231 3729 praefecit
2289 3639 2514 3730 ipsam
2563 3644 2777 3724 Eten-

239 3728 544 3809 trudam,
605 3739 682 3798 ut
727 3727 1001 3798 coelesti
1049 3726 1195 3819 regi
1238 3739 1305 3798 et
1348 3748 1603 3818 sponso
1666 3726 1928 3798 Christo
1974 3726 2515 3798 famularentur:
2570 3750 2776 3819 porro

237 3815 326 3886 ad
353 3838 613 3907 preces
659 3815 1103 3887 Theodeberti
1144 3815 1481 3907 principis
1517 3815 1636 3916 qui
1685 3815 1788 3885 illi
1820 3813 2258 3902 ,monasterio
2292 3815 2631 3903 plurimas
2678 3830 2774 3888 at·

235 3905 1018 4007 tribuit-possessiones,
1064 3904 1341 3975 illarum
1388 3903 1738 3996 virginum
1785 3903 2369 3975 conversationem
2396 3927 2518 3998 per
2541 3906 2778 3977 omnia

242 4009 626 4065 recusetme
673 3994 991 4067 instituit.
1888 4026 1892 4030 ·

326 4084 364 4170 ξ
420 4087 503 4156 S.
556 4084 678 4154 His
724 4084 818 4154 ita
862 4083 1098 4175 gestis,
1152 4081 1496 4174 cogitabat
1555 4080 1659 4151 vir
1705 4081 1945 4151 beatus
1993 4096 2391 4173 susceptum
2453 4083 2645 4154 verbi
2705 4094 2775 4154 et

237 4183 513 4242 sanctae
562 4172 1093 4263 praedicationis
1140 4169 1629 4252 ministerium,
1660 4169 1933 4240 divinae
1961 4170 2219 4262 gratiae
2242 4172 2583 4243 subnixus
2613 4192 2768 4264 ope,

240 4272 560 4330 accurate
626 4260 974 4352 prosequi.
1044 4265 1283 4349 Itaque
1335 4260 1633 4348 Juvavio
1691 4281 2057 4351 egressus,
2116 4259 2396 4331 Noricos
2452 4282 2536 4351 po
2591 4259 2770 4342 ulos,

242 4346 592 4439 adjunctis
638 4351 775 4421 sibi
819 4350 1054 4434 sociis,
1103 4348 1513 4443 peragravit,
1568 4361 1636 4420 et
1680 4348 1938 4439 quibus
1984 4349 2279 4421 necdum
2328 4349 2491 4420 fidei
2569 4370 2777 4420 umen
