3327 4999
136 397 237 461 Ex
288 396 467 462 NOV.
526 398 607 461 :12
935 419 1011 464 na
1062 419 1115 464 S.
1171 389 1440 464 mammo
1488 416 1883 463 ransarrssao
2463 400 2591 464 707

130 500 434 589 primum
493 499 705 569 denso
734 522 981 591 aggere
1018 502 1404 592 spinarum,
1452 500 1620 571 fodit
1655 501 1728 569 in
1754 500 1997 581 altum,
2038 510 2103 569 et
2128 521 2338 589 super
2373 501 2673 581 firmam,

129 610 304 675 quae
362 601 462 657 est
511 588 842 671 ChristuS,
885 601 1144 676 petram
1185 589 1429 659 stabile
1488 589 1649 658 fidei
1700 589 2059 659 collocavit
2105 588 2670 658 fundamentum.

131 677 397 747 Sanctis
448 677 656 834 igitur
708 679 1336 778 praedicationibus
1382 678 1524 747 fera
1552 677 1916 768 gentilium
1949 677 2282 748 edomans
2311 677 2544 759 corda,
2577 678 2680 746 in-

130 787 419 835 numera
522 766 849 836 iabolicae
913 768 1085 857 parti
1136 768 1569 847 detrimenta,
1627 779 1693 836 et
1743 788 1876 836 non
1932 766 2203 835 modica
2253 766 2685 836 Christianae

130 854 437 924 societati
501 854 734 924 intulit
773 867 1171 947 augmenta.
1214 861 1289 925 Et
1336 857 1503 942 quia
1552 856 1686 925 sibi
1739 854 1983 924 tradita
2032 855 2303 924 Domini
2353 856 2463 924 sui
2514 855 2684 924 fide-

132 943 285 1013 liter
332 943 635 1034 erogavit
687 946 1146 1035 talenta,jure
1186 956 1262 1013 ut
1312 945 1537 1014 bonus
1585 957 1650 1012 et
1695 943 1918 1013 fidelis
1968 965 2232 1023 servuS,
2289 944 2512 1033 ipsius
2568 966 2686 1033 pe—

132 1047 401 1102 netrare
450 1032 702 1101 meruit
750 1033 1028 1122 gaudia.
1086 1032 1488 1103 Praelibatis
1550 1033 1952 1102 summatim
2025 1031 2134 1100 his
2203 1033 2444 1121 paucis
2479 1088 2493 1113 ,
2562 1055 2687 1122 pro

129 1121 783 1222 commemoratione
808 1122 1281 1192 willibrordi*
1313 1122 1492 1192 beati
1526 1121 1889 1211 praesuliS,
1926 1120 2119 1189 chari
2149 1121 2363 1190 nostri
2397 1121 2683 1191 Lebuini

133 1222 544 1280 insistamus
593 1221 827 1299 gestis.

220 1301 257 1386 ἓ
313 1303 472 1372 1⁰.
531 1298 817 1367 Veniens
867 1298 1078 1369 igitur
1127 1301 1228 1368 vir
1277 1298 1393 1367 Dei
1442 1320 1605 1367 cum
1656 1321 1783 1368 suo
1832 1297 2004 1367 colle
2057 1320 2096 1366 a
2148 1297 2541 1367 Marcellino
2595 1297 2682 1366 ad

130 1398 761 1478 praemonstratum
831 1388 888 1456 si
942 1388 963 1456 i
1016 1389 1245 1458 locum
1298 1409 1338 1455 a
1389 1392 1543 1469 Dec,
1597 1409 1771 1458 usus
1818 1398 1920 1456 est
1976 1409 2014 1455 a
2046 1386 2388 1474 iquandiu
2438 1386 2685 1455 viduae

130 1475 502 1565 cujusdam
551 1496 726 1561 quae
759 1475 1133 1545 Abachilda
1182 1475 1575 1557 vocabatur,
1617 1475 1950 1565 hospitio:
2004 1488 2070 1544 et
2119 1474 2212 1542 nil
2250 1475 2507 1545 veritus
2538 1476 2687 1543 ani-

132 1564 446 1633 mositate
496 1564 722 1653 gentis
770 1564 983 1646 illius,
1043 1564 1414 1634 insudabat
1459 1564 1768 1650 quotidie
1821 1563 2268 1654 Evangelicae
2328 1562 2685 1652 praedica-

130 1652 327 1728 tioni,
366 1651 739 1721 instantius
786 1655 1178 1734 ostendens,
1235 1652 1542 1743 neglecto
1586 1659 1716 1722 Deo
1767 1651 1913 1722 vivo
1962 1664 2026 1721 ct
2084 1673 2264 1733 vero,
2322 1651 2556 1721 vacuis
2597 1674 2676 1720 ac

132 1763 258 1831 per
302 1740 535 1809 omnia
587 1742 962 1831 superfluis
1012 1742 1338 1813 inservire
1398 1763 1513 1810 eos
1550 1740 1892 1811 idolorum
1946 1740 2275 1811 cultibus.
2314 1739 2499 1822 Quid
2554 1741 2687 1809 im-

133 1850 362 1899 morer
401 1827 679 1897 multis?
728 1830 1162 1902 Salutaribus
1208 1831 1359 1921 ejus
1409 1830 1689 1899 monitis
1719 1830 1965 1910 edocti,
1996 1830 2443 1899 crediderunt
2492 1842 2688 1916 quot-

132 1930 299 2005 quot
332 1917 417 1986 ad
452 1929 798 1987 aeternam
852 1920 1058 1992 vitam
1107 1931 1300 1989 erant
1352 1919 1842 2008 praeordinati.
1877 1925 2184 2001 Quorum
2236 1918 2442 1987 etiam
2487 1939 2684 1986 sum-

135 2017 258 2096 ptu
306 2017 743 2095 compactum
810 2021 911 2079 est
974 2009 1198 2099 primo
1246 2007 1694 2077 oratoriolum
1747 2007 1815 2076 in
1868 2007 2015 2076 loco
2068 2007 2287 2163 wilpa
2337 2005 2676 2086 vocitatO,

136 2116 374 2163 versus
421 2093 911 2166 occidentalem
964 2098 1178 2166 lselae
1244 2096 1556 2166 fluminis
1604 2118 1821 2166 oram.
1878 2101 2008 2165 Nec
2069 2108 2289 2164 muto
2339 2106 2515 2183 post,
2572 2116 2685 2162 ac-

133 2195 481 2253 crescente
512 2184 767 2252 sensim
806 2207 1095 2256 numero
1126 2184 1459 2264 fidelium,
1502 2184 1691 2253 aliud
1729 2184 1954 2274 majus
1991 2206 2228 2253 versus
2267 2182 2673 2252 orientalem

133 2270 441 2358 ejusdem
486 2272 799 2341 fluminis
836 2287 1095 2364 partem
1132 2274 1192 2343 ei
1242 2285 1776 2342 construxerunt
1824 2272 2226 2352 oratorium,
2272 2283 2338 2341 et
2368 2271 2565 2360 juxta
2598 2271 2679 2339 il-

137 2359 254 2428 lud
297 2359 449 2448 ejus
498 2360 901 2431 habitationi
930 2385 1312 2463 congruam
1351 2360 1676 2430 domum:
1731 2361 1852 2430 ubi
1894 2372 2177 2430 sanctus
2214 2359 2480 2429 Domini
2515 2380 2684 2445 quo-

137 2446 397 2517 tidiana
449 2448 510 2516 vi
565 2448 840 2521 iliarum
891 2473 969 2520 ac
1005 2457 1365 2522 Missarum
1419 2449 1707 2519 Domino
1761 2461 1908 2519 vota
1942 2448 2391 2540 persolvebat,
2426 2460 2491 2518 et
2521 2469 2684 2517 con-

138 2537 430 2606 fluentes
478 2559 514 2605 a
615 2559 709 2617 se,
754 2541 940 2609 verbi
988 2540 1205 2609 divini
1302 2560 1431 2607 ane
1468 2539 1764 2617 cibabat,
1819 2538 2228 2624 cunctisque
2276 2559 2347 2607 se
2395 2558 2687 2606 cernen-

141 2625 325 2696 tibus
441 2625 768 2695 ratiosum
841 2629 1081 2709 vultu,
1149 2650 1263 2696 ver
1312 2627 1372 2696 is
1427 2649 1506 2695 ac
1564 2627 1877 2697 moribus
1938 2626 2335 2696 exhibebat:
2389 2625 2574 2694 unde
2623 2638 2687 2695 et

136 2735 397 2804 quamp
433 2714 681 2783 urimis
713 2738 976 2798 eorum,
1030 2718 1235 2786 etiam
1287 2715 1769 2796 nobilioribuS,
1803 2714 2086 2805 speciali
2136 2715 2491 2783 ass'ectione
2521 2713 2688 2781 cha-

139 2825 258 2872 rus
307 2814 474 2872 erat.
530 2808 793 2873 Interea
845 2805 1058 2876 hostis
1092 2805 1445 2891 antiquuS,
1482 2805 1691 2873 totius
1726 2826 1997 2893 semper
2025 2802 2347 2873 bonitatis
2377 2801 2680 2881 inviduS,

136 2913 426 2960 cernens
475 2891 607 2960 sibi
645 2893 892 2974 minui,
932 2916 1107 2981 quos
1158 2916 1278 2983 per
1327 2895 1600 2963 beatum
1658 2893 2039 2962 Lebuinum
2102 2891 2368 2960 Christo
2416 2902 2686 2960 consta·

137 2980 255 3050 bat
302 2976 710 3062 consociari,
770 2983 1014 3073 sategit
1063 3004 1184 3083 per
1224 3004 1389 3053 suae
1438 2981 1891 3073 malignitatis
1921 2982 2241 3060 fautoreS,
2274 2992 2349 3049 ut
2390 2978 2687 3048 multum

136 3069 220 3137 de
252 3090 330 3137 eo
378 3068 679 3138 furiosae
726 3071 1242 3158 conquestionis
1295 3093 1616 3140 murmur
1666 3069 2031 3139 haberetur
2065 3069 2244 3138 inter
2286 3067 2680 3158 populares,

137 3155 423 3255 Ajebant
468 3156 697 3226 enim:
750 3159 1096 3241 Quidnam
1138 3172 1240 3230 est
1288 3159 1461 3241 illud
1495 3159 1929 3315 ¹phantasma
1977 3156 2468 3248 vagabundum
2503 3155 2685 3242 quod

137 3267 284 3313 suis
334 3245 726 3334 praestigiis
775 3247 1029 3317 alienat
1081 3260 1362 3327 menteS,
1417 3248 1484 3315 in
1522 3259 1711 3317 atuat
1760 3269 2028 3327 sensuS,
2093 3267 2319 3315 mores
2371 3244 2693 3334 pervertit

143 3333 578 3402 nostrorum?
626 3338 862 3404 Nonne
919 3336 1201 3404 cernitis
1266 3335 1447 3421 quod
1496 3336 1638 3422 jam
1694 3335 1950 3404 multos
2013 3357 2053 3402 a
2120 3356 2285 3402 suae
2333 3332 2689 3420 qualitatis

136 3433 320 3490 statu
377 3422 783 3511 corruperit,
836 3436 901 3492 et
948 3424 1149 3510 quasi
1198 3422 1452 3491 deliros
1500 3422 1850 3492 effecerit?
1898 3428 2074 3510 Ergo
2122 3436 2492 3508 antequam
2566 3442 2691 3489 nos

138 3530 382 3579 omnes
433 3509 501 3576 in
557 3520 903 3598 posterum
970 3511 1087 3579 ille
1136 3510 1609 3579 fascinationis
1673 3533 1839 3580 suae
1890 3510 2255 3579 fraudibus
2302 3510 2686 3579 circumve-

140 3597 307 3677 niat,
365 3619 581 3686 ocyus
644 3599 1104 3687 perquiratur,
1158 3602 1534 3688 effugetur,
1589 3611 1707 3668 aut
1759 3599 1984 3699 potius
2039 3601 2523 3688 pessundetur,
2589 3597 2688 3664 vel

140 3708 298 3754 cum
354 3707 481 3755 sua
521 3686 640 3754 illa
690 3687 962 3777 magica
1021 3708 1227 3756 scena
1273 3688 1469 3756 vivus
1521 3688 1822 3758 [lammis
1873 3686 2258 3756 addicatur.
2298 3686 2421 3755 His
2469 3685 2691 3753 conti-

141 3774 394 3853 nuatiS,
454 3773 762 3844 irruunt:
817 3790 884 3844 et
930 3776 1243 3865 apposito
1286 3776 1467 3865 igne,
1507 3775 1838 3845 ecclesiae
1877 3774 2162 3843 domum
2217 3778 2686 3853 concremant,

137 3874 203 3932 et
240 3884 722 3950 quoscumque
770 3864 1190 3934 Christianos
1232 3864 1485 3933 ibidem
1523 3864 1900 3954 reperiunt,
1956 3861 2043 3931 ab
2091 3863 2328 3933 eodem
2395 3860 2542 3929 loco
2595 3862 2695 3929 in-

139 3951 464 4021 sectando
527 3951 803 4042 longius
919 3955 1301 4023 roturbant.
1358 3953 1692 4023 Dominus
1741 3965 1968 4022 autem
2021 3952 2142 4036 qui
2190 3949 2491 4021 custodit
2540 3972 2689 4017 om-

137 4062 260 4109 nes
291 4040 655 4130 diligentes
705 4062 800 4117 se,
882 4040 1199 4110 amulum
1252 4063 1455 4113 suum
1507 4042 1594 4110 ab
1643 4063 1885 4110 eorum
1915 4040 2362 4110 insectatione
2409 4038 2691 4128 eripuit,

138 4138 343 4214 atque
381 4128 464 4198 ad
505 4129 883 4199 multorum
936 4128 1232 4199 salutem
1281 4130 1600 4199 illaesum
1650 4129 2045 4200 custodivit.
2104 4130 2227 4198 Sed
2283 4148 2504 4214 neque
2536 4127 2695 4195 bea-

142 4228 252 4285 tus
305 4217 405 4286 vir
456 4216 728 4286 illorum
784 4217 1061 4287 territus
1096 4217 1403 4300 saevitia,
1443 4218 1528 4287 ab
1556 4216 2074 4309 evangelizandi
2105 4218 2398 4287 cessavit
2430 4215 2696 4285 instan-

142 4305 274 4375 tia:
330 4305 443 4375 sed
484 4317 558 4375 ut
592 4305 785 4377 fortis
833 4306 1110 4386 athleta,
1166 4320 1441 4397 sumpto
1491 4306 1653 4376 fidei
1691 4320 1908 4386 scuto,
1947 4318 2012 4375 et
2061 4306 2305 4376 salutis
2353 4303 2573 4395 galea,
2607 4304 2691 4373 ad

142 4393 389 4461 iterum
439 4394 739 4464 rediviva
787 4408 992 4483 atque
1042 4395 1321 4467 fortiora
1369 4418 1441 4465 se
1492 4397 1925 4487 praeparavit
1964 4396 2395 4465 discrimina.

192 4517 220 4545 ⁸
250 4517 432 4560 colitur
457 4519 500 4561 Β.
530 4519 857 4563 willibrordus
890 4529 953 4562 vn
983 4520 1100 4564 Nov.
