3327 4999
709 330 841 395 590
1443 348 1525 395 nr.
1571 349 1628 396 s.
1682 347 1992 397 unAmeo
2037 347 2335 397 nrlscoro
2746 329 3082 396 EXJUL.
3137 328 3183 396 4

608 431 994 503 visceribus
1024 432 1298 522 pietatis
1334 431 1605 523 plenus,
1657 446 1725 502 et
1771 433 2276 525 indulgentiam
2313 453 2435 523 pro
2476 431 2725 502 Christi
2773 454 3012 503 amore
3044 415 3185 503 tri-

607 521 762 592 buit
806 531 944 591 eta
990 521 1324 591 daemone
1373 521 1766 604 liberatum,
1817 522 1904 591 ad
1959 521 2235 613 propria
2269 521 2490 591 redire
2527 521 2859 611 permisit.

609 669 614 675 .
697 610 728 698 §
774 614 919 682 11.
974 616 1238 680 Interea
1286 609 1453 679 dum
1503 611 1849 681 contentio
1878 611 2057 681 inter
2092 614 2400 682 Ottonem
2439 616 2955 700 Imperatorem,
2996 632 3178 700 pro-

609 709 763 789 pter
807 696 1087 768 fratrem
1138 699 1364 790 ipsius
1408 699 1809 782 Heni-icum,
1855 711 1939 769 ut
1984 721 2196 790 supra
2254 699 2559 769 diximus
2606 712 2672 768 et
2707 699 3166 789 Ludolphum

605 800 863 868 exorta,
917 787 1259 859 intantum
1309 788 1737 869 accrevisset,
1790 801 1865 858 ut
1927 811 2059 858 non
2109 788 2308 858 aliter
2371 788 2504 858 nisi
2568 787 2746 858 {erro
2797 788 2986 857 finiri
3037 809 3171 878 po·

607 875 876 955 tuisset,
921 876 1206 963 jamque
1244 878 1391 947 acie
1425 878 1789 965 utriusque
1837 878 2048 965 partis
2093 877 2435 959 ordinata,
2487 888 2563 945 ut
2598 876 2921 946 cominus
2969 899 3172 947 com-

604 963 785 1033 mitti
833 964 1108 1035 deberet
1186 987 1419 1056 pugna
1455 1021 1470 1047 ,
1523 966 1779 1035 athleta
1830 965 1942 1034 Dei
2020 965 2422 1037 UdalricuS.
2477 965 2705 1037 sciens
2751 965 2917 1051 quia
2973 967 3165 1036 beati

602 1064 769 1123 sunt
804 1054 1011 1143 pedes
1060 1075 1296 1143 pacem
1347 1067 1717 1144 portantes,
1769 1067 1835 1124 et
1868 1054 2053 1142 quod
2117 1056 2265 1145 ipse
2315 1054 2647 1123 Dominus
2680 1054 2752 1122 in
2791 1055 3160 1145 evangelio

603 1140 743 1211 ait:
795 1145 994 1212 Beati
1032 1145 1320 1234 pacifici,
1373 1145 1691 1235 quoniam
1737 1144 1873 1231 filii
1927 1146 2048 1212 Dei
2074 1146 2488 1214 vocabuntur
2533 1142 2818 1232 (Matala.
2873 1143 2984 1233 v):
3037 1167 3161 1215 as-

604 1243 882 1331 sumpto
924 1232 1319 1313 flamberto,
1372 1232 1718 1303 curiensis
1774 1230 2102 1301 ecclesiae
2150 1232 2484 1321 Episcopo
2551 1231 2892 1331 religioSO,
2949 1254 3026 1301 se
3077 1232 3154 1303 in

603 1318 913 1388 medium
954 1321 1225 1410 injecit:
1262 1341 1342 1389 ac
1384 1332 1607 1390 tantae
1644 1332 1769 1389 ‘eos
1816 1332 1958 1389 arte
2006 1320 2344 1391 suadendi
2393 1341 2700 1410 aggressi
2752 1332 2942 1399 sunt,
3008 1323 3159 1412 spi-

605 1406 746 1477 ritu
795 1409 1009 1498 patris
1055 1410 1126 1478 in
1175 1410 1539 1479 amborum
1589 1431 1704 1478 ore
1743 1408 2082 1496 loquente,
2137 1422 2214 1479 ut
2260 1408 2459 1478 facile
2496 1408 2583 1477 ad
2637 1407 2824 1499 pacis
2873 1409 3156 1481 foedera

603 1510 1021 1581 revocarent,
1064 1509 1132 1567 et
1174 1519 1371 1567 verae
1417 1498 1772 1567 charitatis
1810 1497 2069 1567 donum
2106 1497 2306 1567 firma
2354 1497 2719 1567 stabilitate
2751 1498 2821 1565 in
2863 1498 3154 1569 illorum

599 1586 1000 1741 Rectoribus
1048 1585 1577 1656 consolidarent.
1631 1592 1774 1656 Non
1824 1586 2020 1655 aliter
2085 1599 2249 1655 tunc
2313 1590 2461 1658 Otto
2511 1585 2968 1676 poenitentem
3025 1592 3154 1657 Lu-

651 1672 964 1763 olphnm,
1002 1696 1211 1762 quam
1246 1674 1358 1744 ille
1404 1674 1842 1765 evangelicus
1899 1687 2090 1766 pater
2125 1675 2291 1745 olim
2353 1675 2655 1763 suscepit
2690 1687 3138 1745 revertentem

599 1761 853 1832 filiurn.
912 1769 1201 1851 Uterque
1246 1763 1428 1833 enim
1479 1763 1669 1832 filius
1736 1777 2049 1834 mortuus
2096 1764 2349 1844 fuerat,
2404 1775 2469 1833 et
2515 1763 2795 1833 revixit:
2851 1765 3150 1853 perierat

597 1863 664 1919 et
710 1851 1031 1923 inventus
1061 1864 1185 1922 est.
1243 1852 1342 1921 Fit
1374 1852 1709 1942 gaudium
1754 1851 2001 1942 ingens
2044 1866 2110 1922 et
2142 1852 2465 1922 exultatio
2516 1852 2583 1920 in
2634 1852 2939 1922 exercitu
2980 1874 3149 1922 cun·

597 1951 731 2009 ct0.
789 1947 965 2010 Laus
1019 1953 1083 2012 et
1181 1941 1509 2010 ratiarum
1569 1941 1746 2010 actio
1795 1954 2066 2011 resonat
2111 1942 2182 2010 in
2242 1962 2357 2010 ore
2402 1941 2753 2011 omniumz
2803 1941 2974 2027 quia
3029 1964 3151 2032 per

600 2050 835 2098 servos
873 2051 1037 2101 suos
1085 2029 1132 2097 li
1184 2029 1396 2098 eravit
1444 2030 1776 2099 Dominus
1824 2029 2162 2121 populum
2197 2052 2431 2099 suum.

687 2119 725 2205 ξ
772 2122 916 2190 15.
969 2119 1289 2205 Sequenti
1343 2140 1504 2187 vero
1553 2138 1778 2198 anno,
1843 2118 1912 2186 id
1981 2131 2106 2201 est,
2188 2119 2583 2188 Dominicae
2642 2118 3143 2188 incarnationis

597 2208 1119 2296 nongentesimo
1192 2205 2011 2297 quinquagesimoquinto
2042 2261 2058 2287 ,
2151 2229 2322 2297 gens
2385 2212 2871 2299 Hungarorum
2950 2208 3142 2276 omni

594 2293 829 2364 bellua
865 2295 1233 2377 crudelior,
1268 2296 1464 2386 juxta
1510 2294 1694 2382 quod
1735 2294 1879 2364 viro
1946 2295 2057 2363 Dei
2104 2295 2391 2365 caelitus
2439 2309 2596 2366 ante
2664 2294 2887 2364 suerat
2955 2318 3142 2365 reve-

594 2381 840 2464 latum,
915 2406 1076 2454 cum
1132 2383 1623 2453 innumerabili
1666 2383 2134 2453 multitudine
2178 2383 2427 2473 erupit,
2483 2406 2899 2470 omnemque
2945 2385 3143 2454 Nori-

594 2492 834 2542 corum
882 2473 1234 2565 regionem
1282 2495 1324 2543 a
1373 2473 1683 2543 Danubio
1723 2494 1943 2561 usque
1999 2473 2084 2542 ad
2152 2472 2421 2630 nigram
2470 2473 2760 2564 sylvam,
2813 2494 2996 2560 quae
3054 2473 3139 2543 ad

594 2573 922 2631 montana
954 2562 1266 2653 pertinet,
1320 2576 1386 2632 et
1449 2574 1710 2653 partem
1763 2562 2152 2652 provinciae
2186 2567 2232 2631 Α
2264 2584 2722 2632 amannorum
2757 2583 2983 2649 usque
3023 2563 3145 2632 Hi-

595 2649 809 2719 laram
863 2651 1179 2732 fluvium,
1233 2650 1650 2720 devastando
1682 2651 2062 2739 occupavit.
2116 2655 2303 2733 Quae
2340 2651 2573 2720 Licum
2616 2651 2984 2731 transienS,
3024 2673 3139 2721 ec-

590 2737 873 2808 clesiam
925 2752 1199 2809 sanctae
1231 2738 1421 2808 Afrae
1454 2741 1612 2830 igne
1656 2739 2060 2821 combussit,
2114 2752 2318 2827 atque
2370 2739 2709 2810 civitatem
2760 2745 3143 2827 Augustam

587 2827 948 2897 obsidione
993 2827 1472 2897 circumdedit.
1518 2833 1808 2897 Sanctus
1855 2841 2085 2899 autem
2140 2830 2252 2898 Dei
2316 2827 2614 2918 pontifex
2665 2848 3133 2915 nequaquam,

587 2916 755 2986 visis
790 2929 882 2986 tot
923 2916 1129 3007 lupis,
1184 2917 1402 2986 instar
1452 2916 1881 2997 mercenarii,
1936 2918 2047 2988 sui
2093 2918 2323 3007 gregis
2370 2916 2755 2986 custodiam
2807 2915 3141 3007 fugiendo

589 3002 979 3092 dereliquit,
1018 3004 1137 3074 sed
1183 3027 1264 3073 ex
1292 3004 1579 3074 adverso
1616 3026 1691 3074 se
1721 3006 2066 3095 opposuit,
2105 3028 2184 3074 ac
2233 3019 2440 3076 totam
2503 3027 2784 3075 eausam
2842 3007 3136 3075 Domino

585 3093 1116 3164 commendavit.
1148 3097 1225 3162 At
1264 3093 1602 3163 militibus
1647 3094 2190 3181 circumquaque
2265 3116 2340 3163 er
2372 3116 2654 3163 murum
2689 3106 2754 3163 et
2784 3104 2945 3163 ante
2977 3117 3140 3184 por-

588 3193 727 3251 tam
775 3181 1021 3251 acriter
1067 3195 1302 3252 contra
1351 3183 1579 3255 hostes
1617 3182 2135 3265 dimicantibuS,
2172 3183 2214 3252 il
2249 3204 2287 3252 e
2316 3205 2527 3273 super
2562 3205 2822 3270 equum
2857 3182 3132 3264 sedenS,

586 3292 725 3346 non
761 3269 1001 3360 clypeo
1049 3283 1396 3361 protectus
1443 3283 1562 3341 aut
1607 3270 1827 3362 galea,
1868 3272 1986 3341 sed
2018 3272 2192 3341 stola
2242 3271 2554 3351 indutuS,
2594 3271 2774 3341 intra
2815 3270 3134 3363 lapidum

586 3382 667 3429 ac
717 3361 1120 3451 sagittarum
1183 3360 1441 3430 imbres
1502 3360 1861 3430 incedebat
1906 3383 2216 3431 securus.
2269 3360 2547 3430 Videres
2605 3381 2858 3430 novum
2916 3367 3133 3430 Josue

583 3470 815 3518 arcam
853 3449 1121 3518 Domini
1160 3449 1605 3520 circumferre
1635 3449 1690 3530 *‚
1737 3450 2053 3521 buccinis
2083 3471 2528 3540 concrepare:
2584 3449 2719 3518 nisi
2779 3450 2962 3536 quod
3009 3457 3130 3518 Jo-

584 3559 707 3608 sue
736 3551 923 3607 extra
959 3560 1192 3609 muros
1224 3537 1420 3608 urbis
1463 3538 1762 3620 Jericho,
1812 3538 1936 3609 iste
1979 3559 2133 3607 vero
2181 3538 2370 3608 intus
2426 3551 2571 3607 erat
2601 3559 2764 3607 cum
2833 3538 2947 3606 Dei
3005 3561 3138 3627 po-

580 3626 770 3726 pulo.
827 3627 954 3696 Sed
1005 3627 1246 3696 merito
1316 3640 1545 3696 noster
1608 3632 1842 3708 Josue‚
1897 3628 2044 3717 jam
2092 3639 2500 3696 coruscante
2562 3626 2783 3717 gratia
2831 3626 3128 3709 Christi,

578 3727 770 3784 lutus
802 3714 872 3784 in
922 3716 1127 3785 domo
1176 3715 1413 3785 Rabab
1444 3715 1527 3785 ad
1566 3719 1777 3785 Deum
1829 3737 2217 3798 conversae,
2259 3716 2388 3785 hoc
2418 3726 2542 3794 est,
2583 3713 2945 3796 Ecclesiae,
2985 3737 3135 3783 ma-

578 3804 785 3873 nebat
816 3816 881 3873 et
911 3805 1251 3875 civitatem
1286 3804 1543 3874 diaboli
1584 3803 1750 3875 foris
1782 3816 2168 3874 manentem
2208 3805 2669 3895 expugnabat.
2705 3809 2915 3873 Josue
2949 3803 3135 3874 duce

578 3893 1053 3965 sacerdotibus
1085 3893 1204 3981 qui
1254 3915 1484 3963 arcam
1545 3892 1816 3962 Domini
1857 3892 2186 3975 ferebant,
2243 3893 2555 3964 buccinis
2611 3892 3126 3983 clangentibuS,

576 4005 657 4051 ac
706 3984 975 4052 cunctis
1024 3981 1300 4073 populis
1332 3982 1799 4053 clamantibus
1847 3982 2338 4052 vociferatione
2389 3981 2711 4063 maxima,
2770 3982 2951 4050 muri
3008 3988 3132 4052 Je-

577 4071 769 4141 richo
816 4071 1132 4142 funditus
1162 4084 1593 4142 corruerunt.
1651 4077 1788 4140 Isto
1826 4093 2057 4141 arcam
2114 4071 2381 4140 Domini
2427 4071 2495 4140 in
2549 4081 2818 4155 pectore
2861 4070 3131 4141 mundo

626 4172 856 4229 erente
915 4172 983 4230 et
1039 4183 1197 4230 cum
1269 4160 1746 4230 sacerdotibus
1805 4183 1884 4230 ac
1949 4161 2191 4229 Levitis
2247 4159 2455 4240 tubis,
2503 4159 2743 4240 idest,
2803 4158 3121 4249 psalmis,

578 4184 860 4339 {ymnis
907 4260 972 4319 et
1026 4250 1313 4320 canticis
1381 4249 1812 4339 spiritalibus
1875 4250 2324 4330 sonantibus,
2387 4248 2794 4334 cunctisque
2846 4248 3130 4337 populis

578 4339 882 4408 maxima
923 4359 1118 4429 prece
1150 4338 1235 4407 ad
1282 4344 1491 4407 Deum
1551 4351 1617 4408 et
1655 4339 1741 4407 ad
1796 4339 1946 4428 ejus
2010 4350 2318 4409 sanctam
2374 4338 2773 4428 genitricem
2834 4335 3127 4406 Mariam

628 4461 657 4488 ⁸·
683 4462 817 4503 Jom
831 4461 875 4502 C.
896 4461 971 4503 VI.
1000 4462 1139 4503 Sacer
1159 4460 1339 4503 christi
1356 4462 1495 4503 milen
1508 4461 1729 4512 precibus
1748 4462 1958 4505 armatus
1978 4471 2033 4503 ac
2049 4463 2204 4505 victor
2220 4472 2329 4504 cum
2349 4462 2495 4507 Josue
2515 4459 2831 4512 comparatur.
