3327 4999
183 339 293 407 EX
335 339 377 406 J
381 336 507 405 ΗΒ.
558 338 601 404 4
1008 355 1091 403 nx
1134 355 1193 403 S.
1245 353 1555 403 onmeco
1600 352 1901 403 anscoro
2510 338 2640 405 587

189 437 659 519 cernentibus,
683 435 960 505 dextera
987 435 1256 505 Domini
1286 435 1515 505 denuo
1542 435 1887 525 apparuit,
1926 456 2102 522 quae
2133 456 2292 505 cum
2315 450 2554 507 sancto
2574 438 2734 528 Epi-

185 550 397 618 scopo
434 526 634 617 signo
661 524 896 594 Crucis
922 524 1342 614 imponendo
1380 524 1618 594 eadem
1653 524 2102 594 consecravit.
2142 524 2356 593 Iidem
2401 526 2537 615 ipsi
2566 548 2731 596 cum

186 617 274 686 ad
329 614 839 706 percipiendam
893 635 1156 684 sacram
1201 614 1761 683 communionem
1810 613 1894 682 ad
1947 634 2220 682 sacrum
2277 613 2490 683 altare
2536 637 2732 685 acce-

186 706 450 785 derent,
485 715 550 773 et
597 714 880 773 sanctus
930 702 1045 772 Dei
1093 701 1250 771 illos
1298 701 1512 791 hujus
1550 702 1791 771 secreti
1821 702 2136 771 conscios
2167 723 2315 770 esse
2351 724 2472 791 per
2518 704 2728 794 spiri-

190 806 338 865 tum
375 813 510 862 non
569 792 940 882 ignoraret,
979 791 1260 878 quando
1309 813 1555 881 panem
1615 790 1716 862 eis
1763 791 2195 860 Dominicum
2249 792 2569 880 porrexit,
2626 792 2731 861 ori

188 882 628 973 singulorum
677 881 747 949 di
802 881 975 949 itum
1025 874 1497 969 superposuit,⁴
1531 891 1608 948 ut
1662 901 1783 969 per
1830 880 1959 949 hoc
2006 877 2489 969 intelligerent,
2546 881 2733 967 quod

186 973 335 1041 visa
386 970 673 1039 minime
790 968 1094 1068 ivulgare
1140 968 1505 1037 deberent:
1572 969 1744 1055 quin
1800 969 2004 1037 etiam
2065 966 2331 1057 expleto
2381 990 2736 1038 sacrorum

186 1060 440 1143 officio,
494 1059 578 1128 ad
633 1080 703 1129 se
749 1071 1006 1127 vocatis
1062 1056 1337 1126 revelati
1397 1057 1531 1126 sibi
1596 1057 1668 1125 in
1732 1069 1926 1126 nocte
1989 1058 2353 1146 praeterita
2417 1057 2729 1146 mysterii

189 1149 503 1218 ordinem
554 1146 893 1237 exposuit,
945 1158 1011 1214 et
1062 1158 1196 1214 tam
1246 1145 1397 1227 hoc,
1450 1167 1656 1233 quam
1709 1146 1890 1233 quod
1945 1144 2077 1234 ipsi
2133 1144 2465 1226 viderant,
2520 1145 2734 1216 alicui

191 1237 444 1318 dicere,
480 1236 697 1305 donec
731 1234 846 1303 ille
896 1245 1199 1304 maneret
1246 1234 1316 1302 in
1367 1256 1596 1316 carne,
1627 1233 1979 1304 interdixit
2009 1233 2140 1305 sub
2174 1234 2734 1305 interminatione

189 1326 577 1418 praesentis
624 1325 821 1393 vitae.

279 1416 316 1502 ἓ
382 1418 476 1484 9.
530 1412 673 1482 Alio
723 1434 879 1481 vero
912 1424 1234 1501 tempore,
1276 1411 1442 1481 dum
1474 1410 1725 1480 iterum
1760 1412 1892 1481 sub
1939 1409 2305 1499 cujusdam
2364 1410 2586 1480 noctis
2635 1411 2728 1482 si-

188 1503 402 1572 lentio
438 1503 750 1572 membra
796 1501 1010 1587 quieti
1056 1499 1592 1580 commendaret,
1645 1513 1881 1569 sancta
1929 1498 2085 1568 Afra
2134 1511 2392 1586 martyr
2429 1500 2725 1590 pulchra

188 1591 386 1673 facie,
424 1605 603 1660 veste
655 1590 923 1671 decora,
963 1590 1197 1659 tunica
1230 1589 1580 1659 succincta
1609 1588 1954 1679 apparuit,
1986 1588 2183 1674 eique
2208 1588 2402 1657 dixit:
2439 1593 2722 1679 «Surge,

190 1693 259 1750 et
306 1702 591 1766 sequere
643 1702 771 1749 me.
802 1702 837 1745 »
888 1684 965 1747 Et
1010 1679 1241 1748 statim
1292 1678 1526 1747 eduxit
1572 1677 1767 1746 illum
1820 1677 1890 1745 in
1938 1699 2265 1766 campum
2314 1677 2431 1763 qui
2481 1699 2562 1747 ex
2609 1700 2730 1747 no-

191 1769 379 1839 mine
426 1768 681 1839 ibidem
720 1768 1149 1837 decurrentis
1198 1768 1414 1847 fluvii,
1470 1765 1714 1836 Lecfelt
1745 1765 2020 1845 dicitur,
2074 1765 2196 1834 ubi
2245 1779 2559 1836 sanctum
2607 1772 2729 1836 Pe-

194 1871 374 1929 trum
426 1856 899 1947 Apostolorum
947 1856 1325 1947 principem
1378 1854 1562 1923 velut
1609 1856 1679 1922 in
1729 1854 2044 1944 synodali
2093 1853 2434 1941 colloquio
2484 1854 2729 1925 seden-

193 1959 326 2017 tem
396 1947 659 2015 invenit
724 1968 883 2014 cum
956 1967 1206 2035 magna
1276 1944 1770 2032 Episcoporum
1832 1943 2264 2029 aliorumque
2324 1955 2721 2012 sanctorum

193 2035 663 2115 multitudine,
702 2033 802 2101 vel
852 2055 1027 2120 quos
1073 2033 1235 2103 olim
1280 2034 1352 2102 in
1386 2054 1591 2102 carne
1628 2031 1815 2111 vidit,
1852 2033 1954 2100 vel
1983 2044 2149 2101 tunc
2182 2031 2512 2121 primum,
2545 2054 2731 2101 reve-

193 2124 377 2192 lante
425 2123 553 2192 sibi
604 2123 826 2213 gratia
871 2121 1128 2201 divina,
1182 2143 1591 2212 cognoscere
1638 2121 1883 2210 coepit.
1938 2121 2040 2190 Ibi
2091 2120 2268 2189 iuter
2328 2120 2487 2200 alia,
2556 2142 2731 2205 quae

192 2211 690 2290 tractabantur,
736 2211 915 2280 sicut
961 2211 1127 2280 olim
1177 2210 1247 2279 in
1297 2209 1588 2298 Apocaly
1643 2210 1701 2279 si
1749 2209 1968 2279 sancti
2015 2209 2327 2291 Joannis,
2361 2209 2597 2278 audita
2630 2220 2733 2278 est

192 2323 321 2370 vox
377 2300 805 2381 animarum,
857 2298 941 2367 de
991 2299 1137 2369 suis
1187 2298 1596 2368 interfectori
1655 2321 1735 2367 us
1786 2298 2157 2366 vindictam
2219 2298 2726 2388 expetentium:

192 2389 291 2459 ita
342 2402 504 2458 tunc
552 2389 811 2456 clamor
846 2400 1048 2457 >ortus
1093 2399 1195 2457 est
1242 2400 1634 2457 sanctorum
1705 2386 1791 2455 de
1828 2385 2182 2475 Arnulpho
2235 2392 2414 2455 Duce
2459 2386 2734 2456 Norico·

191 2501 352 2548 rum
402 2477 631 2546 adhuc
678 2477 964 2559 vivente,
1017 2477 1104 2547 ob
1150 2476 1680 2546 destructionem
1732 2475 2180 2546 ecclesiarum
2232 2488 2437 2562 atque
2488 2497 2728 2545 mona-

187 2568 596 2645 steriorum,
670 2588 964 2652 quorum
1027 2589 1135 2637 res
1198 2566 1554 2635 distribuit
1619 2566 1688 2633 in
1741 2565 2075 2634 beneficia
2123 2564 2487 2634 laicorum.
2543 2570 2725 2646 Qua-

187 2668 471 2814 ipropter
514 2654 815 2724 dictante
860 2656 1170 2724 omnium
1231 2654 1588 2737 sententia,
1659 2654 2032 2723 damnatus
2089 2666 2197 2722 ⁴est
2263 2658 2507 2743 poena,
2566 2659 2729 2722 Pro-

216 2746 588 2815 erebantur
654 2744 723 2813 in
796 2744 1101 2814 medium
1172 2744 1375 2813 etiam
1443 2744 1583 2812 duo
1642 2764 1888 2812 enses:
1970 2765 2155 2812 unus
2216 2741 2499 2827 quidem
2560 2763 2723 2811 cum

188 2834 481 2924 capu10,
546 2833 718 2903 alter
774 2855 930 2902 vero
988 2833 1248 2919 absque
1312 2831 1584 2922 capu10.
1642 2838 1730 2901 De
1776 2832 2032 2918 quibus
2086 2831 2404 2920 princeps
2450 2836 2729 2920 Aposto-

191 2922 415 2992 lorum
467 2922 563 2992 ait
617 2921 702 2991 ad
772 2923 1043 2990 beatum
1115 2922 1372 2990 virum:
1450 2949 1474 2984 α
1542 2920 1657 2990 Dic
1720 2921 1856 3012 regi
1921 2921 2248 2989 Henrico:
2316 2919 2515 2988 Ensis
2571 2919 2732 2987 abs-

189 3033 323 3098 que
392 3009 683 3102 capu10,
753 3009 1098 3100 significat
1163 3010 1363 3079 illum
1429 3010 1550 3096 qui
1620 3010 1769 3079 sine
1827 3010 2152 3079 unctione
2202 3021 2440 3098 regnat
2487 3008 2558 3076 in
2611 3029 2732 3096 po-

191 3122 288 3191 pu
318 3122 380 3167 o.
419 3123 455 3166 »
516 3106 592 3168 At
640 3099 810 3167 alter
860 3098 1247 3187 capulatus,
1313 3097 1536 3178 illum,
1595 3099 1715 3185 qui
1783 3119 1899 3186 per
1945 3119 2180 3169 sacrae
2229 3095 2730 3167 benedictionis

189 3189 502 3259 ordinem
564 3187 896 3255 divinitus
957 3186 1160 3255 tuerit
1223 3201 1612 3256 coronatus.
1679 3187 1898 3255 Finito
1959 3199 2352 3258 sanctorum
2404 3185 2725 3265 concilio,

191 3276 542 3367 praedicta
591 3275 705 3343 Dei
757 3287 1017 3363 martyr
1064 3274 1502 3345 sanctissima
1552 3275 1953 3345 monstravit
2002 3275 2102 3343 illi
2150 3275 2379 3344 adhuc
2429 3273 2600 3356 loca,
2657 3273 2728 3341 in

189 3364 450 3452 quibus
497 3366 645 3432 Otto
693 3385 808 3432 rex
860 3374 1089 3453 postea
1127 3377 1350 3432 castra
1385 3363 1633 3462 posuit,
1671 3376 1735 3431 et
1764 3363 2081 3453 generale
2109 3363 2535 3450 colloquium
2567 3383 2730 3434 cum

188 3452 337 3523 suis
388 3452 671 3532 habens,
727 3451 1214 3542 Berengarium
1252 3450 1487 3520 Italiae
1537 3473 1791 3541 regem,
1846 3474 2003 3519 cum
2042 3452 2281 3521 multis
2327 3451 2486 3521 aliis
2586 3473 2736 3519 rae-

196 3551 507 3620 sentata,
580 3540 649 3608 in
714 3561 921 3609 suum
988 3540 1292 3629 suscepit
1349 3539 1762 3608 dominium.
1830 3539 2166 3608 Prae-dixit
2219 3540 2426 3608 etiam
2487 3561 2524 3606 e
2578 3561 2737 3609 erae

237 3630 413 3699 entis
473 3633 959 3718 Hungarorum
1012 3628 1492 3717 irruptionem,
1559 3626 2148 3713 durissimamque
2194 3649 2356 3696 cum
2407 3628 2733 3698 nostrati-

186 3653 322 3789 ἕως
379 3718 965 3808 congressionem,
1020 3739 1286 3786 necnon
1334 3728 1399 3785 et
1449 3716 1597 3785 loca
1642 3716 2141 3785 certaminum:
2212 3727 2278 3785 et
2343 3715 2501 3785 licet
2567 3738 2732 3786 cum

190 3830 441 3898 magno
488 3827 777 3876 suorum
823 3805 1256 3886 detrimentO,
1310 3818 1537 3874 tamen
1590 3804 1910 3873 victoriae
1944 3804 2380 3894 triumphum
2412 3804 2732 3895 promisit

188 3897 447 3987 populo
495 3895 902 3966 Christiano.
941 3899 990 3965 Ο
1024 3894 1303 3964 beatum
1351 3893 1599 3974 virum,
1652 3893 1924 3963 coelesti
1977 3893 2239 3964 visione
2286 3893 2357 3961 di
2411 3915 2605 3974 num,
2657 3893 2732 3962 in

189 3986 447 4055 talibus
492 3985 701 4053 etiam
749 3983 1026 4055 ¹sanctis
1072 3982 1433 4074 Apostolis,
1487 3988 1679 4051 Petro
1728 3981 2040 4051 videlicet
2085 4003 2164 4051 ac
2214 3986 2355 4051 Pau
2386 4004 2446 4064 o,
2501 3980 2734 4052 confe-

187 4074 518 4143 rendum:
572 4094 870 4161 quorum
906 4072 1077 4142 alter
1111 4073 1181 4140 in
1212 4071 1421 4141 linteo
1446 4070 1735 4141 coelitus
1766 4070 2091 4150 demisso,
2130 4069 2529 4141 electionem
2559 4093 2732 4162 gen-

191 4162 365 4232 tium
418 4184 539 4253 per
586 4162 918 4233 visionem
968 4160 1241 4230 didicit:
1296 4160 1468 4230 alter
1499 4182 1681 4241 vero,
1734 4159 1876 4228 sive
1923 4159 1994 4228 in
2028 4181 2335 4250 corpore,
2374 4160 2516 4232 sive
2548 4172 2732 4228 extra

189 4273 467 4339 corpuS‚
519 4273 742 4339 usque
779 4251 866 4320 ad
918 4250 1191 4320 tertium
1242 4248 1512 4318 coelum
1563 4260 1834 4339 raptum
1886 4270 1959 4317 se
2005 4270 2156 4318 esse
2200 4250 2466 4329 asserit,
2499 4249 2621 4317 ubi
2669 4259 2737 4317 et

191 4360 446 4409 arcana
506 4341 623 4409 Dei
678 4340 943 4410 audivit
997 4350 1063 4409 et
1132 4337 1321 4408 vidit.
1376 4343 1509 4408 Iste
1574 4360 1732 4407 vero
1780 4349 2062 4407 sanctus
2108 4350 2172 4407 et
2219 4338 2289 4406 in
2339 4337 2734 4407 ostensione

191 4426 465 4498 dextrae
510 4451 746 4501 sacrae
792 4426 1002 4521 super
1033 4427 1272 4510 altare,
1325 4438 1392 4497 et
1431 4427 1502 4497 in
1551 4426 1681 4498 hac
1728 4425 2011 4510 visione,
2047 4437 2114 4497 et
2159 4426 2604 4518 postmodum
2651 4425 2728 4495 in
