3327 4999
621 316 749 381 556
1391 330 1472 375 ns
1518 329 1574 375 s.
1627 326 1936 374 EnsrAsm
1985 326 2225 373 Annam
2701 305 2947 370 MART.
3004 305 3094 369 29

530 412 810 483 retineri
859 408 1308 480 contendens.
1355 413 1496 476 Hoc
1528 429 1602 475 er
1652 429 1692 475 o
1750 406 2122 476 schismate
2169 403 2506 484 imbutus,
2560 403 2924 492 epistolam
2974 425 3096 472 ve-

534 522 891 578 nenosam,
950 496 1544 596 increpationibus
1587 519 1628 584 p
1660 517 1889 575 enam,
1945 494 2029 563 ad
2082 494 2360 562 beatum
2428 492 2717 562 Attalam
2767 512 2889 582 per
2956 495 3096 560 Au-

532 612 753 670 reum,
807 584 1169 656 Adaluald1
1225 584 1404 674 regis
1440 583 2051 674 Longobardorum
2108 582 2450 650 notarium
2483 636 2497 661 ‚
2553 579 2810 671 dirigit.
2866 584 3090 661 Quam

530 679 774 748 beatus
823 675 1037 744 Attala
1074 672 1442 762 perlectam
1490 684 1553 740 et
1620 671 1918 740 ridiculo
1971 671 2231 738 habuit.
2288 669 2493 738 Missa
2540 684 2767 738 autem
2805 668 2889 736 ad
2928 669 3091 738 bea-

530 779 680 835 tum
733 763 1017 833 Attalam
1069 760 1381 850 epistola,
1419 761 1566 848 ipse
1597 760 1683 828 ad
1720 757 2092 827 Luxovium
2140 770 2483 848 properat,
2523 758 2774 827 deinde
2813 757 3093 827 beatum

532 852 980 923 Eustachium
1024 846 1488 918 schismaticis
1537 860 1750 917 tentat
1810 846 2073 915 aculeis
2103 901 2117 926 ,
2191 848 2249 915 si
2298 867 2538 915 sanam
2592 846 2742 935 ejus
2794 858 3092 912 mentem

535 944 661 1012 susi
697 938 971 1009 vesania
1020 958 1466 1025 corrumpere
1512 947 1740 1022 queat.
1780 934 1973 1017 Quod
2006 947 2084 1003 ut
2113 935 2217 1002 vir
2263 934 2700 1003 venerandus
2730 932 3087 1022 comperit,

534 1030 656 1098 diu
705 1025 1011 1117 paternis
1076 1025 1401 1109 alloquiis
1464 1036 1805 1093 errantem
1860 1037 2115 1092 monet:
2188 1023 2304 1092 sed
2358 1036 2723 1113 postquam
2774 1020 3095 1091 salutari-

534 1118 667 1187 bus
719 1114 996 1184 monitis
1028 1125 1093 1182 et
1141 1113 1404 1182 salubri
1455 1114 1762 1181 antidoto
1815 1124 2112 1180 mentem
2166 1121 2350 1200 peste
2403 1124 2797 1199 corruptam
2851 1130 3097 1178 curare

536 1204 866 1290 nequivit,
920 1225 962 1271 a
1009 1223 1135 1270 suo
1182 1223 1262 1269 ac
1312 1222 1596 1271 suorum
1647 1200 2100 1269 contubernio
2149 1221 2308 1267 eum
2367 1198 2770 1289 segregavit.
2817 1197 3098 1266 Refuta-

453 1304 458 1309 '
537 1305 647 1363 tus
692 1313 854 1381 ergo
902 1314 941 1359 a
975 1296 1045 1358 B.
1089 1288 1480 1368 Eustachio,
1539 1287 2010 1374 bucillucque
2056 1300 2365 1376 vagatur,
2402 1300 2476 1356 ut
2528 1286 2901 1355 nonnullos
2930 1308 3100 1355 suae

538 1381 913 1452 sententiae
961 1377 1260 1447 fautores
1296 1377 1508 1465 possit
1554 1376 1846 1444 efficere.
1905 1375 2029 1443 Sed
2082 1397 2242 1444 cum
2356 1397 2470 1443 rae
2521 1375 2869 1465 imperitia
2918 1374 3094 1443 nihil

538 1482 768 1559 posset
814 1466 1145 1545 obtinere,
1198 1465 1376 1533 beati
1427 1464 1835 1534 Columbani
1886 1462 2200 1553 regulam
2251 1463 2308 1532 si
2364 1464 2386 1531 i
2435 1464 2859 1552 carpendam
2895 1485 3095 1532 sum-

541 1558 698 1648 psit,
759 1555 976 1623 multa
1024 1553 1357 1622 adversus
1390 1575 1539 1620 eam
1579 1552 1789 1620 livido
1837 1551 2038 1621 dente
2071 1550 2407 1641 garriens,
2463 1574 2541 1619 ac
2590 1551 2777 1619 velut
2803 1571 3107 1628 coenosa,

540 1668 660 1714 sus
710 1642 1118 1731 grunniens,
1167 1663 1287 1731 per
1340 1662 1822 1728 quoscumque
1869 1640 2090 1728 potuit
2140 1639 2248 1709 sui
2298 1639 2562 1707 similes
2612 1661 2939 1707 murmur
2984 1661 3103 1708 ex-

538 1730 794 1810 citavit,
850 1742 1199 1800 annuente
1231 1729 1332 1797 illi
1392 1728 1708 1808 AbelenO,
1755 1727 2168 1797 Genevensis
2198 1728 2392 1797 urbis
2424 1749 2459 1794 e
2514 1728 2773 1817 iscopo‚
2829 1727 2951 1813 qui
3000 1725 3104 1794 illi

543 1820 906 1910 sanguinis
955 1817 1444 1905 conjunctione
1478 1817 1834 1905 proximus
1881 1829 2047 1883 erat.
2102 1821 2179 1883 Et
2227 1817 2286 1884 is
2324 1816 2440 1901 qui
2498 1838 2603 1883 em
2643 1815 2983 1884 Abelenus
3010 1816 3106 1882 vi-
3158 1854 3181 1887 ε

540 1909 736 1977 cinos
809 1907 1171 1997 episcopos
1219 1905 1289 1972 in
1341 1905 1625 1994 Agrestii
1677 1904 2072 1972 subsidium
2122 1904 2313 1971 omni
2373 1903 2601 1972 studio
2660 1904 2916 1973 sensim
2971 1903 3106 1972 sibi

534 1998 834 2088 jungere
888 1994 1252 2074 nitebatur,
1297 1993 1390 2062 ita
1440 2005 1513 2061 ut
1562 1993 1795 2082 ipsum
1833 2013 2107 2078 quoque
2156 2013 2383 2080 regem
2450 1992 2819 2061 Clotarium
2885 2003 3107 2059 tenta-

543 2097 719 2166 rent,
775 2105 945 2152 num
1024 2083 1333 2171 ipsorum
1415 2080 1587 2170 parti
1660 2093 1838 2150 esset
1903 2101 2263 2149 assensum
2334 2081 2796 2169 praebiturus.
2863 2085 2941 2147 At
2990 2080 3107 2147 ille

543 2175 773 2242 sciens
806 2184 870 2240 et
916 2170 1382 2270 experimento
1416 2168 1763 2257 cognitam
1809 2168 2068 2239 habens
2118 2167 2297 2236 beati
2331 2168 2738 2236 Columbani
2780 2169 3108 2236 sanctita-

544 2274 679 2330 tem
729 2274 795 2328 et
841 2257 1349 2347 discipulorum
1402 2257 1552 2340 ejus
1599 2256 2013 2335 doctrinam,
2064 2256 2290 2344 primo
2338 2256 2488 2324 suis
2518 2278 2633 2324 eos
2681 2255 2951 2325 studuit
3000 2278 3107 2324 re-

543 2348 819 2439 sponsis
868 2345 1306 2416 redaruere:
1352 2345 1465 2413 sed
1518 2368 1681 2413 cum
1715 2344 1887 2412 nihil
1943 2344 2324 2433 proficeret,
2384 2344 2631 2412 statuit·
2654 2358 2731 2412 ut
2780 2343 3103 2432 synodali

540 2437 854 2506 examine
921 2442 1088 2526 regu
1123 2456 1158 2502 a
1230 2433 1679 2525 probaretur,
1738 2432 1911 2502 nihil
1974 2433 2339 2522 ambigens
2386 2432 2471 2501 de
2520 2432 2701 2502 beati
2751 2432 3106 2501 Eustachii

541 2526 944 2595 auctoritate
989 2537 1056 2593 et
1102 2524 1439 2603 doctrina,
1492 2523 1663 2609 quin
1698 2543 1938 2590 omnes
1983 2520 2424 2589 adversantes
2483 2535 2756 2590 sanctae
2823 2520 3108 2610 regulae

542 2613 914 2704 prudentia
960 2635 1039 2681 ex
1073 2611 1398 2679 facundia
1459 2613 1608 2690 sua,
1662 2608 2209 2678 adminiculante
2248 2609 2310 2678 ei
2363 2609 2623 2699 Spiritu
2673 2615 2944 2690 Sancto,
3000 2609 3103 2677 fa-

539 2703 671 2773 cile
710 2712 1088 2791 superaret.
1145 2704 1521 2767 Emanante
1573 2720 1736 2786 ergo
1787 2698 1973 2788 regia
2015 2697 2352 2783 jussione,
2409 2697 2611 2765 multi
2660 2697 3099 2787 Burgundio-

541 2814 713 2860 num
761 2788 1066 2878 episcopi
1115 2788 1186 2854 in
1239 2786 1575 2855 suburbio
1609 2786 2125 2854 Matisconensis
2151 2784 2389 2875 oppidi
2440 2786 2884 2854 conveniunt:
2928 2787 3107 2854 inter

541 2900 716 2965 quos
765 2876 1102 2945 Maximus
1136 2874 1481 2943 residebat
1512 2880 1830 2943 Tretecus
1870 2874 2264 2963 episcopus,
2322 2886 2599 2962 propter
2645 2896 2849 2960 quem
2904 2895 3105 2973 prae-

542 2969 746 3053 cipue
795 2964 1139 3052 synodum
1190 2961 1338 3030 fieri
1387 2964 1678 3051 urgebat
1743 2962 2271 3031 Warnacharius
2339 2961 2519 3030 beati
2568 2962 2916 3031 Eustachii
2971 2962 3106 3029 ini-

545 3056 794 3123 micus.
851 3051 977 3120 Sed
1048 3050 1423 3134 praevaluit
1471 3049 1648 3119 beati
1700 3050 2048 3119 Eustachii
2097 3050 2512 3149 deprecatio,
2565 3063 2646 3119 ut
2690 3049 2811 3136 qui
2873 3049 3097 3119 fautor

542 3154 609 3212 et
659 3154 989 3231 patronus
1038 3138 1185 3206 fieri
1235 3138 1449 3208 voluit
1498 3139 1790 3208 miserae
1847 3138 2271 3216 intention1S‚
2328 3138 2387 3206 is
2434 3152 2831 3227 correptus,
2890 3161 2930 3205 a
2980 3143 3110 3206 Do-

544 3231 758 3308 mino,
812 3227 1128 3296 omnium
1177 3223 1366 3296 vires'
1403 3226 1768 3315 frangeret.
1824 3232 1990 3296 Nam
2044 3225 2342 3315 praefixo
2391 3239 2456 3294 et
2497 3238 2748 3295 statuto
2809 3225 2921 3294 die
2968 3248 3104 3312 quo

544 3318 874 3418 adversus
902 3314 1346 3384 Eustachium
1376 3314 1728 3384 altercatio
1766 3313 1997 3383 futura
2029 3328 2195 3394 erat,
2251 3315 2398 3403 ipse
2434 3327 2651 3384 morte
2693 3327 3107 3404 praeventus

544 3417 826 3474 interut.

634 3496 672 3580 ξ
720 3496 815 3561 9.
872 3491 1127 3561 Fractis
1174 3512 1337 3580 ergo
1385 3490 1456 3558 in
1508 3490 1627 3559 illo
1660 3489 2097 3580 Agrestianae
2134 3490 2347 3580 partis
2385 3489 2673 3572 viribuS,
2709 3490 3104 3570 turbantur,

548 3581 993 3651 sciscitantur
1040 3600 1281 3648 omnes
1329 3600 1408 3646 ex
1456 3579 1783 3668 AgrestiO,
1824 3600 2163 3665 quaenam
2199 3578 2532 3647 adversus
2579 3578 2890 3669 regulam
2926 3579 3107 3648 beati

550 3669 961 3738 columbani
1013 3667 1114 3736 vel
1165 3666 1628 3736 venerabilem
1692 3666 2137 3742 Eustachium
2188 3667 2542 3753 objiceret.
2584 3672 2752 3735 Tum
2806 3665 2920 3734 ille
2970 3679 3105 3736 tre-

550 3758 903 3826 mentibus
944 3755 1171 3835 labiis,
1212 3753 1383 3822 nihil
1435 3755 1866 3824 auctoritatis
1913 3769 2033 3824 aut
2078 3755 2468 3824 elucubrati
2518 3754 2775 3841 eloquii
2810 3754 3098 3835 habenS,

547 3844 678 3925 ait,
733 3845 1088 3934 superflua
1135 3843 1484 3929 quaedam
1537 3854 1602 3912 et
1649 3865 1689 3910 a
1737 3843 2073 3912 canonica
2137 3844 2627 3913 constitutione
2692 3841 2915 3911 aliena
2954 3898 2968 3924 ,
3013 3845 3105 3913 ab

547 3933 699 4022 ejus
748 3934 1028 4022 regulae
1078 3930 1583 4022 professoribus
1632 3930 1783 4020 pari
1832 3931 2060 4000 studio
2108 3931 2458 4000 observari
2515 3930 2572 3998 *.
2629 3934 2938 4016 Cumque
3000 3931 3106 4000 illi

547 4035 899 4111 urgerent,
939 4034 1017 4090 ut
1062 4042 1141 4089 ea
1189 4030 1639 4109 expromeret,
1682 4018 1956 4087 tandem
1992 4019 2290 4088 crimina
2338 4019 2598 4099 recitat,
2640 4019 3108 4108 nempeipsos

549 4131 718 4179 suae
766 4108 1046 4198 regulae
1094 4108 1347 4178 habere
1394 4105 1774 4187 cochleam,
1828 4127 2037 4191 quam
2087 4129 2248 4176 cum
2302 4107 2709 4184 lamberent,
2765 4128 2917 4175 eam
2959 4129 3109 4176 cre-

548 4199 674 4268 bro
723 4197 923 4286 signo
970 4195 1199 4265 crucis
1248 4194 1535 4284 signari,
1588 4207 1654 4263 et
1706 4195 1772 4262 in
1825 4194 2148 4285 ingressu
2184 4194 2560 4284 cujuslibet
2607 4193 2947 4263 domicilii
2998 4195 3109 4263 in-

549 4298 653 4355 tra
681 4283 1119 4364 coenobium,
1160 4296 1295 4352 tam
1334 4284 1420 4352 ab
1451 4283 1838 4351 introeunte
1863 4304 2074 4368 quam
2107 4283 2519 4373 egrediente,
2552 4281 3111 4353 benedictionem

601 4403 625 4426 ²
659 4400 780 4443 Not·
795 4400 1111 4452 perridicula
1133 4399 1340 4450 agrestii
1356 4399 1526 4439 contra
1543 4399 1799 4440 Monachoe
1817 4399 2122 4448 objectiones,
2141 4401 2190 4441 ot
2212 4401 2255 4440 S.
2273 4399 2483 4440 Eustasu
2503 4407 2744 4448 responsa.
