3327 4999
679 311 807 376 368
1299 327 1376 372 ΒΕ
1424 326 1515 373 ss.
1570 324 1934 374 LANnoALuo
1983 326 2058 373 m·
2105 320 2383 374 maimo
2741 308 2987 374 MART.
3050 309 3146 375 ⁴9

598 436 758 484 cum
826 413 998 483 alias
1063 410 1432 501 diligenter
1494 408 1581 479 sit
1648 409 2097 501 descriptum.
2166 411 2287 479 His
2355 432 2516 499 ergo
2585 411 2992 491 miraculiS,
3061 423 3150 481 ut

599 502 1008 594 simpliciter
1057 512 1331 590 propter
1376 499 1755 570 nescientes
1803 499 2143 589 prosecuti
2210 521 2489 580 sumus,
2542 499 2637 568 ita
2685 500 3003 589 peractis,
3061 500 3147 570 in

597 593 622 661 i
675 614 749 661 so
807 589 1269 661 sacratissimo
1327 588 1718 657 Dominicae
1765 588 2329 657 Annunciationis
2387 600 2590 674 atque
2638 588 3150 661 incarnationis

599 614 711 749 (iio
737 687 1214 781 pervenerunt,
1244 681 1372 745 Deo
1402 676 1688 758 volente,
1723 676 1809 745 ad
1844 676 2063 748 sancti
2092 677 2377 746 Bavonis
2420 677 2913 747 monasterium
2944 677 3144 764 quod

599 768 981 838 rectissime
1028 770 1306 835 vocatur
1366 766 1721 836 Gaudense
1767 765 2198 835 coenobium.
2256 770 2333 833 Et
2379 787 2541 834 cum
2592 764 2824 835 fideles
2872 767 3148 854 quique

595 856 682 926 ad
732 857 963 925 beatas
1016 854 1344 941 reliquias
1391 854 1702 942 undique
1747 877 1906 924 cum
1955 853 2367 924 exultatione
2414 854 2633 924 nimia
2670 855 3138 939 confluerent,

598 945 934 1034 quaedam
975 943 1225 1013 mulier
1271 943 1564 1012 aliorum
1601 943 1925 1013 manibus
1962 943 2282 1021 adducta,
2326 942 2654 1014 continuo
2700 954 2801 1013 est
2849 965 2973 1035 per
3020 966 3146 1014 eo-

598 1055 755 1103 rum
809 1032 1050 1103 merita
1106 1032 1521 1102 illuminata.
1580 1036 1843 1103 Fratres
1901 1054 2052 1101 vero
2100 1031 2546 1112 devotissimi,
2585 1031 2944 1101 merito·in
3005 1033 3138 1103 ad-

601 1134 812 1191 ventu
872 1126 1275 1191 Sanctorum
1342 1120 1595 1211 gaudio
1659 1142 1912 1211 magno
1967 1142 2131 1211 prae
2195 1120 2479 1190 caeteris
2525 1131 2689 1189 sunt
2734 1120 3002 1211 repleti,
3055 1144 3143 1191 ac

603 1210 893 1303 proinde
942 1210 1230 1281 solemni
1279 1231 1466 1278 more
1504 1209 1750 1291 vestiti,
1788 1232 1949 1278 cum
1998 1210 2316 1278 universo
2361 1208 2822 1279 ecclesiastico
2854 1222 3137 1293 ornatu,

601 1312 667 1370 et
699 1300 969 1369 infinito
1001 1298 1276 1388 agmine
1322 1297 1631 1385 undique
1678 1298 2172 1368 confluentium
2230 1298 2666 1387 populorum,
2718 1298 2995 1368 obviam
3050 1300 3143 1369 de

601 1389 804 1458 tono-e
855 1386 1210 1478 psallendo
1243 1387 1611 1468 venienteS,
1665 1386 1937 1456 easdem
1991 1386 2461 1456 sanctissimas
2495 1385 2822 1473 reliquias
2852 1400 3137 1458 ovantes

602 1478 673 1546 in
746 1498 1049 1545 mmeros
1099 1498 1260 1545 suos
1326 1489 1799 1566 susceperunt,
1852 1487 1919 1545 et
1966 1475 2035 1544 in
2085 1474 2441 1544 basilicam
2497 1496 2684 1549 cum.
2718 1475 3136 1547 exultatione

600 1588 853 1655 magna
879 1564 1436 1665 introduxerunt,
1477 1585 1658 1632 anno
1697 1566 1783 1634 ab
1814 1564 2284 1634 incarnatione
2312 1563 2579 1632 Domini
2608 1565 3134 1655 nongentesimo

598 1668 1035 1745 octogefflmo.
2569 1677 2572 1680 ·

691 1746 727 1830 ἓ
787 1747 920 1814 ίῖ.
974 1741 1324 1812 Gloriosus
1371 1741 1441 1809 in
1479 1742 1734 1813 sanctis
1762 1742 1906 1810 suis
1937 1741 2128 1810 omni
2179 1751 2371 1811 otens
2401 1740 2755 1822 Dominu8‚
2791 1741 3133 1812 mirabilis

601 1832 675 1900 in
731 1832 1084 1919 majestate
1130 1852 1295 1911 sua,
1362 1829 1619 1899 faciens
1667 1830 2014 1900 mirabilia
2061 1852 2135 1900 so
2169 1852 2272 1912 US,
2328 1829 2655 1899 dilectum
2704 1851 2914 1900 suum
2968 1837 3135 1900 Lan-

602 1919 955 2001 doaldum,
1006 1919 1291 2007 ejusque
1320 1919 1540 1987 socios
1588 1917 1992 2010 glorificavit
2041 1918 2417 1988 multarum
2467 1920 2795 1987 virtutum
2833 1919 3131 2011 insigni-

601 2009 757 2078 bus.
797 2014 953 2097 Ipso
1001 2008 1184 2077 enim
1225 2007 1347 2093 qui
1403 2007 1635 2076 futura
1674 2008 2057 2099 praevidet,
2114 2007 2496 2086 ordinante,
2542 2030 2621 2076 ac
2667 2007 2954 2078 domino
3002 2009 3129 2078 Ab·-

605 2099 760 2168 bate
809 2103 1118 2167 Womaro
1157 2096 1465 2185 jubente,
1505 2117 1663 2164 cum
1711 2095 1903 2166 omni
1951 2096 2307 2196 diligentia
2339 2118 2461 2185 pro
2492 2094 2944 2185 possibilitate
2970 2109 3131 2166 tem-

603 2186 792 2277 poris
824 2186 1024 2276 positi
1055 2196 1218 2255 sunt
1251 2185 1320 2253 in
1352 2198 1592 2275 crypta
1637 2189 1920 2255 Sanctae
1954 2190 2201 2254 Mariae
2225 2184 2523 2275 Virginis
2552 2184 2790 2254 honori
2820 2185 3132 2255 dedicata

601 2297 961 2362 quousque
1013 2274 1217 2343 latius
1252 2272 1856 2346 manifestarentur
1883 2295 2120 2344 eorum
2178 2274 2441 2354 merita,
2479 2284 2544 2341 et
2589 2272 2994 2342 meritorum
3042 2288 3134 2343 te—

606 2364 952 2433 stimonia.
1009 2368 1272 2431 Interea
1330 2362 1661 2431 Dominus
1712 2374 2102 2432 sanctorum
2145 2384 2279 2431 non
2322 2362 2705 2444 immemor,
2759 2362 2987 2452 coepit
3032 2384 3135 2432 re-

602 2451 858 2539 liquias
906 2473 1129 2542 nuper
1176 2450 1457 2533 delatas,
1493 2474 1572 2521 ac
1621 2450 1769 2522 sine
1815 2450 2041 2521 debito
2074 2450 2329 2521 honore
2366 2449 2732 2541 deposita5‚
2771 2451 3133 2522 miraculis

603 2542 843 2611 multis
892 2541 1299 2631 glorificare,
1338 2554 1402 2609 et
1447 2539 1631 2626 quod
1682 2562 1875 2609 verae
1918 2540 2246 2626 reliquiae
2292 2552 2538 2620 essent,
2586 2540 2854 2610 cunctis
2906 2541 3134 2610 mani-

593 2629 871 2721 festare.
903 2636 1065 2700 Nam
1096 2628 1277 2698 caeci
1305 2628 1562 2698 ibidem
1588 2629 2028 2720 recipiebant,
2063 2633 2191 2697 Deo
2220 2640 2587 2709 annuente,
2620 2630 2870 2707 visum,
2896 2628 3134 2699 claudi

601 2741 957 2808 gressum,
1030 2719 1259 2787 manci
1306 2717 1916 2797 restaurationem,
1969 2731 2172 2803 atque
2224 2718 2431 2787 variis
2482 2717 2792 2808 oppressi
2845 2719 3130 2808 languo-

599 2808 795 2877 ribus
852 2806 1413 2896 perfectissimam
1477 2805 1791 2877 coelestis
1839 2806 2219 2876 medicinae
2272 2807 2882 2896 recuperationem.
2942 2813 3130 2876 Tunc

600 2895 1028 2966 Christianus
1079 2894 1398 2984 populus,
1455 2916 1579 2964 seu
1629 2917 1837 2986 prope
1884 2917 2006 2966 seu
2058 2895 2294 2986 procul
2356 2894 2642 2986 posituS,
2700 2917 2860 2965 cum
2911 2895 3129 2965 cereis

597 2994 663 3053 et
694 2984 901 3054 variis
949 2983 1414 3053 oblationibus
1463 2982 1627 3052 illuc
1668 2996 2019 3064 venerunt,
2053 2995 2119 3052 et
2164 3006 2394 3053 coram
2443 2984 2613 3072 ipsis
2653 2983 2969 3071 reliquiis
2999 2989 3129 3054 Deo

596 3072 1020 3141 incessanter
1067 3094 1190 3161 pro
1239 3072 1759 3142 necessitatibus
1808 3083 1957 3142 vota
2000 3084 2352 3141 voverunt.
2391 3074 2609 3164 Igitur
2654 3072 2824 3142 dum
2875 3072 3044 3142 haec
3089 3094 3130 3140 a

600 3166 733 3230 Deo
764 3172 831 3229 et
861 3184 980 3251 per
1010 3166 1219 3229 Deum
1269 3172 1632 3250 agerentur
1679 3161 1749 3229 in
1800 3160 2143 3242 GandaVO,
2179 3172 2755 3231 consurrexerunt
2801 3160 3130 3230 adversus

600 3249 968 3320 Dominum
1028 3260 1093 3318 et
1132 3249 1460 3320 adversus
1508 3249 1806 3319 Christos
1852 3251 2003 3351 ejus
2034 3249 2320 3337 quidam
2381 3250 2449 3319 in
2500 3249 2750 3339 spiritu
2798 3250 3127 3340 maligne,

598 3339 721 3426 qui
770 3338 968 3428 signa
1017 3338 1287 3407 Domini
1323 3338 1625 3408 videntes
1676 3361 1810 3409 non
1844 3338 2184 3420 videbant,
2222 3352 2287 3407 et
2333 3338 2669 3408 miracula
2718 3344 3129 3408 Sanctorum

602 3427 961 3497 audientes
994 3448 1130 3495 non
1179 3426 1672 3516 intelligebant,
1725 3440 1787 3497 et
1843 3428 1911 3496 in
1962 3450 2099 3509 eos,
2138 3440 2462 3515 tanquam
2514 3428 2584 3496 in
2638 3442 2944 3497 mortuos
2987 3448 3132 3494 ma·

599 3516 966 3606 lignanteS‚
1002 3516 1367 3585 consilium
1403 3528 1468 3585 et
1500 3515 1853 3586 infamiam
1907 3516 2516 3606 promulgaverunt
2546 3538 2766 3603 usque
2813 3516 2901 3584 ad
2952 3515 3134 3585 Rhe·

600 3605 946 3676 mensium
1000 3605 1533 3696 archipraesulis
1567 3605 2012 3675 audientiam.
2051 3605 2272 3675 Abbas
2318 3627 2473 3675 vero
2519 3617 2584 3675 et
2622 3605 2863 3676 fratres
2911 3603 3134 3674 sancti

598 3694 911 3774 Bavonis,
977 3693 1249 3763 excitati
1294 3693 1436 3762 zelo
1494 3694 1743 3763 domus
1802 3694 2104 3774 Domini,
2139 3705 2205 3764 et
2252 3692 2527 3763 illorum
2578 3692 2961 3783 spiritualis
3018 3715 3136 3762 ne-

601 3783 858 3868 quitiae
922 3782 1279 3851 mendacio
1327 3796 1391 3852 et
1447 3783 1660 3852 errori
1708 3794 2128 3873 opponentes
2175 3794 2446 3852 scutum
2498 3782 2658 3851 fidei
2703 3795 2770 3852 et
2866 3782 3132 3851 ladium

602 3871 831 3940 Sancti
882 3870 1175 3961 Spiritus
1207 3927 1221 3953 ‚
1285 3871 1568 3962 profecti
1616 3884 1778 3941 sunt
1825 3872 2120 3941 Rhemos
2185 3859 2435 3941 stafuta
2481 3870 2592 3940 die
2638 3893 2833 3941 conci
2867 3871 2944 3940 ii.
3012 3868 3134 3940 Ubi

602 3958 793 4028 lectis
841 3971 906 4029 et
955 3959 1221 4030 relectis
1256 3962 1522 4031 actibus
1550 3965 1977 4042 Sanctorum,
2015 3971 2080 4029 et
2112 3959 2388 4030 veritate
2418 3961 2697 4050 probata
2725 3960 2810 4030 de
2841 3959 3128 4038 SanctiS,

606 4048 1003 4118 auctoritate
1050 4049 1360 4118 omnium
1412 4049 1890 4140 episcoporum
1941 4053 2278 4118 sancitum
2309 4060 2408 4118 est
2438 4051 2525 4119 ab
2555 4049 2745 4119 omni
2794 4057 3137 4120 conventu

610 4136 1073 4226 synodalium,
1127 4139 1420 4207 exaltare
1470 4142 1748 4209 Sanctos
1796 4138 1977 4207 intra
2023 4138 2517 4207 sanctuarium.

688 4228 724 4312 ξ
791 4230 923 4297 18.
979 4228 1362 4296 Redeuntes
1410 4227 1622 4316 igitur
1646 4250 1687 4296 a
1716 4227 2004 4297 concilio
2034 4227 2246 4296 abbas
2278 4239 2342 4296 et
2380 4226 2725 4308 monachi,
2763 4226 3130 4296 dominum

606 4314 1075 4405 Lindulphum
1126 4315 1642 4385 Noviomensem
1691 4315 2092 4406 episcopum
2155 4315 2446 4396 adeunt,
2516 4336 2678 4385 cum
2738 4317 3138 4385 auctoritate

600 4403 1103 4495 archiepiscopi
1157 4415 1455 4486 monent,
1517 4415 1714 4474 orant
1759 4417 1824 4475 et
1869 4405 2238 4497 impetrant
2284 4404 2484 4475 illum
2515 4405 2844 4476 interesse
2895 4416 3139 4477 statuto
