3327 4999
642 333 770 399 304
1347 347 1426 394 m:
1472 347 1529 395 s.
1583 345 1863 395 nmmo
1903 345 2298 396 comessoris
2698 329 2948 399 MART.
3005 331 3089 397 46

560 434 705 506 illic
732 457 976 505 rursus
1011 432 1375 512 venissent,
1405 443 1470 501 et
1507 452 1665 501 eum
1698 442 1995 501 orantem
2023 431 2467 515 invenissent,
2498 454 2585 502 ne
2615 444 2779 502 tunc
2803 433 3087 521 quidem

558 535 932 626 potuerunt
981 522 1047 593 id
1078 520 1254 591 serre
1302 519 1671 590 moderate:
1727 519 1842 590 sed
1886 540 2045 590 cum
2093 520 2157 590 ei
2205 520 2443 612 plagas
2490 521 2773 613 priores,
2818 536 2938 593 aut
2987 535 3091 593 et-

552 636 694 682 iam
750 613 967 683 multo
1031 610 1324 701 majores
1400 608 1893 699 imposuissent
1930 622 1995 679 et
2039 630 2197 679 eum
2249 609 2596 681 similibus
2645 611 2940 681 vinculis
2988 610 3090 681 al·

553 701 886 792 ligassent
915 711 981 771 et
1029 699 1413 777 traxissent,
1461 697 1700 787 procul
1741 720 1781 767 a
1826 696 1968 768 vico
2015 699 2467 789 projecerunt.
2517 704 2592 768 In
2645 699 2753 772 his
2800 722 2962 791 ergo
3010 721 3088 770 se

553 803 690 861 tres
723 812 940 860 annos
969 788 1294 877 deinceps
1352 785 1611 857 fortiter
1666 786 1876 878 gessit
1920 788 2311 869 AbramiuS,
2368 809 2502 857 non
2579 788 2880 870 fractus,
2944 809 3085 859 non

553 879 828 960 cedens,
883 900 1007 947 nec
1042 876 1168 945 ulli
1203 875 1379 945 male
1411 874 1840 965 imprecans:
1895 875 2004 945 sed
2042 877 2198 946 odio
2229 877 2629 947 charitatem
2665 877 3080 968 adjungens,

553 967 698 1038 irae
746 964 1371 1045 mansuetudinem,
1426 963 1810 1034 maledictis
1857 964 2398 1047 benedictioneS,
2463 965 2867 1047 admonens,
2920 988 3090 1036 con-

554 1057 814 1129 sulens.
869 1055 1263 1134 adhortans,
1321 1074 1539 1133 seneS,
1576 1052 2052 1135 adolescentes,
2088 1076 2387 1135 omnem,
2426 1066 2505 1125 ut
2562 1055 2772 1126 semel
2823 1055 3080 1139 dicam,

552 1156 863 1226 aetatem,
929 1155 1007 1213 ut
1044 1155 1293 1245 patres,
1346 1152 1423 1212 ut
1469 1141 1673 1222 filios,
1726 1156 1800 1210 ut
1846 1141 2100 1223 fratres,
2156 1142 2467 1230 nihilque
2512 1144 2796 1213 omnino
2844 1158 3080 1214 osten-

553 1234 724 1303 dens
770 1232 953 1319 quod
1005 1245 1092 1301 sit
1126 1230 1359 1321 pusilli
1406 1242 1472 1299 et
1517 1230 1763 1319 abjecti
1790 1230 2032 1299 animi:
2088 1232 2202 1302 sed
2254 1254 2325 1302 re
2375 1233 2523 1333 ipsa
2556 1232 2856 1323 implens
2903 1254 3086 1320 quae

554 1334 720 1393 sunt
758 1321 976 1391 divini
1024 1319 1295 1391 Davidis
1351 1332 1416 1389 et
1464 1319 1640 1389 inter
1705 1318 2128 1389 necessitates
2166 1332 2230 1391 et
2286 1320 2686 1392 afflictiones
2743 1320 3087 1392 meditans

555 1424 920 1502 praecepta
967 1409 1259 1480 Domini.
1296 1414 1576 1498 Propter
1625 1408 1791 1478 haec
1840 1407 1908 1476 in
1961 1407 2178 1508 ipsum
2232 1409 2465 1479 floruit
2510 1408 2660 1500 ejus
2691 1410 3088 1480 sanetifica-

553 1501 671 1570 tin.
727 1504 891 1569 Nam
935 1521 1091 1568 cum
1136 1509 1411 1588 repente
1457 1496 1935 1567 convenissent
1981 1495 2072 1565 illi
2119 1496 2238 1584 qui
2274 1520 2495 1588 nuper
2540 1510 2736 1568 erant
2782 1499 2980 1590 impii
3020 1510 3088 1569 et

558 1588 874 1658 infideles
918 1588 1064 1745 SEst
1111 1600 1339 1657 autem
1400 1586 1529 1655 hoc
1560 1586 1677 1655 Dei
1726 1586 2008 1655 omnino
2044 1588 2167 1673 qui
2224 1587 2420 1657 docet
2469 1587 2817 1656 hominem
2867 1588 3089 1659 scien·
3176 1615 3181 1620 ·

554 1679 718 1747 tiam
769 1689 834 1746 et
882 1676 926 1745 il
966 1676 1071 1744 ius
1104 1676 1361 1766 gratiae
1397 1673 1471 1743 in
1520 1674 1971 1764 Abramium),
2022 1695 2386 1762 omnesque
2431 1675 2552 1763 qui
2602 1675 2801 1745 illum
2851 1677 3087 1747 vicum

555 1765 980 1846 habitabant,
1032 1764 1427 1854 congregati
1473 1774 1723 1844 essent,
1775 1774 1839 1832 et
1884 1774 1962 1832 ut
2017 1775 2109 1832 est
2165 1776 2699 1835 consentaneum
2752 1765 2824 1834 in
2884 1776 3086 1835 coetu

556 1853 1050 1934 multitudiniS,
1104 1873 1453 1922 sermones
1500 1852 1691 1921 omni
1739 1872 1819 1921 ex
1880 1864 2070 1943 parte
2109 1852 2559 1935 haberentur,
2624 1875 2731 1924 res
2779 1854 3088 1923 Abramii

555 1943 627 2012 in
666 1942 967 2011 medium
1018 1941 1492 2011 adducebatur
1516 1954 1583 2010 et
1629 1941 1940 2011 omnium
1989 1942 2195 2010 animi
2258 1942 2729 2032 implebantur
2777 1942 3086 2012 admira-

554 2031 758 2100 tione.
800 2036 1034 2117 Itaque
1083 2051 1241 2100 cum
1296 2052 1453 2120 prae
1493 2044 1771 2120 stupore
1808 2030 1879 2098 in
1923 2050 2233 2119 magnam
2266 2030 2549 2101 adducti
2595 2043 2826 2100 essent
2872 2031 3085 2100 dubi-

557 2120 922 2190 tationem:
978 2119 1250 2199 Videtis,
1286 2119 1604 2188 dicebant
1649 2119 1828 2188 inter
1865 2140 1937 2187 se
1981 2118 2288 2199 invicem,
2323 2119 2558 2206 qualia
2591 2142 2632 2189 a
2665 2119 2864 2190 nobis
2906 2119 3087 2190 facta

553 2219 718 2278 sunt
763 2208 1091 2277 adversus
1137 2207 1557 2277 Abramium:
1598 2207 1714 2277 ille
1760 2219 1986 2276 autem
2034 2219 2231 2292 quam
2273 2208 2568 2298 benigne
2599 2219 2664 2276 et
2710 2208 3085 2279 clementer

553 2297 623 2366 in
677 2319 801 2366 nos
834 2320 904 2367 se
933 2297 1127 2387 gerit,
1165 2319 1513 2384 quamque
1544 2296 1807 2367 fortiter
1838 2318 1915 2364 ac
1941 2317 2256 2386 generose
2304 2296 2459 2365 tulit
2495 2297 2878 2384 mala'quae
2916 2308 3088 2368 sunt

552 2385 803 2455 illata?
833 2386 1127 2455 Omnino
1177 2385 1312 2454 nisi
1371 2396 1549 2454 esset
1596 2406 1748 2455 vere
1799 2389 1972 2453 Deus
2020 2384 2262 2470 aliquis
2309 2398 2627 2457 aeternus
2686 2399 2752 2455 ct
2798 2386 3089 2456 immor-

554 2474 709 2545 talis
756 2475 876 2563 qui
924 2484 1142 2566 potest
1174 2495 1296 2565 pro
1327 2474 1639 2545 laborum
1676 2473 1934 2543 meritis
1973 2472 2245 2543 reddere
2291 2475 2899 2555 remunerationes,
2941 2495 3083 2546 non

554 2564 962 2634 ostendisset
1010 2577 1267 2633 tantam
1335 2585 1457 2653 pro
1504 2563 1654 2653 ipso
1725 2562 2175 2631 tolerantiam.
2240 2568 2440 2634 Porro
2509 2574 2740 2633 autem
2792 2564 3085 2635 deorum

552 2664 943 2724 nostrorum
992 2653 1330 2743 imagines
1378 2650 1620 2721 videtis
1667 2672 1876 2738 quam
1927 2649 2122 2719 facile
2173 2662 2237 2720 et
2279 2652 2447 2721 citra
2494 2652 2720 2722 ullum
2772 2651 3084 2723 laborem

555 2742 812 2820 evertit,
854 2763 1075 2827 neque
1122 2741 1310 2810 ullus
1356 2761 1436 2809 ex
1486 2740 1570 2809 iis
1602 2739 1736 2808 diis
1788 2739 2004 2829 potuit
2048 2761 2089 2808 a
2137 2760 2206 2807 se
2253 2740 2651 2831 propulsare
2701 2741 3085 2832 injuriam?

640 2833 677 2918 ἓ
740 2836 888 2903 1².
942 2835 1123 2899 Haec
1163 2828 1265 2898 illi
1312 2828 1589 2917 quidem
1633 2828 1809 2897 inter
1840 2850 1911 2898 se
1958 2827 2303 2897 dicebant:
2357 2834 2529 2900 Deus
2576 2841 2805 2899 autem
2847 2830 3078 2900 verbis

551 2917 761 2988 finem
811 2919 1140 3009 imposuit
1185 2917 1726 2988 convenientem.
1780 2915 1836 2985 Ii
1875 2917 2059 2985 enim
2109 2917 2409 3005 protinus
2459 2918 2723 2987 incitati
2769 2918 3067 2998 animis,

553 3007 906 3077 dixerunt:
946 3007 1184 3078 Adeste
1231 3027 1493 3086 omnes,
1555 3006 1642 3074 ad
1695 3005 1903 3094 hujus
1950 3005 2113 3074 boni
2161 3005 2287 3075 viri
2327 3029 2550 3097 genua
2597 3007 3070 3098 procidamuS,

554 3097 1056 3167 consentientes
1104 3101 1235 3165 Deo
1281 3095 1402 3182 qui
1450 3095 1536 3164 ab
1583 3093 1734 3184 ipso
1792 3093 2246 3183 praedicatur.
2284 3093 2465 3177 Quae
2511 3095 2928 3183 simulatque
2975 3096 3084 3165 di-

552 3185 834 3266 xissent,
887 3195 1312 3254 concurrunt
1342 3183 1657 3274 protinus
1718 3183 1804 3252 ad
1853 3182 2212 3273 templum,
2275 3195 2612 3272 tamquam
2649 3188 2788 3254 una
2839 3185 3086 3276 lingua

553 3285 619 3343 et
656 3275 889 3343 anima
917 3272 1314 3343 clamantes:
1351 3272 1578 3343 Gloria
1610 3271 1734 3342 tibi
1766 3278 1897 3342 Deo
1927 3270 2121 3353 coeli,
2158 3272 2277 3357 qui
2310 3273 2544 3342 misisti
2572 3295 2844 3342 servum
2879 3286 3084 3343 tuum

554 3362 980 3442 Abramium‚
1035 3375 1112 3432 ut
1141 3383 1265 3433 nos
1312 3384 1353 3431 a
1400 3361 1934 3431 simulacrorum
1978 3361 2294 3430 liberaret
2337 3360 2643 3452 caligine.
2682 3362 2874 3445 Quod
2923 3362 3086 3449 qui-

559 3449 715 3520 dem
766 3472 924 3520 cum
975 3450 1090 3519 ille
1138 3453 1378 3521 beatus
1409 3450 1690 3520 vidisset
1743 3461 2010 3541 praeter
2045 3471 2319 3519 omnem
2363 3472 2573 3540 spem,
2629 3450 2961 3520 ineffabili
3009 3452 3084 3519 in

556 3539 760 3609 corde
808 3538 1110 3622 repletus
1158 3538 1435 3618 laetitia,
1492 3552 1767 3629 repente
1816 3549 2088 3629 tempus
2126 3559 2390 3625 quoque
2437 3538 2699 3629 arripit:
2737 3551 2824 3623 et,
2859 3545 2912 3609 O
2961 3561 3084 3630 pa-

557 3639 695 3697 tres
743 3626 813 3695 in
866 3628 1153 3698 Domino
1199 3640 1265 3697 et
1324 3628 1452 3698 filii
1514 3640 1580 3697 et
1627 3626 1912 3706 fratres,
1975 3627 2238 3713 inquit,
2291 3625 2508 3697 adeste
2552 3641 2618 3698 et
2665 3633 2797 3697 Deo
2868 3628 3084 3697 simul

555 3716 931 3785 reddamus
979 3717 1268 3807 gloriam
1326 3717 1446 3805 qui
1513 3728 1653 3786 tam
1723 3716 2221 3786 admirabiliter
2271 3728 2335 3785 et
2382 3738 2617 3786 arcane
2663 3716 3086 3787 illuminavit

558 3818 819 3874 vestros
868 3805 1139 3875 animae
1169 3805 1453 3876 oculos:
1491 3816 1556 3876 et
1602 3806 1889 3896 accipite
1938 3803 2374 3895 signaculum
2415 3828 2450 3874 s
2502 3806 2719 3876 iritus.
2772 3805 3086 3875 Accedite

559 3892 643 3962 ad
698 3894 928 3983 ipsum
968 3907 1034 3964 et
1084 3894 1616 3964 illuminemini:
1684 3906 1749 3964 et
1796 3892 2000 3963 vestri
2051 3893 2279 3965 vultus
2355 3915 2440 3984 pu
2492 3917 2601 3965 ore
2646 3916 3088 3983 nequaquam

555 3981 967 4052 afficientur.
1007 3983 1129 4055 His
1158 3984 1381 4055 verbis
1414 3984 1780 4074 conjungit
1809 3982 2015 4053 etiam
2047 3982 2429 4052 doctrinam
2456 3984 2774 4053 veritatis.
2817 3989 2893 4052 Et
2923 4005 3087 4053 cum

554 4071 902 4158 quomodo
950 4073 1225 4142 credere
1255 4086 1583 4163 oporteat,
1617 4072 1842 4141 verbis
1871 4082 2047 4142 esset
2083 4084 2497 4162 persecutuS,
2536 4093 2644 4144 eos
2673 4072 2742 4141 in
2781 4072 3088 4142 filiorum

555 4159 991 4250 adoptionem
1045 4162 1368 4233 adsciscit
1415 4184 1537 4251 per
1584 4161 2034 4251 baptismum,
2088 4181 2249 4229 cum
2299 4173 2520 4231 essent
2567 4182 2851 4230 numero
2904 4162 3093 4230 circa

553 4249 767 4319 mille.
823 4255 898 4320 Et
943 4250 1268 4340 deinceps
1313 4262 1459 4320 erat
1533 4249 1796 4319 multus
1868 4249 1940 4317 in
1991 4248 2092 4318 eis
2154 4248 2460 4336 quotidie
2526 4249 2978 4320 admonendis
3026 4260 3094 4320 et

553 4335 906 4409 docendis.
961 4340 1071 4409 Illi
1133 4352 1363 4409 autem
1416 4351 1766 4428 tamquam
1833 4338 2015 4408 bona
2073 4351 2251 4408 terra
2308 4349 2372 4408 et
2432 4337 2700 4429 pinguis
2756 4350 2820 4409 et
2886 4338 3092 4428 aquis
