3327 4999
658 320 789 386 432
1415 336 1493 381 nii
1542 335 1599 382 S.
1652 333 1999 383 nnunmcro
2046 333 2289 379 ABBATE
2738 312 2987 377 MART.
3039 313 3116 377 2⁴

565 429 829 508 patrem
860 414 1220 503 quaesivit.
1262 412 1383 483 Cui
1422 434 1585 482 cum
1616 413 1881 482 dictum
1915 425 2115 493 esset,
2152 411 2316 499 quia
2350 410 2534 480 idem
2568 421 2766 511 pater
2797 431 2958 478 cum
2991 408 3136 478 fra-

562 506 785 575 tribus
823 505 890 572 in
941 524 1107 602 agro
1158 515 1565 581 moraretur,
1611 503 1929 591 protinus
1978 512 2135 569 ante
2187 499 2585 568 monasterii
2625 499 2927 598 ‚januam
2974 518 3130 566 cor-

563 615 697 683 pus
744 592 1024 661 ex‘tincti
1083 589 1211 658 filii
1261 589 1586 678 projecit,
1654 601 1721 657 et
1768 587 2004 657 dolore
2063 588 2417 668 turbatus,
2480 586 2567 655 ad
2629 584 3130 654 inveniendum

562 678 1024 748 venerabilem
1060 689 1323 766 patrem
1375 699 1522 746 sese
1571 677 1641 744 in
1693 697 1981 745 cursum
2028 674 2345 744 concitus
2394 674 2606 743 dedit.
2661 672 2916 742 Eadem
2970 694 3130 741 vero

562 768 735 837 hora
775 766 876 834 vir
918 765 1032 833 Dei
1080 766 1166 834 ab
1207 765 1358 855 agri
1387 786 1592 854 opere
1629 765 1779 854 jani
1820 785 1980 832 cum
2011 762 2344 832 fratribus
2383 761 2876 831 revertabatur.
2911 765 3132 841 Quem

565 877 723 924 mox
772 865 849 922 ut
895 853 1179 921 orbatus
1228 852 1534 922 rusticus
1580 852 1868 941 aspexit,
1903 851 2205 920 clamare
2251 850 2516 938 coepit:
2574 849 2862 917 «Redde
2894 847 3130 948 filium

566 962 825 1021 meum,
868 940 1075 1008 redde
1121 940 1344 1008 filium
1397 962 1718 1008 meum.»
1770 939 1883 1007 Vir
1930 951 2160 1007 autem
2190 938 2305 1006 Dei
2337 937 2403 1005 in
2432 937 2562 1005 hac
2593 957 2755 1005 voce
2789 935 3121 1017 substitit,

567 1029 847 1097 dicens:
903 1050 939 1094 «
974 1027 1321 1113 Numquid
1372 1049 1497 1117 ego
1548 1026 1773 1095 filium
1826 1037 2024 1095 tuum
2074 1025 2200 1094 tibi
2267 1024 2632 1094 abstuli?»
2692 1024 2814 1092 Cui
2861 1022 2968 1091 illi
3017 1044 3125 1092 re—

567 1115 886 1203 spondit:
942 1121 1306 1183 «Mortuus
1353 1127 1486 1184 est:
1544 1114 1720 1193 veni,
1769 1114 2104 1183 resuscita
2144 1135 2389 1181 euni.»
2439 1111 2633 1194 Quod
2677 1123 2962 1180 ut.niox
3010 1111 3127 1179 Dei

569 1201 878 1271 famulus
910 1202 1194 1282 audivit,
1228 1201 1423 1282 valde
1469 1203 1915 1270 contristatus
1962 1213 2086 1281 est,
2122 1200 2397 1271 dicens:
2453 1199 2824 1269 «Recedite
2851 1199 3120 1279 fratreS,

568 1290 905 1360 recedite:
962 1291 1128 1358 haec
1163 1302 1394 1359 nostra
1427 1311 1561 1359 non
1594 1301 1778 1369 sunt,
1818 1288 1936 1357 sed
1965 1300 2365 1358 sanctorum
2402 1287 2906 1376 Apostolorum.
2946 1285 3126 1368 Quid

570 1378 771 1446 nobis
819 1398 1028 1445 onera
1076 1376 1284 1447 vultis
1332 1378 1690 1466 imponere
1749 1397 1927 1461 quae
1984 1397 2120 1445 non
2173 1397 2548 1464 possumus
2599 1377 2924 1465 portare?
2967 1396 3004 1440 »
3053 1380 3130 1442 At

567 1465 709 1545 ille,
762 1486 969 1550 quem
1023 1464 1285 1533 nimius
1347 1466 1634 1533 currebat
1681 1464 1899 1544 dolor,
1952 1463 2025 1531 in
2076 1485 2204 1531 sua
2252 1462 2580 1553 petitione
2640 1462 2962 1552 perstitit,
3006 1461 3127 1550 ju-

564 1574 770 1632 ranS,
825 1551 1008 1637 quod
1071 1573 1207 1619 non
1267 1519 1652 1632 recederet,
1718 1552 1851 1619 nisi
1900 1551 2056 1637 ejus
2105 1550 2331 1619 filium
2381 1550 2844 1620 resuscitaret.
2900 1554 3120 1631 Quem
3183 1619 3188 1624 Δ

567 1662 727 1708 mox
778 1639 892 1707 Dei
941 1638 1249 1708 famulus
1298 1638 1678 1724 inquisivit,
1720 1638 1991 1708 dicens:
2047 1638 2233 1706 «Ubi
2280 1641 2477 1706 esst»
2530 1638 2651 1706 Cui
2695 1637 2811 1705 ille
2842 1657 3129 1726 respon—

569 1726 710 1795 dit:
767 1731 998 1794 «Ecce
1044 1747 1298 1815 corpus
1345 1727 1497 1815 ejus
1528 1725 1639 1794 ·a'd
1690 1726 1987 1815 januam
2030 1725 2428 1794 monasterii
2464 1725 2737 1814 jacet.»
2784 1725 2912 1793 Ubi
2968 1745 3128 1793 cum

564 1813 674 1882 vir
720 1814 837 1882 Dei
885 1835 1043 1881 cuin
1107 1812 1438 1882 fratribus
1497 1814 1940 1913 pervenisset,
1994 1813 2181 1881 flexit
2228 1834 2437 1903 genu,
2501 1824 2567 1881 et
2615 1834 2827 1901 super
2873 1833 3127 1900 corpu·-

570 1901 851 1993 sculum‘
888 1901 1173 1971 infantis
1223 1901 1565 1982 incubuit,
1605 1921 1890 1986 seseque
1918 1899 2217 1998 erigens,
2256 1900 2343 1968 ad
2392 1898 2666 1968 coelum
2721 1899 2994 1989 palmas
3041 1911 3133 1969 te·

570 1989 811 2069 tendit,
855 1988 1134 2056 dicens:
1189 2011 1224 2053 «
1258 1988 1563 2068 Domine,
1637 2009 1776 2056 non
1826 1988 2125 2075 aspicias
2174 1998 2451 2077 peccata
2501 2008 2675 2068 mea,
2744 1986 2863 2055 sed
2917 1986 3128 2055 fidem

571 2076 787 2165 hujus
838 2076 1141 2146 hominis
1197 2074 1316 2161 qui
1384 2074 1781 2146 resuscitari
1839 2074 2064 2143 filium
2115 2096 2322 2143 suum
2386 2085 2604 2163 rogat,
2669 2086 2734 2142 et
2795 2074 3006 2142 redde
3056 2073 3126 2141 in

571 2163 704 2232 hoc
768 2162 1260 2252 corpusculum
1331 2163 1639 2232 animam
1700 2184 1912 2248 quam
1976 2162 2347 2232 abstulisti.
2405 2183 2440 2227 »
2509 2161 2626 2230 Vix
2684 2160 2756 2228 in
2817 2162 3130 2230 oratione

572 2250 781 2318 verba
827 2250 1309 2339 compleverat,
1348 2262 1413 2319 et
1460 2250 1889 2341 regrediente
1923 2249 2186 2331 animA,
2227 2251 2323 2318 ita
2374 2248 2876 2337 corpusculum
2929 2248 3130 2337 pueri

569 2358 773 2406 omne
820 2337 1255 2417 contremuit,
1293 2349 1368 2406 ut
1402 2338 1532 2407 sub
1579 2337 1802 2406 oculis
1857 2338 2173 2405 omnium
2204 2336 2324 2423 qui
2365 2337 2676 2416 aderant,
2714 2335 3125 2426 apparuerit

570 2427 1026 2495 concussione
1056 2425 1351 2493 mirifica
1387 2425 1739 2493 tremendo
1790 2423 2183 2514 palpitasse.
2231 2424 2442 2513 Cujus
2491 2446 2647 2492 mox
2699 2445 2989 2493 manum
3025 2434 3126 2492 te-

570 2513 745 2592 nuit,
798 2526 863 2582 et
908 2535 1069 2582 eum
1120 2513 1297 2603 patri
1345 2513 1683 2581 viventem
1732 2524 1938 2599 atque
1976 2511 2399 2581 incolumem
2438 2511 2651 2581 dedit.
2698 2512 2962 2599 Liquet,
3004 2517 3129 2580 Pe-

572 2612 693 2682 tre,
733 2600 899 2686 quia
946 2601 1074 2670 hoc
1126 2599 1541 2669 miraculum
1593 2600 1663 2667 in
1717 2610 2044 2689 potestate
2092 2620 2229 2668 non
2279 2600 2547 2682 habuit,
2583 2599 2769 2687 quod
2820 2611 3133 2690 prostra-

571 2699 682 2758 tus
731 2689 947 2776 petiit,
997 2699 1073 2757 ut
1102 2687 1423 2756 exhibere
1473 2686 1830 2776 potuisset.

660 2777 697 2861 ξ
744 2780 897 2846 88.
937 2776 1273 2855 Quisnam
1321 2773 1471 2852 erit,
1523 2761 1629 2840 id*
1649 2773 1778 2843 hac
1817 2774 1955 2843 vita
1985 2774 2198 2843 Paulo
2237 2774 2627 2856 sublimior,
2673 2773 2793 2861 qui
2844 2773 2929 2843 de
2977 2796 3132 2844 cai·-

575 2861 687 2930 nis
736 2884 905 2930 suae
954 2860 1236 2930 stimulo
1286 2871 1387 2929 ter
1446 2861 1814 2930 Dominum
1881 2864 2180 2951 rogavit,
2233 2875 2300 2930 et
2361 2874 2590 2931 tamen
2639 2862 2824 2948 quod
2887 2862 3128 2942 voluit,

571 2948 882 3018 obtinere
931 2969 1068 3016 non
1117 2948 1365 3017 valuit?
1412 2953 1505 3017 Ex
1551 2969 1692 3033 qua
1730 2970 1801 3016 re
1841 2970 2120 3019 necesse
2167 2961 2292 3032 est,
2344 2963 2424 3018 ut
2461 2949 2547 3018 de
2578 2949 2957 3018 venerabili
3006 2971 3135 3039 pa-

573 3046 673 3104 tre
722 3034 1085 3103 Benedicto
1134 3055 1433 3115 narrem,
1480 3036 1646 3121 quia
1699 3034 1829 3104 fuit
1874 3036 2236 3122 quiddam,
2291 3036 2477 3124 quod
2526 3036 2765 3118 voluit,
2820 3036 2941 3107 sed
2992 3059 3135 3106 non

568 3121 787 3190 valuit
831 3121 1147 3211 implere.
1184 3126 1388 3191 Soror
1416 3143 1718 3208 namque
1746 3123 1921 3222 ejuS,
1978 3124 2401 3194 Scholastica
2447 3124 2738 3194 nomine
2775 3124 2851 3206 *,
2903 3126 3138 3194 omni-

571 3209 834 3299 potenti
886 3209 1170 3277 Domino
1219 3210 1305 3278 ab
1356 3210 1507 3299 ipso
1554 3210 1888 3279 infantiae
1937 3223 2070 3280 tem
2127 3233 2243 3280 ore
2289 3211 2627 3292 dedicata,
2682 3212 2764 3280 ad
2818 3234 2981 3281 eum
3028 3233 3140 3283 se—

569 3295 705 3364 mel
754 3318 876 3385 per
922 3318 1189 3366 annum
1236 3297 1468 3365 venire
1500 3308 1973 3367 consueverat.
2019 3303 2068 3367 Α
2159 3320 2370 3384 quam
2419 3300 2524 3367 vir
2573 3300 2690 3367 Dei
2739 3321 2878 3368 non
2930 3298 3137 3390 longe

568 3396 757 3451 extra
812 3384 1087 3452 ‘amiam
1139 3383 1213 3452 in
1264 3385 1773 3475 possessionem
1824 3385 2226 3455 monasterii
2272 3386 2755 3456 descendebat.
2817 3386 3136 3469 Quadam

567 3492 727 3539 vero
826 3472 886 3539 ie
932 3472 1116 3540 venit
1163 3493 1244 3540 ex
1294 3493 1506 3553 more,
1545 3485 1751 3558 atque
1798 3473 1885 3542 ad
1934 3495 2086 3542 eam
2135 3495 2301 3543 cum
2347 3474 2715 3563 discipulis
2773 3474 3132 3544 venerabi-

571 3555 657 3627 lis
705 3558 855 3644 ejus
893 3558 1250 3628 descendit
1298 3558 1527 3629 frater:
1582 3560 1705 3646 qui
1740 3572 1957 3629 totum
1991 3560 2178 3630 diem
2226 3561 2298 3629 in
2351 3561 2466 3630 Dei
2516 3561 2847 3630 laudibus
2879 3562 3136 3631 sacris-

570 3666 707 3730 que
754 3646 1120 3732 colloquiis
1167 3647 1521 3726 ducenteS,
1578 3648 2152 3718 incumbentibus
2192 3648 2335 3736 jam
2388 3650 2610 3718 noctis
2662 3648 2988 3731 tenebriS,
3042 3650 3136 3719 si-

567 3732 715 3800 mul
768 3744 1183 3822 acceperunt
1252 3734 1468 3803 cibos.
1516 3738 1828 3821 Cumque
1877 3734 2108 3806 adhuc
2157 3736 2242 3804 ad
2293 3758 2608 3807 mensam
2661 3736 3020 3818 sederent,
3071 3748 3139 3806 et

573 3818 754 3887 inter
802 3841 1000 3888 sacra
1046 3820 1390 3908 colloquia
1439 3820 1701 3891 tardior
1747 3844 1819 3891 se
1875 3823 2045 3892 hora
2092 3824 2541 3912 protraheret,
2594 3823 2833 3893 eadem
2877 3825 3135 3895 sancti-

576 3907 902 4004 inonialis
950 3907 1250 3976 foemina
1298 3930 1492 3979 soror
1538 3910 1690 4000 ejus
1729 3931 1892 3980 eum
1937 3912 2226 4000 rogavit,
2264 3911 2528 3982 dicens:
2560 3916 2887 3993 «Quaeso
2934 3925 3022 3992 te,
3059 3922 3137 3981 ut

572 4003 705 4063 ista
760 4006 957 4063 nocte
988 4049 1003 4077 ,
1059 4017 1167 4064 me
1233 4018 1371 4064 non
1438 3997 1717 4066 deseras
1746 4051 1761 4079 ,
1816 4009 1892 4068 ut
1940 4020 2162 4085 usque
2213 4020 2419 4068 mane
2466 3999 2552 4068 de
2598 3999 2913 4071 coelestis
2962 4001 3139 4069 vitae

577 4080 855 4180 gaudiis
903 4081 1368 4168 loquamur.»
1423 4085 1545 4153 Cui
1583 4085 1697 4154 ille
1729 4087 2126 4176 respondit:
2188 4087 2427 4168 «Quid
2477 4099 2619 4168 est,
2671 4087 2844 4173 quid
2897 4087 3135 4175 loque·

574 4188 673 4236 ris
753 4173 1000 4238 soror?
1073 4176 1344 4241 Manere
1416 4182 1603 4243 extra
1675 4173 1921 4242 cellam
1995 4174 2396 4245 nullatenus
2454 4196 2856 4265 possum.»
2917 4180 3132 4245 Tanta

571 4275 731 4324 vero
796 4268 940 4326 erat
1000 4258 1174 4327 coeli
1244 4259 1576 4331 serenitas
1609 4314 1625 4342 ,
1697 4273 1774 4330 ut
1835 4261 2032 4331 nulla
2096 4262 2167 4331 in
2236 4274 2391 4332 aere
2451 4263 2675 4333 nubes
2742 4265 3127 4354 appareret.

623 4380 647 4402 ⁰
674 4382 745 4421 Da
761 4391 817 4423 et
835 4381 885 4424 in
902 4383 1192 4428 Mani-raon.
1211 4384 1432 4425 Iamna.
1454 4386 1537 4428 Dte
1557 4396 1591 4428 x
1610 4385 1749 4429 Febr.
1768 4384 1986 4438 (ΔΜ.
2009 4388 2065 4429 ΙΙ
2086 4388 2176 4428 Vol.
2193 4398 2239 4439 p.
2260 4388 2367 4437 180).
