3327 4999
260 289 509 355 MART.
568 290 651 355 ⁴2
1161 309 1240 355 nii
1289 309 1347 358 S.
1400 308 1716 357 oaseonio
1763 308 1926 356 rAi‘A
2603 293 2722 359 251

257 385 684 466 liberaberis,
740 387 859 456 sed
912 409 1133 473 neque
1181 400 1298 469 tu,
1365 410 1586 476 neque
1637 387 1895 474 aliquis
1960 386 2074 456 hic
2143 398 2367 457 tecum
2420 388 2824 479 degentium

255 496 454 543 suam
506 476 801 565 patriam
837 476 1239 545 revidebit.»
1293 482 1440 545 Mox
1490 476 1883 565 Tetgaudus
1930 473 2183 544 lectulo
2218 497 2290 545 se
2338 476 2705 575 proripuit,
2760 488 2826 547 et

255 562 483 652 primo
524 563 696 644 suis,
728 563 981 632 deinde
1013 565 1411 632 monasterii
1454 564 1839 644 monachis,
1876 575 2221 653 postremo
2251 565 2818 651 quibuscumque

254 651 499 740 potuit,
555 651 908 719 somnium
959 652 1301 722 revelavit.
1339 658 1415 722 Et
1462 653 1628 739 quia
1676 651 1867 721 aliud
1921 651 2299 739 hospitium
2340 652 2545 721 citius
2575 675 2822 742 apon-

254 739 435 808 tifice
470 739 841 828 impetrare
874 762 1008 809 non
1050 740 1292 830 potuit,
1332 741 1516 830 apud
1572 740 1864 809 Sabinos
1913 739 2322 821 concedenS‚
2358 741 2600 810 eodem
2632 762 2821 810 anno

255 849 417 895 cum
468 827 617 897 suis
664 827 993 898 omnibus
1041 829 1179 898 vita
1228 829 1534 917 privatus
1581 838 1706 897 est.

340 918 378 1001 ξ
439 919 604 986 80.
660 920 837 985 Sane
883 939 1091 1004 quam
1128 916 1522 1003 frequenter
1567 917 1810 985 beatus
1838 915 2211 1005 Gregorius
2245 927 2385 985 tam
2411 914 2581 997 illic,
2608 937 2823 1003 quam

254 1002 325 1071 in
366 1003 837 1092 apostolorum
872 1005 1204 1085 basiliciS‚
1261 1027 1525 1074 necnon
1558 1017 1622 1073 et
1654 1004 1725 1073 in
1776 1003 2198 1093 patriarchio
2234 1025 2423 1075 nunc
2455 1005 2826 1079 exhortans

252 1090 596 1173 innoxioS,
637 1113 825 1161 nunc
875 1114 1031 1162 vero
1065 1092 1417 1163 deterrens
1452 1093 1810 1172 obnoxios,
1864 1091 1937 1160 in
1980 1092 2132 1247 ipsa
2181 1114 2346 1162 suae
2406 1093 2825 1182 cognitionis

249 1177 476 1269 effigie
522 1202 611 1269 ap
666 1193 953 1261 arescat,
988 1182 1154 1267 quia
1194 1203 1381 1250 nunc
1417 1203 1699 1250 narrare
1731 1202 1865 1249 non
1920 1202 1999 1248 va
2031 1202 2132 1259 e0,
2175 1179 2285 1249 hic
2320 1181 2528 1265 hujus
2558 1182 2812 1271 operis,

250 1266 611 1337 adminicu
643 1281 801 1337 ante
849 1270 1159 1345 Domino.
1202 1271 1574 1357 terminum
1610 1268 1811 1348 faci0,
1851 1280 1917 1337 et
1947 1268 2215 1354 reliqua
2247 1268 2564 1355 ejusdem
2602 1269 2821 1358 patris

249 1355 593 1425 miracula
634 1368 784 1447 post
833 1379 943 1425 me
991 1357 1415 1429 doctioribus
1469 1356 1918 1426 memoranda
1968 1357 2312 1444 relinquo,
2353 1358 2562 1446 Cujus
2614 1356 2823 1425 nimi·

248 1464 405 1512 rum
462 1445 849 1514 venerabile
898 1446 1247 1527 meritum,
1289 1468 1653 1532 quousque
1707 1444 1952 1513 mundi
1999 1445 2213 1530 hujus
2239 1444 2464 1514 orbita
2500 1443 2818 1525 volvitur,

246 1544 325 1600 ut
355 1554 521 1601 cum
569 1533 779 1602 Paulo
828 1534 973 1602 viro
1022 1534 1480 1603 disertissimo
1528 1533 1765 1612 fatear,
1806 1554 2082 1631 semper
2110 1533 2404 1621 accipiet
2435 1532 2824 1603 incremen-

248 1632 424 1699 tum,
478 1622 643 1706 quia
692 1622 916 1711 ipsius
965 1623 1114 1690 sine
1152 1623 1366 1692 dubio
1417 1622 1675 1692 ‹rloriae
1724 1621 2118 1702 ascribitur,
2174 1622 2272 1690 vel
2325 1622 2508 1707 quod
2563 1621 2817 1711 Anglo-

251 1729 407 1776 rum
454 1709 755 1779 Ecclesia
806 1731 982 1779 nova
1030 1732 1302 1800 semper
1341 1713 1416 1780 so
1467 1710 1576 1780 ole
1610 1710 2110 1803 foecundatur„
2129 1709 2230 1778 vel
2265 1711 2445 1796 quod
2481 1709 2674 1779 illius
2706 1709 2823 1778 do-

247 1796 491 1865 ctrinis
527 1819 649 1886 pei·
693 1798 929 1866 orbern
979 1799 1386 1869 universum
1420 1799 1618 1869 multi
1669 1823 1709 1868 a
1759 1799 2056 1887 peccatis
2086 1798 2412 1887 elongati,
2448 1798 2532 1866 ad
2564 1797 2817 1867 Christi

248 1884 686 1954 clementiam
719 1899 1236 1966 convertuntur,
1272 1887 1374 1955 vel
1410 1888 1594 1973 quod
1631 1887 1799 1956 boni
1828 1887 2087 1973 quique
2114 1885 2339 1975 ipsius
2373 1885 2826 1955 suasionibus

249 1972 688 2053 inflammati,
743 1975 1105 2044 coelestem
1156 1976 1453 2065 patriam
1503 1975 1974 2044 desideranter
2025 1975 2414 2061 inquirunt.

335 2065 372 2148 ξ
439 2066 577 2134 81.
630 2068 801 2131 Ecce
852 2064 1160 2133 studiose
1208 2062 1620 2132 Pontificum
1660 2063 1719 2145 ⁴,
1762 2063 2107 2151 jussionis
2159 2077 2312 2131 tuae
2364 2062 2610 2130 virtute
2657 2083 2818 2129 coa-

253 2162 428 2230 ctuS,
492 2149 661 2220 dum
711 2151 1054 2236 quaedam
1109 2164 1461 2242 gestorum
1504 2151 1684 2220 beati
1735 2150 2045 2240 Gregorii
2144 2150 2642 2219 raedecessoris
2693 2149 2818 2229 tui,

266 2241 614 2307 Saxonum
661 2239 731 2274 ¹⁵*
760 2239 1077 2309 videlicet
1110 2240 1334 2339 gentis
1364 2239 1681 2328 apostoli,
1718 2239 2052 2307 dessorare
2132 2238 2421 2318 esidero,
2452 2238 2675 2305 virum
2703 2237 2825 2305 de-

259 2327 510 2416 scripsi
558 2328 976 2396 rhetoricum
1015 2340 1309 2418 scriptor
1356 2328 1668 2417 ignarus.
1706 2328 1833 2396 Sed
1885 2327 2238 2416 deprecor,
2285 2340 2359 2395 ut
2397 2348 2477 2394 ea
2528 2325 2823 2395 curiosi-

257 2428 413 2494 tate,
455 2437 594 2502 qua
645 2438 755 2484 me
801 2416 1070 2485 dudum
1100 2417 1291 2486 -haec
1324 2416 1690 2506 decerpere
1728 2416 2065 2507 jusseraS,
2119 2415 2205 2483 ad
2261 2415 2603 2494 omnium,
2643 2414 2825 2483 sicut

247 2504 555 2594 coepisti.
598 2504 809 2574 facias
864 2506 1217 2595 pervenire
1266 2506 1624 2575 notitiam:
1665 2520 1740 2573 ut
1773 2505 1842 2574 in
1874 2527 1953 2574 eo
2002 2504 2186 2591 quod
2240 2515 2675 2573 sacrosancto
2709 2524 2820 2571 ve·-

248 2604 385 2662 stro
425 2593 696 2683 judicio
747 2594 1091 2684 placuisse
1143 2616 1250 2663 me
1298 2594 1591 2684 gaudeo,
1632 2593 1811 2662 nulli
1847 2593 2122 2683 penitus
2157 2591 2653 2677 dijudicandus
2688 2590 2813 2660 ad-

246 2680 461 2759 dicar,
522 2681 694 2767 quin
763 2682 992 2772 potius
1048 2683 1495 2771 judicaturus
1548 2682 1882 2751 inveniar.
1958 2680 2313 2767 Siquidem
2380 2679 2808 2767 nuperrime,

243 2770 524 2855 quando
575 2770 761 2840 hunc
808 2785 1137 2857 quartum
1172 2769 1455 2848 librum,
1512 2783 1923 2859 cooperante
1972 2769 2284 2849 Domino,
2322 2768 2647 2837 claudere
2744 2789 2812 2836 e-

245 2857 560 2938 stiebam,
600 2872 820 2938 nocte,
856 2880 993 2945 qua
1044 2859 1439 2927 Dominicae
1466 2858 2014 2928 Resurrectionis
2044 2857 2193 2925 dies
2241 2855 2657 2925 venerabilis
2737 2878 2818 2923 u-

244 2946 579 3026 cescebat,
618 2947 690 3014 in
741 2947 1005 3017 somnis
1051 2946 1475 3024 describens,
1511 2947 1800 3032 quidam
1851 2947 1982 3015 sub
2015 2945 2242 3036 effigie
2287 2944 2655 3034 cujusdam
2696 2966 2808 3012 ve·-

248 3037 409 3103 teris
457 3033 884 3104 insidiatoris
935 3033 1163 3124 palam
1208 3034 1582 3103 videndum
1634 3058 1705 3104 se
1779 3035 2129 3124 praebuit,
2182 3045 2248 3103 et
2310 3031 2818 3102 candidissima

248 3123 518 3203 tunica,
590 3122 941 3209 simulque
1006 3123 1439 3202 tenuissima,
1508 3123 1710 3210 cujus
1779 3122 2117 3190 nimirum
2183 3121 2461 3190 raritate
2521 3120 2812 3211 nigredo

245 3210 649 3280 subterioris
700 3213 973 3280 tunicae
1017 3224 1206 3280 extra
1256 3211 1548 3291 lucebat,
1603 3209 2117 3280 sacerdotaliter
2169 3210 2582 3299 insignituS,
2653 3231 2812 3277 mox

243 3300 534 3389 propius
564 3300 847 3379 adstitit,
888 3310 953 3368 et
999 3299 1260 3368 inflatis
1307 3298 1548 3368 buccis
1581 3300 1800 3367 risum
1851 3298 2202 3367 continere
2235 3319 2369 3366 non
2406 3297 2651 3388 potuit.
2686 3296 2810 3367 Cui

245 3386 415 3456 dum
450 3387 765 3456 curulem
800 3409 1214 3489 praeparare
1247 3388 1645 3467 coffitarem,
1686 3387 1874 3455 hunc
1924 3408 2140 3476 supra
2188 3386 2476 3455 modum
2527 3386 2816 3454 cachin-

247 3488 525 3544 nantem
574 3477 1036 3566 conspicienS,
1090 3443 1509 3565 compellare
1559 3475 1883 3555 videbar,
1957 3475 2413 3562 quamobrem
2470 3487 2814 3543 nocturno

246 3563 518 3636 silentio
569 3577 706 3633 tarn
764 3564 1150 3654 petulanter
1198 3565 1302 3632 vir
1350 3563 1561 3632 officii
1610 3563 1948 3653 gravioris
2006 3574 2486 3653 perstreperet.
2525 3567 2601 3630 At
2648 3562 2809 3631 ille:

247 3654 504 3735 «Quia,
567 3652 817 3739 inquit,
890 3665 962 3721 tu
1021 3651 1270 3721 scribis
1328 3651 1414 3721 de
1464 3652 1783 3733 mortuiS,
1839 3665 2014 3738 quos
2074 3651 2375 3719 viventes
2437 3649 2817 3736 aliquando

246 3763 636 3827 numquam
672 3740 979 3810 vidisti.»
1010 3745 1319 3827 Cumque
1348 3762 1474 3831 ego
1504 3752 1691 3809 tanto
1724 3762 1832 3808 me
1861 3739 2173 3809 veracius
2204 3738 2530 3818 scribere,
2563 3750 2823 3824 quanto

249 3829 685 3920 incognitum
737 3828 934 3910 facie,
994 3851 1133 3897 non
1184 3842 1411 3898 autem
1466 3828 1903 3918 incognitum
1971 3828 2284 3908 lectione,
2344 3827 2496 3896 sine
2543 3826 2689 3896 ullo
2738 3825 2827 3894 li-

247 3918 429 3987 voris
465 3917 565 3986 vel
595 3916 1022 3986 adulationis
1054 3917 1218 3987 vitio
1250 3917 1668 3996 retulissem,
1707 3915 2106 4006 respondit:
2162 3921 2342 3997 «Tu,
2390 3915 2569 3985 sicut
2598 3914 2818 3994 video,

248 4007 432 4093 quod
483 4005 791 4086 voluisti,
844 4005 1107 4076 fecisti:
1176 4018 1245 4077 at
1291 4027 1418 4096 ego
1464 4026 1644 4092 quae
1693 4003 1915 4074 facere
1966 4015 2222 4093 potem,
2276 4025 2412 4072 non
2464 4004 2823 4073 cessabo.»

250 4099 430 4166 Haec
461 4095 728 4174 dicens,
767 4094 1094 4164 lucernae
1132 4095 1478 4170 flammas,
1517 4094 1722 4183 cujus
1771 4091 2040 4162 lumine
2070 4090 2240 4162 forte
2286 4091 2590 4173 fruebar,
2625 4113 2823 4182 pror-

249 4205 368 4254 sus
429 4183 743 4253 extinxit.
796 4189 875 4252 Et
923 4183 1260 4271 lychnum
1311 4181 1594 4269 quidem
1649 4192 1869 4250 totum
1927 4180 2325 4282 extinguere
2383 4202 2517 4249 non
2571 4180 2818 4269 potuit,

246 4292 356 4342 me
404 4285 635 4342 tamen
683 4271 755 4340 in
815 4271 1115 4342 tenebris
1158 4271 1613 4341 constitutum
1667 4269 1762 4339 ita
1796 4280 2186 4360 perterruit,
2223 4282 2300 4339 ut
2349 4281 2667 4360 putarem
2708 4289 2819 4336 me

299 4401 328 4428 ⁸¹
354 4400 567 4441 'omnes
586 4400 668 4448 Pp.
691 4398 800 4439 VIII
820 4400 904 4450 qut
924 4399 1104 4439 electus
1126 4400 1201 4438 eet
1222 4407 1345 4437 uiuo
1368 4407 1635 4440 nccctxxn.
1816 4398 1870 4426 ¹⁸*
1889 4397 2105 4449 ⁴angliam
2124 4397 2474 4447 oocupmtium.
