3327 4999
218 325 465 391 MART.
525 325 605 389 ⁴2
1111 341 1190 387 ns
1238 340 1298 388 s.
1352 338 1662 388 carisomo
1711 340 1872 387 PAPA
2555 325 2682 391 233

215 427 739 497 dissolutionem
792 425 899 495 sui
950 424 1261 514 corporis
1310 425 1466 495 totis
1504 425 1867 494 conatibus
1917 425 2276 515 flagitaret.
2342 431 2484 510 Qua
2542 438 2771 518 ropter

217 517 464 588 Joanni
516 516 840 617 episcopo
889 515 1266 584 Ravennati
1304 515 1684 601 quaeritur,
1733 514 2010 584 dicens:
2058 540 2083 578 α
2123 515 2316 596 Quod
2366 449 2606 585 muiiis
2653 538 2770 584 ve·-

222 621 403 676 strae
449 603 859 675 beatitudini
910 603 1195 673 minime
1246 603 1639 693 respondit,
1698 625 1831 671 non
1905 603 2037 672 hoc
2104 603 2362 693 torpori
2423 626 2596 686 meo,
2651 604 2770 675 sed

160 761 173 765 -
223 694 537 785 languori
575 694 918 784 deputate:
944 693 1108 778 quia
1141 692 1439 783 peccatis
1470 692 1644 760 meis
1676 690 2109 774 facientibuS,
2149 713 2226 760 eo
2261 705 2597 782 tempore,
2635 715 2773 779 quo

222 783 625 873 Arnulphus
671 781 756 851 ad
809 788 1188 850 Romanam
1242 781 1490 850 Urbem
1541 780 1845 861 veniens,
1884 780 2056 850 alios
2103 781 2379 861 occidit,
2428 782 2601 852 alios
2649 782 2770 850 de·-

224 872 591 952 truncavit,
631 883 817 939 tanta
866 870 1207 942 moestitia
1255 870 1538 940 affectus
1586 893 1769 950 sum,
1813 881 1891 938 ut
1930 870 2001 937 in
2036 869 2170 938 coli
2220 869 2602 939 molestiam
2635 872 2771 960 (co-

229 962 464 1048 licam)
508 960 851 1029 caderem.
898 990 924 1023 ι

312 1053 349 1137 ἕ
397 1057 555 1122 52.
618 1054 782 1117 Item
836 1049 903 1116 in
955 1047 1375 1137 expositione
1412 1047 1701 1117 ultimae
1735 1046 2022 1116 visionis
2069 1046 2439 1117 Ezechielis
2475 1048 2770 1138 prophe-

227 1153 379 1208 tae:
435 1162 470 1204 «
528 1138 701 1220 Quia
766 1136 1002 1206 multis
1050 1138 1237 1205 curis
1288 1137 1758 1227 prementibus
1806 1137 2177 1226 prophetae
2230 1136 2484 1206 librum
2535 1159 2770 1207 coram

227 1228 557 1297 charitate
603 1237 823 1296 vestra
853 1238 1067 1296 totum
1112 1248 1234 1316 per
1263 1226 1577 1294 ordinem
1611 1225 2029 1316 perscrutari
2066 1246 2198 1294 non
2236 1226 2429 1295 licuit
2459 1226 2530 1307 ²⁶,
2570 1226 2772 1295 bonis

225 1317 467 1385 vestris
537 1314 899 1384 desideriis
964 1314 1224 1405 placuit
1279 1327 1547 1404 petere,
1603 1327 1681 1384 ut
1728 1315 1966 1383 saltem
2018 1327 2318 1384 extrema
2366 1316 2516 1405 ejus
2565 1315 2762 1395 visio,

226 1426 402 1492 quae
448 1405 511 1472 ei
559 1404 735 1472 facta
780 1416 882 1472 est
927 1404 1012 1471 de
1059 1402 1373 1472 aedificio
1420 1405 1490 1471 in
1541 1416 1773 1474 monte
1821 1404 2213 1484 constituto,
2258 1425 2434 1491 quae
2483 1416 2546 1472 et
2594 1425 2767 1472 cun-

226 1497 353 1563 ctis
401 1507 504 1563 est
563 1492 946 1562 visionibus
991 1492 1142 1581 ejus
1189 1492 1579 1572 obscurior,
1633 1493 1881 1582 exponi
1931 1491 2301 1561 debuisset.
2358 1498 2434 1561 Et
2486 1493 2769 1579 quidem

227 1583 560 1653 voluntati
605 1594 867 1651 vestrae
915 1602 1023 1649 me
1072 1584 1308 1671 parere
1359 1603 1632 1651 necesse
1680 1593 1802 1661 est,
1858 1582 1975 1651 sed
2017 1581 2157 1650 duo
2206 1594 2390 1661 sunt,
2430 1603 2606 1668 quae
2641 1582 2772 1650 hac

226 1674 298 1741 in
351 1694 423 1741 re
471 1670 876 1762 perturbant
920 1670 1231 1740 animum
1269 1692 1525 1739 meum:
1584 1676 1834 1751 Unum,
1873 1670 2057 1756 quod
2108 1670 2275 1739 haec
2322 1670 2562 1739 eadem
2599 1670 2771 1739 visio

225 1772 455 1830 tantae
489 1758 926 1831 obscuritatis
956 1759 1229 1828 nebulis
1264 1759 1537 1851 tegitur,
1576 1772 1651 1828 ut
1698 1758 1810 1827 vix
1856 1759 1924 1826 in
1976 1781 2055 1827 ea
2101 1759 2363 1845 aliquid
2415 1759 2771 1828 intellectu

226 1849 679 1919 interlucente
724 1848 1057 1917 videatur.
1097 1847 1321 1929 Aliud,
1365 1847 1548 1935 quod
1588 1849 1737 1938 jam
1787 1847 2232 1937 Agilulphum
2287 1847 2770 1938 Longobardo-

227 1961 387 2008 rum
438 1959 663 2027 regem
706 1937 790 2005 ad
826 1936 1256 2006 obsidionem
1307 1949 1599 2005 vestram
1650 1959 1924 2007 summo
1979 1958 2089 2005 ere
2139 1937 2600 2016 festinantem,
2640 1942 2766 2005 Pa-

227 2028 397 2097 dum
449 2026 776 2096 transisse
823 2026 1295 2115 cognovimus.
1353 2025 1544 2093 Unde
1591 2039 1871 2114 pensate
1947 2037 2160 2094 ratres
2201 2025 2640 2105 charissimi,
2697 2024 2769 2092 in

227 2115 627 2207 caliginosis
673 2138 752 2185 ac
802 2113 1113 2205 mysticis
1161 2113 1480 2197 sensibus
1530 2125 1884 2202 penetrare
1921 2114 2088 2200 quid
2139 2113 2359 2183 valeat
2408 2135 2605 2182 mens
2639 2113 2770 2180 mi-

230 2227 405 2285 sera,
451 2205 716 2274 timoris
764 2204 872 2272 sui
921 2202 1556 2294 perturbationibus
1603 2206 1987 2292 occupata?
2034 2206 2301 2285 Quanto
2348 2202 2534 2270 enim
2585 2202 2772 2271 circa

226 2306 498 2363 terrena
545 2292 704 2383 plus
760 2293 1053 2383 satagit,
1109 2302 1294 2360 tanto
1365 2291 1433 2359 in
1506 2290 1661 2370 his,
1726 2312 1904 2378 quae
1975 2302 2139 2361 sunt
2200 2290 2567 2369 coelestia,
2641 2289 2774 2358 mi-

227 2405 365 2452 nus
397 2382 599 2452 videt.
637 2387 712 2451 Et
759 2403 882 2472 pro
927 2403 1006 2450 eo
1051 2380 1235 2468 quod
1285 2380 1473 2450 curis
1513 2380 1661 2449 suis
1707 2393 1895 2448 extra
1943 2402 2014 2449 sc
2060 2379 2364 2461 ducitur,
2419 2378 2616 2448 valde
2661 2379 2774 2448 in-

231 2484 341 2542 tus
390 2473 618 2541 minor
661 2483 784 2541 est.
838 2471 1012 2554 Quia
1060 2469 1396 2560 scriptum
1458 2484 1599 2538 est:
1667 2471 2018 2560 Depo-imi&
2055 2479 2320 2538 terrena
2373 2469 2772 2538 inhabitatio

227 2585 495 2632 sensum
539 2565 761 2630 multa
815 2563 1213 2650 coqz'tantem
1260 2560 1452 2649 (Sap.
1507 2559 1620 2646 lx).
1677 2564 1863 2642 Quae
1921 2558 2106 2626 enim
2158 2559 2513 2648 superiora
2563 2578 2772 2659 pene-

228 2664 411 2719 trare
456 2651 662 2720 etiam
709 2648 993 2719 collecta
1048 2669 1183 2716 non
1236 2648 1510 2728 sufficit,
1565 2659 1846 2737 pensate
1893 2648 2062 2733 quid
2113 2669 2312 2737 agere
2363 2659 2608 2737 poterit.
2663 2646 2771 2714 di-

230 2741 399 2808 visa.
455 2740 725 2809 Scimus
772 2759 1034 2817 omnes,
1088 2737 1251 2823 quia
1297 2749 1363 2807 et
1410 2737 1686 2819 fluvius,
1740 2736 1860 2823 qui
1908 2737 1982 2805 in
2031 2736 2270 2805 multis
2317 2737 2481 2805 rivis
2529 2734 2775 2803 dividi-

232 2842 367 2904 tur,
422 2852 461 2897 a
509 2849 634 2898 suo
675 2826 866 2896 alveo
912 2827 1233 2895 siccatur.
2318 2883 2326 2895 ,

319 2922 356 3005 ξ
403 2923 562 2989 53.
616 2920 785 2985 Item
834 2914 1018 2984 idem
1053 2915 1121 2982 in
1156 2914 1464 3004 ejusdem
1499 2915 1870 3005 prophetae
1900 2914 2327 2996 tractatibuS,
2368 2912 2666 2982 Homilia
2696 2932 2769 2993 11,

233 3031 266 3073 «
300 3007 492 3088 Sive,
543 3005 792 3090 inquit,
835 3004 1072 3094 justus
1118 3003 1188 3071 in
1239 3002 1544 3093 culpam,
1598 3004 1739 3072 sive
1803 3015 2116 3093 peccator
2165 3004 2232 3071 in
2284 3016 2573 3070 mortem
2623 3023 2772 3071 cor-

232 3109 407 3174 ruat,
466 3093 879 3184 speculatori
931 3090 1314 3162 timendum
1364 3105 1495 3173 est,
1551 3113 1636 3161 ne
1687 3093 1870 3161 hunc
1919 3114 1997 3160 ex
2048 3114 2171 3162 suo
2222 3091 2493 3160 silentio
2542 3103 2773 3160 reatus

236 3185 672 3276 peccantium
726 3182 983 3273 pariter
1031 3180 1349 3250 involvat.
1398 3180 1519 3250 Sed
1567 3180 2056 3250 interim.dum
2111 3180 2781 3267 loquor,·averterea

232 3272 641 3363 memetipso
689 3271 926 3341 oculos
956 3270 1129 3349 volo,
1168 3283 1233 3338 et
1260 3291 1418 3339 ecce
1456 3269 1702 3338 iterum
1740 3291 1965 3338 sermo
1996 3268 2275 3337 divinus
2312 3290 2420 3338 me
2451 3269 2777 3369 impingit

233 3363 303 3431 in
371 3361 901 3451 memetipsum,
955 3370 1033 3429 ut
1081 3380 1303 3427 meam
1356 3358 1846 3448 negligentiam
1895 3357 2210 3437 videam,
2284 3368 2350 3427 et
2409 3357 2584 3425 mihi
2632 3357 2775 3427 dici

230 3452 421 3530 haec,
476 3472 652 3538 quae
699 3449 927 3529 audio,
984 3447 1491 3538 pertimescam.
1548 3447 1738 3516 Sicut
1783 3447 1967 3516 enim
2012 3447 2335 3536 superius
2367 3445 2534 3526 dixi,
2572 3446 2774 3534 cujus

227 3563 345 3609 cor
393 3539 781 3608 innumeris
827 3537 1016 3607 curis
1066 3558 1415 3626 sparsum,
1470 3557 1541 3605 se
1590 3536 1674 3604 ad
1719 3558 1789 3605 se
1838 3535 2150 3626 colligat?
2181 3535 2472 3617 Quando
2520 3535 2775 3603 etenim

228 3651 513 3721 possum
554 3639 619 3696 et
649 3649 750 3706 ea,
807 3648 985 3713 quae
1032 3626 1217 3694 circa
1255 3646 1363 3694 me
1413 3636 1596 3706 sunt,
1637 3623 1900 3693 solicite
1946 3624 2185 3692 omnia
2232 3644 2501 3703 curare,
2537 3635 2602 3691 et
2637 3644 2778 3691 me-

228 3719 604 3808 metipsum
654 3716 954 3785 adunato
1003 3735 1212 3783 sensu
1260 3713 1692 3803 conspicere?
1724 3712 2012 3794 Quando
2061 3734 2347 3803 possum
2401 3733 2775 3802 pravorum

228 3807 573 3895 nequitias
619 3804 1044 3891 insequendo
1082 3802 1444 3893 corrigere,
1500 3802 1841 3871 bonorum
1896 3813 2093 3871 actus
2141 3800 2490 3869 laudando
2537 3813 2603 3870 et
2649 3800 2778 3869 ad-

226 3895 572 3967 monendo
620 3894 1014 3964 custodire:
1068 3891 1224 3960 aliis
1274 3905 1624 3972 terrorem,
1677 3903 1881 3977 atque
1944 3889 2101 3959 aliis
2161 3889 2602 3959 dulcedinem
2654 3890 2777 3958 de-

230 3987 658 4056 monstrare?
706 3982 996 4065 Quando
1041 3981 1272 4062 valeo,
1325 3992 1390 4049 et
1436 3980 1522 4049 de
1568 3979 1718 4061 his,
1771 4000 1948 4066 quae
1996 3992 2159 4048 sunt
2208 3978 2594 4047 necessaria
2642 3976 2777 4047 fra-

229 4075 472 4154 tribus
527 4072 849 4164 cogitare,
890 4082 955 4139 et
1000 4083 1239 4140 contra
1285 4069 1567 4139 hostiles
1614 4068 1882 4159 gladios
1930 4067 2014 4137 de
2062 4067 2257 4137 urbis
2308 4067 2563 4157 vigiliis
2611 4066 2780 4137 soli-

228 4163 605 4232 citudinem
650 4182 907 4250 gerere,
946 4181 1030 4228 ne
1077 4158 1475 4228 incursione
1524 4157 1753 4228 subita
1800 4157 1983 4226 cives
2032 4168 2336 4246 pereant,
2384 4155 2767 4247 providere,

233 4263 297 4319 et
340 4254 518 4322 inter
565 4251 733 4320 haec
781 4248 1016 4318 omnia
1066 4269 1188 4338 pro
1237 4248 1631 4316 animarum
1682 4245 1996 4316 custodia
2044 4245 2245 4347 plene
2292 4258 2498 4333 atque
2545 4244 2777 4313 effica-

238 4340 396 4410 citer
450 4340 739 4411 verbum
788 4336 1280 4408 exhortationis
1328 4335 1783 4426 impendere?
1849 4340 2064 4424 Loqui
2127 4335 2381 4404 etenim
2454 4333 2540 4402 de
2611 4339 2769 4412 Deo,

290 4465 315 4493 ‘
337 4465 472 4511 Dolet
490 4466 752 4518 Gregorius
771 4465 831 4506 ob
848 4463 1119 4505 barbaric-a
1136 4461 1436 4503 incursiones
1457 4462 1747 4511 exponendis
1766 4463 1911 4504 saeris
1931 4462 2068 4502 libris
2085 4460 2369 4511 praepediri.
