3327 4999
635 320 762 387 534
1380 339 1460 389 nn
1508 341 1564 391 s.
1616 342 1902 392 nurum-o
1945 339 2245 391 nrtscoro
2684 322 2930 391 MART.
2984 324 3073 391 27

547 418 1067 511 Redemptorem
1098 419 1220 508 qui
1248 418 1436 511 ipsos
1465 420 1550 492 de
1584 424 1881 494 tenebris
1909 424 1980 492 in
2014 419 2421 492 admirabile
2450 420 2684 492 lumen
2720 442 2923 493 suum
2954 445 3076 494 vo-

545 528 703 577 care
733 508 1058 600 dignatus
1087 521 1285 579 e‘sset.
1322 514 1372 580 Ο
1403 532 1555 582 vere
1580 512 1856 583 beatum
1884 511 2300 603 pontificem.
2340 512 2691 602 perquus
2721 526 3074 582 sennones

545 595 936 667 illuminata
987 608 1148 667 sunt
1195 602 1972 688 peccatorumtenebris
2017 599 2419 671 obnubilata
2459 614 2751 690 pectora,
2783 613 2849 671 et
2876 623 3075 672 aren·-

545 685 638 755 tia
688 684 1077 756 infidelium
1126 687 1357 768 corda,
1411 689 1884 760 vitae‘fontem
1919 690 2256 760 sitierunt.
2306 695 2459 758 Jam
2511 711 2667 759 vero
2697 690 2910 760 undis
2955 713 3073 762 sa·-

545 774 891 846 lutaribus
937 773 1173 844 abluto
1238 781 1418 846 Duce
1463 779 1673 848 simul
1721 802 1801 849 ac
1848 779 2127 870 populo,
2180 778 2484 869 ejusdem
2536 779 2872 870 principis
2921 801 3077 881 per·

547 874 778 933 motus
875 863 1144 933 recibus
1192 878 1470 936 sanctus
1497 872 1862 968 RupertuS‚
1916 889 2286 939 conscensa
2320 868 2489 935 *navi
2522 889 2640 957 per
2676 868 3069 938 Danubium

544 950 789 1021 descen
845 972 991 1032 ens,
1042 952 1210 1022 vicis
1256 966 1321 1023 et
1366 956 1663 1025 castellis
1691 956 2133 1048 Evangelium
2162 956 2405 1025 Christi
2437 956 2651 1025 libera
2680 977 2838 1026 voce
2870 976 3069 1046 prae-

546 1039 821 1122 dicavit,
875 1051 1077 1127 atque
1125 1041 1217 1111 ita
1263 1064 1387 1143 per
1433 1045 1708 1116 Noricos
1770 1046 2234 1137 proficiscens,
2288 1046 2358 1114 in
2407 1044 2798 1113 inferiorem
2846 1066 3071 1132 usque

544 1129 968 1199 Pannoniam
1005 1144 1331 1219 pervenit,
1386 1132 1620 1202 lumen
1672 1134 1854 1215 fidei,
1895 1134 1912 1202 i
1970 1157 2040 1203 se
2088 1133 2367 1202 lucerna
2417 1133 2705 1205 illustris
2748 1146 2817 1203 et
2862 1154 3075 1223 super

543 1217 1037 1287 candelabrum
1087 1219 1345 1309 posita,
1412 1223 1670 1311 passim
1736 1223 1923 1292 omni
1981 1246 2061 1293 us
2119 1222 2442 1291 inferens
2501 1222 2667 1291 Inde
2727 1244 2881 1291 vero
2934 1224 3067 1293 'am

543 1305 843 1397 pedestri
890 1306 1132 1377 itinere
1179 1321 1540 1391 revertens,
1606 1316 2021 1381 Laureacum
2088 1311 2291 1390 venit,
2347 1310 2467 1379 ubi
2516 1310 2770 1381 multos
2816 1334 2857 1380 a
2951 1334 3062 1381 ae·

542 1415 827 1464 monum
878 1394 1071 1465 cultu
1116 1396 1493 1469 abstractos
1550 1400 1935 1489 baptizavit,
1972 1399 2364 1489 complures
2416 1400 2644 1479 etiam,
2689 1400 2897 1469 variis
2944 1422 3067 1491 op—

545 1503 817 1572 pressos
864 1485 1163 1567 morboS,
1216 1485 1284 1554 in
1337 1488 1579 1557 Christi
1632 1489 1909 1558 nomine
1940 1489 2212 1557 sanitati
2264 1488 2576 1558 restituit.

632 1574 668 1659 ξ
730 1578 815 1645 11.
870 1572 1036 1642 Inde
1077 1577 1415 1645 Laureaco
1459 1576 1834 1667 digressus,
1870 1577 2290 1664 ubicumque
2314 1576 2798 1646 ethnicismum
2841 1578 3082 1668 magis·

540 1658 798 1731 fervere
842 1683 921 1732 co
974 1663 1177 1745 novit,
1214 1685 1293 1733 eo
1341 1664 1726 1755 intrepidus
1771 1668 2078 1742 accessit,
2124 1666 2471 1755 dissipans
2500 1664 2705 1743 idola,
2743 1678 2808 1735 et
2855 1687 3063 1736 accu-

541 1759 686 1818 rate
731 1751 915 1819 omni
971 1772 1056 1822 us
1101 1773 1448 1842 exponens
1512 1755 1758 1825 Christi
1816 1756 1990 1825 Jesu
2041 1755 2306 1824 Domini
2359 1754 2570 1824 nostri
2634 1754 3060 1824 divinitatem

589 1838 797 1908 ariter
855 1851 920 1909 et
983 1840 1480 1911 humanitatem
1540 1843 1682 1913 sive
1740 1844 2316 1915 incarnationem.
2387 1856 2463 1912 ut
2510 1865 2694 1912 unus
2741 1843 3061 1930 idemque

597 1949 721 1996 eus
759 1949 963 1999 verus
1006 1941 1072 1998 et
1118 1928 1322 2001 homo
1351 1952 1552 2019 verus
1589 1954 1739 2002 esse
1784 1932 2192 2011 crederetur,
2249 1945 2405 2000 ante
2455 1931 2841 2002 Luciferum
2874 1954 2913 2000 a
2944 1953 3060 2022 pa-

542 2026 643 2086 tre
691 2021 821 2087 Deo
859 2039 1060 2088 verus
1108 2022 1284 2088 Deus
1330 2021 1625 2110 genituS‚
1693 2021 1759 2089 in
1811 2022 1948 2091 fine
1995 2021 2382 2091 seculorum
2432 2021 2774 2090 humanae
2822 2019 3062 2090 salutis

540 2109 751 2175 causa
786 2127 867 2176 ex
902 2105 1166 2197 virgine
1221 2122 1434 2178 matre
1488 2131 1688 2179 verns
1739 2110 1940 2180 homo
1988 2122 2190 2180 natus
2235 2110 2355 2197 qui
2398 2109 2746 2178 illuminat
2775 2130 3053 2178 omnem

543 2192 893 2263 hominem
943 2195 1320 2265 venientem
1371 2197 1440 2265 in
1492 2197 1677 2267 hunc
1733 2199 2098 2268 mundum.
2156 2203 2320 2267 Cum
2389 2211 2612 2267 autem
2677 2198 2760 2267 ad
2873 2219 3060 2268 reces

541 2283 748 2352 Ducis
785 2283 1167 2355 Theodonis
1211 2298 1276 2355 et
1306 2286 1567 2376 populi,
1608 2288 1710 2355 vir
1757 2289 1865 2357 Dei
1904 2287 2127 2357 locum
2170 2286 2728 2377 deligeress'vellet,
2778 2309 2825 2354 u
2877 2287 2898 2354 i
2946 2306 3056 2357 se-

540 2370 661 2441 des
708 2371 1012 2463 episcopi
1060 2373 1606 2455 constitueretur,
1673 2375 1757 2444 ad
1811 2377 2033 2446 lacum
2094 2376 2515 2454 Wallerseae,
2575 2394 2780 2461 quem
2839 2387 3063 2444 textus
3128 2369 3144 2388 ‘

539 2458 866 2531 historiae
914 2460 1123 2553 hujus
1183 2462 1406 2534 lacum
1469 2464 1741 2535 Walarii
1802 2477 2012 2546 vocat,
2069 2464 2302 2534 aedem
2364 2463 2781 2555 pontificiam
2834 2464 3065 2554 primo

536 2550 848 2632 extruxit,
886 2563 1087 2639 atque
1135 2551 1204 2620 in
1247 2553 1572 2623 honorem
1608 2553 1984 2625 beatissimi
2013 2553 2482 2644 Apostolorum
2522 2553 2850 2643 principis
2882 2552 3063 2622 Petri

539 2638 877 2728 templum
924 2639 1309 2710 aedificavit
1345 2652 1409 2710 et
1441 2641 1780 2712 dedicavit
1826 2643 1912 2712 ad
1944 2643 2305 2712 Juvarium
2354 2642 2668 2712 fluvium.
2720 2641 2842 2710 ubi
2893 2640 3065 2710 olim

534 2727 906 2798 Juvavium
942 2728 1112 2798 urbs
1149 2728 1280 2798 fuit
1323 2751 1499 2816 quae
1545 2731 1794 2820 priscis
1842 2730 2266 2821 temporibus
2290 2742 2589 2800 extructa
2629 2729 3057 2812 mirabiliter,

536 2814 717 2885 inter
761 2816 1145 2906 Baj0aricas
1207 2817 1416 2887 urbes
1460 2818 1843 2890 clarissima
1890 2818 2255 2898 eminebat,
2309 2819 2425 2889 sed
2476 2832 2622 2888 tum
2676 2818 3051 2898 destructa,

538 2925 693 2974 raro
723 2904 869 2995 jam
918 2905 1221 2975 habitata
1256 2905 1426 2987 cive,
1480 2928 1652 2996 pene
1688 2907 1993 2999 collapsa
2021 2919 2085 2978 et
2144 2908 2458 2999 virgultis
2504 2920 2737 2997 operta
2782 2907 3066 2977 videba-

537 3004 672 3062 tur.
727 2997 1022 3064 Cernens
1067 3005 1294 3063 autem
1346 2993 1448 3064 vir
1497 2996 1611 3064 Dei
1657 2996 1887 3067 locum
1912 2997 2144 3094 ,illum
2203 3017 2335 3065 non
2386 2996 2859 3086 importunum
2906 3016 3059 3065 esse

538 3080 900 3151 cathedrae
941 3081 1353 3171 pontificiae,
1404 3083 1661 3242 quippe
1694 3085 1869 3155 inter
1914 3097 2222 3154 montosa
2252 3084 2397 3154 loca
2428 3085 2633 3154 situm
2665 3098 2729 3154 et
2752 3085 2839 3154 ab
2873 3083 3063 3175 vulgi

538 3181 675 3239 stre
729 3169 828 3239 itu
867 3182 1229 3251 remotum,
1260 3192 1416 3242 eum
1466 3172 1524 3241 si
1579 3195 1663 3242 ta
1689 3174 1856 3243 Duci
1884 3173 2240 3244 Theodone
2269 3173 2417 3242 dari
2450 3173 2661 3263 petiit,
2688 3187 2751 3244 et
2782 3193 3060 3243 summo

535 3270 645 3329 stu
699 3258 763 3328 io
795 3257 1220 3339 instauravit,
1259 3274 1325 3331 et
1369 3261 1588 3330 sancti
1615 3262 1790 3331 Petri
1815 3262 2196 3343 ecclesiam,
2228 3284 2437 3349 quam
2470 3261 2887 3344 aedificarat,
2922 3261 3061 3331 cle·

535 3347 834 3416 ricorum
870 3347 1268 3420 ministeriis
1296 3361 1361 3419 et
1389 3350 1595 3420 rebus
1628 3351 2051 3431 necessariiS,
2079 3351 2482 3421 liberalitate
2510 3350 2722 3422 fretus
2745 3349 3059 3441 ejusdem

537 3434 899 3527 principi5‚
938 3458 1050 3506 ma
1106 3437 1305 3507 nifice
1351 3438 1672 3509 instruxit
1716 3452 1782 3509 et
1812 3439 2023 3509 auxit.

622 3526 659 3612 ξ
718 3529 805 3598 5.
859 3529 1000 3594 Hac
1072 3547 1184 3596 ere
1230 3538 1624 3617 tempestate
1653 3527 1937 3616 quidam
1967 3527 2093 3597 viri
2142 3527 2301 3598 boni
2331 3539 2565 3600 sancto
2593 3527 2881 3597 antistiti
2915 3547 3052 3596 non

535 3613 686 3685 sine
733 3613 949 3685 multa
989 3614 1441 3686 admiratione
1478 3616 1880 3698 retulerunt,
1940 3617 2010 3686 in
2067 3637 2147 3686 ea
2192 3619 2419 3686 eremo
2465 3638 2642 3703 quae
2688 3628 2855 3686 tunc
2902 3616 3057 3702 qui-

532 3701 690 3772 dem
737 3716 997 3773 certum
1033 3725 1166 3774 non
1216 3704 1457 3774 habuit
1503 3706 1938 3788 vocabulum,
1993 3727 2177 3775 nunc
2210 3719 2439 3775 autem
2479 3705 2834 3796 Bonguoni
2884 3704 3058 3773 dici-

533 3801 669 3872 tur,
711 3791 1026 3861 coelestia
1072 3793 1404 3881 quaedam
1460 3793 1850 3865 ardentium
1901 3794 2338 3864 lucernarum
2397 3807 2629 3880 terque
2674 3807 3055 3881 quaterque

533 3900 608 3949 se
653 3880 1088 3971 conspexisse
1146 3882 1480 3984 prodigia,
1549 3893 1614 3953 et
1678 3882 1919 3954 odores
1963 3882 2254 3953 eximiae
2307 3883 2661 3954 suavitatis
2710 3882 3049 3953 hausisse.

534 3972 701 4038 Cum
750 3983 976 4048 autem
1011 3970 1119 4040 his
1156 3971 1413 4042 auditis
1458 3971 1689 4041 cuncti
1736 3971 2316 4062 obstupescerent,
2368 3985 2647 4041 sanctus
2692 3971 3061 4061 episcopus

532 4058 972 4149 Domingum,
1026 4059 1480 4130 venerabilem
1531 4059 2004 4151 presbyterum
2038 4082 2270 4142 suum,
2325 4081 2405 4129 eo
2456 4060 2661 4142 misit,
2702 4061 2799 4129 rei
2847 4059 3060 4150 hujus

531 4146 885 4217 veritatem
924 4158 1242 4218 accurate
1286 4147 1844 4240 exploraturum:
1878 4148 2282 4238 addiditque
2323 4148 2425 4217 illi
2454 4170 2725 4219 crucem
2756 4148 3059 4239 ligneam

530 4255 741 4323 quam
779 4256 903 4305 sua
938 4257 1152 4306 manu
1195 4236 1653 4319 benedixerat,
1698 4237 1956 4328 jubens
2001 4249 2080 4308 ut
2124 4259 2271 4308 eam
2326 4236 2442 4308 illo
2488 4238 2557 4307 in
2612 4237 2758 4307 loco
2805 4250 3063 4306 statue-

530 4336 656 4395 ret.
711 4328 948 4413 Itaque
995 4326 1233 4395 Domin
1291 4349 1372 4396 us
1419 4326 1539 4396 ubi
1585 4348 1665 4396 eo
1695 4326 2022 4418 pervenit,
2077 4325 2149 4396 in
2182 4326 2354 4417 ipsis
2401 4325 2619 4397 noctis
2650 4325 2866 4395 initiis
2895 4346 3061 4395 cum

531 4413 874 4507 religiosis
912 4414 1031 4503 qui
1065 4414 1130 4485 ei
1176 4437 1214 4485 a
1267 4426 1461 4486 erant
1495 4415 1682 4497 viris,
1719 4414 2005 4487 coelitus
2036 4414 2447 4487 descendere
2474 4414 2644 4486 vidit
2673 4413 3066 4485 luculentas
