<?xml version="1.0" encoding="UTF-8"?>
<!DOCTYPE html PUBLIC "-//W3C//DTD XHTML 1.0 Transitional//EN"
    "http://www.w3.org/TR/xhtml1/DTD/xhtml1-transitional.dtd">
<html xmlns="http://www.w3.org/1999/xhtml" xml:lang="en" lang="en">
 <head>
  <title>
</title>
<meta http-equiv="Content-Type" content="text/html;charset=utf-8" />
  <meta name='ocr-system' content='tesseract 3.04.00' />
  <meta name='ocr-capabilities' content='ocr_page ocr_carea ocr_par ocr_line ocrx_word'/>
</head>
<body>
  <div class='ocr_page' id='page_1' title='image "./historiaeseuvit04lippgoog_0626.png"; bbox 0 0 3327 4999; ppageno 0'>
   <div class='ocr_carea' id='block_1_1' title="bbox 659 298 3124 394">
    <p class='ocr_par' dir='ltr' id='par_1_1' title="bbox 659 298 3124 394">
     <span class='ocr_line' id='line_1_1' title="bbox 659 298 3124 394; baseline -0.002 0"><span class='ocrx_word' id='word_1_1' title='bbox 659 328 791 394; x_wconf 71' lang='lat'><strong>602</strong></span> <span class='ocrx_word' id='word_1_2' title='bbox 1293 326 1305 341; x_wconf 83' lang='lat'><strong><em>&#39;</em></strong></span> <span class='ocrx_word' id='word_1_3' title='bbox 1414 298 1501 392; x_wconf 70' lang='lat' dir='ltr'><strong>ns</strong></span> <span class='ocrx_word' id='word_1_4' title='bbox 1542 346 1599 393; x_wconf 89' lang='lat' dir='ltr'><strong>s.</strong></span> <span class='ocrx_word' id='word_1_5' title='bbox 1652 344 1948 394; x_wconf 77' lang='lat' dir='ltr'><strong>msmono</strong></span> <span class='ocrx_word' id='word_1_6' title='bbox 1993 341 2293 392; x_wconf 76' lang='lat' dir='ltr'><strong>tmscoro</strong></span> <span class='ocrx_word' id='word_1_7' title='bbox 2704 323 2812 390; x_wconf 84' lang='lat' dir='ltr'><strong>EX</strong></span> <span class='ocrx_word' id='word_1_8' title='bbox 2851 323 3029 390; x_wconf 86' lang='lat' dir='ltr'><strong>JUL.</strong></span> <span class='ocrx_word' id='word_1_9' title='bbox 3079 324 3124 388; x_wconf 82' lang='lat'><strong>8</strong></span> 
     </span>
    </p>
   </div>
   <div class='ocr_carea' id='block_1_2' title="bbox 566 420 3198 2885">
    <p class='ocr_par' dir='ltr' id='par_1_2' title="bbox 566 420 3198 2885">
     <span class='ocr_line' id='line_1_2' title="bbox 568 420 3128 516; baseline -0.003 -20"><span class='ocrx_word' id='word_1_10' title='bbox 568 446 844 516; x_wconf 83' lang='lat' dir='ltr'>semper</span> <span class='ocrx_word' id='word_1_11' title='bbox 889 424 1124 495; x_wconf 84' lang='lat' dir='ltr'><strong>dilexi.</strong></span> <span class='ocrx_word' id='word_1_12' title='bbox 1175 428 1349 494; x_wconf 85' lang='lat' dir='ltr'><strong>Tum</strong></span> <span class='ocrx_word' id='word_1_13' title='bbox 1396 445 1557 495; x_wconf 82' lang='lat' dir='ltr'><strong>vero</strong></span> <span class='ocrx_word' id='word_1_14' title='bbox 1620 431 1799 496; x_wconf 89' lang='lat' dir='ltr'><strong>Deus</strong></span> <span class='ocrx_word' id='word_1_15' title='bbox 1867 436 2145 515; x_wconf 86' lang='lat' dir='ltr'><strong>propter</strong></span> <span class='ocrx_word' id='word_1_16' title='bbox 2207 423 2458 512; x_wconf 85' lang='lat' dir='ltr'><strong>ingens</strong></span> <span class='ocrx_word' id='word_1_17' title='bbox 2523 420 2746 492; x_wconf 85' lang='lat' dir='ltr'><strong>sancti</strong></span> <span class='ocrx_word' id='word_1_18' title='bbox 2811 420 2937 489; x_wconf 84' lang='lat' dir='ltr'><strong>viri</strong></span> <span class='ocrx_word' id='word_1_19' title='bbox 3003 420 3128 489; x_wconf 77' lang='lat' dir='ltr'><strong>de·-</strong></span> 
     </span>
     <span class='ocr_line' id='line_1_3' title="bbox 568 509 3128 603; baseline -0.002 -19"><span class='ocrx_word' id='word_1_20' title='bbox 568 513 903 584; x_wconf 89' lang='lat' dir='ltr'><strong>siderium</strong></span> <span class='ocrx_word' id='word_1_21' title='bbox 957 534 1193 603; x_wconf 78' lang='lat' dir='ltr'><strong>preces</strong></span> <span class='ocrx_word' id='word_1_22' title='bbox 1256 513 1408 602; x_wconf 90' lang='lat' dir='ltr'><strong>ejus</strong></span> <span class='ocrx_word' id='word_1_23' title='bbox 1473 512 1906 603; x_wconf 80' lang='lat' dir='ltr'><strong>suscipienS,</strong></span> <span class='ocrx_word' id='word_1_24' title='bbox 1967 512 2162 581; x_wconf 79' lang='lat' dir='ltr'><strong>suavi</strong></span> <span class='ocrx_word' id='word_1_25' title='bbox 2232 509 2702 580; x_wconf 79' lang='lat' dir='ltr'><strong>consolatione</strong></span> <span class='ocrx_word' id='word_1_26' title='bbox 2762 509 2916 597; x_wconf 82' lang='lat' dir='ltr'><strong>ejus</strong></span> <span class='ocrx_word' id='word_1_27' title='bbox 2973 509 3128 578; x_wconf 52' lang='lat' dir='ltr'><strong>ani⁴</strong></span> 
     </span>
     <span class='ocr_line' id='line_1_4' title="bbox 575 598 3130 688; baseline -0.002 -17"><span class='ocrx_word' id='word_1_28' title='bbox 575 623 770 671; x_wconf 90' lang='lat' dir='ltr'><strong>mum</strong></span> <span class='ocrx_word' id='word_1_29' title='bbox 820 600 1069 681; x_wconf 81' lang='lat' dir='ltr'><strong>affecit,</strong></span> <span class='ocrx_word' id='word_1_30' title='bbox 1115 600 1714 688; x_wconf 78' lang='lat' dir='ltr'><strong>&#39;quemadmodum</strong></span> <span class='ocrx_word' id='word_1_31' title='bbox 1767 601 1938 672; x_wconf 89' lang='lat' dir='ltr'><strong>solet</strong></span> <span class='ocrx_word' id='word_1_32' title='bbox 1963 622 2091 669; x_wconf 86' lang='lat' dir='ltr'><strong>·ros</strong></span> <span class='ocrx_word' id='word_1_33' title='bbox 2138 601 2209 668; x_wconf 92' lang='lat' dir='ltr'><strong>in</strong></span> <span class='ocrx_word' id='word_1_34' title='bbox 2261 599 2549 668; x_wconf 90' lang='lat' dir='ltr'><strong>herbam</strong></span> <span class='ocrx_word' id='word_1_35' title='bbox 2598 598 2973 667; x_wconf 78' lang='lat' dir='ltr'><strong>decidens:</strong></span> <span class='ocrx_word' id='word_1_36' title='bbox 3027 609 3130 667; x_wconf 85' lang='lat' dir='ltr'><strong>at—</strong></span> 
     </span>
     <span class='ocr_line' id='line_1_5' title="bbox 573 685 3130 778; baseline -0.002 -20"><span class='ocrx_word' id='word_1_37' title='bbox 573 711 711 776; x_wconf 90' lang='lat' dir='ltr'><strong>que</strong></span> <span class='ocrx_word' id='word_1_38' title='bbox 757 689 963 758; x_wconf 90' lang='lat' dir='ltr'><strong>etiam</strong></span> <span class='ocrx_word' id='word_1_39' title='bbox 1018 709 1142 778; x_wconf 89' lang='lat' dir='ltr'><strong>per</strong></span> <span class='ocrx_word' id='word_1_40' title='bbox 1188 700 1598 758; x_wconf 87' lang='lat' dir='ltr'><strong>nocturnam</strong></span> <span class='ocrx_word' id='word_1_41' title='bbox 1650 689 1986 759; x_wconf 86' lang='lat' dir='ltr'><strong>visionem</strong></span> <span class='ocrx_word' id='word_1_42' title='bbox 2028 687 2359 756; x_wconf 92' lang='lat' dir='ltr'><strong>indicavit</strong></span> <span class='ocrx_word' id='word_1_43' title='bbox 2403 686 2468 755; x_wconf 90' lang='lat' dir='ltr'><strong>ei</strong></span> <span class='ocrx_word' id='word_1_44' title='bbox 2500 686 2666 768; x_wconf 80' lang='lat' dir='ltr'><strong>fore,</strong></span> <span class='ocrx_word' id='word_1_45' title='bbox 2705 698 2783 755; x_wconf 90' lang='lat' dir='ltr'><strong>ut</strong></span> <span class='ocrx_word' id='word_1_46' title='bbox 2808 685 3130 771; x_wconf 86' lang='lat' dir='ltr'><strong>quando-</strong></span> 
     </span>
     <span class='ocr_line' id='line_1_6' title="bbox 573 774 3130 867; baseline -0.002 -22"><span class='ocrx_word' id='word_1_47' title='bbox 573 798 708 864; x_wconf 90' lang='lat' dir='ltr'><strong>que</strong></span> <span class='ocrx_word' id='word_1_48' title='bbox 742 777 971 846; x_wconf 89' lang='lat' dir='ltr'><strong>locum</strong></span> <span class='ocrx_word' id='word_1_49' title='bbox 1023 787 1177 844; x_wconf 87' lang='lat' dir='ltr'><strong>voto</strong></span> <span class='ocrx_word' id='word_1_50' title='bbox 1224 798 1352 846; x_wconf 92' lang='lat' dir='ltr'><strong>suo</strong></span> <span class='ocrx_word' id='word_1_51' title='bbox 1389 788 1858 867; x_wconf 91' lang='lat' dir='ltr'><strong>opportunum</strong></span> <span class='ocrx_word' id='word_1_52' title='bbox 1903 777 2253 867; x_wconf 90' lang='lat' dir='ltr'><strong>reperiret.</strong></span> <span class='ocrx_word' id='word_1_53' title='bbox 2295 774 2477 844; x_wconf 82' lang='lat' dir='ltr'><strong>Fecit</strong></span> <span class='ocrx_word' id='word_1_54' title='bbox 2521 774 2707 843; x_wconf 92' lang='lat' dir='ltr'><strong>enim</strong></span> <span class='ocrx_word' id='word_1_55' title='bbox 2739 774 2902 842; x_wconf 90' lang='lat' dir='ltr'><strong>huic</strong></span> <span class='ocrx_word' id='word_1_56' title='bbox 2932 775 3130 843; x_wconf 85' lang='lat' dir='ltr'><strong>beato</strong></span> 
     </span>
     <span class='ocr_line' id='line_1_7' title="bbox 571 860 3130 953; baseline -0.002 -20"><span class='ocrx_word' id='word_1_57' title='bbox 571 866 722 933; x_wconf 82' lang='lat' dir='ltr'><strong>viro</strong></span> <span class='ocrx_word' id='word_1_58' title='bbox 754 870 953 945; x_wconf 89' lang='lat' dir='ltr'><strong>Deus,</strong></span> <span class='ocrx_word' id='word_1_59' title='bbox 995 876 1069 933; x_wconf 92' lang='lat' dir='ltr'><strong>ut</strong></span> <span class='ocrx_word' id='word_1_60' title='bbox 1117 864 1403 933; x_wconf 87' lang='lat' dir='ltr'><strong>caeteris</strong></span> <span class='ocrx_word' id='word_1_61' title='bbox 1450 864 1697 934; x_wconf 87' lang='lat' dir='ltr'><strong>amicis</strong></span> <span class='ocrx_word' id='word_1_62' title='bbox 1745 865 1892 935; x_wconf 90' lang='lat' dir='ltr'><strong>suis</strong></span> <span class='ocrx_word' id='word_1_63' title='bbox 1939 864 2060 951; x_wconf 89' lang='lat' dir='ltr'><strong>qui</strong></span> <span class='ocrx_word' id='word_1_64' title='bbox 2108 875 2246 932; x_wconf 88' lang='lat' dir='ltr'><strong>toto</strong></span> <span class='ocrx_word' id='word_1_65' title='bbox 2280 876 2551 953; x_wconf 79' lang='lat' dir='ltr'><strong>pectore</strong></span> <span class='ocrx_word' id='word_1_66' title='bbox 2589 862 2821 952; x_wconf 90' lang='lat' dir='ltr'><strong>ipsum</strong></span> <span class='ocrx_word' id='word_1_67' title='bbox 2857 860 3130 931; x_wconf 82' lang='lat' dir='ltr'><strong>deside-</strong></span> 
     </span>
     <span class='ocr_line' id='line_1_8' title="bbox 571 949 3135 1042; baseline -0.002 -19"><span class='ocrx_word' id='word_1_68' title='bbox 571 962 843 1031; x_wconf 89' lang='lat' dir='ltr'><strong>rarunt,</strong></span> <span class='ocrx_word' id='word_1_69' title='bbox 902 952 1161 1039; x_wconf 89' lang='lat' dir='ltr'><strong>quibus</strong></span> <span class='ocrx_word' id='word_1_70' title='bbox 1210 965 1491 1042; x_wconf 87' lang='lat' dir='ltr'><strong>propter</strong></span> <span class='ocrx_word' id='word_1_71' title='bbox 1537 966 1793 1022; x_wconf 91' lang='lat' dir='ltr'><strong>rectam</strong></span> <span class='ocrx_word' id='word_1_72' title='bbox 1842 952 2059 1022; x_wconf 88' lang='lat' dir='ltr'><strong>animi</strong></span> <span class='ocrx_word' id='word_1_73' title='bbox 2119 951 2596 1029; x_wconf 88' lang='lat' dir='ltr'><strong>intentionem,</strong></span> <span class='ocrx_word' id='word_1_74' title='bbox 2653 971 2792 1036; x_wconf 92' lang='lat' dir='ltr'><strong>qua</strong></span> <span class='ocrx_word' id='word_1_75' title='bbox 2839 949 3135 1019; x_wconf 82' lang='lat' dir='ltr'><strong>fidenter</strong></span> 
     </span>
     <span class='ocr_line' id='line_1_9' title="bbox 574 1037 3133 1126; baseline -0.001 -17"><span class='ocrx_word' id='word_1_76' title='bbox 574 1041 645 1109; x_wconf 92' lang='lat' dir='ltr'><strong>in</strong></span> <span class='ocrx_word' id='word_1_77' title='bbox 683 1062 845 1109; x_wconf 92' lang='lat' dir='ltr'><strong>eum</strong></span> <span class='ocrx_word' id='word_1_78' title='bbox 886 1051 1024 1109; x_wconf 89' lang='lat' dir='ltr'><strong>toto</strong></span> <span class='ocrx_word' id='word_1_79' title='bbox 1046 1040 1253 1109; x_wconf 91' lang='lat' dir='ltr'><strong>corde</strong></span> <span class='ocrx_word' id='word_1_80' title='bbox 1288 1040 1759 1119; x_wconf 80' lang='lat' dir='ltr'><strong>intendebant,</strong></span> <span class='ocrx_word' id='word_1_81' title='bbox 1801 1039 2120 1120; x_wconf 88' lang='lat' dir='ltr'><strong>videndo,</strong></span> <span class='ocrx_word' id='word_1_82' title='bbox 2164 1039 2533 1126; x_wconf 89' lang='lat' dir='ltr'><strong>loquendo,</strong></span> <span class='ocrx_word' id='word_1_83' title='bbox 2571 1037 2944 1119; x_wconf 88' lang='lat' dir='ltr'><strong>audiendo,</strong></span> <span class='ocrx_word' id='word_1_84' title='bbox 2983 1051 3133 1106; x_wconf 88' lang='lat' dir='ltr'><strong>tan·</strong></span> 
     </span>
     <span class='ocr_line' id='line_1_10' title="bbox 575 1123 3132 1216; baseline -0.001 -19"><span class='ocrx_word' id='word_1_85' title='bbox 575 1150 786 1215; x_wconf 89' lang='lat' dir='ltr'><strong>quam</strong></span> <span class='ocrx_word' id='word_1_86' title='bbox 838 1150 1069 1198; x_wconf 88' lang='lat' dir='ltr'><strong>coram</strong></span> <span class='ocrx_word' id='word_1_87' title='bbox 1121 1128 1364 1197; x_wconf 80' lang='lat' dir='ltr'><strong>adesse</strong></span> <span class='ocrx_word' id='word_1_88' title='bbox 1411 1128 1601 1198; x_wconf 89' lang='lat' dir='ltr'><strong>visus</strong></span> <span class='ocrx_word' id='word_1_89' title='bbox 1665 1140 1790 1207; x_wconf 89' lang='lat' dir='ltr'><strong>est,</strong></span> <span class='ocrx_word' id='word_1_90' title='bbox 1845 1148 2265 1215; x_wconf 90' lang='lat' dir='ltr'><strong>omnemque</strong></span> <span class='ocrx_word' id='word_1_91' title='bbox 2310 1138 2664 1196; x_wconf 86' lang='lat' dir='ltr'><strong>ventosam</strong></span> <span class='ocrx_word' id='word_1_92' title='bbox 2714 1146 2931 1195; x_wconf 91' lang='lat' dir='ltr'><strong>vanae</strong></span> <span class='ocrx_word' id='word_1_93' title='bbox 2978 1123 3132 1216; x_wconf 87' lang='lat' dir='ltr'><strong>glo-</strong></span> 
     </span>
     <span class='ocr_line' id='line_1_11' title="bbox 573 1213 3130 1306; baseline -0.001 -22"><span class='ocrx_word' id='word_1_94' title='bbox 573 1216 721 1285; x_wconf 87' lang='lat' dir='ltr'><strong>riae</strong></span> <span class='ocrx_word' id='word_1_95' title='bbox 768 1214 1021 1284; x_wconf 85' lang='lat' dir='ltr'><strong>famam</strong></span> <span class='ocrx_word' id='word_1_96' title='bbox 1076 1216 1164 1285; x_wconf 90' lang='lat' dir='ltr'><strong>ab</strong></span> <span class='ocrx_word' id='word_1_97' title='bbox 1215 1215 1356 1285; x_wconf 90' lang='lat' dir='ltr'><strong>illis</strong></span> <span class='ocrx_word' id='word_1_98' title='bbox 1405 1215 1695 1306; x_wconf 84' lang='lat' dir='ltr'><strong>depulit,</strong></span> <span class='ocrx_word' id='word_1_99' title='bbox 1748 1238 1887 1302; x_wconf 91' lang='lat' dir='ltr'><strong>qua</strong></span> <span class='ocrx_word' id='word_1_100' title='bbox 1936 1214 2261 1306; x_wconf 83' lang='lat' dir='ltr'><strong>permulti</strong></span> <span class='ocrx_word' id='word_1_101' title='bbox 2310 1214 2779 1284; x_wconf 87' lang='lat' dir='ltr'><strong>delectantur:</strong></span> <span class='ocrx_word' id='word_1_102' title='bbox 2831 1213 2949 1300; x_wconf 90' lang='lat' dir='ltr'><strong>qui</strong></span> <span class='ocrx_word' id='word_1_103' title='bbox 3006 1236 3130 1303; x_wconf 91' lang='lat' dir='ltr'><strong>pro</strong></span> 
     </span>
     <span class='ocr_line' id='line_1_12' title="bbox 575 1302 3130 1394; baseline -0.002 -21"><span class='ocrx_word' id='word_1_104' title='bbox 575 1325 703 1373; x_wconf 92' lang='lat' dir='ltr'><strong>sua</strong></span> <span class='ocrx_word' id='word_1_105' title='bbox 753 1303 1127 1383; x_wconf 84' lang='lat' dir='ltr'><strong>voluntate,</strong></span> <span class='ocrx_word' id='word_1_106' title='bbox 1165 1303 1447 1390; x_wconf 91' lang='lat' dir='ltr'><strong>quando</strong></span> <span class='ocrx_word' id='word_1_107' title='bbox 1479 1326 1519 1373; x_wconf 90' lang='lat' dir='ltr'><strong>a</strong></span> <span class='ocrx_word' id='word_1_108' title='bbox 1571 1308 1703 1374; x_wconf 86' lang='lat' dir='ltr'><strong>Deo</strong></span> <span class='ocrx_word' id='word_1_109' title='bbox 1751 1305 2112 1394; x_wconf 84' lang='lat' dir='ltr'><strong>quippiam</strong></span> <span class='ocrx_word' id='word_1_110' title='bbox 2163 1315 2433 1394; x_wconf 88' lang='lat' dir='ltr'><strong>praeter</strong></span> <span class='ocrx_word' id='word_1_111' title='bbox 2477 1302 2581 1373; x_wconf 85' lang='lat' dir='ltr'><strong>fas</strong></span> <span class='ocrx_word' id='word_1_112' title='bbox 2639 1302 2949 1370; x_wconf 91' lang='lat' dir='ltr'><strong>obtinere</strong></span> <span class='ocrx_word' id='word_1_113' title='bbox 3002 1323 3130 1369; x_wconf 87' lang='lat' dir='ltr'><strong>cu-</strong></span> 
     </span>
     <span class='ocr_line' id='line_1_13' title="bbox 572 1389 3128 1483; baseline -0.001 -23"><span class='ocrx_word' id='word_1_114' title='bbox 572 1391 801 1482; x_wconf 90' lang='lat' dir='ltr'><strong>piunt,</strong></span> <span class='ocrx_word' id='word_1_115' title='bbox 856 1390 1221 1461; x_wconf 88' lang='lat' dir='ltr'><strong>simulatas</strong></span> <span class='ocrx_word' id='word_1_116' title='bbox 1254 1413 1490 1482; x_wconf 89' lang='lat' dir='ltr'><strong>preces</strong></span> <span class='ocrx_word' id='word_1_117' title='bbox 1535 1405 1602 1460; x_wconf 93' lang='lat' dir='ltr'><strong>et</strong></span> <span class='ocrx_word' id='word_1_118' title='bbox 1638 1392 1910 1483; x_wconf 87' lang='lat' dir='ltr'><strong>jejunia</strong></span> <span class='ocrx_word' id='word_1_119' title='bbox 1957 1391 2384 1482; x_wconf 88' lang='lat' dir='ltr'><strong>suscipiunt:</strong></span> <span class='ocrx_word' id='word_1_120' title='bbox 2435 1403 2504 1458; x_wconf 88' lang='lat' dir='ltr'><strong>et</strong></span> <span class='ocrx_word' id='word_1_121' title='bbox 2550 1390 2610 1458; x_wconf 93' lang='lat' dir='ltr'><strong>si</strong></span> <span class='ocrx_word' id='word_1_122' title='bbox 2641 1389 2738 1471; x_wconf 90' lang='lat' dir='ltr'><strong>id,</strong></span> <span class='ocrx_word' id='word_1_123' title='bbox 2773 1389 2952 1475; x_wconf 90' lang='lat' dir='ltr'><strong>quod</strong></span> <span class='ocrx_word' id='word_1_124' title='bbox 3006 1409 3128 1477; x_wconf 93' lang='lat' dir='ltr'><strong>pe-</strong></span> 
     </span>
     <span class='ocr_line' id='line_1_14' title="bbox 570 1476 3126 1569; baseline -0.001 -21"><span class='ocrx_word' id='word_1_125' title='bbox 570 1491 748 1558; x_wconf 89' lang='lat' dir='ltr'><strong>tunt,</strong></span> <span class='ocrx_word' id='word_1_126' title='bbox 801 1480 1068 1548; x_wconf 89' lang='lat' dir='ltr'><strong>eveniat</strong></span> <span class='ocrx_word' id='word_1_127' title='bbox 1115 1481 1310 1569; x_wconf 75' lang='lat' dir='ltr'><strong>ipsiS,</strong></span> <span class='ocrx_word' id='word_1_128' title='bbox 1356 1480 1654 1549; x_wconf 85' lang='lat' dir='ltr'><strong>inaniter</strong></span> <span class='ocrx_word' id='word_1_129' title='bbox 1700 1501 1849 1550; x_wconf 89' lang='lat' dir='ltr'><strong>sese</strong></span> <span class='ocrx_word' id='word_1_130' title='bbox 1904 1491 2249 1549; x_wconf 90' lang='lat' dir='ltr'><strong>ostentant</strong></span> <span class='ocrx_word' id='word_1_131' title='bbox 2293 1490 2360 1547; x_wconf 93' lang='lat' dir='ltr'><strong>et</strong></span> <span class='ocrx_word' id='word_1_132' title='bbox 2408 1477 2725 1547; x_wconf 81' lang='lat' dir='ltr'><strong>efferunt.</strong></span> <span class='ocrx_word' id='word_1_133' title='bbox 2765 1477 2887 1547; x_wconf 88' lang='lat' dir='ltr'><strong>Sed</strong></span> <span class='ocrx_word' id='word_1_134' title='bbox 2935 1476 3126 1565; x_wconf 88' lang='lat' dir='ltr'><strong>ejus-</strong></span> 
     </span>
     <span class='ocr_line' id='line_1_15' title="bbox 568 1563 3196 1658; baseline 0 -22"><span class='ocrx_word' id='word_1_135' title='bbox 568 1566 761 1636; x_wconf 89' lang='lat' dir='ltr'><strong>modi</strong></span> <span class='ocrx_word' id='word_1_136' title='bbox 812 1568 1128 1637; x_wconf 89' lang='lat' dir='ltr'><strong>homines</strong></span> <span class='ocrx_word' id='word_1_137' title='bbox 1175 1589 1303 1637; x_wconf 92' lang='lat' dir='ltr'><strong>ceu</strong></span> <span class='ocrx_word' id='word_1_138' title='bbox 1362 1568 1692 1658; x_wconf 86' lang='lat' dir='ltr'><strong>stipulam</strong></span> <span class='ocrx_word' id='word_1_139' title='bbox 1757 1580 2004 1638; x_wconf 84' lang='lat' dir='ltr'><strong>ventus</strong></span> <span class='ocrx_word' id='word_1_140' title='bbox 2072 1567 2445 1656; x_wconf 79' lang='lat' dir='ltr'><strong>disperget.</strong></span> <span class='ocrx_word' id='word_1_141' title='bbox 2500 1571 2710 1635; x_wconf 89' lang='lat' dir='ltr'><strong>Porro</strong></span> <span class='ocrx_word' id='word_1_142' title='bbox 2763 1565 2885 1651; x_wconf 84' lang='lat' dir='ltr'><strong>qui</strong></span> <span class='ocrx_word' id='word_1_143' title='bbox 2934 1563 3131 1633; x_wconf 85' lang='lat' dir='ltr'><strong>vani·</strong></span> <span class='ocrx_word' id='word_1_144' title='bbox 3191 1632 3196 1636; x_wconf 85' lang='lat'><strong>.</strong></span> 
     </span>
     <span class='ocr_line' id='line_1_16' title="bbox 569 1653 3134 1752; baseline -0.001 -28"><span class='ocrx_word' id='word_1_145' title='bbox 569 1654 828 1724; x_wconf 87' lang='lat' dir='ltr'><strong>tatibus</strong></span> <span class='ocrx_word' id='word_1_146' title='bbox 877 1655 1292 1724; x_wconf 83' lang='lat' dir='ltr'><strong>moriuntur.</strong></span> <span class='ocrx_word' id='word_1_147' title='bbox 1328 1655 1412 1723; x_wconf 92' lang='lat' dir='ltr'><strong>ad</strong></span> <span class='ocrx_word' id='word_1_148' title='bbox 1479 1678 1595 1725; x_wconf 91' lang='lat' dir='ltr'><strong>eas</strong></span> <span class='ocrx_word' id='word_1_149' title='bbox 1639 1669 1965 1741; x_wconf 86' lang='lat' dir='ltr'><strong>tanquam</strong></span> <span class='ocrx_word' id='word_1_150' title='bbox 2024 1655 2423 1724; x_wconf 88' lang='lat' dir='ltr'><strong>obdormire</strong></span> <span class='ocrx_word' id='word_1_151' title='bbox 2471 1653 2835 1723; x_wconf 87' lang='lat' dir='ltr'><strong>videntur:</strong></span> <span class='ocrx_word' id='word_1_152' title='bbox 2889 1654 3134 1752; x_wconf 84' lang='lat' dir='ltr'><strong>sicque</strong></span> 
     </span>
     <span class='ocr_line' id='line_1_17' title="bbox 571 1740 3134 1833; baseline -0.002 -21"><span class='ocrx_word' id='word_1_153' title='bbox 571 1742 925 1832; x_wconf 87' lang='lat' dir='ltr'><strong>superbia,</strong></span> <span class='ocrx_word' id='word_1_154' title='bbox 1001 1764 1176 1811; x_wconf 89' lang='lat' dir='ltr'><strong>vana</strong></span> <span class='ocrx_word' id='word_1_155' title='bbox 1224 1743 1466 1833; x_wconf 88' lang='lat' dir='ltr'><strong>gloria,</strong></span> <span class='ocrx_word' id='word_1_156' title='bbox 1521 1744 1806 1812; x_wconf 88' lang='lat' dir='ltr'><strong>honoris</strong></span> <span class='ocrx_word' id='word_1_157' title='bbox 1853 1766 1893 1812; x_wconf 91' lang='lat' dir='ltr'><strong>a</strong></span> <span class='ocrx_word' id='word_1_158' title='bbox 1951 1744 2207 1833; x_wconf 90' lang='lat' dir='ltr'><strong>petitio,</strong></span> <span class='ocrx_word' id='word_1_159' title='bbox 2273 1754 2681 1827; x_wconf 90' lang='lat' dir='ltr'><strong>caeteraque</strong></span> <span class='ocrx_word' id='word_1_160' title='bbox 2737 1742 2899 1811; x_wconf 87' lang='lat' dir='ltr'><strong>vitia</strong></span> <span class='ocrx_word' id='word_1_161' title='bbox 2956 1740 3134 1809; x_wconf 80' lang='lat' dir='ltr'><strong>divi-</strong></span> 
     </span>
     <span class='ocr_line' id='line_1_18' title="bbox 572 1829 3130 1920; baseline -0.001 -22"><span class='ocrx_word' id='word_1_162' title='bbox 572 1831 764 1900; x_wconf 91' lang='lat' dir='ltr'><strong>nitus</strong></span> <span class='ocrx_word' id='word_1_163' title='bbox 812 1831 1392 1920; x_wconf 89' lang='lat' dir='ltr'><strong>comprimuntur,</strong></span> <span class='ocrx_word' id='word_1_164' title='bbox 1451 1852 1535 1900; x_wconf 92' lang='lat' dir='ltr'><strong>ne</strong></span> <span class='ocrx_word' id='word_1_165' title='bbox 1582 1831 1863 1900; x_wconf 90' lang='lat' dir='ltr'><strong>animus</strong></span> <span class='ocrx_word' id='word_1_166' title='bbox 1963 1852 2265 1899; x_wconf 90' lang='lat' dir='ltr'><strong>umanus</strong></span> <span class='ocrx_word' id='word_1_167' title='bbox 2311 1830 2399 1900; x_wconf 86' lang='lat' dir='ltr'><strong>ab</strong></span> <span class='ocrx_word' id='word_1_168' title='bbox 2447 1851 2681 1899; x_wconf 88' lang='lat' dir='ltr'><strong>amore</strong></span> <span class='ocrx_word' id='word_1_169' title='bbox 2734 1843 2801 1898; x_wconf 90' lang='lat' dir='ltr'><strong>et</strong></span> <span class='ocrx_word' id='word_1_170' title='bbox 2855 1829 3130 1918; x_wconf 58' lang='lat' dir='ltr'><strong>ample-2</strong></span> 
     </span>
     <span class='ocr_line' id='line_1_19' title="bbox 573 1917 3121 1995; baseline -0.001 -8"><span class='ocrx_word' id='word_1_171' title='bbox 573 1917 782 1987; x_wconf 88' lang='lat' dir='ltr'><strong>xibus</strong></span> <span class='ocrx_word' id='word_1_172' title='bbox 828 1918 1154 1987; x_wconf 84' lang='lat' dir='ltr'><strong>creatoris</strong></span> <span class='ocrx_word' id='word_1_173' title='bbox 1216 1919 1378 1995; x_wconf 89' lang='lat' dir='ltr'><strong>sui,</strong></span> <span class='ocrx_word' id='word_1_174' title='bbox 1448 1939 1689 1987; x_wconf 90' lang='lat' dir='ltr'><strong>eorum</strong></span> <span class='ocrx_word' id='word_1_175' title='bbox 1748 1918 2180 1988; x_wconf 86' lang='lat' dir='ltr'><strong>infestatione</strong></span> <span class='ocrx_word' id='word_1_176' title='bbox 2245 1917 2387 1987; x_wconf 90' lang='lat' dir='ltr'><strong>ulla</strong></span> <span class='ocrx_word' id='word_1_177' title='bbox 2448 1918 2712 1987; x_wconf 89' lang='lat' dir='ltr'><strong>ratione</strong></span> <span class='ocrx_word' id='word_1_178' title='bbox 2759 1917 3121 1986; x_wconf 84' lang='lat' dir='ltr'><strong>avellatur.</strong></span> 
     </span>
     <span class='ocr_line' id='line_1_20' title="bbox 572 2004 3129 2097; baseline -0.001 -22"><span class='ocrx_word' id='word_1_179' title='bbox 572 2010 821 2075; x_wconf 78' lang='lat' dir='ltr'><strong>Beatus</strong></span> <span class='ocrx_word' id='word_1_180' title='bbox 871 2006 1102 2091; x_wconf 86' lang='lat' dir='ltr'><strong>itaque</strong></span> <span class='ocrx_word' id='word_1_181' title='bbox 1150 2006 1520 2076; x_wconf 82' lang='lat' dir='ltr'><strong>Disibodus</strong></span> <span class='ocrx_word' id='word_1_182' title='bbox 1566 2006 1824 2096; x_wconf 87' lang='lat' dir='ltr'><strong>gaudio</strong></span> <span class='ocrx_word' id='word_1_183' title='bbox 1872 2006 2196 2097; x_wconf 84' lang='lat' dir='ltr'><strong>perfusus</strong></span> <span class='ocrx_word' id='word_1_184' title='bbox 2298 2028 2369 2075; x_wconf 90' lang='lat' dir='ltr'><strong>ro</strong></span> <span class='ocrx_word' id='word_1_185' title='bbox 2415 2005 2596 2076; x_wconf 89' lang='lat' dir='ltr'><strong>bona</strong></span> <span class='ocrx_word' id='word_1_186' title='bbox 2647 2027 2768 2094; x_wconf 92' lang='lat' dir='ltr'><strong>spe</strong></span> <span class='ocrx_word' id='word_1_187' title='bbox 2795 2004 3129 2074; x_wconf 90' lang='lat' dir='ltr'><strong>desiderii</strong></span> 
     </span>
     <span class='ocr_line' id='line_1_21' title="bbox 573 2092 3133 2185; baseline -0.001 -22"><span class='ocrx_word' id='word_1_188' title='bbox 573 2093 686 2163; x_wconf 90' lang='lat' dir='ltr'><strong>sui</strong></span> <span class='ocrx_word' id='word_1_189' title='bbox 726 2094 1145 2180; x_wconf 86' lang='lat' dir='ltr'><strong>quandoque</strong></span> <span class='ocrx_word' id='word_1_190' title='bbox 1193 2094 1508 2164; x_wconf 85' lang='lat' dir='ltr'><strong>coelestis</strong></span> <span class='ocrx_word' id='word_1_191' title='bbox 1556 2096 1817 2185; x_wconf 88' lang='lat' dir='ltr'><strong>gratiae</strong></span> <span class='ocrx_word' id='word_1_192' title='bbox 1864 2117 1994 2185; x_wconf 91' lang='lat' dir='ltr'><strong>ope</strong></span> <span class='ocrx_word' id='word_1_193' title='bbox 2040 2116 2244 2185; x_wconf 92' lang='lat' dir='ltr'><strong>comp</strong></span> <span class='ocrx_word' id='word_1_194' title='bbox 2275 2093 2462 2173; x_wconf 91' lang='lat' dir='ltr'><strong>endi,</strong></span> <span class='ocrx_word' id='word_1_195' title='bbox 2518 2093 2639 2162; x_wconf 92' lang='lat' dir='ltr'><strong>ubi</strong></span> <span class='ocrx_word' id='word_1_196' title='bbox 2687 2093 2778 2161; x_wconf 88' lang='lat' dir='ltr'><strong>de</strong></span> <span class='ocrx_word' id='word_1_197' title='bbox 2820 2092 3133 2162; x_wconf 89' lang='lat' dir='ltr'><strong>homini-</strong></span> 
     </span>
     <span class='ocr_line' id='line_1_22' title="bbox 568 2180 3135 2273; baseline 0 -23"><span class='ocrx_word' id='word_1_198' title='bbox 568 2180 704 2250; x_wconf 91' lang='lat' dir='ltr'><strong>bus</strong></span> <span class='ocrx_word' id='word_1_199' title='bbox 751 2182 837 2249; x_wconf 87' lang='lat' dir='ltr'><strong>ad</strong></span> <span class='ocrx_word' id='word_1_200' title='bbox 890 2182 1207 2250; x_wconf 86' lang='lat' dir='ltr'><strong>Rhenum</strong></span> <span class='ocrx_word' id='word_1_201' title='bbox 1259 2181 1671 2272; x_wconf 83' lang='lat' dir='ltr'><strong>degentibus</strong></span> <span class='ocrx_word' id='word_1_202' title='bbox 1728 2184 2055 2273; x_wconf 86' lang='lat' dir='ltr'><strong>percepit,</strong></span> <span class='ocrx_word' id='word_1_203' title='bbox 2116 2182 2332 2251; x_wconf 91' lang='lat' dir='ltr'><strong>duros</strong></span> <span class='ocrx_word' id='word_1_204' title='bbox 2391 2182 2674 2269; x_wconf 90' lang='lat' dir='ltr'><strong>quidem</strong></span> <span class='ocrx_word' id='word_1_205' title='bbox 2727 2193 2792 2250; x_wconf 92' lang='lat' dir='ltr'><strong>et</strong></span> <span class='ocrx_word' id='word_1_206' title='bbox 2847 2202 3135 2270; x_wconf 84' lang='lat' dir='ltr'><strong>asperos</strong></span> 
     </span>
     <span class='ocr_line' id='line_1_23' title="bbox 568 2269 3136 2361; baseline 0 -24"><span class='ocrx_word' id='word_1_207' title='bbox 568 2269 726 2338; x_wconf 91' lang='lat' dir='ltr'><strong>illos</strong></span> <span class='ocrx_word' id='word_1_208' title='bbox 780 2290 951 2351; x_wconf 90' lang='lat' dir='ltr'><strong>esse,</strong></span> <span class='ocrx_word' id='word_1_209' title='bbox 999 2269 1114 2338; x_wconf 90' lang='lat' dir='ltr'><strong>sed</strong></span> <span class='ocrx_word' id='word_1_210' title='bbox 1168 2282 1393 2338; x_wconf 89' lang='lat' dir='ltr'><strong>tamen</strong></span> <span class='ocrx_word' id='word_1_211' title='bbox 1465 2270 2012 2341; x_wconf 89' lang='lat' dir='ltr'><strong>Ecclesiasticam</strong></span> <span class='ocrx_word' id='word_1_212' title='bbox 2073 2270 2477 2361; x_wconf 86' lang='lat' dir='ltr'><strong>religionem</strong></span> <span class='ocrx_word' id='word_1_213' title='bbox 2530 2270 2706 2338; x_wconf 85' lang='lat' dir='ltr'><strong>vitae</strong></span> <span class='ocrx_word' id='word_1_214' title='bbox 2766 2269 3136 2337; x_wconf 86' lang='lat' dir='ltr'><strong>devotione</strong></span> 
     </span>
     <span class='ocr_line' id='line_1_24' title="bbox 567 2356 3135 2446; baseline 0 -21"><span class='ocrx_word' id='word_1_215' title='bbox 567 2356 830 2426; x_wconf 90' lang='lat' dir='ltr'><strong>colere:</strong></span> <span class='ocrx_word' id='word_1_216' title='bbox 869 2357 1016 2444; x_wconf 89' lang='lat' dir='ltr'><strong>jam</strong></span> <span class='ocrx_word' id='word_1_217' title='bbox 1065 2370 1420 2446; x_wconf 89' lang='lat' dir='ltr'><strong>pertaesus</strong></span> <span class='ocrx_word' id='word_1_218' title='bbox 1455 2357 1916 2427; x_wconf 87' lang='lat' dir='ltr'><strong>ludibriorum</strong></span> <span class='ocrx_word' id='word_1_219' title='bbox 1951 2360 2187 2446; x_wconf 89' lang='lat' dir='ltr'><strong>ipsum</strong></span> <span class='ocrx_word' id='word_1_220' title='bbox 2238 2356 2594 2427; x_wconf 86' lang='lat' dir='ltr'><strong>irridentis</strong></span> <span class='ocrx_word' id='word_1_221' title='bbox 2659 2356 2925 2446; x_wconf 89' lang='lat' dir='ltr'><strong>populi,</strong></span> <span class='ocrx_word' id='word_1_222' title='bbox 2978 2377 3135 2425; x_wconf 89' lang='lat' dir='ltr'><strong>om·-</strong></span> 
     </span>
     <span class='ocr_line' id='line_1_25' title="bbox 566 2444 3137 2538; baseline 0 -24"><span class='ocrx_word' id='word_1_223' title='bbox 566 2444 681 2514; x_wconf 90' lang='lat' dir='ltr'><strong>nis</strong></span> <span class='ocrx_word' id='word_1_224' title='bbox 742 2466 973 2515; x_wconf 90' lang='lat' dir='ltr'><strong>morae</strong></span> <span class='ocrx_word' id='word_1_225' title='bbox 1020 2445 1411 2536; x_wconf 80' lang='lat' dir='ltr'><strong>impatienS,</strong></span> <span class='ocrx_word' id='word_1_226' title='bbox 1480 2468 1769 2538; x_wconf 85' lang='lat' dir='ltr'><strong>propere</strong></span> <span class='ocrx_word' id='word_1_227' title='bbox 1816 2445 1899 2516; x_wconf 88' lang='lat' dir='ltr'><strong>ad</strong></span> <span class='ocrx_word' id='word_1_228' title='bbox 1965 2446 2286 2516; x_wconf 87' lang='lat' dir='ltr'><strong>Rhenum</strong></span> <span class='ocrx_word' id='word_1_229' title='bbox 2347 2445 2651 2514; x_wconf 88' lang='lat' dir='ltr'><strong>intendit</strong></span> <span class='ocrx_word' id='word_1_230' title='bbox 2719 2444 2871 2525; x_wconf 88' lang='lat' dir='ltr'><strong>iter,</strong></span> <span class='ocrx_word' id='word_1_231' title='bbox 2925 2457 3137 2531; x_wconf 87' lang='lat' dir='ltr'><strong>atque</strong></span> 
     </span>
     <span class='ocr_line' id='line_1_26' title="bbox 566 2532 3136 2624; baseline -0.001 -22"><span class='ocrx_word' id='word_1_232' title='bbox 566 2533 729 2603; x_wconf 91' lang='lat' dir='ltr'><strong>inde</strong></span> <span class='ocrx_word' id='word_1_233' title='bbox 758 2532 1151 2615; x_wconf 80' lang='lat' dir='ltr'><strong>deflectenS,</strong></span> <span class='ocrx_word' id='word_1_234' title='bbox 1190 2547 1255 2603; x_wconf 91' lang='lat' dir='ltr'><strong>et</strong></span> <span class='ocrx_word' id='word_1_235' title='bbox 1286 2556 1406 2623; x_wconf 90' lang='lat' dir='ltr'><strong>per</strong></span> <span class='ocrx_word' id='word_1_236' title='bbox 1430 2535 1584 2604; x_wconf 88' lang='lat' dir='ltr'><strong>avia</strong></span> <span class='ocrx_word' id='word_1_237' title='bbox 1628 2556 1942 2622; x_wconf 88' lang='lat' dir='ltr'><strong>quaeque</strong></span> <span class='ocrx_word' id='word_1_238' title='bbox 1974 2534 2399 2624; x_wconf 86' lang='lat' dir='ltr'><strong>ingrediens,</strong></span> <span class='ocrx_word' id='word_1_239' title='bbox 2439 2534 2522 2602; x_wconf 90' lang='lat' dir='ltr'><strong>ad</strong></span> <span class='ocrx_word' id='word_1_240' title='bbox 2561 2533 2881 2612; x_wconf 86' lang='lat' dir='ltr'><strong>fluvium,</strong></span> <span class='ocrx_word' id='word_1_241' title='bbox 2920 2553 3136 2620; x_wconf 88' lang='lat' dir='ltr'><strong>quem</strong></span> 
     </span>
     <span class='ocr_line' id='line_1_27' title="bbox 568 2620 3136 2712; baseline -0.001 -21"><span class='ocrx_word' id='word_1_242' title='bbox 568 2620 784 2691; x_wconf 86' lang='lat' dir='ltr'><strong>Glavu</strong></span> <span class='ocrx_word' id='word_1_243' title='bbox 835 2633 1116 2702; x_wconf 87' lang='lat' dir='ltr'><strong>vocant,</strong></span> <span class='ocrx_word' id='word_1_244' title='bbox 1187 2623 1535 2712; x_wconf 86' lang='lat' dir='ltr'><strong>pervenit:</strong></span> <span class='ocrx_word' id='word_1_245' title='bbox 1587 2644 1727 2710; x_wconf 93' lang='lat' dir='ltr'><strong>quo</strong></span> <span class='ocrx_word' id='word_1_246' title='bbox 1776 2623 2226 2703; x_wconf 86' lang='lat' dir='ltr'><strong>transmisso,</strong></span> <span class='ocrx_word' id='word_1_247' title='bbox 2300 2633 2602 2691; x_wconf 90' lang='lat' dir='ltr'><strong>montem</strong></span> <span class='ocrx_word' id='word_1_248' title='bbox 2653 2621 3003 2691; x_wconf 86' lang='lat' dir='ltr'><strong>excelsum</strong></span> <span class='ocrx_word' id='word_1_249' title='bbox 3060 2631 3136 2689; x_wconf 90' lang='lat' dir='ltr'><strong>et</strong></span> 
     </span>
     <span class='ocr_line' id='line_1_28' title="bbox 571 2708 3139 2800; baseline -0.001 -22"><span class='ocrx_word' id='word_1_250' title='bbox 571 2709 995 2799; x_wconf 86' lang='lat' dir='ltr'><strong>sylvigerum</strong></span> <span class='ocrx_word' id='word_1_251' title='bbox 1047 2709 1514 2799; x_wconf 87' lang='lat' dir='ltr'><strong>conspicatus,</strong></span> <span class='ocrx_word' id='word_1_252' title='bbox 1571 2711 1640 2778; x_wconf 90' lang='lat' dir='ltr'><strong>in</strong></span> <span class='ocrx_word' id='word_1_253' title='bbox 1692 2732 1851 2780; x_wconf 92' lang='lat' dir='ltr'><strong>eum</strong></span> <span class='ocrx_word' id='word_1_254' title='bbox 1887 2722 2038 2799; x_wconf 88' lang='lat' dir='ltr'><strong>post</strong></span> <span class='ocrx_word' id='word_1_255' title='bbox 2068 2710 2303 2779; x_wconf 89' lang='lat' dir='ltr'><strong>decem</strong></span> <span class='ocrx_word' id='word_1_256' title='bbox 2358 2708 2935 2800; x_wconf 80' lang='lat' dir='ltr'><strong>peregrinationis</strong></span> <span class='ocrx_word' id='word_1_257' title='bbox 2965 2728 3139 2779; x_wconf 91' lang='lat' dir='ltr'><strong>suae</strong></span> 
     </span>
     <span class='ocr_line' id='line_1_29' title="bbox 574 2795 3198 2885; baseline -0 -20"><span class='ocrx_word' id='word_1_258' title='bbox 574 2817 797 2866; x_wconf 86' lang='lat' dir='ltr'><strong>annos</strong></span> <span class='ocrx_word' id='word_1_259' title='bbox 845 2797 1180 2876; x_wconf 91' lang='lat' dir='ltr'><strong>ascendit,</strong></span> <span class='ocrx_word' id='word_1_260' title='bbox 1248 2796 1485 2882; x_wconf 92' lang='lat' dir='ltr'><strong>ibique</strong></span> <span class='ocrx_word' id='word_1_261' title='bbox 1544 2796 1771 2869; x_wconf 90' lang='lat' dir='ltr'><strong>lassus</strong></span> <span class='ocrx_word' id='word_1_262' title='bbox 1828 2798 2137 2868; x_wconf 87' lang='lat' dir='ltr'><strong>residens</strong></span> <span class='ocrx_word' id='word_1_263' title='bbox 2202 2808 2269 2866; x_wconf 90' lang='lat' dir='ltr'><strong>et</strong></span> <span class='ocrx_word' id='word_1_264' title='bbox 2323 2797 2623 2884; x_wconf 91' lang='lat' dir='ltr'><strong>quietem</strong></span> <span class='ocrx_word' id='word_1_265' title='bbox 2674 2810 2987 2885; x_wconf 88' lang='lat' dir='ltr'><strong>captans,</strong></span> <span class='ocrx_word' id='word_1_266' title='bbox 3041 2795 3136 2864; x_wconf 88' lang='lat' dir='ltr'><strong>ad</strong></span> <span class='ocrx_word' id='word_1_267' title='bbox 3185 2859 3198 2871; x_wconf 81' lang='grc'>,</span> 
     </span>
    </p>
   </div>
   <div class='ocr_carea' id='block_1_3' title="bbox 460 2873 3137 2972">
    <p class='ocr_par' dir='ltr' id='par_1_3' title="bbox 460 2873 3137 2972">
     <span class='ocr_line' id='line_1_30' title="bbox 460 2873 3137 2972; baseline -0 -19"><span class='ocrx_word' id='word_1_268' title='bbox 460 2873 463 2876; x_wconf 14' lang='lat' dir='ltr'><strong>i</strong></span> <span class='ocrx_word' id='word_1_269' title='bbox 572 2885 864 2953; x_wconf 85' lang='lat' dir='ltr'><strong>comites</strong></span> <span class='ocrx_word' id='word_1_270' title='bbox 912 2906 1075 2954; x_wconf 90' lang='lat' dir='ltr'><strong>suos</strong></span> <span class='ocrx_word' id='word_1_271' title='bbox 1125 2883 1552 2965; x_wconf 90' lang='lat' dir='ltr'><strong>Gisvaldum,</strong></span> <span class='ocrx_word' id='word_1_272' title='bbox 1608 2886 2022 2955; x_wconf 84' lang='lat' dir='ltr'><strong>Clementem</strong></span> <span class='ocrx_word' id='word_1_273' title='bbox 2082 2899 2149 2954; x_wconf 88' lang='lat' dir='ltr'><strong>et</strong></span> <span class='ocrx_word' id='word_1_274' title='bbox 2197 2885 2593 2965; x_wconf 88' lang='lat' dir='ltr'><strong>Salustum,</strong></span> <span class='ocrx_word' id='word_1_275' title='bbox 2670 2886 2791 2972; x_wconf 90' lang='lat' dir='ltr'><strong>qui</strong></span> <span class='ocrx_word' id='word_1_276' title='bbox 2863 2906 2947 2953; x_wconf 84' lang='lat' dir='ltr'><strong>ex</strong></span> <span class='ocrx_word' id='word_1_277' title='bbox 3008 2884 3137 2952; x_wconf 84' lang='lat' dir='ltr'><strong>Hi-</strong></span> 
     </span>
    </p>
   </div>
   <div class='ocr_carea' id='block_1_4' title="bbox 564 2970 3153 4469">
    <p class='ocr_par' dir='ltr' id='par_1_4' title="bbox 569 2970 3141 3146">
     <span class='ocr_line' id='line_1_31' title="bbox 571 2970 3141 3064; baseline 0 -24"><span class='ocrx_word' id='word_1_278' title='bbox 571 2970 816 3042; x_wconf 91' lang='lat' dir='ltr'><strong>bernia</strong></span> <span class='ocrx_word' id='word_1_279' title='bbox 862 2993 1021 3041; x_wconf 91' lang='lat' dir='ltr'><strong>eum</strong></span> <span class='ocrx_word' id='word_1_280' title='bbox 1074 2972 1292 3041; x_wconf 88' lang='lat' dir='ltr'><strong>secuti</strong></span> <span class='ocrx_word' id='word_1_281' title='bbox 1339 2984 1558 3054; x_wconf 86' lang='lat' dir='ltr'><strong>erant,</strong></span> <span class='ocrx_word' id='word_1_282' title='bbox 1599 2977 1846 3043; x_wconf 89' lang='lat' dir='ltr'><strong>Sancto</strong></span> <span class='ocrx_word' id='word_1_283' title='bbox 1896 2973 2158 3064; x_wconf 88' lang='lat' dir='ltr'><strong>Spiritu</strong></span> <span class='ocrx_word' id='word_1_284' title='bbox 2197 2985 2575 3063; x_wconf 81' lang='lat' dir='ltr'><strong>permotuS,</strong></span> <span class='ocrx_word' id='word_1_285' title='bbox 2613 2973 2750 3041; x_wconf 88' lang='lat' dir='ltr'><strong>ait:</strong></span> <span class='ocrx_word' id='word_1_286' title='bbox 2797 2977 2978 3041; x_wconf 88' lang='lat' dir='ltr'><strong>Haec</strong></span> <span class='ocrx_word' id='word_1_287' title='bbox 3026 2992 3141 3040; x_wconf 87' lang='lat' dir='ltr'><strong>re-</strong></span> 
     </span>
     <span class='ocr_line' id='line_1_32' title="bbox 569 3060 1153 3146; baseline -0.005 -17"><span class='ocrx_word' id='word_1_288' title='bbox 569 3060 772 3146; x_wconf 83' lang='lat' dir='ltr'><strong>quies</strong></span> <span class='ocrx_word' id='word_1_289' title='bbox 823 3080 971 3127; x_wconf 85' lang='lat' dir='ltr'><strong>mea</strong></span> <span class='ocrx_word' id='word_1_290' title='bbox 1002 3060 1153 3128; x_wconf 90' lang='lat' dir='ltr'><strong>erit.</strong></span> 
     </span>
    </p>

    <p class='ocr_par' dir='ltr' id='par_1_5' title="bbox 564 3146 3153 4469">
     <span class='ocr_line' id='line_1_33' title="bbox 657 3146 3140 3238; baseline 0 -24"><span class='ocrx_word' id='word_1_291' title='bbox 657 3148 694 3234; x_wconf 65' lang='grc' dir='ltr'>ξ</span> <span class='ocrx_word' id='word_1_292' title='bbox 759 3151 853 3215; x_wconf 72' lang='grc'><strong>9.</strong></span> <span class='ocrx_word' id='word_1_293' title='bbox 908 3151 1216 3232; x_wconf 86' lang='lat' dir='ltr'><strong>Cumque</strong></span> <span class='ocrx_word' id='word_1_294' title='bbox 1262 3146 1514 3216; x_wconf 91' lang='lat' dir='ltr'><strong>deinde</strong></span> <span class='ocrx_word' id='word_1_295' title='bbox 1541 3158 1844 3217; x_wconf 89' lang='lat' dir='ltr'><strong>montem</strong></span> <span class='ocrx_word' id='word_1_296' title='bbox 1890 3147 2089 3217; x_wconf 89' lang='lat' dir='ltr'><strong>illum</strong></span> <span class='ocrx_word' id='word_1_297' title='bbox 2131 3148 2677 3235; x_wconf 87' lang='lat' dir='ltr'><strong>circumquaque</strong></span> <span class='ocrx_word' id='word_1_298' title='bbox 2712 3146 3140 3238; x_wconf 90' lang='lat' dir='ltr'><strong>perlustras-</strong></span> 
     </span>
     <span class='ocr_line' id='line_1_34' title="bbox 569 3234 3140 3327; baseline 0.001 -24"><span class='ocrx_word' id='word_1_299' title='bbox 569 3247 692 3314; x_wconf 92' lang='lat' dir='ltr'><strong>set,</strong></span> <span class='ocrx_word' id='word_1_300' title='bbox 745 3246 812 3303; x_wconf 93' lang='lat' dir='ltr'><strong>et</strong></span> <span class='ocrx_word' id='word_1_301' title='bbox 856 3247 1104 3303; x_wconf 87' lang='lat' dir='ltr'><strong>cuncta</strong></span> <span class='ocrx_word' id='word_1_302' title='bbox 1153 3235 1303 3324; x_wconf 84' lang='lat' dir='ltr'><strong>ejus</strong></span> <span class='ocrx_word' id='word_1_303' title='bbox 1352 3234 1567 3305; x_wconf 85' lang='lat' dir='ltr'><strong>latera</strong></span> <span class='ocrx_word' id='word_1_304' title='bbox 1626 3248 1947 3305; x_wconf 91' lang='lat' dir='ltr'><strong>accurate</strong></span> <span class='ocrx_word' id='word_1_305' title='bbox 2005 3237 2451 3327; x_wconf 83' lang='lat' dir='ltr'><strong>inspexisset,</strong></span> <span class='ocrx_word' id='word_1_306' title='bbox 2507 3237 2890 3304; x_wconf 84' lang='lat' dir='ltr'><strong>amoenitas</strong></span> <span class='ocrx_word' id='word_1_307' title='bbox 2937 3234 3140 3305; x_wconf 90' lang='lat' dir='ltr'><strong>illius</strong></span> 
     </span>
     <span class='ocr_line' id='line_1_35' title="bbox 570 3322 3138 3413; baseline 0 -22"><span class='ocrx_word' id='word_1_308' title='bbox 570 3322 797 3412; x_wconf 89' lang='lat' dir='ltr'><strong>magis</strong></span> <span class='ocrx_word' id='word_1_309' title='bbox 844 3344 924 3391; x_wconf 91' lang='lat' dir='ltr'><strong>ac</strong></span> <span class='ocrx_word' id='word_1_310' title='bbox 975 3323 1196 3412; x_wconf 88' lang='lat' dir='ltr'><strong>magis</strong></span> <span class='ocrx_word' id='word_1_311' title='bbox 1226 3344 1387 3393; x_wconf 89' lang='lat' dir='ltr'><strong>eum</strong></span> <span class='ocrx_word' id='word_1_312' title='bbox 1424 3323 1756 3403; x_wconf 82' lang='lat' dir='ltr'><strong>incitavit,</strong></span> <span class='ocrx_word' id='word_1_313' title='bbox 1810 3336 1887 3392; x_wconf 92' lang='lat' dir='ltr'><strong>ut</strong></span> <span class='ocrx_word' id='word_1_314' title='bbox 1934 3323 2078 3392; x_wconf 88' lang='lat' dir='ltr'><strong>illic</strong></span> <span class='ocrx_word' id='word_1_315' title='bbox 2125 3346 2213 3393; x_wconf 95' lang='lat' dir='ltr'><strong>cu</strong></span> <span class='ocrx_word' id='word_1_316' title='bbox 2268 3337 2409 3394; x_wconf 86' lang='lat' dir='ltr'><strong>eret</strong></span> <span class='ocrx_word' id='word_1_317' title='bbox 2433 3324 2666 3393; x_wconf 90' lang='lat' dir='ltr'><strong>sedem</strong></span> <span class='ocrx_word' id='word_1_318' title='bbox 2700 3324 2934 3413; x_wconf 84' lang='lat' dir='ltr'><strong>figere,</strong></span> <span class='ocrx_word' id='word_1_319' title='bbox 2966 3345 3138 3391; x_wconf 86' lang='lat' dir='ltr'><strong>nam</strong></span> 
     </span>
     <span class='ocr_line' id='line_1_36' title="bbox 567 3410 3133 3501; baseline -0.001 -22"><span class='ocrx_word' id='word_1_320' title='bbox 567 3423 635 3481; x_wconf 91' lang='lat' dir='ltr'><strong>et</strong></span> <span class='ocrx_word' id='word_1_321' title='bbox 680 3427 1012 3480; x_wconf 87' lang='lat' dir='ltr'><strong>ascensus</strong></span> <span class='ocrx_word' id='word_1_322' title='bbox 1059 3411 1325 3480; x_wconf 90' lang='lat' dir='ltr'><strong>arduus</strong></span> <span class='ocrx_word' id='word_1_323' title='bbox 1373 3410 1731 3481; x_wconf 87' lang='lat' dir='ltr'><strong>difficilem</strong></span> <span class='ocrx_word' id='word_1_324' title='bbox 1797 3413 2100 3501; x_wconf 89' lang='lat' dir='ltr'><strong>praebet,</strong></span> <span class='ocrx_word' id='word_1_325' title='bbox 2154 3433 2192 3480; x_wconf 97' lang='lat' dir='ltr'><strong>a</strong></span> <span class='ocrx_word' id='word_1_326' title='bbox 2250 3411 2688 3481; x_wconf 87' lang='lat' dir='ltr'><strong>ventantibus</strong></span> <span class='ocrx_word' id='word_1_327' title='bbox 2735 3431 3133 3491; x_wconf 87' lang='lat' dir='ltr'><strong>accessum,</strong></span> 
     </span>
     <span class='ocr_line' id='line_1_37' title="bbox 567 3498 3135 3590; baseline 0 -24"><span class='ocrx_word' id='word_1_328' title='bbox 567 3510 635 3567; x_wconf 90' lang='lat' dir='ltr'><strong>et</strong></span> <span class='ocrx_word' id='word_1_329' title='bbox 683 3498 883 3567; x_wconf 88' lang='lat' dir='ltr'><strong>rivuli</strong></span> <span class='ocrx_word' id='word_1_330' title='bbox 934 3518 1015 3566; x_wconf 86' lang='lat' dir='ltr'><strong>ex</strong></span> <span class='ocrx_word' id='word_1_331' title='bbox 1075 3502 1369 3586; x_wconf 74' lang='lat' dir='ltr'><strong>utraque</strong></span> <span class='ocrx_word' id='word_1_332' title='bbox 1420 3500 1573 3589; x_wconf 89' lang='lat' dir='ltr'><strong>ejus</strong></span> <span class='ocrx_word' id='word_1_333' title='bbox 1630 3512 1824 3588; x_wconf 91' lang='lat' dir='ltr'><strong>parte</strong></span> <span class='ocrx_word' id='word_1_334' title='bbox 1885 3512 2268 3576; x_wconf 83' lang='lat' dir='ltr'><strong>manantes,</strong></span> <span class='ocrx_word' id='word_1_335' title='bbox 2333 3499 2743 3590; x_wconf 86' lang='lat' dir='ltr'><strong>corporibus</strong></span> <span class='ocrx_word' id='word_1_336' title='bbox 2797 3519 3135 3588; x_wconf 88' lang='lat' dir='ltr'><strong>magnam</strong></span> 
     </span>
     <span class='ocr_line' id='line_1_38' title="bbox 565 3583 3133 3678; baseline 0 -23"><span class='ocrx_word' id='word_1_337' title='bbox 565 3585 889 3655; x_wconf 83' lang='lat' dir='ltr'><strong>adferunt</strong></span> <span class='ocrx_word' id='word_1_338' title='bbox 936 3583 1523 3656; x_wconf 83' lang='lat' dir='ltr'><strong>refocillationem.</strong></span> <span class='ocrx_word' id='word_1_339' title='bbox 1583 3592 1661 3655; x_wconf 92' lang='lat' dir='ltr'><strong>1n</strong></span> <span class='ocrx_word' id='word_1_340' title='bbox 1713 3587 1968 3656; x_wconf 89' lang='lat' dir='ltr'><strong>montis</strong></span> <span class='ocrx_word' id='word_1_341' title='bbox 2013 3609 2177 3678; x_wconf 91' lang='lat' dir='ltr'><strong>ergo</strong></span> <span class='ocrx_word' id='word_1_342' title='bbox 2224 3587 2570 3658; x_wconf 84' lang='lat' dir='ltr'><strong>descensu</strong></span> <span class='ocrx_word' id='word_1_343' title='bbox 2604 3586 2691 3655; x_wconf 92' lang='lat' dir='ltr'><strong>ad</strong></span> <span class='ocrx_word' id='word_1_344' title='bbox 2742 3586 3133 3668; x_wconf 82' lang='lat' dir='ltr'><strong>Orientem,</strong></span> 
     </span>
     <span class='ocr_line' id='line_1_39' title="bbox 568 3674 3140 3767; baseline 0.001 -26"><span class='ocrx_word' id='word_1_345' title='bbox 568 3686 848 3764; x_wconf 92' lang='lat' dir='ltr'><strong>propter</strong></span> <span class='ocrx_word' id='word_1_346' title='bbox 892 3694 1113 3759; x_wconf 89' lang='lat' dir='ltr'><strong>aquae</strong></span> <span class='ocrx_word' id='word_1_347' title='bbox 1158 3675 1679 3763; x_wconf 88' lang='lat' dir='ltr'><strong>compendium,</strong></span> <span class='ocrx_word' id='word_1_348' title='bbox 1735 3675 1868 3744; x_wconf 90' lang='lat' dir='ltr'><strong>sibi</strong></span> <span class='ocrx_word' id='word_1_349' title='bbox 1921 3674 2417 3744; x_wconf 85' lang='lat' dir='ltr'><strong>habitationem</strong></span> <span class='ocrx_word' id='word_1_350' title='bbox 2465 3674 2879 3767; x_wconf 86' lang='lat' dir='ltr'><strong>designavit,</strong></span> <span class='ocrx_word' id='word_1_351' title='bbox 2918 3675 3140 3743; x_wconf 88' lang='lat' dir='ltr'><strong>vitae·</strong></span> 
     </span>
     <span class='ocr_line' id='line_1_40' title="bbox 564 3761 3133 3852; baseline 0 -23"><span class='ocrx_word' id='word_1_352' title='bbox 564 3783 697 3848; x_wconf 69' lang='lat' dir='ltr'><strong>que</strong></span> <span class='ocrx_word' id='word_1_353' title='bbox 746 3761 1165 3841; x_wconf 86' lang='lat' dir='ltr'><strong>institutum,</strong></span> <span class='ocrx_word' id='word_1_354' title='bbox 1209 3761 1389 3849; x_wconf 93' lang='lat' dir='ltr'><strong>quod</strong></span> <span class='ocrx_word' id='word_1_355' title='bbox 1442 3761 1568 3831; x_wconf 89' lang='lat' dir='ltr'><strong>diu</strong></span> <span class='ocrx_word' id='word_1_356' title='bbox 1613 3762 2081 3852; x_wconf 88' lang='lat' dir='ltr'><strong>concupierat,</strong></span> <span class='ocrx_word' id='word_1_357' title='bbox 2120 3776 2399 3833; x_wconf 88' lang='lat' dir='ltr'><strong>strenue</strong></span> <span class='ocrx_word' id='word_1_358' title='bbox 2425 3763 2791 3840; x_wconf 89' lang='lat' dir='ltr'><strong>inchoans,</strong></span> <span class='ocrx_word' id='word_1_359' title='bbox 2828 3761 3133 3844; x_wconf 87' lang='lat' dir='ltr'><strong>orando,</strong></span> 
     </span>
     <span class='ocr_line' id='line_1_41' title="bbox 565 3848 3137 3940; baseline 0 -22"><span class='ocrx_word' id='word_1_360' title='bbox 565 3848 943 3939; x_wconf 79' lang='lat' dir='ltr'><strong>vigilandO,</strong></span> <span class='ocrx_word' id='word_1_361' title='bbox 977 3849 1389 3940; x_wconf 87' lang='lat' dir='ltr'><strong>jejunando,</strong></span> <span class='ocrx_word' id='word_1_362' title='bbox 1427 3849 1602 3920; x_wconf 89' lang='lat' dir='ltr'><strong>dure</strong></span> <span class='ocrx_word' id='word_1_363' title='bbox 1650 3864 1718 3919; x_wconf 91' lang='lat' dir='ltr'><strong>et</strong></span> <span class='ocrx_word' id='word_1_364' title='bbox 1764 3871 2006 3940; x_wconf 87' lang='lat' dir='ltr'><strong>aspere</strong></span> <span class='ocrx_word' id='word_1_365' title='bbox 2052 3851 2431 3920; x_wconf 87' lang='lat' dir='ltr'><strong>solitariam</strong></span> <span class='ocrx_word' id='word_1_366' title='bbox 2474 3850 2619 3918; x_wconf 88' lang='lat' dir='ltr'><strong>illic</strong></span> <span class='ocrx_word' id='word_1_367' title='bbox 2645 3850 2852 3919; x_wconf 86' lang='lat' dir='ltr'><strong>vitam</strong></span> <span class='ocrx_word' id='word_1_368' title='bbox 2903 3849 3137 3919; x_wconf 86' lang='lat' dir='ltr'><strong>duxit.</strong></span> 
     </span>
     <span class='ocr_line' id='line_1_42' title="bbox 570 3937 3148 4026; baseline 0 -19"><span class='ocrx_word' id='word_1_369' title='bbox 570 3937 745 4007; x_wconf 89' lang='lat' dir='ltr'><strong>Socii</strong></span> <span class='ocrx_word' id='word_1_370' title='bbox 797 3947 1025 4006; x_wconf 88' lang='lat' dir='ltr'><strong>autem</strong></span> <span class='ocrx_word' id='word_1_371' title='bbox 1075 3938 1225 4026; x_wconf 87' lang='lat' dir='ltr'><strong>ejus</strong></span> <span class='ocrx_word' id='word_1_372' title='bbox 1272 3938 1392 4024; x_wconf 91' lang='lat' dir='ltr'><strong>qui</strong></span> <span class='ocrx_word' id='word_1_373' title='bbox 1453 3959 1613 4007; x_wconf 90' lang='lat' dir='ltr'><strong>cum</strong></span> <span class='ocrx_word' id='word_1_374' title='bbox 1668 3959 1748 4006; x_wconf 93' lang='lat' dir='ltr'><strong>eo</strong></span> <span class='ocrx_word' id='word_1_375' title='bbox 1805 3949 2023 4017; x_wconf 90' lang='lat' dir='ltr'><strong>erant,</strong></span> <span class='ocrx_word' id='word_1_376' title='bbox 2067 3960 2152 4006; x_wconf 93' lang='lat' dir='ltr'><strong>ne</strong></span> <span class='ocrx_word' id='word_1_377' title='bbox 2199 3938 2335 4008; x_wconf 90' lang='lat' dir='ltr'><strong>sibi</strong></span> <span class='ocrx_word' id='word_1_378' title='bbox 2383 3938 2677 4007; x_wconf 89' lang='lat' dir='ltr'><strong>invicem</strong></span> <span class='ocrx_word' id='word_1_379' title='bbox 2764 3937 2974 4006; x_wconf 88' lang='lat' dir='ltr'><strong>audio</strong></span> <span class='ocrx_word' id='word_1_380' title='bbox 3019 3959 3148 4008; x_wconf 87' lang='lat' dir='ltr'><strong>es-</strong></span> 
     </span>
     <span class='ocr_line' id='line_1_43' title="bbox 569 4024 3148 4117; baseline 0 -23"><span class='ocrx_word' id='word_1_381' title='bbox 569 4036 726 4094; x_wconf 86' lang='lat' dir='ltr'><strong>sent</strong></span> <span class='ocrx_word' id='word_1_382' title='bbox 757 4024 1160 4114; x_wconf 85' lang='lat' dir='ltr'><strong>singulatim</strong></span> <span class='ocrx_word' id='word_1_383' title='bbox 1195 4025 1324 4094; x_wconf 90' lang='lat' dir='ltr'><strong>sibi</strong></span> <span class='ocrx_word' id='word_1_384' title='bbox 1368 4039 1815 4095; x_wconf 85' lang='lat' dir='ltr'><strong>construxere</strong></span> <span class='ocrx_word' id='word_1_385' title='bbox 1848 4025 2244 4096; x_wconf 88' lang='lat' dir='ltr'><strong>habitacula</strong></span> <span class='ocrx_word' id='word_1_386' title='bbox 2272 4025 2513 4117; x_wconf 90' lang='lat' dir='ltr'><strong>procul</strong></span> <span class='ocrx_word' id='word_1_387' title='bbox 2543 4027 2632 4106; x_wconf 88' lang='lat' dir='ltr'><strong>ab</strong></span> <span class='ocrx_word' id='word_1_388' title='bbox 2662 4024 2712 4094; x_wconf 91' lang='lat' dir='ltr'><strong>il</strong></span> <span class='ocrx_word' id='word_1_389' title='bbox 2744 4047 2806 4094; x_wconf 94' lang='lat' dir='ltr'><strong>o.</strong></span> <span class='ocrx_word' id='word_1_390' title='bbox 2846 4031 3148 4095; x_wconf 90' lang='lat' dir='ltr'><strong>Susten-</strong></span> 
     </span>
     <span class='ocr_line' id='line_1_44' title="bbox 571 4112 3153 4200; baseline 0.002 -18"><span class='ocrx_word' id='word_1_391' title='bbox 571 4112 901 4182; x_wconf 86' lang='lat' dir='ltr'><strong>tabantur</strong></span> <span class='ocrx_word' id='word_1_392' title='bbox 946 4124 1175 4181; x_wconf 89' lang='lat' dir='ltr'><strong>autem</strong></span> <span class='ocrx_word' id='word_1_393' title='bbox 1228 4113 1662 4200; x_wconf 86' lang='lat' dir='ltr'><strong>aliquamdiu</strong></span> <span class='ocrx_word' id='word_1_394' title='bbox 1716 4113 2070 4184; x_wconf 87' lang='lat' dir='ltr'><strong>radicibus</strong></span> <span class='ocrx_word' id='word_1_395' title='bbox 2101 4114 2502 4194; x_wconf 90' lang='lat' dir='ltr'><strong>herbarum,</strong></span> <span class='ocrx_word' id='word_1_396' title='bbox 2540 4134 2700 4183; x_wconf 89' lang='lat' dir='ltr'><strong>cum</strong></span> <span class='ocrx_word' id='word_1_397' title='bbox 2737 4113 2911 4182; x_wconf 87' lang='lat' dir='ltr'><strong>alias</strong></span> <span class='ocrx_word' id='word_1_398' title='bbox 2939 4133 3153 4186; x_wconf 86' lang='lat' dir='ltr'><strong>escas</strong></span> 
     </span>
     <span class='ocr_line' id='line_1_45' title="bbox 577 4199 3150 4302; baseline 0.001 -34"><span class='ocrx_word' id='word_1_399' title='bbox 577 4221 714 4269; x_wconf 89' lang='lat' dir='ltr'><strong>non</strong></span> <span class='ocrx_word' id='word_1_400' title='bbox 753 4199 1109 4269; x_wconf 86' lang='lat' dir='ltr'><strong>baberent.</strong></span> <span class='ocrx_word' id='word_1_401' title='bbox 1150 4206 1357 4270; x_wconf 89' lang='lat' dir='ltr'><strong>Porro</strong></span> <span class='ocrx_word' id='word_1_402' title='bbox 1389 4223 1592 4271; x_wconf 90' lang='lat' dir='ltr'><strong>mons</strong></span> <span class='ocrx_word' id='word_1_403' title='bbox 1622 4201 1737 4270; x_wconf 87' lang='lat' dir='ltr'><strong>ille</strong></span> <span class='ocrx_word' id='word_1_404' title='bbox 1767 4203 1838 4269; x_wconf 88' lang='lat' dir='ltr'><strong>in</strong></span> <span class='ocrx_word' id='word_1_405' title='bbox 1870 4202 2169 4272; x_wconf 89' lang='lat' dir='ltr'><strong>circuitu</strong></span> <span class='ocrx_word' id='word_1_406' title='bbox 2197 4224 2357 4272; x_wconf 89' lang='lat' dir='ltr'><strong>cum</strong></span> <span class='ocrx_word' id='word_1_407' title='bbox 2391 4202 2605 4292; x_wconf 78' lang='lat' dir='ltr'><strong>sylvis</strong></span> <span class='ocrx_word' id='word_1_408' title='bbox 2635 4201 2765 4290; x_wconf 90' lang='lat' dir='ltr'><strong>ipsi</strong></span> <span class='ocrx_word' id='word_1_409' title='bbox 2803 4201 3150 4302; x_wconf 68' lang='lat' dir='ltr'><strong>adjacen-</strong></span> 
     </span>
     <span class='ocr_line' id='line_1_46' title="bbox 576 4286 3152 4380; baseline 0.002 -24"><span class='ocrx_word' id='word_1_410' title='bbox 576 4287 792 4369; x_wconf 80' lang='lat' dir='ltr'><strong>tibus,</strong></span> <span class='ocrx_word' id='word_1_411' title='bbox 821 4286 994 4356; x_wconf 88' lang='lat' dir='ltr'><strong>locis</strong></span> <span class='ocrx_word' id='word_1_412' title='bbox 1025 4309 1300 4374; x_wconf 81' lang='lat' dir='ltr'><strong>quoque</strong></span> <span class='ocrx_word' id='word_1_413' title='bbox 1329 4302 1476 4358; x_wconf 91' lang='lat' dir='ltr'><strong>tum</strong></span> <span class='ocrx_word' id='word_1_414' title='bbox 1512 4290 1789 4379; x_wconf 82' lang='lat' dir='ltr'><strong>perviis,</strong></span> <span class='ocrx_word' id='word_1_415' title='bbox 1816 4302 1963 4359; x_wconf 89' lang='lat' dir='ltr'><strong>tum</strong></span> <span class='ocrx_word' id='word_1_416' title='bbox 1994 4289 2390 4361; x_wconf 85' lang='lat' dir='ltr'><strong>inaccessis.</strong></span> <span class='ocrx_word' id='word_1_417' title='bbox 2420 4311 2556 4360; x_wconf 92' lang='lat' dir='ltr'><strong>non</strong></span> <span class='ocrx_word' id='word_1_418' title='bbox 2588 4291 2799 4359; x_wconf 90' lang='lat' dir='ltr'><strong>unius</strong></span> <span class='ocrx_word' id='word_1_419' title='bbox 2828 4289 3152 4380; x_wconf 80' lang='lat' dir='ltr'><strong>alicujus</strong></span> 
     </span>
     <span class='ocr_line' id='line_1_47' title="bbox 578 4376 3146 4469; baseline 0.001 -24"><span class='ocrx_word' id='word_1_420' title='bbox 578 4376 937 4445; x_wconf 87' lang='lat' dir='ltr'><strong>dumtaxat</strong></span> <span class='ocrx_word' id='word_1_421' title='bbox 963 4388 1131 4458; x_wconf 86' lang='lat' dir='ltr'><strong>erat,</strong></span> <span class='ocrx_word' id='word_1_422' title='bbox 1167 4377 1286 4445; x_wconf 88' lang='lat' dir='ltr'><strong>scd</strong></span> <span class='ocrx_word' id='word_1_423' title='bbox 1335 4378 1488 4466; x_wconf 84' lang='lat' dir='ltr'><strong>ejus</strong></span> <span class='ocrx_word' id='word_1_424' title='bbox 1519 4377 1915 4467; x_wconf 87' lang='lat' dir='ltr'><strong>provinciae</strong></span> <span class='ocrx_word' id='word_1_425' title='bbox 1944 4378 2344 4469; x_wconf 90' lang='lat' dir='ltr'><strong>complures</strong></span> <span class='ocrx_word' id='word_1_426' title='bbox 2381 4377 2701 4447; x_wconf 89' lang='lat' dir='ltr'><strong>homines</strong></span> <span class='ocrx_word' id='word_1_427' title='bbox 2750 4377 3146 4467; x_wconf 84' lang='lat' dir='ltr'><strong>plusquam</strong></span> 
     </span>
    </p>
   </div>
  </div>
 </body>
</html>
