3327 4999
210 308 321 376 Ex
361 306 541 376 JU-L.
593 310 634 376 8
1054 328 1135 376 nn
1183 329 1240 377 s.
1292 328 1588 378 msmono
1632 330 1935 380 muscoro
2547 314 2678 380 599

214 421 419 494 atque
463 429 543 477 ea
582 428 665 479 re
687 408 1095 499 parentibus
1136 407 1305 489 suis,
1341 409 1529 478 exilii
1564 410 1875 480 molestia
1919 410 2420 492 laborantibuS,
2459 432 2594 481 non
2631 432 2772 481 me-

212 496 442 566 diocre
492 497 955 566 levamentum
1004 495 1381 566 adferebat.

301 586 337 671 ἶξ
383 590 475 656 8.
542 590 645 654 Ita
704 605 862 655 vero
908 585 979 652 in
1029 584 1180 654 dies
1219 584 1618 740 proficiens,
1678 596 1744 655 et
1795 597 1943 657 tum
2002 597 2220 657 aetate
2254 642 2269 668 ,
2318 599 2464 656 tum
2526 588 2773 657 sancti·

215 683 346 741 tate
415 694 778 755 crescens,
833 695 876 742 a
922 672 1153 743 studio
1247 673 1579 742 iteratum
1649 674 1736 742 ad
1807 673 2040 743 studia
2089 677 2429 745 bonorum
2480 697 2770 776 operum

211 761 806 851 progrediebatur,
866 760 1189 851 precibus
1235 773 1303 830 et
1347 760 1810 851 eleemosynis
1859 784 2137 834 vacans:
2177 764 2272 833 ita
2319 774 2398 831 ut
2428 763 2796 850 quicquid

215 847 299 916 de
360 854 489 918 Deo
551 850 908 919 auditione
967 849 1279 939 accipere
1325 861 1446 919 aut
1492 849 1824 920 discendo
1871 851 2201 938 consequi
2255 863 2531 941 posset,
2593 849 2772 920 illud

214 936 437 1006 multa
483 937 808 1014 aviditate
853 937 1446 1038 complecteretur.
1495 938 1805 1025 Denique
1852 960 1975 1038 per
2021 938 2281 1028 gradus
2330 939 2657 1007 virtutum
2706 948 2775 1008 et

213 1025 455 1094 aetatis
504 1026 929 1095 incrementa
978 1024 1276 1115 singulis
1323 1024 1638 1119 initiatus
1700 1048 1917 1096 sacris
1962 1027 2371 1107 ordinibus»,
2433 1048 2597 1095 cum
2650 1026 2772 1097 tri-

196 1109 557 1201 ‘gesimum
606 1125 841 1205 ageret
886 1134 1178 1194 annum,
1235 1113 1593 1203 presbyter
1639 1114 2000 1184 ordinatus
2047 1126 2170 1184 est.
2226 1120 2315 1183 Ea
2366 1129 2598 1184 autem
2662 1114 2770 1183 di·

216 1200 471 1289 gnitate
517 1224 679 1271 cum
732 1202 848 1271 Dei
897 1201 1140 1270 timore
1186 1214 1488 1291 accepta,
1524 1200 1684 1271 fecit
1714 1202 1932 1271 instar
1964 1202 2128 1271 boni
2161 1203 2530 1293 cujusdam
2566 1202 2770 1292 phar-

216 1290 591 1380 macopble,
646 1291 717 1359 in
767 1291 964 1359 horto
1012 1310 1139 1358 suo
1186 1289 1437 1359 herbas
1483 1302 1549 1359 et
1594 1292 1905 1359 aromata
1953 1291 2330 1382 plantantis
2361 1344 2379 1370 ‚
2436 1303 2643 1375 atque
2692 1290 2766 1359 in

214 1396 361 1445 eam
431 1401 672 1448 curam
743 1377 984 1448 sedulo
1031 1377 1545 1458 incumbentis,
1599 1391 1680 1447 ut
1729 1377 1969 1450 hortus
2018 1400 2290 1469 semper
2346 1378 2588 1446 viridis
2643 1378 2758 1458 sit,

216 1484 343 1533 nec
387 1466 535 1535 ulla
577 1467 645 1534 in
699 1479 891 1555 parte
938 1478 1224 1535 arescat.
1258 1471 1515 1535 Memor
1558 1467 1744 1534 enim
1796 1465 1926 1536 fuit
1978 1465 2083 1535 vir
2129 1479 2413 1537 sanctus
2448 1465 2762 1555 Scriptu-

215 1574 355 1633 rae,
410 1554 724 1624 dicentis:
767 1554 1013 1622 Messui
1048 1553 1401 1641 myrrham
1455 1575 1679 1623 meam
1713 1575 1877 1623 cum
1908 1554 2334 1623 aromatibus
2371 1555 2565 1622 meis:
2597 1574 2768 1640 quo-

215 1661 373 1708 rum
426 1644 788 1712 verborum
839 1642 1007 1711 haec
1055 1642 1395 1710 sententia
1438 1663 1588 1711 esse
1641 1654 1884 1732 potest:
1939 1647 1987 1710 E
2038 1663 2077 1711 o
2126 1642 2248 1729 qui
2287 1641 2498 1732 justis
2546 1641 2772 1732 operi-

214 1728 350 1799 bus
400 1742 580 1799 recta
628 1730 848 1798 animi
912 1729 1295 1798 intentione
1360 1750 1640 1819 operam
1694 1752 1943 1799 navare
2035 1730 2235 1811 ebe0,
2292 1729 2525 1799 carnis
2574 1750 2768 1799 meae

215 1817 813 1887 mortificationem
890 1817 1179 1887 exhibeo
1244 1838 1408 1907 prae
1459 1816 1671 1887 otenti
1721 1822 1893 1899 Dec,
1946 1819 2226 1903 quando
2275 1839 2400 1908 pro
2449 1816 2642 1885 illius
2690 1838 2766 1885 a-

217 1925 408 1973 more
449 1906 627 1975 vitiis
724 1905 1086 1995 eregrinus
1137 1905 1310 1986 sieri,
1353 1840 1632 1975 iliorum
1686 1906 2088 1994 spurcitiem
2128 1917 2195 1975 et
2240 1904 2768 1974 immunditiam

216 1990 478 2080 fugere,
534 1994 680 2062 nihi
713 2014 845 2079 que
894 2015 1054 2062 cum
1115 1992 1257 2063 illis
1303 1992 1703 2062 commercii
1753 1993 2005 2062 habere
2053 2000 2333 2084 appeto:'
2380 1992 2498 2061 sed
2549 1991 2769 2061 virtu-

216 2091 364 2147 tum
414 2081 804 2150 excolendis
850 2081 1277 2151 aromatibus
1312 2080 1546 2170 ipsum
1579 2101 1815 2149 verum
1871 2086 2083 2150 Deum
2133 2101 2369 2151 amore
2392 2091 2459 2148 et
2488 2101 2773 2149 venera-

216 2165 400 2236 tione
448 2169 769 2257 prosequi
817 2172 1132 2238 connitor
1165 2222 1182 2248 ‚
1236 2168 1552 2237 coelestis
1598 2167 1928 2237 desiderii
1995 2169 2226 2239 studio
2273 2191 2313 2237 a
2360 2168 2567 2236 corde
2617 2187 2770 2235 meo

216 2254 408 2323 illius
454 2256 710 2324 auxilio
743 2278 880 2326 non
911 2256 1293 2326 deficiente.
1340 2260 1417 2325 In
1469 2257 1598 2324 hac
1650 2256 1983 2326 nimirum
2036 2260 2220 2326 recta
2267 2268 2335 2326 et
2381 2255 2619 2324 sancta
2656 2276 2767 2323 vo-

216 2341 480 2413 luntate
529 2341 639 2413 hic
687 2345 789 2413 vir
835 2344 1077 2415 beatus
1125 2356 1454 2429 tanquam
1511 2355 1825 2415 mortuus
1875 2344 2137 2413 mundo
2185 2344 2337 2424 fuit,
2390 2343 2487 2411 ita
2521 2355 2597 2411 ut
2629 2364 2767 2411 non

268 2432 424 2499 auci
472 2431 542 2499 id
582 2432 1240 2513 animadvertentes,
1295 2431 1481 2502 baud
1530 2432 1730 2502 aliter
1775 2454 1848 2502 se
1894 2444 2253 2523 gererent,
2307 2452 2521 2520 quam
2571 2429 2627 2501 si
2679 2429 2767 2499 il-

218 2452 363 2588 fum
416 2541 549 2588 non
603 2522 973 2591 novissent:
1028 2541 1451 2611 prorsusque
1488 2521 1576 2590 ab
1608 2520 1760 2610 ejus
1799 2521 2118 2590 convictu
2150 2531 2216 2590 et
2261 2517 2769 2598 consuetudine

219 2606 707 2690 abhorrerent,
757 2609 944 2696 quod
1010 2631 1083 2681 se
1142 2621 1363 2679 totum
1411 2606 1528 2677 ille
1576 2629 1715 2677 non
1763 2608 1982 2689 carni,
2028 2607 2147 2677 sed
2189 2607 2467 2698 spiritui
2508 2606 2766 2677 servire

212 2717 298 2765 co
349 2709 510 2765 eret.

327 2789 340 2805 '
389 2791 474 2857 «Ι.
529 2789 797 2854 Interea
843 2805 1022 2866 vem,
1075 2784 1247 2854 dum
1297 2783 1414 2853 ille
1463 2784 1562 2855 sic
1611 2782 1986 2854 virtutibus
2045 2783 2391 2864 addictUS,
2433 2786 2566 2851 Deo
2616 2782 2769 2851 lau-

213 2871 536 2942 dabiliter
581 2873 1058 2954 famularetur,
1104 2885 1310 2959 atque
1356 2894 1435 2941 ea
1484 2876 1699 2941 causa
1747 2877 1961 2941 Deum
2011 2871 2412 2940 amantibus
2459 2870 2772 2960 cumpri-

214 2961 351 3030 mis
407 2974 647 3049 gratus
693 2973 760 3029 et
807 2961 1064 3031 charus
1108 2973 1322 3030 esset:
1375 2960 1661 3046 quidam
1713 2960 1864 3050 ejus
1912 2959 2214 3050 regionis
2253 2958 2637 3048 Episcopus
2685 2957 2772 3026 ab

213 3047 346 3116 hac
399 3050 552 3119 luce
585 3048 671 3116 ad
722 3046 915 3116 illam
964 3047 1238 3118 futurae
1287 3048 1435 3148 spei
1484 3048 1693 3116 vitam
1746 3047 2261 3136 commigravit:
2300 3066 2602 3132 cumque
2652 3067 2774 3135 po-

212 3135 428 3224 pulus
472 3136 627 3204 novi
676 3136 997 3225 Episcopi
1043 3135 1346 3225 eligendi
1393 3138 1606 3204 causa
1635 3156 1717 3203 ex
1758 3157 1947 3205 more
1983 3135 2438 3215 convenisset,
2476 3132 2766 3219 quidam

213 3244 296 3290 ex
345 3222 484 3291 illis
530 3224 653 3308 qui
705 3223 1026 3292 honestos
1074 3244 1301 3293 mores
1349 3236 1414 3291 et
1478 3223 1684 3291 vitam
1736 3223 2253 3313 integerrimam
2325 3226 2391 3291 S.
2465 3220 2774 3291 Disibbdi

215 3329 357 3376 non
418 3310 837 3399 ignorarent,
893 3331 1055 3379 eum
1105 3309 1242 3379 sibi
1288 3309 1672 3378 Antistitem
1724 3315 1980 3400 magna
2026 3311 2421 3379 animorum
2472 3329 2770 3378 consen-

218 3396 414 3466 sione
464 3397 843 3487 elegerunt.
881 3396 1196 3484 Plerique
1229 3418 1387 3466 vero
1435 3397 1579 3477 alii,
1624 3417 1925 3483 quorum
1966 3399 2104 3466 vita
2141 3409 2286 3466 erat
2336 3419 2407 3465 re
2464 3395 2774 3465 rehensi-

214 3483 402 3564 bitis,
447 3485 887 3575 opponebant
935 3506 1105 3566 sese,
1168 3487 1263 3554 ita
1308 3484 1651 3554 dicentes:
1707 3488 2052 3564 Quorsum
2114 3485 2357 3554 attinet
2441 3484 2773 3554 nominem

215 3584 519 3655 mutum,
561 3572 733 3641 nihil
789 3573 1203 3660 loquentem,
1244 3572 1508 3640 nullam
1545 3570 1788 3665 populi
1839 3571 2148 3641 notitiam
2202 3571 2593 3650 habentem,
2632 3592 2778 3639 ma-

266 3661 514 3731 istrum
583 3661 784 3730 nobis
832 3665 1193 3750 expetere?
1239 3665 1490 3729 Verum
1557 3658 1908 3729 enimvero
1956 3663 2135 3727 Deus
2182 3658 2623 3747 omnipotens
2687 3657 2776 3727 ad

303 3762 493 3818 atum
545 3749 773 3818 virum
826 3748 1145 3837 respexit.
1188 3747 1361 3817 Dicit
1410 3747 1766 3835 Scriptura
1804 3746 2082 3815 divina:
2136 3748 2480 3814 Humilem
2511 3757 2572 3815 et
2599 3768 2779 3835 pau-

204 3839 836 3938 peremjustificate
862 3840 1087 3922 (Psal.
1124 3835 1282 3924 8t):
1338 3834 1407 3904 id
1454 3847 1593 3905 est:
1646 3840 1926 3904 Justum
1974 3834 2096 3921 qui
2147 3854 2218 3904 se
2264 3836 2478 3902 causa
2526 3833 2641 3902 Dei
2688 3832 2776 3902 ad

213 3936 465 3994 terram
517 3925 778 4015 abjicit,
833 3945 1043 4011 seque
1088 3945 1169 3993 ex
1216 3923 1454 3993 animo
1500 3923 1799 4012 egenum
1850 3934 1916 3992 et
1949 3942 2323 4013 pauperem
2375 3920 2766 4000 confitetur,

212 4011 284 4081 in
336 4014 597 4083 sanctis
643 4013 973 4103 operibus
1002 4010 1408 4102 justificate.
1457 4010 1740 4081 Justitia
1786 4010 1972 4079 enim
2000 4021 2238 4101 aperto
2270 4009 2542 4099 pietatis
2572 4008 2776 4078 oculo

213 4100 285 4168 in
335 4123 497 4172 eum
548 4102 854 4192 respicit.
893 4106 1187 4171 Sanctus
1232 4099 1421 4170 enim
1460 4099 1561 4167 vir
1606 4098 1736 4167 iste
1767 4099 2041 4190 egregie
2087 4097 2218 4167 suit
2253 4095 2566 4177 humilis,
2605 4118 2778 4187 pau-

213 4202 689 4279 pertatemque
738 4199 1069 4281 perpetuo
1117 4187 1554 4268 desideravit,
1609 4186 2012 4256 columbino
2060 4184 2528 4275 simplicitatis
2575 4183 2779 4253 oculo

214 4298 489 4366 semper
535 4278 608 4347 in
643 4282 856 4348 Deum
894 4277 1224 4359 intentuS‚
1261 4289 1341 4347 ut
1386 4291 1702 4347 aeternas
1736 4273 1872 4346 sibi
1900 4274 2178 4345 divitias
2210 4286 2505 4364 pararet.
2539 4277 2778 4358 Itaque

214 4376 282 4434 et
328 4364 532 4435 illum
580 4365 820 4437 dilexit
850 4370 1057 4439 Deus.
