3327 4999
692 321 820 385 326
1306 338 1384 383 nn
1434 339 1489 385 S.
1545 338 1896 385 flammeum
1946 336 2166 385 COLON.
2207 336 2406 385 nrisc.
2773 320 3019 385 MART.
3077 322 3157 386 46

688 422 726 508 ἓ
801 424 940 495 18.
992 427 1148 490 Jam
1189 420 1274 489 de
1308 421 1700 491 humilitate
1747 422 1897 511 ejus
1947 421 2248 512 gloriosa
2296 421 2510 512 signa·
2546 422 2927 511 praemissa
3001 433 3165 493 sunt

601 509 768 597 quia
816 510 888 579 iu
935 509 1332 600 operatione
1379 509 1713 579 virtutum
1762 522 1827 579 et
1891 510 2109 579 Patris
2158 509 2281 596 qui
2328 509 2400 578 in
2465 510 2676 580 coelis
2723 523 2847 593 est,
2902 511 3161 602 glorifi-

603 599 943 668 cationem
994 598 1367 684 quaerebat
1395 609 1460 666 et
1506 597 1605 666 sic
1656 611 2081 687 operantem,
2145 597 2309 667 sciri
2356 598 2458 667 vel
2508 598 2725 667 videri
2785 622 2858 670 se
2905 601 2992 669 ab
3043 601 3164 669 ho-

602 686 915 757 minibus
964 685 1367 776 refugiebat.
1422 692 1629 755 Porro
1679 686 1829 775 ipsa
1878 685 2292 756 humilitatis
2354 687 2608 768 virmS,
2664 701 2827 757 tunc
2878 688 3162 759 demum

601 774 829 845 dulcis
876 787 942 843 et
988 796 1115 843 sua
1166 774 1579 864 perfectione
1627 774 2004 844 laudabilis
2030 787 2153 856 est,
2192 775 2471 861 quando
2519 776 2580 847 is
2608 776 2729 862 qui
2778 776 2967 846 intus
3018 776 3161 863 ple-

602 885 736 933 nus
788 870 942 944 De0,
996 862 1285 933 creatori
1325 885 1451 931 suo
1498 884 1646 933 sese
1694 863 1974 951 subjicit
2023 863 2092 931 iu
2142 862 2609 933 confractione
2669 864 2939 940 cordis,
2996 864 3163 935 foris

599 973 875 1039 quoque
921 952 1007 1019 ad
1074 950 1478 1019 infimorum
1548 949 2203 1020 condescensionem
2272 951 2641 1022 hominum
2707 953 3163 1041 semetipsum

598 1052 857 1125 quanto
918 1038 1143 1125 major
1187 1049 1311 1118 est,
1368 1051 1552 1108 tanto
1599 1038 1908 1128 amplius
1968 1061 2092 1128 pro
2152 1061 2230 1109 eo
2298 1051 2364 1108 et
2424 1053 2726 1130 tempore
2789 1041 3159 1109 submittit.

599 1128 790 1198 Libet
836 1128 1050 1217 igitur
1082 1127 1463 1196 narrationi
1512 1127 1680 1197 huic
1730 1128 2031 1198 inserere
2063 1149 2208 1196 rem
2259 1141 2547 1216 gestam,
2589 1151 2880 1219 magnae
2930 1129 3166 1197 humi-

599 1215 809 1286 litatis
864 1215 1255 1306 exemplum
1319 1214 1648 1284 ferentem
1697 1226 1763 1284 et
1813 1215 2202 1286 testimonio
2252 1216 2491 1285 utilem
2524 1271 2539 1298 ,
2594 1227 2671 1286 ut
2737 1217 3039 1285 maxime
3091 1217 3164 1284 in

599 1306 816 1375 sacris
866 1306 1074 1374 rebus
1121 1302 1318 1372 nulla
1348 1304 1820 1373 Ecclesia-*tica
1867 1304 2170 1394 dignitas
2200 1305 2785 1392 qualemcumque
2823 1304 3167 1395 despiciat

596 1414 972 1484 pauperem
1024 1391 1324 1460 fidelem.
1382 1391 1600 1461 Simul
1650 1392 1814 1477 quia
1868 1391 2178 1482 plerique
2227 1392 2638 1464 salutarium
2692 1407 3162 1462 sacramento·

597 1503 754 1550 rum
804 1480 1106 1549 ministri
1155 1480 1452 1548 nimium
1503 1492 1811 1568 peccant,
1865 1480 2036 1548 dum
2087 1503 2283 1549 sacra
2330 1481 2708 1561 venditant,
2765 1494 3163 1568 cunctaque

595 1580 925 1656 quaestus
955 1569 1166 1637 causa
1198 1566 1483 1648 faciunt,
1524 1568 1816 1637 libenter
1864 1569 1993 1637 hoc
2042 1568 2184 1636 illis
2235 1570 2628 1659 exemplum
2691 1571 3160 1658 ingerendum

595 1672 733 1727 est:
788 1658 954 1745 quia
987 1657 1299 1725 videlicet
1339 1668 1697 1746 peccatum
1730 1678 2004 1743 quoque
2049 1656 2335 1726 illorum
2367 1659 2801 1727 veliementer
2851 1659 3020 1728 haec
3054 1679 3164 1728 res

645 1759 788 1815 esta
838 1746 1211 1835 redarguit,
1265 1744 1511 1830 inqua
1566 1758 1849 1814 sanctus
1901 1745 2025 1814 iste
2074 1768 2352 1836 magna,
2409 1758 2483 1816 ut
2523 1747 2667 1833 jam
2719 1747 2981 1816 dictum
3035 1760 3163 1827 est,

628 1835 805 1903 aude
855 1833 1142 1904 refulsit.
1212 1832 1504 1921 Pauperi
1552 1833 1831 1901 cuidam
1899 1856 1980 1902 ex
2028 1833 2138 1902 his
2197 1857 2373 1920 quos
2441 1849 2634 1925 pater
2701 1847 2984 1906 sanctus
3035 1856 3168 1925 ope

598 1923 1000 2008 quotidiana
1051 1922 1503 2000 sustentabat,
1560 1920 1945 1991 infantulus
1995 1933 2200 1991 natus
2245 1933 2412 1991 erat.
2470 1928 2535 1991 Is
2581 1923 2746 2009 quia
2783 1945 3051 2013 pauper
3095 1945 3166 1993 e-

598 2022 704 2079 rat
748 2024 813 2078 et
860 2010 1026 2097 quia
1077 2008 1245 2078 nihil
1325 2021 1652 2094 quaestus
1701 2009 1768 2076 in
1834 2032 2049 2079 manu
2111 2011 2443 2089 habebat,
2499 2013 3079 2082 contemnebatur
3130 2034 3168 2081 a

598 2099 1094 2178 sacerdotibuS,
1150 2118 1271 2186 per
1337 2107 1545 2165 totam
1607 2099 1853 2167 urbem
1905 2098 2255 2169 Coloniam
2310 2100 2682 2188 puerulum
2754 2100 2955 2168 illum
3026 2101 3166 2169 cir-

595 2188 988 2257 cumferens
1035 2199 1101 2255 et
1159 2185 1383 2255 eidem
1431 2183 1643 2255 filiolo
1710 2186 2249 2276 regenerationis
2297 2187 2590 2276 gratiam
2640 2187 2869 2257 offerri
2922 2201 3168 2277 postu-

593 2274 772 2344 lans,
829 2274 1146 2345 Defessus
1211 2296 1374 2374 ergo
1421 2285 1486 2342 et
1532 2286 2016 2365 contemptus,
2070 2275 2158 2344 ad
2208 2289 2523 2345 sanctum
2584 2276 2878 2345 recurrit
2932 2278 3165 2364 ponti-

592 2361 819 2445 ficem,
872 2376 939 2433 et
974 2362 1158 2450 quod
1209 2362 1328 2431 tali
1375 2362 1446 2430 in
1497 2384 1569 2431 re
1599 2376 2038 2452 contemptus
2084 2374 2283 2443 esset,
2341 2386 2591 2453 magna
2632 2378 2696 2434 et
2745 2365 2962 2433 flebili
3000 2386 3165 2434 voce

593 2465 1012 2540 conquestus
1058 2462 1181 2522 est.
1222 2450 1343 2520 Ille
1392 2463 1467 2520 ut
1496 2472 1647 2520 vere
1696 2451 1998 2542 sapiens,
2033 2456 2394 2530 «Cui-rens,
2431 2453 2680 2540 inquit,
2733 2454 2902 2523 affer
2949 2453 3156 2523 illum

592 2541 679 2610 ad
716 2563 848 2623 me;
883 2564 1008 2632 ego
1055 2541 1239 2610 enim
1277 2562 1435 2609 eum
1463 2539 1680 2608 habeo
1722 2540 2067 2629 baptizare
2095 2541 2193 2609 *Α
2217 2545 2293 2609 At
2327 2541 2465 2610 ille:
2506 2541 2860 2631 «Suscipe‚
2896 2542 3150 2629 inquit,

590 2650 752 2718 ergo
798 2652 958 2700 eum
1010 2642 1083 2698 tu
1128 2650 1403 2717 quoque
1450 2628 1534 2696 de
1569 2650 1765 2698 sacro
1825 2628 2042 2710 fonte,
2095 2641 2160 2698 et
2207 2641 2558 2718 compater
2606 2652 2804 2701 meus
2852 2653 3004 2701 esse
3058 2631 3164 2700 di·

589 2740 874 2808 gnare.»
900 2718 1270 2808 Baptizavit
1320 2717 1546 2802 itaque
1595 2716 2128 2806 pauperculum,
2186 2717 2320 2785 mir
2349 2740 2468 2806 pro
2519 2719 2833 2807 personis
2884 2732 3166 2790 nostrae

590 2805 836 2877 salutis
876 2806 1278 2896 appendens
1341 2818 1893 2874 sacramentum:
1949 2827 2073 2874 suo
2126 2804 2456 2875 nimirum
2512 2806 2689 2876 facto
2726 2821 2791 2876 et
2839 2809 3161 2898 exemplo

593 2906 819 2964 tantae
884 2894 1179 2965 civitatis
1244 2907 1379 2962 tam
1444 2892 1701 2962 multos
1766 2893 2193 2983 redarguens
2262 2895 2694 2983 presbyteros
2760 2895 2945 2983 quod
2998 2895 3160 2967 ausi

585 2981 878 3053 fuissent
927 2983 1135 3051 fidem
1187 2980 1458 3049 Domini
1509 2980 1725 3049 nostri
1779 2987 1947 3050 ‚lesu
2018 2981 2265 3051 Christi
2316 2982 2567 3053 habere
2616 2985 2683 3052 in
2749 2985 3157 3074 acceptione

635 3091 1039 3140 ersonarum
1073 3125 1087 3151 ‚
1132 3068 1579 3159 judicantes,
1634 3079 1712 3138 ut
1759 3069 1853 3137 ait
1900 3069 2311 3157 Apostolus,
2380 3071 2567 3160 apud
2620 3072 3034 3162 semetipsos
3082 3084 3150 3141 et

613 3160 741 3228 acti
787 3158 1063 3246 judices
1109 3157 1604 3247 cogitationum
1665 3157 2089 3243 iniquarum.
2139 3159 2471 3240 «Etenim,
2518 3160 2766 3246 inquit,
2823 3163 2881 3230 si
2934 3161 3158 3231 intro-

583 3247 737 3315 ierit
785 3248 854 3316 in
923 3256 1333 3314 conventum
1401 3257 1703 3314 vestrum
1761 3247 1903 3327 vir,
1968 3247 2310 3316 annulum
2386 3269 2678 3317 aureum
2729 3249 3022 3330 habens,
3082 3251 3158 3318 in

584 3348 769 3404 veste
824 3333 1161 3404 candida:
1207 3332 1546 3402 introierit
1599 3344 1830 3403 autem
1887 3345 1953 3403 et
2002 3356 2270 3425 pauper
2320 3334 2392 3403 in
2452 3337 2733 3407 sordido
2786 3338 3039 3407 habitu
3096 3350 3165 3409 et

582 3423 958 3491 intendatis
1006 3423 1077 3490 in
1126 3444 1287 3491 eum
1337 3421 1459 3509 qui
1510 3421 1800 3492 indutus
1851 3434 1954 3493 est
2010 3438 2188 3492 veste
2246 3424 2599 3513 praeclara
2661 3436 2728 3494 et
2770 3424 3022 3494 dicatis
3064 3427 3155 3508 ei,

582 3515 683 3580 Tu
731 3510 890 3580 sede
938 3509 1051 3579 hic
1096 3511 1293 3579 bene:
1346 3510 1636 3600 pauperi
1680 3523 1912 3580 autem
1963 3510 2232 3591 dicatis,
2270 3516 2520 3582 Tufsta
2568 3512 2738 3581 illic:
2777 3526 2918 3594 aut,
2978 3514 3160 3583 Sede

584 3598 716 3667 sub
756 3598 1056 3668 scabello
1096 3598 1349 3689 pedum
1402 3618 1739 3668 meorum:
1796 3620 2027 3669 nonne
2064 3599 2399 3687 judicatis
2450 3601 2637 3688 apud
2694 3602 3158 3690 vosmetipsos

579 3699 646 3756 et
691 3685 851 3755 facti
901 3687 1065 3756 estis
1105 3687 1381 3775 judices
1429 3688 1929 3776 cogitationum
1983 3688 2422 3774 iniquarum?
2456 3689 2646 3772 Quod
2699 3690 2759 3757 si
2795 3690 2862 3756 in
2899 3692 3160 3776 quovis

569 3774 839 3865 judicio
876 3775 1037 3864 jure
1086 3776 1253 3845 haec
1301 3777 1677 3846 auctoritas
1710 3775 2096 3866 Apostolica
2145 3776 2501 3868 redarguit
2549 3792 2942 3867 acceptores
2998 3802 3159 3868 per-

582 3885 953 3932 sonarum:
1007 3877 1266 3951 quanto
1330 3865 1554 3954 magis
1617 3865 1688 3932 in
1752 3864 2268 3953 dispensatione
2327 3880 2922 3935 sacramentorum
2972 3889 3166 3953 quae

578 3951 665 4020 de
711 3951 898 4020 coelo
946 3952 1162 4042 gratis
1212 3953 1718 4042 profluxerunt,
1764 3953 1868 4021 vir
1900 3963 2186 4021 sanctus
2217 3952 2535 4044 exemplo
2565 3975 2691 4024 suo
2734 3953 3165 4044 redarguere

578 4038 818 4109 debuit
868 4040 1293 4130 paupertatis
1341 4053 1609 4110 contem
1674 4043 1926 4109 tum?»

660 4135 697 4209 ἓ
747 4133 900 4199 19.
957 4129 1268 4210 Quadam
1320 4141 1588 4217 postmo
1641 4149 1762 4195 um
1812 4126 1948 4209 die,
2009 4150 2172 4197 cum
2224 4128 2568 4199 celebrata
2617 4129 2909 4198 statione
2957 4130 3161 4220 apud

578 4213 643 4278 S.
700 4217 1125 4297 Severinum,
1174 4228 1649 4295 reverteretur,
1690 4214 1913 4285 multa
1941 4215 2109 4285 cleri
2144 4228 2210 4286 et
2243 4217 2485 4307 populi
2523 4218 2723 4288 turba
2749 4217 3158 4300 comitatuS‚

621 4387 645 4409 ¹³
675 4389 993 4434 Quorumdam
1015 4399 1040 4429 e
1061 4389 1196 4429 clero
1216 4389 1299 4437 qut
1320 4389 1368 4427 in
1394 4388 1512 4437 ipsis
1536 4389 1866 4429 ministr-audin
1890 4391 2204 4433 Stet-amentio
2221 4392 2541 4442 promptiores
2563 4403 2672 4443 erga
2692 4392 2868 4432 divites
2887 4397 3004 4433 sunt
3038 4404 3162 4444 erga

567 4440 783 4482 misellos
802 4442 975 4493 ignavi,
993 4443 1177 4493 acceptio
1198 4441 1567 4491 reprehenditur
1578 4454 1896 4493 personarum.
