3327 4999
190 333 413 400 MART.
463 329 493 397 1
1085 353 1164 400 nii:
1210 354 1264 400 s.
1322 352 1551 400 Aramo
1598 350 1797 400 EPlSC.
2584 334 2624 398 7

256 440 289 524 ξ
352 441 443 509 3.
496 437 808 519 Quadam
847 437 991 506 vice
1035 459 1192 508 cum
1229 437 1316 507 ad
1366 438 1596 508 vicum
1646 438 1979 529 Geginam
2023 436 2438 527 praeteriens
2485 458 2715 507 acces-

184 525 385 608 sisset,
447 526 956 596 adolescentem
1007 526 1495 596 Malabandum
1552 526 1858 608 nomine,
1925 527 2182 596 amisso
2242 527 2415 596 vitae
2464 525 2720 616 reperit

173 614 301 704 jani
351 638 661 685 munere.
716 616 1018 685 Audiens
1065 628 1295 686 autem
1335 639 1377 685 a
1410 616 1811 706 parentibus
1858 627 2230 685 extremam
2261 615 2390 685 filii
2423 629 2713 685 mortem

182 705 528 795 deplorari,
583 706 908 786 occurrit,
949 718 1014 775 et
1043 717 1119 775 ut
1168 718 1517 776 mortuum
1568 704 1799 773 vivum
1846 704 2156 795 erigeret,
2201 726 2273 774 se
2303 705 2374 773 in
2410 704 2718 774 oratione

181 794 554 883 prosternit.
610 800 758 877 Quo
808 795 1243 876 incumbens,
1289 794 1554 864 diutius
1592 793 1842 863 oravit:
1894 806 1959 863 et
1987 792 2155 863 dum
2192 793 2590 883 pallesceret
2606 794 2719 884 ja-

181 904 324 952 cens
371 883 693 953 sacerdos
744 884 817 952 iii
916 884 1168 963 ulvere‚
1201 884 1473 953 animae
1504 882 1828 952 vivacitas
1859 884 2266 953 rubescebat
2301 883 2370 951 iii
2402 904 2711 973 corpore,

178 971 379 1043 donec
426 972 699 1064 pulsato
746 995 864 1042 coe
897 996 960 1055 o,
1015 972 1486 1064 patefactoque
1549 984 1826 1053 tartarO,
1869 973 2149 1061 juvenis
2199 984 2630 1042 revocaretur
2677 995 2718 1040 a

179 1059 426 1144 funere,
480 1062 804 1132 sacerdos
838 1085 879 1130 a
913 1084 1133 1152 prece.
1187 1062 1444 1132 Deinde
1490 1084 1648 1132 cum
1684 1061 1999 1130 Asiacum
2050 1062 2546 1131 monasterium
2644 1083 2719 1130 a·

181 1161 356 1220 terna
407 1150 851 1221 solicitudine
897 1151 1260 1234 visitasset,
1322 1151 1608 1239 quidam
1656 1162 1736 1220 ut
1782 1150 1845 1220 ei
1892 1162 2346 1229 succurreret,
2384 1151 2532 1239 jam
2608 1149 2719 1219 ide

180 1237 635 1321 illuminatuS,
688 1261 941 1311 caecus
1000 1240 1449 1310 exclamabat.
1517 1240 1638 1310 Cui
1685 1250 1764 1309 ut
1811 1251 2087 1309 sanctae
2133 1240 2363 1309 crucis
2412 1239 2717 1308 medica-

180 1342 475 1399 mentum
528 1329 883 1420 imposuit,
940 1341 1077 1399 tam
1126 1328 1256 1399 fuit
1288 1329 1391 1399 illi
1424 1330 1656 1398 lumen
1696 1328 1830 1399 cito
1864 1329 2189 1419 recipere,
2244 1351 2452 1416 quam
2504 1350 2717 1416 quae-

178 1418 355 1487 sisse.
410 1423 579 1487 Item
628 1417 1011 1509 Andegavis
1058 1441 1219 1488 cum
1257 1418 1544 1506 quidam
1596 1418 1909 1487 Maurilio
1942 1417 2200 1487 clausis
2226 1418 2448 1488 oculis
2479 1417 2717 1486 lumen

178 1506 297 1577 sibi
348 1507 616 1576 restitui
682 1507 1083 1598 postularet,
1139 1520 1301 1576 tunc
1352 1507 1653 1597 pontifex
1702 1530 1773 1577 se
1821 1508 1903 1576 ad
1959 1520 2116 1576 nota
2182 1529 2379 1576 arma
2437 1528 2718 1575 conver-

178 1607 335 1675 tens,
395 1618 550 1665 mox
596 1607 674 1665 ut
735 1598 1017 1686 signum
1079 1595 1467 1665 venerabile
1515 1618 1728 1686 super
1773 1596 2141 1686 palpebras
2188 1596 2340 1686 ejus
2387 1595 2713 1676 extendit,

177 1685 347 1754 velut
394 1685 644 1754 balista
696 1683 1073 1755 fortissima
1138 1686 1510 1777 penetratis
1577 1685 1878 1755 tenebris
1942 1708 2110 1754 crux
2170 1696 2324 1775 post
2382 1706 2454 1754 se
2515 1706 2720 1753 caeco

179 1771 399 1842 lumen
432 1774 714 1843 invexit.
758 1780 927 1844 Item
973 1796 1132 1843 cum
1179 1774 1638 1855 Marcellinus,
1697 1773 1970 1844 circiter
1998 1775 2235 1844 decem
2285 1795 2504 1843 annos
2538 1784 2723 1842 tran-

178 1863 397 1953 sigens
442 1863 518 1931 in
566 1863 813 1933 nubilo
874 1863 1239 1943 caecitatiS,
1300 1874 1555 1934 tractus
1620 1864 1709 1933 ad
1771 1863 2048 1934 beatum
2116 1863 2513 1954 pontificem
2565 1884 2720 1952 per-

179 1952 498 2032 venisset,
562 1952 687 2021 ubi
755 1952 1036 2043 signum
1101 1952 1492 2022 adorandae
1538 1953 1767 2022 crucis
1816 1975 2027 2043 super
2088 1952 2326 2022 oculos
2373 1952 2524 2042 ejus
2574 1951 2593 2018 i
2647 1973 2721 2020 se

180 2040 486 2141 extend-it,
541 2042 775 2112 statim
834 2055 1239 2132 erumpente
1295 2042 1658 2133 sanguine,
1722 2042 2176 2132 effugatisque
2225 2041 2546 2123 tenebris,
2629 2063 2720 2109 ux

188 2142 471 2199 intravit.

252 2222 287 2307 ἓ
344 2225 432 2292 4.
488 2218 669 2288 Illud
720 2220 926 2289 etiam
978 2220 1180 2289 nobis
1232 2231 1334 2288 est
1380 2219 1640 2289 factum
1695 2219 2140 2289 memorabile
2188 2217 2718 2289 recensendum.

178 2313 327 2378 Cum
378 2308 672 2377 illustris
711 2309 1056 2389 Aetherea,
1102 2309 1417 2400 jussione
1456 2308 1646 2399 regia
1693 2319 2163 2398 persequente,
2199 2307 2268 2376 in
2323 2307 2718 2403 Dullacensi

178 2398 319 2466 villa
352 2397 659 2467 militum
708 2398 1026 2468 custodia
1059 2408 1402 2467 teneretur
1431 2398 1733 2478 obsessa,
1771 2409 1936 2468 tunc
1967 2397 2075 2465 ovi
2111 2396 2528 2486 periclitanti
2562 2419 2721 2467 suc-

170 2498 479 2558 currente
525 2499 766 2557 sancto
811 2498 1099 2578 pastore,
1154 2486 1366 2570 soluS,
1419 2499 1496 2557 ut
1541 2512 1582 2557 a
1642 2486 1835 2557 nullo
1893 2502 2442 2589 cognosceretur,
2516 2485 2604 2554 ad
2661 2486 2722 2556 i·-

178 2598 358 2675 psam
394 2576 807 2665 ingreditur.
837 2581 982 2659 Quo
1020 2577 1186 2659 vis0,
1215 2576 1636 2668 amplectens
1667 2577 1818 2667 ejus
1849 2576 2156 2666 vestigia,
2189 2575 2437 2666 lugens
2468 2574 2721 2644 mulier

176 2667 591 2735 inhaerebat.
646 2671 836 2735 Tunc
884 2664 1178 2736 infelicis
1243 2666 1549 2737 custodis
1598 2666 1844 2735 insana
1896 2665 2300 2767 procacitaS,
2354 2665 2525 2733 dum
2574 2663 2726 2732 vult

174 2776 314 2823 eani
363 2754 568 2842 quasi
618 2753 830 2844 lupus
870 2777 910 2823 a
956 2766 1136 2824 veste
1184 2755 1480 2845 pastoris
1526 2754 1834 2836 evellere,
1891 2755 2222 2844 injuriam
2271 2754 2375 2823 vir
2435 2763 2722 2823 sanctus

172 2845 448 2934 excepit.
505 2849 694 2913 Tunc
742 2843 1115 2913 insufflavit
1163 2844 1239 2912 in
1267 2845 1422 2930 ejus
1469 2843 1739 2925 faciem,
1793 2856 1857 2913 et
1907 2854 2267 2913 temerator
2316 2841 2716 2921 sacerdotiS,

171 2933 369 3001 celeri
418 2944 636 3002 morte
673 2932 1044 3003 mulctatus
1089 2945 1211 3002 est.
1253 2933 1428 3003 Hinc
1479 2945 1732 3003 terrore
1770 2946 2082 3021 urgente,
2124 2932 2369 3018 reliqui
2407 2952 2723 3000 reveren-

176 3020 331 3090 tiam
390 3021 699 3091 habuere
760 3021 1107 3112 pontifici,
1159 3034 1225 3091 et
1272 3021 1486 3091 unius
1547 3044 1769 3122 poena
1837 3022 1995 3090 fecit
2041 3021 2213 3091 alios
2275 3022 2630 3089 immunes
2685 3042 2726 3088 a

172 3109 396 3201 culpa.
450 3115 582 3180 Nec
632 3110 829 3201 prius
876 3133 915 3179 a
963 3110 1254 3180 muliere
1287 3109 1627 3191 discessit,
1666 3133 1877 3198 quam
1926 3111 2084 3180 dato
2117 3111 2263 3201 regi
2312 3109 2531 3200 pretio
2575 3109 2725 3198 ipse

174 3219 319 3268 eam
385 3199 746 3269 liberaret:
816 3200 1055 3287 sicque
1113 3221 1255 3270 uno
1322 3212 1691 3280 momento,
1745 3211 1810 3268 et
1858 3199 2047 3269 salus
2095 3199 2223 3267 fuit
2273 3197 2600 3288 supplici,
2658 3208 2725 3265 et

177 3307 356 3357 mors
400 3287 620 3358 extitit
668 3290 1198 3389 praesumptori.
1254 3293 1385 3358 Nec
1434 3287 1504 3356 id
1552 3288 1834 3375 quidem
1885 3288 2343 3358 omittendum
2375 3299 2499 3368 est,
2536 3286 2723 3373 quod

174 3376 346 3446 tradi
394 3398 769 3446 memoriae
815 3378 904 3449 sit
948 3377 1274 3447 votivum.
1329 3383 1408 3446 In
1446 3378 1703 3459 vicum,
1743 3378 1947 3467 cujus
1997 3376 2407 3447 vocabulum
2468 3388 2571 3445 est
2619 3374 2726 3443 Al-

174 3463 380 3548 binia,
436 3466 589 3557 piae
634 3466 1017 3536 devotionis
1047 3467 1276 3538 studio
1309 3479 1590 3536 sanctus
1624 3477 1817 3557 pater
1849 3467 2158 3537 accessit.
2195 3466 2321 3535 Ubi
2363 3465 2534 3533 dum
2566 3463 2726 3550 qui-

178 3552 330 3623 dam
375 3576 625 3625 caecus
671 3556 761 3625 ab
821 3577 901 3625 eo
949 3576 1148 3646 opem
1200 3555 1711 3625 misericordiae
1760 3555 2159 3644 postularet,
2221 3554 2447 3643 coepit
2510 3552 2719 3634 idem,

176 3664 309 3743 qua
340 3643 609 3713 dudum
660 3655 906 3734 captus
944 3644 1189 3726 fuerat,
1243 3644 1677 3714 infestatione
1726 3644 2100 3726 daemonii,
2165 3642 2475 3733 corporis
2503 3663 2728 3742 ‘vexa-

180 3744 356 3801 tione
391 3733 716 3820 torqueri.
757 3738 946 3803 Tunc
992 3733 1065 3803 in
1097 3733 1426 3815 oratione,
1464 3734 1579 3803 cui
1628 3754 1903 3824 semper
1949 3733 2169 3802 animi
2219 3743 2458 3802 sancta
2499 3741 2729 3799 inten—

182 3820 357 3891 tione
399 3823 710 3902 vacabat,
763 3843 881 3892 cor
930 3844 1017 3893 us
1062 3823 1267 3892 etiam
1319 3822 1706 3912 prostravit,
1751 3833 2171 3913 captumque
2205 3821 2442 3890 lumen
2492 3818 2729 3910 pristi-

181 3929 342 3978 num
390 3911 695 3981 reddidit
759 3932 893 3982 ocu
921 3911 1006 3988 is,
1058 3923 1125 3982 et
1172 3922 1432 4003 pestem
1499 3911 1852 3981 immundi
1918 3911 2205 4003 spiritus
2270 3907 2621 4001 effugavit.
2677 3911 2728 3975 s)

180 3996 544 4070 ineffabilis
592 4000 818 4091 gratia
865 4000 1168 4092 pietatis:
1222 4023 1263 4070 a
1309 4022 1447 4088 qua
1499 4000 1668 4070 dum
1711 4001 2099 4071 substantia
2145 3999 2292 4069 sola
2345 3995 2725 4086 quaeritur,

183 4087 420 4176 triplex
452 4089 842 4160 remedium
889 4088 1276 4161 obtinetur:
1330 4089 1528 4159 Victu
1558 4089 1744 4181 pavit
1778 4091 2102 4180 egenum,
2142 4086 2530 4158 muneravit
2576 4085 2734 4155 visu

185 4190 552 4259 caecatum,
590 4177 894 4248 reddidit
941 4178 1239 4250 libertati
1283 4177 1661 4270 captivum.

268 4265 302 4352 ἓ
361 4271 449 4338 ὅ.
502 4272 815 4356 Itemque
862 4280 1263 4338 occurrente
1308 4288 1387 4337 eo
1435 4267 1583 4359 regi
1631 4266 2060 4339 childeberto
2089 4265 2392 4346 ParisiiS,
2439 4263 2732 4334 nuncia-

191 4361 294 4420 tur
338 4356 672 4444 pontifici,
725 4378 959 4447 regem
993 4357 1374 4428 venationis
1407 4359 1618 4427 causa
1667 4355 1752 4426 de
1804 4355 2077 4426 civitate
2110 4356 2180 4425 in
2228 4353 2532 4426 crastino
2579 4374 2731 4423 esse

193 4437 680 4527 discessurum,
718 4445 1164 4535 mandatque,
1219 4468 1292 4517 se
1346 4445 1641 4538 dignum
1691 4444 1972 4517 duceret
2017 4443 2550 4538 expectandum.
2603 4439 2733 4513 Sed
