3327 4999
667 328 797 393 552
1439 343 1517 389 DE
1566 344 1623 390 s.
1676 344 1982 393 Eus‘rAsm
2031 344 2275 391 ΑΒΒΑΤΕ
2752 322 3000 388 MART.
3056 324 3151 388 29

578 425 683 493 vir
749 434 1030 493 sanctus
1092 432 1516 511 temperatus
1587 423 1659 491 in
1732 426 2111 503 omnibus,
2183 422 2598 493 discretione
2671 421 3145 510 praecipuus:

576 511 1013 582 redundabat
1050 532 1206 601 erga
1261 509 1460 579 illum
1513 511 1720 581 timor
1747 526 1812 582 et
1854 534 2051 581 amor
2095 513 2167 580 in
2229 509 2551 590 subditis,
2614 508 2966 578 redolebat
3016 509 3146 577 do-

577 602 799 670 ctrina
831 600 900 667 in
936 598 1327 688 discipulis:
1384 599 1685 668 labentia
1724 614 1972 670 cuncta
2003 601 2158 686 ejus
2190 600 2423 670 animo
2459 598 2917 666 subtererant.
2972 596 3152 666 Nul-

577 688 689 758 lus
735 711 774 757 a
828 687 923 756 ud
985 708 1147 756 eum
1197 685 1296 754 vel
1364 707 1672 757 moerore
1741 688 2206 789 premebatur,
2262 686 2363 756 vel
2428 685 2802 754 immodica
2882 684 3149 753 laetitia

575 711 1007 846 efferebatur.
1071 781 1203 844 Nec
1252 795 1530 864 operam
1582 776 1976 845 declinabat
2024 775 2373 848 scribendi
2448 773 2727 864 propria
2780 795 2996 841 manu
3052 771 3147 840 li-

577 865 762 944 brOS,
818 863 953 931 nisi
1001 884 1162 931 curn
1203 862 1436 948 aliqua
1505 863 1906 935 infirmitate
1952 886 2206 955 corpus
2264 864 2415 954 eJus
2478 862 2924 930 detineretur.
2980 866 3144 929 Erat

575 965 808 1023 autem
856 951 919 1019 ei
967 950 1218 1019 usitata
1266 951 1643 1021 exhortatio
1676 953 1761 1021 ad
1811 953 2198 1043 discipulos
2246 973 2432 1030 suoS‚
2469 964 2547 1019 ut
2592 961 2823 1020 essent
2871 970 3146 1017 memo-

580 1062 689 1110 res
738 1051 1134 1108 sanctorum
1178 1050 1451 1128 patrum
1485 1041 1605 1126 qui
1654 1062 1779 1130 per
1826 1040 2425 1110 mortificationem
2453 1039 2684 1107 carnis
2713 1051 2779 1107 et
2826 1050 3143 1105 contem-

582 1141 773 1215 ptum
821 1127 1200 1217 praesentis
1247 1128 1463 1207 vitae,
1522 1150 1733 1218 regna
1790 1129 2135 1198 coelorum
2192 1128 2422 1216 adepti
2472 1138 2657 1195 sunt.
2705 1132 3144 1215 Quapropter

580 1216 824 1285 fratres
866 1215 1023 1294 mei,
1079 1215 1326 1301 inquit,
1382 1217 1724 1305 optimum
1788 1218 2042 1287 iniistis
2090 1229 2491 1285 certamen:
2548 1215 2772 1303 magis
2837 1235 2993 1282 vero
3055 1234 3140 1281 ac

582 1304 807 1391 magis
856 1302 1162 1392 satagite,
1213 1316 1292 1371 ut
1327 1326 1447 1393 per
1492 1305 1674 1372 bona
1713 1327 1922 1395 opera
1970 1319 2225 1374 certam
2265 1316 2559 1373 vestram
2612 1302 3037 1371 vocationem
3070 1312 3141 1368 et

581 1392 979 1460 electionem
1029 1390 1320 1460 faciatis.
1376 1393 1867 1462 Monachorum
1936 1406 2164 1462 autem
2237 1414 2413 1481 opus
2482 1390 2657 1459 illud
2718 1404 2822 1459 est
2870 1389 3140 1479 praeci-

585 1502 828 1570 puum,
869 1490 946 1547 ut
991 1479 1366 1548 orationem
1420 1502 1667 1569 puram
1716 1482 2006 1549 offerant
2054 1486 2208 1562 Dec,
2250 1480 2423 1547 nihil
2476 1479 2808 1548 habentes
2857 1479 2925 1545 in
2978 1498 3143 1544 con·

584 1568 869 1637 scientia
904 1567 1466 1656 reprehensibile,
1505 1581 1569 1636 et
1619 1581 1957 1637 memores
2006 1568 2196 1637 illius
2243 1568 2424 1654 quod
2481 1568 2813 1636 Dominus
2861 1565 3033 1633 dicit
3063 1564 3134 1632 in

585 1654 974 1744 Evangelio:
1034 1659 1196 1725 Cum
1235 1657 1497 1723 stabitis
1530 1658 1619 1724 ad
1647 1659 2000 1736 orandum,
2058 1658 2375 1725 dimittite
2412 1658 2672 1745 siquid
2711 1656 2970 1733 habetis
3014 1653 3140 1721 ad·

580 1766 811 1812 versus
841 1745 1161 1833 aliquem,
1203 1754 1276 1810 ut
1310 1754 1370 1811 et
1401 1749 1604 1812 Pater
1647 1756 1864 1813 vester
1909 1747 2032 1835 qui
2061 1747 2131 1812 z'n
2181 1747 2379 1813 coelis
2432 1755 2550 1821 esc,
2602 1745 2904 1811 dimittat
2959 1742 3144 1809 vobis

582 1842 864 1922 peccata
896 1841 1142 1899 vestra.
1178 1833 1363 1912 Quod
1392 1834 1456 1899 si
1489 1856 1602 1901 vos
1650 1857 1779 1902 non
1813 1834 2226 1912 dimiserit&
2260 1856 2376 1900 nec
2412 1837 2617 1900 Pate-r
2648 1842 2864 1900 vester
2916 1831 3141 1898 dimit-

587 1931 676 1989 tet
733 1921 915 1987 vobis
949 1930 1230 2008 peccata
1260 1930 1482 1987 vest-ra
1511 1921 1759 2007 (Marci
1791 1921 1910 2009 xl).
3236 1929 3249 1938 ‘

670 2010 706 2094 ξ
753 2012 844 2078 8.
902 2012 1164 2075 Interea
1217 2020 1635 2076 memoratus
1688 2031 1799 2076 rex
1851 2008 2183 2077 Clotarius
2218 2008 2343 2074 viri
2375 2007 2489 2074 Dei
2540 2006 2949 2075 columbani
2984 2026 3143 2094 pro-

583 2095 885 2183 phetiam
938 2116 1100 2162 suos
1142 2095 1335 2171 inse
1398 2096 1681 2165 effectus
1740 2096 2066 2164 habuisse
2113 2117 2403 2164 cernens
2436 2150 2450 2176 ‚
2507 2093 2964 2163 venerabilem
3024 2115 3139 2181 pa-

584 2196 757 2252 trem
809 2181 1258 2250 Eustachium
1306 2183 1426 2269 qui
1457 2184 1608 2272 ejus
1658 2184 1805 2253 loco
1842 2184 2257 2252 Luxoviense
2291 2183 2785 2251 monasterium
2831 2183 3135 2271 regebat,

587 2271 673 2340 ad
726 2291 797 2338 se
844 2271 1234 2339 accersivit:
1287 2293 1585 2356 eumque
1645 2272 1726 2340 ad
1782 2294 1853 2341 se
1905 2272 2283 2340 venientem
2405 2272 2464 2339 ie
2511 2270 2888 2339 admodum
2942 2269 3143 2337 obse-

587 2358 826 2437 cravit,
881 2370 957 2425 ut
992 2358 1215 2448 ipsius
1264 2357 1555 2427 nomine
1594 2360 1791 2429 vellet
1821 2359 1906 2428 ad
1954 2360 2229 2429 beatum
2266 2363 2351 2428 Co
2385 2360 2764 2427 umbanum
2804 2357 3146 2447 legatione

589 2446 811 2537 fungi,
866 2446 1212 2536 adjunctis
1263 2447 1395 2517 sibi
1444 2469 1618 2533 quos
1667 2449 1904 2529 vellet,
1959 2448 2309 2517 nobilibus
2358 2448 2522 2516 viris
2579 2461 2644 2517 et
2701 2465 3147 2534 quocumque

592 2556 751 2604 eum
805 2535 1133 2625 reperiret
1183 2534 1353 2616 loco,
1408 2535 1667 2605 efficaci
1702 2538 2007 2607 oratione
2053 2537 2114 2605 ei
2150 2537 2613 2626 persuaderet,
2652 2548 2730 2604 ut
2775 2535 2858 2604 ad
2911 2535 2932 2601 i
2990 2555 3147 2605 sum

591 2622 917 2692 accedere
965 2623 1395 2713 dignaretur.
1448 2625 1693 2693 Audito
1742 2647 1921 2715 rege,
1974 2624 2385 2694 venerabilis
2432 2622 2822 2712 discipulus
2882 2645 2918 2690 a
3020 2623 3149 2689 iter

592 2733 666 2780 se
715 2711 1063 2800 accingit,
1119 2712 1431 2802 magistri
1485 2712 1769 2803 vestigia
1837 2726 2261 2803 persecutus,
2317 2717 2623 2798 Cumque
2670 2711 2753 2778 ad
2806 2733 2967 2779 eum
3036 2730 3149 2778 ve-

591 2800 808 2868 nisset
856 2799 1127 2868 Clotarii
1182 2801 1362 2888 regis
1412 2800 1740 2869 mandata
1778 2801 1840 2869 ei
1887 2801 2224 2890 exposuit.
2278 2800 2435 2869 Viso
2492 2799 2882 2880 Eustachi0‚
2940 2796 3148 2866 laeta—

587 2900 702 2956 tus
750 2887 995 2955 beatus
1045 2885 1540 2967 Columbanus‚
1595 2890 1984 2977 gratulatur
2031 2890 2163 2959 sibi
2212 2887 2547 2957 redeundi
2587 2887 2887 2957 oblatam
2925 2885 3148 2955 facul-

551 2988 846 3053 tatem,
905 2975 1150 3042 retinet
1223 2974 1633 3062 aliquandiu
1694 2976 1876 3065 apud
1933 2998 2003 3046 se
2053 2976 2549 3055 Eustachium,
2624 2976 2937 3044 hortatur
2983 2995 3148 3042 eum

593 3083 970 3132 memorem
1008 3083 1156 3131 esse
1205 3062 1522 3131 laborum
1575 3086 1889 3146 suorum,
1920 3077 2187 3133 coetum
2238 3063 2527 3132 fratrum
2579 3063 2988 3152 disciplinae
3023 3061 3149 3129 ha—

588 3151 788 3220 benis
839 3150 1204 3230 moderari‚
1261 3150 1519 3219 multos
1559 3153 1628 3219 in
1679 3175 1916 3222 eorum
1959 3152 2387 3221 sodalitatem
2438 3152 2808 3231 asciscere,
2863 3151 3149 3235 suisque

585 3239 901 3306 imbuere
949 3237 1306 3331 instit—ntis.
1365 3239 1736 3309 Dimissum
1808 3252 1962 3330 post
2014 3240 2206 3321 haec,
2268 3239 2355 3308 ad
2407 3239 2776 3309 Clotarium
2842 3258 3148 3308 remeare

574 3326 797 3417 jubet,
852 3326 1150 3411 taliaque
1197 3325 1284 3393 ad
1335 3349 1565 3416 regem
1617 3328 1913 3417 perferre
1949 3349 2300 3417 responsa,
2356 3328 2486 3397 sibi
2516 3349 2817 3414 aequum
2871 3348 3006 3394 non
3042 3324 3142 3392 vi·

586 3414 733 3483 deri
779 3425 858 3483 ut
904 3426 1315 3483 revertatur:
1371 3415 1500 3485 hoc
1549 3417 1774 3485 solum
1824 3438 2042 3497 orare,
2110 3428 2186 3484 ut
2233 3415 2503 3485 sodales
2543 3438 2708 3484 suos
2755 3416 2878 3500 qui
2930 3419 3147 3482 Luxo-

590 3503 822 3572 viense
869 3501 1336 3572 inhabitarent
1385 3505 1924 3585 monasterium,
1988 3503 2203 3594 regali
2258 3504 2603 3603 adjutorio
2667 3515 2731 3572 et
2798 3501 3145 3593 praesidio

585 3589 860 3661 foveret.
929 3595 1142 3659 Fuere
1187 3591 1596 3661 Columbani
1646 3594 1910 3663 litterae
1981 3592 2126 3682 regi
2197 3593 2658 3682 gratissimae,
2711 3613 2966 3678 easque
3014 3611 3146 3658 ceu

589 3679 846 3836 pignus
877 3679 1225 3765 quoddam
1277 3678 1569 3751 foederis
1617 3681 1747 3750 viri
1777 3681 1895 3749 Dei
1942 3680 2207 3770 accepit
2239 3681 2460 3750 laetus
2506 3692 2573 3749 et
2618 3701 2856 3748 ovans:
2896 3700 3021 3747 nec
3071 3699 3147 3745 o-

639 3766 875 3835 livioni
923 3767 1212 3837 tradidit⁴
1253 3789 1489 3857 preces
1537 3772 1712 3859 ejus,
1749 3769 1868 3838 sed
1917 3768 2110 3838 omni
2147 3768 2490 3858 praesidio
2515 3769 2661 3857 jam
2704 3767 2970 3838 dictum
3004 3787 3150 3834 mo-

587 3855 968 3924 nasterium
1021 3856 1298 3924 munire
1331 3856 1619 3937 studuit,
1677 3856 1933 3926 annuis
1971 3856 2189 3926 ditare
2218 3857 2568 3936 censibus.
2618 3855 2793 3924 fines
2832 3856 2981 3941 ejus
3010 3875 3149 3923 un-

586 3942 796 4030 dique
845 3965 968 4043 pro
1045 3944 1396 4014 voluntate
1467 3946 1880 4014 venerabilis
1930 3944 2278 4014 Eustachii
2340 3945 2662 4013 dilatare:
2708 3944 3012 4029 denique
3057 3943 3153 4010 ob

584 4031 716 4100 viri
751 4036 869 4101 Del
917 4053 1247 4113 amorem,
1282 4033 1436 4119 ejus
1487 4032 1748 4102 incolas
1788 4033 1973 4101 omni
2009 4055 2137 4122 ope
2157 4044 2224 4102 et
2268 4031 2741 4102 benevolentia
2841 4031 3150 4117 rosequi.

673 4121 709 4206 ξ
784 4124 869 4191 4.
923 4124 1130 4189 Porro
1177 4120 1590 4190 venerabilis
1628 4134 1818 4211 pater
1866 4121 2279 4190 Eustachius
2324 4143 2406 4190 ex
2452 4120 2650 4190 Italia
2696 4142 2736 4189 a
2833 4132 2986 4188 eato
3028 4123 3157 4187 Co-

589 4207 947 4288 lumbano,
994 4229 1348 4290 reversuS,
1406 4223 1689 4298 paterno
1745 4209 1995 4280 affectu
2042 4222 2110 4277 et
2156 4230 2375 4296 aequo
2413 4209 2574 4299 jure
2636 4208 2955 4278 subditas
3004 4228 3160 4276 mo-

587 4296 973 4365 nachorum
1016 4295 1294 4386 regebat
1334 4310 1662 4368 catervas.
1736 4298 2032 4388 Contigit
2079 4310 2309 4367 autem
2376 4320 2536 4366 eum
2617 4318 2740 4386 pro
2789 4294 3161 4365 communi

593 4384 996 4454 necessitate
1044 4384 1145 4453 ire
1187 4384 1272 4452 ad
1333 4385 1707 4455 Clotarium
1756 4407 1983 4477 regem
2035 4386 2159 4472 qui
2206 4407 2285 4454 eo
2354 4397 2658 4475 tempore
2705 4385 2778 4452 in
2827 4383 3162 4453 extremis
