3327 4999
241 343 488 410 MART.
921 360 1127 410 smum
1175 362 1254 409 nn:
1299 356 1813 410 unsunaucrmnn
1859 360 2081 409 noum
2563 346 2694 411 579

326 446 364 531 ξ
408 448 486 514 2.
541 447 983 532 Praeceptum
1037 441 1222 512 binis
1255 442 1506 533 gaudet
1545 441 2043 512 accidentibus
2075 445 2188 511 Est
2217 441 2403 511 enim
2435 441 2774 527 lucidum,

235 532 647 603 illuminans
694 531 932 600 oculos
978 553 1058 601 ex
1106 532 1216 602 sui
1265 531 1597 602 doctrina.
1652 536 1823 601 Sunt
1870 531 1986 619 qui
2046 552 2130 620 pe
2171 530 2508 618 quaedam
2546 531 2782 602 lucida

238 633 305 692 et
353 643 488 690 non
541 619 1035 701 illuminantia,
1086 633 1164 690 ut
1201 621 1410 690 carbo
1459 621 1610 689 sine
1656 621 1939 689 flamma
2014 618 2265 688 ucidus
2312 633 2434 702 est,
2495 642 2631 690 non
2682 633 2783 691 ta·-

237 728 393 779 men
440 708 810 779 illuminat.
848 709 1151 778 Flamma
1185 708 1334 778 sine
1380 710 1678 779 carbone
1724 720 1789 778 et
1835 709 2037 787 lucet,
2071 720 2138 777 et
2169 707 2540 779 illuminat.
2578 714 2781 780 Prae—

237 811 512 900 ceptum
567 799 836 868 Domini
886 797 1198 868 lucidum
1240 809 1345 868 est
1388 799 1537 869 sine
1584 797 1990 868 confusione
2038 796 2560 879 sententiarum,
2614 798 2777 869 illu-

235 901 455 958 minat
499 888 740 957 oculos
786 909 866 956 ex
915 887 1263 955 infusione
1310 888 1716 977 gratiarum.
1760 886 1951 955 Unde
1999 886 2168 955 illud
2211 909 2225 954 :
2266 890 2564 956 Lucerna
2588 890 2777 977 pedi·

234 979 355 1045 bus
408 979 574 1045 meis
618 978 891 1045 verbam
944 985 1157 1055 tuum,
1211 986 1274 1043 et
1326 980 1550 1045 lamen
1594 976 1850 1044 semitis
1890 978 2077 1045 meis.
2118 981 2198 1064 Et
2233 974 2475 1044 beatus
2507 981 2772 1047 Petrus:

238 1067 367 1136 Cui
401 1066 808 1156 benefacitzk,
848 1063 1096 1150 inquit,
1130 1065 1540 1133 attendentes
1575 1074 1901 1155 tanquam
1934 1068 2247 1134 lucernae
2279 1067 2535 1134 lucenti
2562 1067 2635 1134 in
2663 1088 2774 1135 ca-

173 1208 182 1217 .
236 1155 518 1244 liqinoso
575 1158 734 1224 loco.
806 1152 1262 1243 singulariter
1313 1165 1540 1221 autem
1597 1154 1880 1242 ponitur
1934 1164 2399 1245 praeceptum,
2457 1154 2778 1243 quamvis

234 1242 454 1311 multa
503 1242 641 1311 sint
688 1254 1072 1333 praecepta,
1127 1241 1313 1328 quia,
1359 1254 1434 1311 ut
1464 1242 1559 1309 ait
1589 1241 1983 1332 Gregorius,
2072 1254 2463 1332 raeceptum
2503 1242 2777 1313 Domini

233 1343 298 1401 et
344 1352 564 1401 unum
616 1344 739 1409 est,
792 1343 858 1399 et
907 1329 1123 1398 multa
1172 1340 1358 1400 sunt:
1413 1329 1633 1399 multa
1682 1342 1959 1421 propter
2056 1330 2468 1401 iversitatem
2518 1332 2771 1423 operis»,

233 1442 456 1489 unum
513 1421 578 1487 in
633 1419 862 1488 radice
907 1418 1288 1504 charitatis

320 1510 358 1594 ξ
404 1512 484 1579 S.
539 1507 767 1576 Timor
814 1507 1088 1576 Domini
1134 1517 1414 1577 sanctus
1463 1519 1820 1596 permanet
1867 1497 1939 1576 in
1997 1507 2308 1577 seculum
2358 1505 2600 1579 seculi.
2653 1513 2779 1578 Ex-

232 1595 428 1667 cluso
477 1596 784 1665 humano
848 1596 1137 1677 timore,
1201 1595 1313 1665 hic
1360 1609 1635 1664 notatur
1684 1595 1958 1677 filialis,
2012 1597 2154 1665 sive
2202 1608 2454 1666 castuS.
2519 1602 2594 1666 In
2646 1597 2776 1668 hoc

231 1686 417 1773 quod
458 1685 735 1766 dicitur,
800 1685 1030 1754 Timor
1090 1684 1361 1753 Domini
1411 1696 1717 1763 sanctus,
1775 1685 2186 1776 intelligitur
2231 1696 2506 1767 castuS,
2564 1696 2629 1755 et
2675 1698 2778 1758 est

231 1774 508 1844 initium
546 1773 921 1864 sapientiae
951 1773 1155 1841 timor
1189 1773 1478 1842 Domini.
1515 1773 1727 1863 Quod¹
1757 1787 1987 1843 autem
2035 1773 2314 1855 dicitur,
2360 1795 2774 1863 permanens

230 1863 301 1932 in
354 1862 664 1932 seculum
718 1860 956 1942 seculi,
1011 1860 1290 1930 filialem
1341 1860 1682 1953 designat.
2022 1878 2043 1897 ·

319 1955 356 2039 ξ
389 1957 483 2021 θ.
534 1950 809 2021 ‚Iudicia
844 1972 999 2020 vero
1044 1949 1308 2019 Domini
1349 1972 1476 2019 suo
1508 1951 1949 2039 quaternario
1979 1951 2350 2021 vehuntur:
2383 1964 2546 2022 sunt
2577 1974 2758 2033 vera,

222 2039 602 2131 justificata
650 2040 717 2108 in
771 2040 1185 2129 semetipsa,
1239 2038 1725 2109 desiderabilia
1773 2044 1983 2130 super
2040 2062 2299 2109 aurum
2350 2051 2417 2109 et
2473 2040 2776 2131 lapidem

233 2129 610 2220 pretiosum
648 2128 983 2210 multum,
1007 2126 1321 2197 dulciora
1360 2150 1571 2219 super
1609 2128 1738 2198 mel
1790 2144 1857 2199 et
1902 2128 2157 2199 favum.
2191 2128 2469 2199 ,Iudicia
2504 2129 2777 2198 Domini

232 2229 398 2287 sunt
447 2216 949 2298 retributiones,
1001 2217 1257 2303 quibus
1303 2217 1404 2286 vel
1457 2218 1784 2304 reprobos
1832 2218 2056 2307 punit,
2113 2217 2211 2286 vel
2254 2218 2485 2308 justos
2544 2240 2780 2287 remu-

234 2317 451 2374 nerat.
518 2309 607 2373 Ea
655 2307 971 2390 quamvis
1019 2305 1156 2374 sint
1203 2326 1407 2404 saepe
1453 2307 1746 2387 occulta,
1799 2328 2073 2396 semper
2120 2318 2343 2375 tamen
2396 2329 2555 2376 vera
2603 2319 2768 2377 sunt

232 2405 294 2462 et
327 2394 543 2483 justa,
595 2394 940 2462 veritatem
997 2394 1151 2463 ‘usti
1178 2393 1443 2484 judicis
1490 2393 1869 2482 sequentia.
1910 2398 2082 2463 Sunt
2117 2394 2497 2484 justificata
2545 2395 2617 2465 in
2668 2418 2776 2468 se-

231 2482 548 2573 metipsa,
589 2504 720 2551 non
774 2481 952 2553 sicut
1033 2505 1286 2552 umana
1324 2482 1616 2573 judicia,
1652 2505 1836 2572 quaev
1877 2482 2157 2553 aliunde
2186 2482 2591 2566 formantur,
2639 2484 2779 2555 sic-

231 2583 311 2642 ut
357 2594 435 2642 ex
490 2571 1019 2662 allegationibus
1056 2571 1569 2656 advocatorum,
1619 2586 1686 2642 et
1730 2595 1812 2642 ex
1863 2573 2413 2663 depositionibus
2461 2574 2766 2655 testium,

230 2673 297 2731 et
345 2659 860 2730 recitationibus
908 2660 1549 2732 instrumentorum.
1606 2661 1800 2732 Unde
1837 2676 1903 2732 et
1950 2684 2070 2751 per
2105 2662 2232 2732 hoc
2264 2683 2468 2753 saepe
2513 2662 2776 2731 fallun-

230 2761 344 2820 tur
368 2750 668 2837 judices;
720 2760 784 2818 et
820 2751 1134 2836 quamvis
1179 2747 1348 2819 ordo
1384 2752 1807 2841 judiciarius
1856 2763 2182 2831 servetur,
2239 2773 2766 2838 nonnumquam

230 2849 456 2908 tamen
497 2840 827 2910 innocens
873 2839 1397 2922 condemnatur,
1450 2853 1515 2910 et
1563 2863 1818 2911 nocens
1864 2839 2265 2910 absolvitur.
2316 2836 2595 2910 iudicia
2641 2862 2772 2909 au-

231 2937 364 2997 tem
417 2928 530 2996 Dei
572 2950 652 2996 ex
700 2928 1087 3013 semetipsis
1138 2928 1703 3018 justificationem
1755 2929 2132 3018 accipiunt,
2198 2928 2378 2998 sicut
2436 2950 2557 3018 per
2615 2934 2776 2999 Pro-

231 3016 506 3106 phetam
583 3016 875 3084 dicitur:
934 3022 1076 3086 Non
1145 3018 1527 3088 secundum
1592 3019 1924 3088 visionem
1986 3016 2344 3086 oculorum
2396 3017 2768 3107 judicabit,

228 3125 355 3173 nec
388 3104 769 3174 secundum
813 3104 1130 3173 auditum
1181 3107 1456 3175 aurium
1506 3119 1771 3198 arguet,
1824 3119 1950 3175 etc.
1991 3109 2164 3175 Sunt
2210 3118 2438 3175 autem
2493 3106 2768 3175 deside-

226 3192 498 3271 rabilia,
537 3192 605 3260 id
648 3205 750 3260 est
795 3192 1175 3262 desiderari
1221 3193 1289 3261 di
1349 3195 1632 3265 nissima
1684 3217 1893 3286 super
1939 3195 2215 3266 divitias
2243 3207 2309 3265 et
2339 3195 2646 3264 delicias.
2689 3200 2768 3264 In

228 3287 400 3349 auro
439 3292 504 3348 et
551 3280 779 3370 lapide
815 3282 1110 3370 pretioso
1148 3217 1454 3381 intefiige
1484 3283 1800 3364 divitias,
1843 3284 1911 3351 in
1950 3284 2151 3354 melle
2183 3295 2247 3352 et
2277 3283 2427 3352 favo
2458 3283 2767 3354 delicias.

226 3367 513 3436 Divitiae
559 3383 790 3437 autem
841 3370 1136 3439 maxime
1183 3369 1672 3460 intelliguntur
1720 3372 1789 3440 in
1888 3374 2137 3442 ecunia
2178 3385 2244 3442 et
2284 3373 2609 3462 potentia.
2650 3376 2777 3440 Per

227 3456 527 3546 lapidem
567 3457 981 3545 pretiosum,
1019 3480 1159 3544 quo
1254 3470 1512 3528 otentes
1558 3471 1625 3529 et
1682 3461 1838 3529 nobi
1873 3483 1945 3530 es
1992 3473 2305 3542 utuntur,
2360 3461 2584 3551 gloria
2650 3483 2775 3549 po-

227 3546 499 3615 tentiae.
572 3550 777 3614 Porro
842 3546 1119 3615 divitiae
1165 3569 1203 3615 a
1238 3547 1342 3616 iae
1389 3570 1547 3616 cum
1589 3548 1993 3618 difficultate
2052 3548 2540 3635 acquiruntur,
2595 3548 2774 3619 aliae

223 3634 376 3705 sine
423 3632 848 3704 difficultate.
911 3640 989 3704 In
1042 3635 1265 3715 melle,
1310 3635 1492 3723 quod
1543 3635 1885 3723 liquidum
1927 3649 2067 3716 est,
2134 3636 2421 3704 deliciae
2466 3650 2531 3707 et
2582 3639 2774 3707 volu-

223 3734 445 3813 ptates
494 3724 642 3793 sine
691 3723 945 3793 labore.
1004 3728 1076 3791 In
1140 3723 1314 3807 fam,
1368 3723 1553 3812 quod
1603 3725 1737 3795 mel
1783 3736 1849 3794 et
1894 3746 2123 3795 ceram
2178 3724 2482 3794 continet
2530 3726 2767 3809 simul,

224 3812 610 3899 voluptates
657 3836 817 3883 curn
871 3811 1301 3882 difficultate.

311 3903 347 3987 ξ
386 3905 542 3973 10.
599 3907 763 3971 Ecce
806 3901 1093 3988 quidam
1134 3902 1345 3971 ludus
1385 3901 1801 3988 judiciarius
1856 3901 2155 3972 occurrit
2202 3901 2401 3971 nobis
2450 3902 2519 3970 in
2589 3905 2765 3973 Scri-

221 3990 472 4079 pturis.
520 3996 726 4061 Deum
765 3996 1033 4060 Patrem
1081 4003 1629 4091 repraesentans.
1680 3995 1895 4061 Locus
1932 3989 2141 4080 juriS,
2182 3989 2251 4057 in
2298 4012 2435 4077 quo
2467 3989 2770 4060 Advoca-

221 4089 334 4148 tus
389 4093 617 4149 noster
665 4080 986 4181 postulat,
1047 4080 1433 4170 patibulum
1486 4080 1722 4149 Crucis
1773 4079 1922 4148 fuit.
1987 4082 2153 4147 Cum
2207 4079 2391 4147 enim
2424 4101 2504 4149 ex
2539 4080 2768 4149 officio

222 4188 347 4236 suo
377 4168 684 4238 advocati
716 4170 1016 4239 habeant
1042 4182 1241 4248 stare,
1271 4170 1418 4259 ipse
1450 4190 1586 4237 non
1621 4182 1833 4248 stanS,
1863 4167 1980 4238 sed
2015 4179 2149 4237 toto
2179 4190 2462 4259 corpore
2492 4181 2771 4240 extenso

221 4256 291 4325 in
346 4256 534 4348 ligno
583 4259 853 4341 Crucis,
908 4257 1094 4349 apud
1161 4264 1428 4327 Patrem
1489 4279 1609 4347 pro
1659 4258 1858 4327 nobis
1917 4256 2048 4326 alle
2101 4258 2273 4338 avit,
2338 4256 2765 4327 desiderium

220 4368 425 4416 suum
493 4358 557 4416 et
618 4348 1003 4418 amicorum
1073 4370 1357 4417 suorum
1417 4368 1811 4437 exponenS,
1865 4358 1929 4415 et
1996 4369 2034 4414 a
2092 4347 2371 4416 versarii
2420 4344 2765 4414 desiderio

217 4435 698 4508 contradicens
737 4459 959 4528 usque
1006 4437 1093 4508 ad
1143 4436 1405 4529 proprii
1440 4436 1804 4527 sanguinis
1849 4435 2277 4505 effusionem.
2346 4439 2510 4504 Rem
2563 4453 2760 4503 suam
