3327 4999
589 315 722 383 460
1241 333 1321 378 nn
1365 331 1422 379 s.
1476 330 1708 378 sutona
1752 331 1942 378 mur.
1992 330 2280 377 Tmnssn‘r.
2649 311 2890 378 MART.
2943 314 3031 380 24

504 428 1034 510 praesenserunt
1076 416 1322 486 Judaei
1379 415 1693 484 omnium
1751 437 1924 506 pene
1972 428 2232 484 mentes
2264 415 2335 483 in
2384 435 2498 484 eos
2543 436 2692 484 esse
2737 436 3038 506 suspen-

503 530 661 590 sas,
731 508 901 576 inito
948 505 1279 585 consili0,
1356 502 1755 591 libratisque
1830 503 2291 593 plurimorum
2357 503 2850 591 opinionibus,
2923 504 3036 572 di-

500 594 1339 666 xerunt:·«Pro'iciamus
1385 614 1637 682 corpus
1683 592 1868 662 istud
1917 593 2232 662 vestitum
2276 592 2344 660 in
2391 593 2649 661 flumen
2689 591 2872 679 quod
2907 614 3036 663 no-

503 696 641 756 stra
670 685 875 753 domo
926 617 1350 752 subterfluit:
1392 693 1742 771 etffleuntes
1773 681 1858 750 ad
1901 681 2316 771 pontificem,
2353 679 2667 750 dicamus
2698 680 3034 777 quonjam

501 773 677 843 illud
728 773 797 840 in
848 771 1131 840 domum
1182 781 1483 859 nostram
1534 791 1712 855 aqua
1746 769 2048 849 deduxit,
2079 782 2142 838 et
2167 782 2349 838 crate
2397 768 2610 838 ferrea
2658 781 3024 851 retentum,

504 884 642 932 non
691 861 913 951 potuit
959 882 1101 929 una
1146 881 1302 929 cum
1354 859 1640 927 flumine
1689 858 1990 929 delabi.»
2038 857 2317 927 Talibus
2354 859 2540 928 enim
2590 858 2776 939 visiS,
2832 880 3037 929 nemo

505 950 733 1020 credet
769 950 1068 1018 Judaeos
1116 969 1408 1038 puerum
1439 947 1827 1017 extinxisse.
1881 946 2144 1016 Placuit
2180 947 2505 1016 omnibus
2553 947 2930 1016 sententia:
2967 959 3038 1016 et

504 1038 884 1108 ascendens
931 1037 1014 1106 ad
1065 1037 1455 1126 pontificem
1510 1036 1835 1125 proditor,
1901 1057 2131 1105 rerum
2183 1035 2424 1105 seriem
2489 1057 2604 1116 e0,
2634 1057 2769 1123 quo
2817 1035 3039 1106 suerat

508 1127 929 1206 institutum,
980 1126 1219 1194 ordine
1268 1124 1524 1214 pandit.
1581 1130 1769 1194 Tunc
1818 1124 2095 1214 gavisus
2161 1123 2498 1213 pontifex,
2565 1130 2903 1193 ,Ioannem
2949 1124 3039 1193 de

511 1215 687 1286 Salis
736 1228 1112 1304 praetorem
1146 1225 1211 1282 et
1255 1214 1588 1283 Jacobum
1636 1212 1722 1282 de
1756 1218 1965 1302 Sporo
2015 1212 2426 1303 praefectum
2488 1235 2651 1283 suae
2699 1212 3037 1282 Tridenti-

510 1326 637 1373 nae
684 1304 977 1379 civitatis
1010 1302 1173 1383 illic,
1213 1303 1330 1371 ubi
1357 1303 1630 1391 jacebat
1680 1324 1870 1392 puer,
1914 1323 2145 1370 secum
2189 1302 2397 1388 jussit
2445 1302 2786 1371 accedere.
2821 1302 3037 1371 Etde-

509 1392 911 1463 scendentes
959 1392 1210 1471 statim,
1264 1391 1674 1459 invenerunt
1704 1390 1995 1459 cadaver
2027 1391 2094 1458 in
2129 1412 2302 1476 aqua
2339 1390 2586 1479 pannis
2621 1390 3029 1459 involutum:

508 1504 645 1568 quo
695 1481 1008 1571 protinus
1057 1492 1374 1557 extracto,
1428 1478 1755 1564 illiusque
1802 1479 2204 1548 vulneribus
2251 1478 2615 1569 diligenter
2661 1480 3025 1558 annotatiS,

507 1569 679 1640 illud
733 1570 800 1637 in
854 1567 1136 1639 basilica
1179 1573 1243 1637 S.
1290 1567 1462 1636 Petri
1510 1567 2044 1637 collocaverunt:
2100 1567 2217 1636 ubi
2269 1568 2567 1636 maxima
2616 1568 3032 1657 populorum
3093 1606 3099 1610 -

508 1658 1125 1749 languentiumque
1172 1657 1558 1726 confluente
1582 1655 1990 1743 frequentia,
2034 1656 2270 1725 multis
2298 1656 2752 1743 maximisque
2783 1657 2854 1725 in
2884 1656 3029 1725 dies

508 1745 865 1816 miraculis
914 1744 1147 1837 fulget.

598 1838 633 1922 ξ
696 1840 789 1904 9.
844 1840 1009 1903 Ecce
1042 1833 1418 1902 Christiane
1463 1838 1698 1902 Jesum
1749 1832 1926 1902 inter
1973 1833 2268 1903 latrones
2303 1855 2546 1901 rursus
2593 1832 3022 1902 crucifixum.

510 1929 678 1993 Ecce
710 1923 877 2009 quid
928 1922 1222 1991 facerent
1266 1921 1534 1997 sudaei,
1587 1923 1646 1990 si
1701 1922 1874 1991 inter
1921 1921 2407 1991 christifideles
2447 1922 2773 1991 haberent
2821 1923 3031 2011 impe-

512 2012 722 2081 rium.
761 2012 1110 2081 Gloriosus
1159 2010 1416 2089 Simon,
1458 2010 1672 2099 virgo,
1726 2023 1982 2099 martyr
2012 2023 2077 2079 et
2123 2010 2452 2080 innocens
2485 2012 2592 2079 vix
2626 2011 3026 2089 ablactatuS‚

510 2112 577 2169 et
622 2100 827 2187 cujus
877 2098 1115 2189 lingua
1163 2099 1466 2168 nondum
1532 2099 1917 2169 humanum
1986 2099 2270 2168 sonabat
2317 2098 2692 2184 eloquium,
2754 2099 2822 2167 in
2873 2120 3030 2168 con-

511 2201 847 2279 temptum
897 2201 1167 2256 nostrae
1197 2188 1352 2256 fidei
1404 2209 1445 2256 a
1488 2187 1778 2257 Judaeis
1825 2199 1927 2257 est
1971 2199 2290 2257 extensus
2337 2188 2405 2255 in
2456 2210 2679 2257 cruce.
2717 2187 2886 2257 Audi
2916 2187 3036 2274 qui
3101 2268 3110 2274 .

513 2288 651 2347 tam
701 2276 978 2346 crudele
1025 2276 1384 2345 hominum
1437 2298 1655 2366 genus
1705 2276 1838 2344 tuis
1891 2276 1959 2344 in
2006 2277 2299 2345 urbibus
2339 2277 2612 2377 pateris.
2658 2276 3034 2346 Judaeiae·

513 2377 706 2435 terno
753 2377 1002 2434 statuto
1049 2365 1514 2444 decreverunt,
1550 2377 1627 2434 ut
1675 2365 1945 2433 divinae
1976 2366 2464 2446 Eucharistiae,
2500 2366 2870 2451 beataeque
2898 2370 3035 2433 Ma-

510 2455 654 2524 riae
702 2475 971 2544 semper
1016 2453 1263 2544 virgini
1312 2452 1617 2541 quotidie
1678 2453 2163 2524 maledicatur:
2229 2454 2487 2545 polluta
2533 2455 2768 2524 omnia
2833 2453 3034 2524 verba

513 2556 870 2635 peccatum
919 2557 1317 2623 asserentes,
1372 2555 1636 2633 praeter
1685 2543 1802 2611 illa
1848 2565 2024 2631 quae
2072 2545 2141 2611 in
2191 2555 2654 2630 contemptum
2694 2549 3038 2614 Romanae

400 2640 411 2650 ’
511 2633 851 2703 Ecclesiae
897 2654 1170 2722 vergere
1201 2632 1681 2701 dinoscuntur.
1722 2637 1884 2701 Item
1922 2633 1987 2699 in
2025 2632 2215 2701 tertio
2245 2632 2416 2701 libro
2448 2631 2785 2701 Tbalmud
2816 2633 3034 2722 (hunc

511 2723 695 2790 enim
745 2720 1049 2790 codicem
1099 2721 1488 2810 praeferunt
1533 2720 1777 2790 ‚Iudaei
1828 2719 2021 2789 libris
2053 2721 2261 2808 Moysi
2310 2732 2376 2789 et
2417 2721 2938 2811 prophetarum:
2968 2732 3034 2789 et

511 2823 590 2880 ut
639 2810 857 2898 magis
904 2809 1221 2878 credatur
1285 2807 1646 2888 Thalmud‚
1707 2807 1978 2877 fabulae
2034 2808 2297 2878 addunt
2357 2807 2647 2887 fabulaS‚
2703 2809 3029 2890 dicentes,

511 2898 695 2986 quod
746 2903 922 2966 Deus
954 2896 1219 2966 studeat
1251 2896 1621 2984 Thalmud)
1654 2898 1773 2978 ibi,
1815 2897 2122 2984 inquam,
2210 2910 2489 2986 erpetua
2524 2897 2667 2987 lege
2698 2900 3028 2978 sancitur,

511 2998 590 3056 ut
629 2998 730 3055 ter
774 2984 1069 3075 singulis
1115 2984 1358 3055 diebus
1406 2985 1473 3053 in
1511 2986 1836 3064 oratione,
1875 3007 2080 3072 quam
2113 3007 2148 3054 e
2193 2986 2560 3054 lcaciorem
2591 2986 2857 3056 cunctis
2892 3007 3040 3086 pre-

515 3075 715 3145 cibus
762 3073 1174 3154 existimant,
1238 3095 1475 3143 omnes
1528 3074 2012 3143 Christifideles
2068 3074 2540 3144 devoveantur.
2597 3080 2784 3143 Hanc
2832 3086 3037 3143 ettam

511 3163 885 3232 orationem
920 3175 1174 3230 stantes
1209 3161 1469 3251 junctis
1503 3163 1846 3241 manibus,
1882 3164 1964 3232 ad
2006 3163 2264 3232 nullam
2318 3185 2457 3232 rem
2522 3163 2764 3232 mundi
2813 3164 3038 3231 inten-

513 3253 766 3321 tionem
816 3264 1116 3339 agentes,
1147 3253 1491 3330 evomunt,
1531 3251 1656 3320 viri
1691 3251 2039 3331 Hebraice,
2076 3252 2399 3321 mulieres
2423 3254 2501 3320 ea
2534 3252 2798 3342 lingua.
2828 3274 3039 3338 quam

511 3363 549 3409 a
600 3339 842 3430 primis
880 3339 1083 3407 annis
1130 3339 1540 3408 didicerunt.
1582 3338 1781 3409 Solus
1841 3341 2064 3408 Levita
2112 3362 2260 3410 eam
2295 3340 2431 3409 alta
2478 3362 2639 3409 voce
2686 3340 3024 3420 decantat,

512 3429 668 3498 aliis
715 3428 1038 3496 omnibus
1086 3428 1680 3517 respondentibus,
1719 3432 1950 3496 Amen.
1988 3429 2201 3497 Verba
2233 3429 2559 3498 orationis
2605 3430 2704 3498 sic
2753 3438 3032 3498 sonant:

514 3516 867 3587 Conversis
900 3538 1034 3584 non
1086 3517 1171 3587 sit
1200 3537 1378 3606 speS,
1416 3530 1480 3585 et
1512 3538 1750 3586 omnes
1780 3529 2056 3605 repente
2102 3517 2626 3607 dispergantur:
2680 3518 2752 3585 in
2803 3517 3041 3585 matri-

513 3606 713 3676 cibus
747 3606 1175 3674 minorentur
1221 3604 1513 3695 parvuli,
1553 3627 1633 3674 ac
1681 3605 1985 3696 amplius
2041 3628 2176 3676 non
2231 3617 2627 3697 resurgant:
2680 3619 2747 3675 et
2800 3626 3039 3674 omnes

512 3694 782 3762 inimici
818 3705 972 3763 tuae
1018 3694 1240 3783 gentis
1288 3693 1495 3762 Israel
1536 3693 2003 3775 destruantur,
2041 3707 2106 3764 et
2137 3716 2424 3784 regnum
2475 3693 2818 3779 nequitiae
2849 3693 3042 3762 Chri-

515 3783 895 3851 stianorum
946 3781 1332 3851 eradicetur
1376 3795 1440 3850 et
1486 3780 1974 3853 confundatur.
2045 3788 2170 3852 Fac
2220 3783 2409 3851 Domi
2465 3805 2500 3852 e
2548 3783 2675 3862 fac,
2718 3781 3032 3871 impleaS‚

513 3870 695 3959 quod
747 3871 1066 3960 petimuS,
1107 3871 1173 3939 in
1207 3869 1452 3938 diebus
1501 3871 1752 3941 nostris
1786 3871 2140 3942 velociter:
2192 3871 2357 3958 quia
2387 3805 2460 3940 tx
2490 3893 2563 3940 es
2610 3876 2786 3940 Deus
2837 3873 3045 3939 bene-

515 3960 764 4040 dictuS,
808 3962 1057 4048 lugans
1106 3958 1424 4027 inimicos
1471 3972 1535 4028 et
1567 3959 1927 4031 destruens
1975 3959 2250 4051 impios.
2291 3961 2462 4029 Etin
2512 3958 2815 4029 secundo
2841 3959 3042 4028 Thal-

517 4048 686 4117 mud
719 4046 1087 4127 affirmant,
1138 4046 1320 4134 quod
1356 4048 1689 4118 Dominus
1738 4063 1963 4118 noster
2005 4049 2215 4118 Jesus
2265 4049 2574 4117 Christus
2622 4047 2920 4117 maxima
2967 4049 3041 4116 in

514 4136 780 4206 inferno
820 4145 1155 4205 tormenta
1201 4136 1523 4225 patiatur.
1557 4143 1696 4207 Non
1748 4149 1848 4207 est
1874 4139 2125 4207 mirum
2162 4137 2548 4218 Christiani,
2587 4137 2646 4204 si
2674 4158 2797 4204 nos
2829 4134 3031 4218 belm,

511 4225 716 4307 fame,
772 4223 905 4304 siti,
959 4223 1325 4324 grandine,
1391 4225 1643 4315 pruina
1700 4226 2005 4297 Christus
2051 4226 2340 4318 affligat:
2395 4226 2453 4296 si
2514 4247 2638 4295 nos
2703 4224 3040 4314 populum

515 4336 748 4395 suum,
815 4323 1107 4404 pretioso
1155 4334 1279 4382 suo
1328 4314 1667 4413 sanguine
1714 4313 2182 4405 redemptum,
2245 4336 2513 4404 semper
2566 4315 2650 4383 ad
2705 4313 3043 4382 deteriora

515 4402 658 4473 labi
704 4401 1061 4474 sustineat.
1120 4405 1284 4470 Cum
1338 4413 1685 4492 patlamur
1744 4403 1921 4471 inter
1980 4425 2107 4474 nos
2155 4425 2439 4494 regnare
2494 4402 2812 4472 inimicos
2858 4401 3034 4490 ejuS,
