<?xml version="1.0" encoding="UTF-8"?>
<!DOCTYPE html PUBLIC "-//W3C//DTD XHTML 1.0 Transitional//EN"
    "http://www.w3.org/TR/xhtml1/DTD/xhtml1-transitional.dtd">
<html xmlns="http://www.w3.org/1999/xhtml" xml:lang="en" lang="en">
 <head>
  <title>
</title>
<meta http-equiv="Content-Type" content="text/html;charset=utf-8" />
  <meta name='ocr-system' content='tesseract 3.04.00' />
  <meta name='ocr-capabilities' content='ocr_page ocr_carea ocr_par ocr_line ocrx_word'/>
</head>
<body>
  <div class='ocr_page' id='page_1' title='image "./historiaeseuvit04lippgoog_0029.png"; bbox 0 0 3327 4999; ppageno 0'>
   <div class='ocr_carea' id='block_1_1' title="bbox 165 364 2594 438">
    <p class='ocr_par' dir='ltr' id='par_1_1' title="bbox 165 364 2594 438">
     <span class='ocr_line' id='line_1_1' title="bbox 165 364 2594 438; baseline 0.001 -9"><span class='ocrx_word' id='word_1_1' title='bbox 165 364 377 431; x_wconf 74' lang='lat' dir='ltr'>MART.</span> <span class='ocrx_word' id='word_1_2' title='bbox 429 367 470 432; x_wconf 88' lang='lat'><strong>3</strong></span> <span class='ocrx_word' id='word_1_3' title='bbox 944 389 1023 435; x_wconf 73' lang='lat' dir='ltr'>nn</span> <span class='ocrx_word' id='word_1_4' title='bbox 1072 390 1127 436; x_wconf 77' lang='lat' dir='ltr'>s,</span> <span class='ocrx_word' id='word_1_5' title='bbox 1174 388 1542 438; x_wconf 69' lang='lat' dir='ltr'>cALnrrANo</span> <span class='ocrx_word' id='word_1_6' title='bbox 1591 385 1869 435; x_wconf 63' lang='lat' dir='ltr'>anetuso</span> <span class='ocrx_word' id='word_1_7' title='bbox 2508 368 2594 432; x_wconf 78' lang='lat'>25</span> 
     </span>
    </p>
   </div>
   <div class='ocr_carea' id='block_1_2' title="bbox 148 460 2688 1706">
    <p class='ocr_par' dir='ltr' id='par_1_2' title="bbox 148 460 2688 1706">
     <span class='ocr_line' id='line_1_2' title="bbox 162 460 2681 562; baseline 0 -31"><span class='ocrx_word' id='word_1_8' title='bbox 162 460 493 562; x_wconf 80' lang='lat' dir='ltr'>interiisse,</span> <span class='ocrx_word' id='word_1_9' title='bbox 543 465 939 553; x_wconf 80' lang='lat' dir='ltr'>usqueadeo</span> <span class='ocrx_word' id='word_1_10' title='bbox 973 478 1048 538; x_wconf 90' lang='lat' dir='ltr'>ut</span> <span class='ocrx_word' id='word_1_11' title='bbox 1095 468 1370 539; x_wconf 93' lang='lat' dir='ltr'>nullum</span> <span class='ocrx_word' id='word_1_12' title='bbox 1420 469 1490 537; x_wconf 92' lang='lat' dir='ltr'>in</span> <span class='ocrx_word' id='word_1_13' title='bbox 1531 480 1881 559; x_wconf 88' lang='lat' dir='ltr'>posterum</span> <span class='ocrx_word' id='word_1_14' title='bbox 1915 466 1986 534; x_wconf 89' lang='lat' dir='ltr'>in</span> <span class='ocrx_word' id='word_1_15' title='bbox 2023 487 2104 535; x_wconf 89' lang='lat' dir='ltr'>eo</span> <span class='ocrx_word' id='word_1_16' title='bbox 2138 464 2287 536; x_wconf 90' lang='lat' dir='ltr'>loco</span> <span class='ocrx_word' id='word_1_17' title='bbox 2316 488 2395 535; x_wconf 86' lang='lat' dir='ltr'>ex</span> <span class='ocrx_word' id='word_1_18' title='bbox 2425 492 2505 539; x_wconf 87' lang='lat' dir='ltr'>ea</span> <span class='ocrx_word' id='word_1_19' title='bbox 2530 485 2681 535; x_wconf 92' lang='lat' dir='ltr'>om-</span> 
     </span>
     <span class='ocr_line' id='line_1_3' title="bbox 161 553 2686 627; baseline 0.002 -10"><span class='ocrx_word' id='word_1_20' title='bbox 161 572 300 620; x_wconf 82' lang='lat' dir='ltr'>nino</span> <span class='ocrx_word' id='word_1_21' title='bbox 341 553 655 624; x_wconf 76' lang='lat' dir='ltr'>ederetur</span> <span class='ocrx_word' id='word_1_22' title='bbox 704 555 1146 627; x_wconf 84' lang='lat' dir='ltr'><strong>miraculum.</strong></span> <span class='ocrx_word' id='word_1_23' title='bbox 1216 562 1562 627; x_wconf 81' lang='lat' dir='ltr'>Hactenus</span> <span class='ocrx_word' id='word_1_24' title='bbox 1610 578 1692 626; x_wconf 83' lang='lat' dir='ltr'>ex</span> <span class='ocrx_word' id='word_1_25' title='bbox 1749 555 2064 625; x_wconf 86' lang='lat' dir='ltr'>versione</span> <span class='ocrx_word' id='word_1_26' title='bbox 2118 554 2503 627; x_wconf 80' lang='lat' dir='ltr'>doctissimi</span> <span class='ocrx_word' id='word_1_27' title='bbox 2555 553 2686 623; x_wconf 90' lang='lat' dir='ltr'>viri</span> 
     </span>
     <span class='ocr_line' id='line_1_4' title="bbox 156 641 2686 802; baseline 0.002 -96"><span class='ocrx_word' id='word_1_28' title='bbox 156 641 413 709; x_wconf 71' lang='lat' dir='ltr'>Ioannis</span> <span class='ocrx_word' id='word_1_29' title='bbox 462 642 1084 733; x_wconf 76' lang='lat' dir='ltr'>christophorsoni,</span> <span class='ocrx_word' id='word_1_30' title='bbox 1139 645 1420 737; x_wconf 84' lang='lat' dir='ltr'>Angliae</span> <span class='ocrx_word' id='word_1_31' title='bbox 1468 644 1814 802; x_wconf 69' lang='lat' dir='ltr'>Efipiscopi,</span> <span class='ocrx_word' id='word_1_32' title='bbox 1859 664 1941 713; x_wconf 82' lang='lat' dir='ltr'>ex</span> <span class='ocrx_word' id='word_1_33' title='bbox 1986 665 2126 730; x_wconf 90' lang='lat' dir='ltr'>qua</span> <span class='ocrx_word' id='word_1_34' title='bbox 2185 643 2467 743; x_wconf 87' lang='lat' dir='ltr'>quidem</span> <span class='ocrx_word' id='word_1_35' title='bbox 2536 643 2686 715; x_wconf 92' lang='lat' dir='ltr'>ani-</span> 
     </span>
     <span class='ocr_line' id='line_1_5' title="bbox 158 727 2677 823; baseline 0.002 -28"><span class='ocrx_word' id='word_1_36' title='bbox 158 727 462 799; x_wconf 86' lang='lat' dir='ltr'>madverti</span> <span class='ocrx_word' id='word_1_37' title='bbox 496 753 632 800; x_wconf 91' lang='lat' dir='ltr'>non</span> <span class='ocrx_word' id='word_1_38' title='bbox 728 744 901 802; x_wconf 87' lang='lat' dir='ltr'>otest</span> <span class='ocrx_word' id='word_1_39' title='bbox 948 733 1284 803; x_wconf 82' lang='lat' dir='ltr'>Asterium</span> <span class='ocrx_word' id='word_1_40' title='bbox 1322 756 1445 823; x_wconf 90' lang='lat' dir='ltr'>pro</span> <span class='ocrx_word' id='word_1_41' title='bbox 1545 734 1631 802; x_wconf 89' lang='lat' dir='ltr'>de</span> <span class='ocrx_word' id='word_1_42' title='bbox 1658 731 1908 802; x_wconf 87' lang='lat' dir='ltr'>Christi</span> <span class='ocrx_word' id='word_1_43' title='bbox 1937 743 2347 821; x_wconf 82' lang='lat' dir='ltr'>martyrium</span> <span class='ocrx_word' id='word_1_44' title='bbox 2399 735 2677 806; x_wconf 87' lang='lat' dir='ltr'>obiisse:</span> 
     </span>
     <span class='ocr_line' id='line_1_6' title="bbox 157 815 2680 914; baseline 0.003 -32"><span class='ocrx_word' id='word_1_45' title='bbox 157 815 256 883; x_wconf 89' lang='lat' dir='ltr'>sed</span> <span class='ocrx_word' id='word_1_46' title='bbox 299 817 360 886; x_wconf 91' lang='lat' dir='ltr'>id</span> <span class='ocrx_word' id='word_1_47' title='bbox 414 841 496 890; x_wconf 85' lang='lat' dir='ltr'>ex</span> <span class='ocrx_word' id='word_1_48' title='bbox 546 825 650 889; x_wconf 89' lang='lat' dir='ltr'>Ru</span> <span class='ocrx_word' id='word_1_49' title='bbox 732 822 803 889; x_wconf 91' lang='lat' dir='ltr'>ni</span> <span class='ocrx_word' id='word_1_50' title='bbox 844 821 1160 892; x_wconf 88' lang='lat' dir='ltr'>-versione</span> <span class='ocrx_word' id='word_1_51' title='bbox 1208 821 1464 893; x_wconf 89' lang='lat' dir='ltr'>habent</span> <span class='ocrx_word' id='word_1_52' title='bbox 1512 820 1980 891; x_wconf 90' lang='lat' dir='ltr'>vetustissima</span> <span class='ocrx_word' id='word_1_53' title='bbox 2031 820 2514 914; x_wconf 80' lang='lat' dir='ltr'>Martyrologia</span> <span class='ocrx_word' id='word_1_54' title='bbox 2560 828 2680 892; x_wconf 91' lang='lat' dir='ltr'>Be-</span> 
     </span>
     <span class='ocr_line' id='line_1_7' title="bbox 154 901 2680 998; baseline 0.004 -27"><span class='ocrx_word' id='word_1_55' title='bbox 154 901 282 985; x_wconf 86' lang='lat' dir='ltr'>dae,</span> <span class='ocrx_word' id='word_1_56' title='bbox 353 907 670 989; x_wconf 90' lang='lat' dir='ltr'>Usuardi,</span> <span class='ocrx_word' id='word_1_57' title='bbox 723 909 977 980; x_wconf 80' lang='lat' dir='ltr'>Adonis</span> <span class='ocrx_word' id='word_1_58' title='bbox 1023 922 1152 980; x_wconf 89' lang='lat' dir='ltr'>etc.</span> <span class='ocrx_word' id='word_1_59' title='bbox 1215 910 1319 980; x_wconf 89' lang='lat' dir='ltr'>lbi</span> <span class='ocrx_word' id='word_1_60' title='bbox 1368 910 1554 980; x_wconf 89' lang='lat' dir='ltr'>enim</span> <span class='ocrx_word' id='word_1_61' title='bbox 1623 910 1725 978; x_wconf 89' lang='lat' dir='ltr'>sic</span> <span class='ocrx_word' id='word_1_62' title='bbox 1788 908 2071 998; x_wconf 89' lang='lat' dir='ltr'>legitur:</span> <span class='ocrx_word' id='word_1_63' title='bbox 2145 912 2330 979; x_wconf 91' lang='lat' dir='ltr'>Inter</span> <span class='ocrx_word' id='word_1_64' title='bbox 2377 924 2680 982; x_wconf 89' lang='lat' dir='ltr'>caeteros</span> 
     </span>
     <span class='ocr_line' id='line_1_8' title="bbox 155 994 2688 1088; baseline 0.004 -30"><span class='ocrx_word' id='word_1_65' title='bbox 155 994 395 1064; x_wconf 86' lang='lat' dir='ltr'>cunctis</span> <span class='ocrx_word' id='word_1_66' title='bbox 441 995 718 1078; x_wconf 89' lang='lat' dir='ltr'>clarior,</span> <span class='ocrx_word' id='word_1_67' title='bbox 771 1006 836 1067; x_wconf 88' lang='lat' dir='ltr'>et</span> <span class='ocrx_word' id='word_1_68' title='bbox 885 999 1148 1068; x_wconf 90' lang='lat' dir='ltr'>meritis</span> <span class='ocrx_word' id='word_1_69' title='bbox 1195 997 1355 1067; x_wconf 87' lang='lat' dir='ltr'>fidei</span> <span class='ocrx_word' id='word_1_70' title='bbox 1408 1020 1617 1088; x_wconf 91' lang='lat' dir='ltr'>supra</span> <span class='ocrx_word' id='word_1_71' title='bbox 1668 1009 1971 1067; x_wconf 89' lang='lat' dir='ltr'>caeteros</span> <span class='ocrx_word' id='word_1_72' title='bbox 2014 996 2310 1087; x_wconf 89' lang='lat' dir='ltr'>insignis</span> <span class='ocrx_word' id='word_1_73' title='bbox 2346 1022 2688 1071; x_wconf 87' lang='lat' dir='ltr'>memora-</span> 
     </span>
     <span class='ocr_line' id='line_1_9' title="bbox 154 1084 2687 1176; baseline 0.004 -29"><span class='ocrx_word' id='word_1_74' title='bbox 154 1089 248 1149; x_wconf 89' lang='lat' dir='ltr'>tur</span> <span class='ocrx_word' id='word_1_75' title='bbox 287 1084 611 1165; x_wconf 75' lang='lat' dir='ltr'>AsteriuS,</span> <span class='ocrx_word' id='word_1_76' title='bbox 649 1086 753 1155; x_wconf 89' lang='lat' dir='ltr'>vir</span> <span class='ocrx_word' id='word_1_77' title='bbox 783 1090 1133 1156; x_wconf 81' lang='lat' dir='ltr'>Roma&#39;nae</span> <span class='ocrx_word' id='word_1_78' title='bbox 1179 1087 1377 1157; x_wconf 89' lang='lat' dir='ltr'>urbis</span> <span class='ocrx_word' id='word_1_79' title='bbox 1428 1092 1733 1167; x_wconf 81' lang='lat' dir='ltr'>Senator,</span> <span class='ocrx_word' id='word_1_80' title='bbox 1790 1084 2136 1176; x_wconf 80' lang='lat' dir='ltr'>patritiuS,</span> <span class='ocrx_word' id='word_1_81' title='bbox 2175 1086 2551 1170; x_wconf 89' lang='lat' dir='ltr'>nobilitate,</span> <span class='ocrx_word' id='word_1_82' title='bbox 2586 1088 2687 1158; x_wconf 83' lang='lat' dir='ltr'>fa-</span> 
     </span>
     <span class='ocr_line' id='line_1_10' title="bbox 151 1168 2681 1265; baseline 0.005 -31"><span class='ocrx_word' id='word_1_83' title='bbox 151 1168 520 1254; x_wconf 88' lang='lat' dir='ltr'>cultatibus,</span> <span class='ocrx_word' id='word_1_84' title='bbox 562 1175 1070 1263; x_wconf 82' lang='lat' dir='ltr'>propinquitate</span> <span class='ocrx_word' id='word_1_85' title='bbox 1117 1174 1323 1245; x_wconf 90' lang='lat' dir='ltr'>etiam</span> <span class='ocrx_word' id='word_1_86' title='bbox 1355 1176 1546 1265; x_wconf 87' lang='lat' dir='ltr'>regia</span> <span class='ocrx_word' id='word_1_87' title='bbox 1577 1187 1642 1244; x_wconf 91' lang='lat' dir='ltr'>et</span> <span class='ocrx_word' id='word_1_88' title='bbox 1675 1174 1868 1241; x_wconf 91' lang='lat' dir='ltr'>omni</span> <span class='ocrx_word' id='word_1_89' title='bbox 1917 1172 2255 1243; x_wconf 90' lang='lat' dir='ltr'>bonorum</span> <span class='ocrx_word' id='word_1_90' title='bbox 2289 1174 2473 1246; x_wconf 74' lang='lat' dir='ltr'>sama</span> <span class='ocrx_word' id='word_1_91' title='bbox 2514 1179 2681 1248; x_wconf 91' lang='lat' dir='ltr'>satis</span> 
     </span>
     <span class='ocr_line' id='line_1_11' title="bbox 151 1256 2671 1354; baseline 0.006 -30"><span class='ocrx_word' id='word_1_92' title='bbox 151 1256 376 1329; x_wconf 82' lang='lat' dir='ltr'>clarus.</span> <span class='ocrx_word' id='word_1_93' title='bbox 430 1261 564 1344; x_wconf 89' lang='lat' dir='ltr'>Qui</span> <span class='ocrx_word' id='word_1_94' title='bbox 611 1285 773 1332; x_wconf 89' lang='lat' dir='ltr'>eum</span> <span class='ocrx_word' id='word_1_95' title='bbox 821 1262 1203 1353; x_wconf 82' lang='lat' dir='ltr'>supradicti</span> <span class='ocrx_word' id='word_1_96' title='bbox 1240 1264 1559 1353; x_wconf 84' lang='lat' dir='ltr'>martyris</span> <span class='ocrx_word' id='word_1_97' title='bbox 1590 1262 1914 1332; x_wconf 83' lang='lat' dir='ltr'>extremis</span> <span class='ocrx_word' id='word_1_98' title='bbox 1950 1262 2307 1332; x_wconf 87' lang='lat' dir='ltr'>interesset</span> <span class='ocrx_word' id='word_1_99' title='bbox 2340 1269 2671 1354; x_wconf 81' lang='lat' dir='ltr'>exequiiS,</span> 
     </span>
     <span class='ocr_line' id='line_1_12' title="bbox 150 1348 2686 1441; baseline 0.006 -29"><span class='ocrx_word' id='word_1_100' title='bbox 150 1356 205 1413; x_wconf 83' lang='lat' dir='ltr'>et</span> <span class='ocrx_word' id='word_1_101' title='bbox 242 1349 455 1437; x_wconf 88' lang='lat' dir='ltr'>eapite</span> <span class='ocrx_word' id='word_1_102' title='bbox 504 1372 782 1419; x_wconf 88' lang='lat' dir='ltr'>caesum</span> <span class='ocrx_word' id='word_1_103' title='bbox 835 1352 1124 1421; x_wconf 89' lang='lat' dir='ltr'>cadaver</span> <span class='ocrx_word' id='word_1_104' title='bbox 1156 1351 1485 1441; x_wconf 88' lang='lat' dir='ltr'>subjectis</span> <span class='ocrx_word' id='word_1_105' title='bbox 1534 1350 1847 1420; x_wconf 86' lang='lat' dir='ltr'>humeris</span> <span class='ocrx_word' id='word_1_106' title='bbox 1896 1348 2068 1430; x_wconf 80' lang='lat' dir='ltr'>suiS,</span> <span class='ocrx_word' id='word_1_107' title='bbox 2103 1361 2167 1419; x_wconf 90' lang='lat' dir='ltr'>et</span> <span class='ocrx_word' id='word_1_108' title='bbox 2198 1352 2539 1425; x_wconf 90' lang='lat' dir='ltr'>substrata</span> <span class='ocrx_word' id='word_1_109' title='bbox 2575 1378 2686 1425; x_wconf 87' lang='lat' dir='ltr'>ve-</span> 
     </span>
     <span class='ocr_line' id='line_1_13' title="bbox 150 1436 2675 1529; baseline 0.005 -28"><span class='ocrx_word' id='word_1_110' title='bbox 150 1443 254 1516; x_wconf 85' lang='lat' dir='ltr'>ste,</span> <span class='ocrx_word' id='word_1_111' title='bbox 300 1458 434 1523; x_wconf 88' lang='lat' dir='ltr'>qua</span> <span class='ocrx_word' id='word_1_112' title='bbox 490 1436 933 1520; x_wconf 87' lang='lat' dir='ltr'>induebatur,</span> <span class='ocrx_word' id='word_1_113' title='bbox 989 1440 1351 1529; x_wconf 86' lang='lat' dir='ltr'>exciperet,</span> <span class='ocrx_word' id='word_1_114' title='bbox 1411 1441 1766 1519; x_wconf 88' lang='lat' dir='ltr'>honorem,</span> <span class='ocrx_word' id='word_1_115' title='bbox 1804 1460 2010 1525; x_wconf 79' lang='lat' dir='ltr'>quein</span> <span class='ocrx_word' id='word_1_116' title='bbox 2059 1441 2342 1529; x_wconf 85' lang='lat' dir='ltr'>martyri</span> <span class='ocrx_word' id='word_1_117' title='bbox 2407 1444 2675 1526; x_wconf 88' lang='lat' dir='ltr'>detulit,</span> 
     </span>
     <span class='ocr_line' id='line_1_14' title="bbox 148 1525 2679 1617; baseline 0.005 -27"><span class='ocrx_word' id='word_1_118' title='bbox 148 1525 448 1596; x_wconf 85' lang='lat' dir='ltr'>continuo</span> <span class='ocrx_word' id='word_1_119' title='bbox 479 1525 629 1617; x_wconf 87' lang='lat' dir='ltr'>ipse</span> <span class='ocrx_word' id='word_1_120' title='bbox 663 1541 924 1617; x_wconf 84' lang='lat' dir='ltr'>martyr</span> <span class='ocrx_word' id='word_1_121' title='bbox 955 1528 1368 1616; x_wconf 89' lang='lat' dir='ltr'>assequitur.</span> <span class='ocrx_word' id='word_1_122' title='bbox 1411 1528 1551 1599; x_wconf 89' lang='lat' dir='ltr'>Sub</span> <span class='ocrx_word' id='word_1_123' title='bbox 1601 1525 1918 1616; x_wconf 86' lang='lat' dir='ltr'>Martyris</span> <span class='ocrx_word' id='word_1_124' title='bbox 1965 1526 2165 1596; x_wconf 91' lang='lat' dir='ltr'>titulo</span> <span class='ocrx_word' id='word_1_125' title='bbox 2213 1527 2600 1605; x_wconf 89' lang='lat' dir='ltr'>celebratur</span> <span class='ocrx_word' id='word_1_126' title='bbox 2636 1556 2679 1602; x_wconf 94' lang='lat' dir='ltr'>a</span> 
     </span>
     <span class='ocr_line' id='line_1_15' title="bbox 151 1613 881 1706; baseline 0.01 -29"><span class='ocrx_word' id='word_1_127' title='bbox 151 1613 398 1685; x_wconf 85' lang='lat' dir='ltr'>Graecis</span> <span class='ocrx_word' id='word_1_128' title='bbox 430 1616 551 1684; x_wconf 88' lang='lat' dir='ltr'>Die</span> <span class='ocrx_word' id='word_1_129' title='bbox 590 1638 680 1684; x_wconf 87' lang='lat' dir='ltr'>vu</span> <span class='ocrx_word' id='word_1_130' title='bbox 713 1620 881 1706; x_wconf 84' lang='lat' dir='ltr'>Aug.</span> 
     </span>
    </p>
   </div>
   <div class='ocr_carea' id='block_1_3' title="bbox 357 1849 2442 1999">
    <p class='ocr_par' dir='ltr' id='par_1_3' title="bbox 357 1849 2442 1999">
     <span class='ocr_line' id='line_1_16' title="bbox 357 1849 2442 1999; baseline 0.001 -12"><span class='ocrx_word' id='word_1_131' title='bbox 357 1888 681 1990; x_wconf 72' lang='lat' dir='ltr'>vm</span> <span class='ocrx_word' id='word_1_132' title='bbox 775 1888 857 1989; x_wconf 80' lang='lat' dir='ltr'>s,</span> <span class='ocrx_word' id='word_1_133' title='bbox 954 1888 1753 1991; x_wconf 75' lang='lat' dir='ltr'><strong>CALUPPANI</strong></span> <span class='ocrx_word' id='word_1_134' title='bbox 1850 1849 2442 1999; x_wconf 70' lang='lat' dir='ltr'>nactust</span> 
     </span>
    </p>
   </div>
   <div class='ocr_carea' id='block_1_4' title="bbox 656 2126 2144 2178">
    <p class='ocr_par' dir='ltr' id='par_1_4' title="bbox 656 2126 2144 2178">
     <span class='ocr_line' id='line_1_17' title="bbox 656 2126 2144 2178; baseline 0.002 -4"><span class='ocrx_word' id='word_1_135' title='bbox 656 2126 941 2175; x_wconf 70' lang='lat' dir='ltr'>AUCTORE</span> <span class='ocrx_word' id='word_1_136' title='bbox 988 2130 1052 2175; x_wconf 87' lang='lat' dir='ltr'>D.</span> <span class='ocrx_word' id='word_1_137' title='bbox 1106 2126 1419 2178; x_wconf 74' lang='lat' dir='ltr'>GREGOttlo</span> <span class='ocrx_word' id='word_1_138' title='bbox 1475 2127 1793 2178; x_wconf 72' lang='lat' dir='ltr'>mitorum.</span> <span class='ocrx_word' id='word_1_139' title='bbox 1846 2128 2144 2177; x_wconf 73' lang='lat' dir='ltr'>nrlscot’o</span> 
     </span>
    </p>
   </div>
   <div class='ocr_carea' id='block_1_5' title="bbox 747 2308 2049 2369">
    <p class='ocr_par' dir='ltr' id='par_1_5' title="bbox 747 2308 2049 2369">
     <span class='ocr_line' id='line_1_18' title="bbox 747 2308 2049 2369; baseline 0.002 -6"><span class='ocrx_word' id='word_1_140' title='bbox 747 2308 1023 2365; x_wconf 75' lang='lat' dir='ltr'>Florm&#39;t</span> <span class='ocrx_word' id='word_1_141' title='bbox 1062 2322 1239 2367; x_wconf 67' lang='lat' dir='ltr'>eaeo.</span> <span class='ocrx_word' id='word_1_142' title='bbox 1284 2310 1403 2365; x_wconf 85' lang='lat' dir='ltr'>VI.</span> <span class='ocrx_word' id='word_1_143' title='bbox 1451 2338 1533 2349; x_wconf 83' lang='lat'>—-</span> <span class='ocrx_word' id='word_1_144' title='bbox 1571 2310 1732 2369; x_wconf 74' lang='lat' dir='ltr'>Nat.</span> <span class='ocrx_word' id='word_1_145' title='bbox 1780 2309 2049 2365; x_wconf 79' lang='lat' dir='ltr'>Gallus.</span> 
     </span>
    </p>
   </div>
   <div class='ocr_carea' id='block_1_6' title="bbox 151 2487 2686 4524">
    <p class='ocr_par' dir='ltr' id='par_1_6' title="bbox 151 2487 2685 3107">
     <span class='ocr_line' id='line_1_19' title="bbox 223 2487 2683 2582; baseline 0 -21"><span class='ocrx_word' id='word_1_146' title='bbox 223 2487 368 2574; x_wconf 67' lang='grc' dir='ltr'>ξι.</span> <span class='ocrx_word' id='word_1_147' title='bbox 423 2493 713 2580; x_wconf 89' lang='lat' dir='ltr'>Semper</span> <span class='ocrx_word' id='word_1_148' title='bbox 758 2499 1130 2581; x_wconf 88' lang='lat' dir='ltr'>paupertas</span> <span class='ocrx_word' id='word_1_149' title='bbox 1204 2488 1421 2560; x_wconf 91' lang='lat' dir='ltr'>seculi</span> <span class='ocrx_word' id='word_1_150' title='bbox 1480 2512 1695 2582; x_wconf 89' lang='lat' dir='ltr'>regna</span> <span class='ocrx_word' id='word_1_151' title='bbox 1756 2491 2013 2561; x_wconf 75' lang='lat' dir='ltr'>reserat</span> <span class='ocrx_word' id='word_1_152' title='bbox 2058 2489 2280 2571; x_wconf 90' lang='lat' dir='ltr'>coeli,</span> <span class='ocrx_word' id='word_1_153' title='bbox 2334 2503 2539 2579; x_wconf 90' lang='lat' dir='ltr'>atque</span> <span class='ocrx_word' id='word_1_154' title='bbox 2599 2516 2683 2562; x_wconf 93' lang='lat' dir='ltr'>u-</span> 
     </span>
     <span class='ocr_line' id='line_1_20' title="bbox 156 2578 2682 2669; baseline 0.004 -28"><span class='ocrx_word' id='word_1_155' title='bbox 156 2583 338 2645; x_wconf 83' lang='lat' dir='ltr'>tentes</span> <span class='ocrx_word' id='word_1_156' title='bbox 383 2600 456 2648; x_wconf 91' lang='lat' dir='ltr'>se</span> <span class='ocrx_word' id='word_1_157' title='bbox 504 2599 644 2646; x_wconf 91' lang='lat' dir='ltr'>non</span> <span class='ocrx_word' id='word_1_158' title='bbox 691 2578 894 2648; x_wconf 91' lang='lat' dir='ltr'>modo</span> <span class='ocrx_word' id='word_1_159' title='bbox 942 2591 1309 2669; x_wconf 88' lang='lat' dir='ltr'>praeparat</span> <span class='ocrx_word' id='word_1_160' title='bbox 1357 2579 1538 2668; x_wconf 90' lang='lat' dir='ltr'>polo,</span> <span class='ocrx_word' id='word_1_161' title='bbox 1575 2580 2026 2648; x_wconf 85' lang='lat' dir='ltr'>verumetiam</span> <span class='ocrx_word' id='word_1_162' title='bbox 2130 2579 2497 2650; x_wconf 83' lang='lat' dir='ltr'>lorisicatos</span> <span class='ocrx_word' id='word_1_163' title='bbox 2547 2581 2682 2651; x_wconf 88' lang='lat' dir='ltr'>mi-</span> 
     </span>
     <span class='ocr_line' id='line_1_21' title="bbox 155 2664 2685 2750; baseline 0.002 -19"><span class='ocrx_word' id='word_1_164' title='bbox 155 2664 403 2746; x_wconf 87' lang='lat' dir='ltr'>raculis,</span> <span class='ocrx_word' id='word_1_165' title='bbox 472 2665 782 2736; x_wconf 88' lang='lat' dir='ltr'>illustres</span> <span class='ocrx_word' id='word_1_166' title='bbox 838 2689 989 2736; x_wconf 87' lang='lat' dir='ltr'>esse</span> <span class='ocrx_word' id='word_1_167' title='bbox 1044 2666 1348 2737; x_wconf 86' lang='lat' dir='ltr'>declarat</span> <span class='ocrx_word' id='word_1_168' title='bbox 1397 2666 1467 2736; x_wconf 89' lang='lat' dir='ltr'>in</span> <span class='ocrx_word' id='word_1_169' title='bbox 1528 2666 1818 2737; x_wconf 89' lang='lat' dir='ltr'>mundo.</span> <span class='ocrx_word' id='word_1_170' title='bbox 1872 2672 2017 2750; x_wconf 85' lang='lat' dir='ltr'>Quo</span> <span class='ocrx_word' id='word_1_171' title='bbox 2090 2679 2164 2749; x_wconf 89' lang='lat' dir='ltr'>1t,</span> <span class='ocrx_word' id='word_1_172' title='bbox 2217 2681 2297 2737; x_wconf 93' lang='lat' dir='ltr'>ut</span> <span class='ocrx_word' id='word_1_173' title='bbox 2349 2668 2518 2737; x_wconf 91' lang='lat' dir='ltr'>dum</span> <span class='ocrx_word' id='word_1_174' title='bbox 2564 2668 2685 2738; x_wconf 89' lang='lat' dir='ltr'>illa</span> 
     </span>
     <span class='ocr_line' id='line_1_22' title="bbox 152 2755 2684 2850; baseline 0.004 -34"><span class='ocrx_word' id='word_1_175' title='bbox 152 2755 571 2850; x_wconf 78' lang='lat' dir='ltr'>ergastularis</span> <span class='ocrx_word' id='word_1_176' title='bbox 632 2755 1067 2826; x_wconf 86' lang='lat' dir='ltr'>contritionis</span> <span class='ocrx_word' id='word_1_177' title='bbox 1116 2756 1445 2826; x_wconf 85' lang='lat' dir='ltr'>revinctio</span> <span class='ocrx_word' id='word_1_178' title='bbox 1492 2755 1801 2848; x_wconf 90' lang='lat' dir='ltr'>paradisi</span> <span class='ocrx_word' id='word_1_179' title='bbox 1856 2755 2151 2842; x_wconf 85' lang='lat' dir='ltr'>januam</span> <span class='ocrx_word' id='word_1_180' title='bbox 2203 2756 2550 2847; x_wconf 78' lang='lat' dir='ltr'>patefacit,</span> <span class='ocrx_word' id='word_1_181' title='bbox 2606 2779 2684 2826; x_wconf 94' lang='lat' dir='ltr'>a-</span> 
     </span>
     <span class='ocr_line' id='line_1_23' title="bbox 154 2842 2679 2936; baseline 0.004 -32"><span class='ocrx_word' id='word_1_182' title='bbox 154 2857 314 2936; x_wconf 64' lang='lat' dir='ltr'>nima</span> <span class='ocrx_word' id='word_1_183' title='bbox 357 2843 695 2934; x_wconf 75' lang='lat' dir='ltr'>angelicis</span> <span class='ocrx_word' id='word_1_184' title='bbox 772 2844 1004 2913; x_wconf 84' lang='lat' dir='ltr'>choris</span> <span class='ocrx_word' id='word_1_185' title='bbox 1051 2842 1331 2925; x_wconf 87' lang='lat' dir='ltr'>inserta,</span> <span class='ocrx_word' id='word_1_186' title='bbox 1417 2844 1487 2912; x_wconf 89' lang='lat' dir='ltr'>in</span> <span class='ocrx_word' id='word_1_187' title='bbox 1540 2844 1776 2931; x_wconf 89' lang='lat' dir='ltr'>requie</span> <span class='ocrx_word' id='word_1_188' title='bbox 1841 2845 2261 2935; x_wconf 90' lang='lat' dir='ltr'>sempiterna</span> <span class='ocrx_word' id='word_1_189' title='bbox 2309 2845 2679 2935; x_wconf 86' lang='lat' dir='ltr'>persultet:</span> 
     </span>
     <span class='ocr_line' id='line_1_24' title="bbox 153 2931 2679 3025; baseline 0.004 -31"><span class='ocrx_word' id='word_1_190' title='bbox 153 2940 306 2998; x_wconf 82' lang='lat' dir='ltr'>sicut</span> <span class='ocrx_word' id='word_1_191' title='bbox 348 2953 537 3000; x_wconf 89' lang='lat' dir='ltr'>nunc</span> <span class='ocrx_word' id='word_1_192' title='bbox 585 2931 670 3002; x_wconf 91' lang='lat' dir='ltr'>de</span> <span class='ocrx_word' id='word_1_193' title='bbox 707 2931 907 3002; x_wconf 90' lang='lat' dir='ltr'>beato</span> <span class='ocrx_word' id='word_1_194' title='bbox 956 2932 1355 3024; x_wconf 86' lang='lat' dir='ltr'>Caluppano</span> <span class='ocrx_word' id='word_1_195' title='bbox 1388 2932 1660 3003; x_wconf 88' lang='lat' dir='ltr'>recluso</span> <span class='ocrx_word' id='word_1_196' title='bbox 1701 2932 1886 3020; x_wconf 91' lang='lat' dir='ltr'>quod</span> <span class='ocrx_word' id='word_1_197' title='bbox 1914 2954 2152 3003; x_wconf 89' lang='lat' dir='ltr'>verum</span> <span class='ocrx_word' id='word_1_198' title='bbox 2201 2934 2679 3025; x_wconf 85' lang='lat' dir='ltr'>cognovimuS,</span> 
     </span>
     <span class='ocr_line' id='line_1_25' title="bbox 151 3019 1101 3107; baseline 0.005 -23"><span class='ocrx_word' id='word_1_199' title='bbox 151 3034 405 3102; x_wconf 84' lang='lat' dir='ltr'>prorsus</span> <span class='ocrx_word' id='word_1_200' title='bbox 451 3019 658 3089; x_wconf 89' lang='lat' dir='ltr'>silere</span> <span class='ocrx_word' id='word_1_201' title='bbox 704 3021 1101 3107; x_wconf 83' lang='lat' dir='ltr'>nequimus.</span> 
     </span>
    </p>

    <p class='ocr_par' dir='ltr' id='par_1_7' title="bbox 152 3106 2685 3883">
     <span class='ocr_line' id='line_1_26' title="bbox 206 3106 2683 3202; baseline 0.001 -26"><span class='ocrx_word' id='word_1_202' title='bbox 206 3106 254 3202; x_wconf 40' lang='grc' dir='ltr'>,ξ</span> <span class='ocrx_word' id='word_1_203' title='bbox 297 3111 379 3177; x_wconf 68' lang='lat'>2.</span> <span class='ocrx_word' id='word_1_204' title='bbox 434 3108 560 3176; x_wconf 84' lang='lat' dir='ltr'>Hic</span> <span class='ocrx_word' id='word_1_205' title='bbox 601 3119 834 3178; x_wconf 87' lang='lat' dir='ltr'>autem</span> <span class='ocrx_word' id='word_1_206' title='bbox 878 3109 966 3177; x_wconf 91' lang='lat' dir='ltr'>ab</span> <span class='ocrx_word' id='word_1_207' title='bbox 1014 3109 1299 3179; x_wconf 90' lang='lat' dir='ltr'>ineunte</span> <span class='ocrx_word' id='word_1_208' title='bbox 1344 3120 1563 3179; x_wconf 88' lang='lat' dir='ltr'>aetate</span> <span class='ocrx_word' id='word_1_209' title='bbox 1611 3131 1887 3200; x_wconf 89' lang='lat' dir='ltr'>semper</span> <span class='ocrx_word' id='word_1_210' title='bbox 1937 3108 2296 3201; x_wconf 87' lang='lat' dir='ltr'>religionis</span> <span class='ocrx_word' id='word_1_211' title='bbox 2344 3109 2683 3179; x_wconf 90' lang='lat' dir='ltr'>Ecclesia-</span> 
     </span>
     <span class='ocr_line' id='line_1_27' title="bbox 152 3195 2685 3287; baseline 0.004 -32"><span class='ocrx_word' id='word_1_212' title='bbox 152 3201 330 3263; x_wconf 82' lang='lat' dir='ltr'>sticae</span> <span class='ocrx_word' id='word_1_213' title='bbox 359 3195 623 3265; x_wconf 87' lang='lat' dir='ltr'>bonum</span> <span class='ocrx_word' id='word_1_214' title='bbox 674 3196 1013 3283; x_wconf 90' lang='lat' dir='ltr'>quaesivit</span> <span class='ocrx_word' id='word_1_215' title='bbox 1040 3209 1106 3266; x_wconf 90' lang='lat' dir='ltr'>et</span> <span class='ocrx_word' id='word_1_216' title='bbox 1140 3197 1411 3287; x_wconf 87' lang='lat' dir='ltr'>reperit,</span> <span class='ocrx_word' id='word_1_217' title='bbox 1450 3197 1725 3287; x_wconf 88' lang='lat' dir='ltr'>etapud</span> <span class='ocrx_word' id='word_1_218' title='bbox 1777 3199 2271 3267; x_wconf 88' lang='lat' dir='ltr'>monasterium</span> <span class='ocrx_word' id='word_1_219' title='bbox 2323 3197 2685 3266; x_wconf 87' lang='lat' dir='ltr'>Meletense</span> 
     </span>
     <span class='ocr_line' id='line_1_28' title="bbox 153 3282 2678 3375; baseline 0.005 -31"><span class='ocrx_word' id='word_1_220' title='bbox 153 3282 397 3352; x_wconf 85' lang='lat' dir='ltr'>termini</span> <span class='ocrx_word' id='word_1_221' title='bbox 455 3284 736 3354; x_wconf 80' lang='lat' dir='ltr'>Arverni</span> <span class='ocrx_word' id='word_1_222' title='bbox 784 3297 1270 3365; x_wconf 78' lang='lat' dir='ltr'>conversatuS,</span> <span class='ocrx_word' id='word_1_223' title='bbox 1324 3285 1394 3354; x_wconf 92' lang='lat' dir='ltr'>in</span> <span class='ocrx_word' id='word_1_224' title='bbox 1451 3306 1705 3375; x_wconf 88' lang='lat' dir='ltr'>magna</span> <span class='ocrx_word' id='word_1_225' title='bbox 1772 3286 2162 3356; x_wconf 87' lang='lat' dir='ltr'>humilitate</span> <span class='ocrx_word' id='word_1_226' title='bbox 2224 3307 2298 3354; x_wconf 91' lang='lat' dir='ltr'>se</span> <span class='ocrx_word' id='word_1_227' title='bbox 2343 3285 2678 3356; x_wconf 82' lang='lat' dir='ltr'>fratribus</span> 
     </span>
     <span class='ocr_line' id='line_1_29' title="bbox 154 3370 2678 3455; baseline 0.002 -19"><span class='ocrx_word' id='word_1_228' title='bbox 154 3370 463 3451; x_wconf 81' lang='lat' dir='ltr'>praebuit.</span> <span class='ocrx_word' id='word_1_229' title='bbox 517 3376 677 3442; x_wconf 87' lang='lat' dir='ltr'>Erat</span> <span class='ocrx_word' id='word_1_230' title='bbox 721 3374 974 3442; x_wconf 86' lang='lat' dir='ltr'>etenim</span> <span class='ocrx_word' id='word_1_231' title='bbox 1018 3393 1335 3443; x_wconf 88' lang='lat' dir='ltr'>summae</span> <span class='ocrx_word' id='word_1_232' title='bbox 1381 3374 1860 3455; x_wconf 84' lang='lat' dir='ltr'>abstinentiae,</span> <span class='ocrx_word' id='word_1_233' title='bbox 1915 3374 2008 3444; x_wconf 91' lang='lat' dir='ltr'>ita</span> <span class='ocrx_word' id='word_1_234' title='bbox 2039 3385 2115 3443; x_wconf 92' lang='lat' dir='ltr'>ut</span> <span class='ocrx_word' id='word_1_235' title='bbox 2162 3374 2249 3443; x_wconf 92' lang='lat' dir='ltr'>ab</span> <span class='ocrx_word' id='word_1_236' title='bbox 2300 3373 2532 3443; x_wconf 90' lang='lat' dir='ltr'>inedia</span> <span class='ocrx_word' id='word_1_237' title='bbox 2569 3373 2678 3441; x_wconf 88' lang='lat' dir='ltr'>ni-</span> 
     </span>
     <span class='ocr_line' id='line_1_30' title="bbox 154 3454 2681 3553; baseline 0.004 -31"><span class='ocrx_word' id='word_1_238' title='bbox 154 3454 340 3527; x_wconf 88' lang='lat' dir='ltr'>mium</span> <span class='ocrx_word' id='word_1_239' title='bbox 388 3460 707 3540; x_wconf 88' lang='lat' dir='ltr'>attritus,</span> <span class='ocrx_word' id='word_1_240' title='bbox 774 3461 1250 3548; x_wconf 88' lang='lat' dir='ltr'>quotidianam</span> <span class='ocrx_word' id='word_1_241' title='bbox 1301 3484 1465 3531; x_wconf 92' lang='lat' dir='ltr'>cum</span> <span class='ocrx_word' id='word_1_242' title='bbox 1515 3461 1802 3549; x_wconf 88' lang='lat' dir='ltr'>reliquis</span> <span class='ocrx_word' id='word_1_243' title='bbox 1858 3460 2189 3532; x_wconf 86' lang='lat' dir='ltr'>fratribus</span> <span class='ocrx_word' id='word_1_244' title='bbox 2237 3484 2514 3553; x_wconf 90' lang='lat' dir='ltr'>operam</span> <span class='ocrx_word' id='word_1_245' title='bbox 2568 3483 2681 3531; x_wconf 87' lang='lat' dir='ltr'>ex·</span> 
     </span>
     <span class='ocr_line' id='line_1_31' title="bbox 155 3539 2682 3644; baseline 0 -27"><span class='ocrx_word' id='word_1_246' title='bbox 155 3539 312 3644; x_wconf 70' lang='lat' dir='ltr'>plere</span> <span class='ocrx_word' id='word_1_247' title='bbox 342 3548 679 3634; x_wconf 89' lang='lat' dir='ltr'>nequiret.</span> <span class='ocrx_word' id='word_1_248' title='bbox 734 3549 949 3629; x_wconf 90' lang='lat' dir='ltr'>Unde,</span> <span class='ocrx_word' id='word_1_249' title='bbox 1004 3560 1080 3620; x_wconf 90' lang='lat' dir='ltr'>ut</span> <span class='ocrx_word' id='word_1_250' title='bbox 1113 3570 1264 3619; x_wconf 91' lang='lat' dir='ltr'>mos</span> <span class='ocrx_word' id='word_1_251' title='bbox 1312 3562 1415 3620; x_wconf 90' lang='lat' dir='ltr'>est</span> <span class='ocrx_word' id='word_1_252' title='bbox 1447 3551 1972 3630; x_wconf 90' lang='lat' dir='ltr'>monachorum,</span> <span class='ocrx_word' id='word_1_253' title='bbox 2031 3572 2366 3640; x_wconf 86' lang='lat' dir='ltr'>magnum</span> <span class='ocrx_word' id='word_1_254' title='bbox 2421 3550 2682 3640; x_wconf 88' lang='lat' dir='ltr'>impro-</span> 
     </span>
     <span class='ocr_line' id='line_1_32' title="bbox 153 3636 2683 3732; baseline 0.004 -34"><span class='ocrx_word' id='word_1_255' title='bbox 153 3649 386 3732; x_wconf 65' lang='lat' dir='ltr'>perium</span> <span class='ocrx_word' id='word_1_256' title='bbox 436 3636 859 3718; x_wconf 85' lang='lat' dir='ltr'>inferebant,</span> <span class='ocrx_word' id='word_1_257' title='bbox 911 3637 1183 3708; x_wconf 79' lang='lat' dir='ltr'>dicente</span> <span class='ocrx_word' id='word_1_258' title='bbox 1239 3638 1373 3707; x_wconf 88' lang='lat' dir='ltr'>sibi</span> <span class='ocrx_word' id='word_1_259' title='bbox 1475 3638 1827 3710; x_wconf 88' lang='lat' dir='ltr'>raesertim</span> <span class='ocrx_word' id='word_1_260' title='bbox 1878 3638 2310 3729; x_wconf 83' lang='lat' dir='ltr'>Praeposito:</span> <span class='ocrx_word' id='word_1_261' title='bbox 2364 3638 2494 3721; x_wconf 90' lang='lat' dir='ltr'>Qui</span> <span class='ocrx_word' id='word_1_262' title='bbox 2545 3659 2683 3707; x_wconf 90' lang='lat' dir='ltr'>non</span> 
     </span>
     <span class='ocr_line' id='line_1_33' title="bbox 154 3715 2031 3883; baseline 0.006 -99"><span class='ocrx_word' id='word_1_263' title='bbox 154 3715 461 3798; x_wconf 82' lang='lat' dir='ltr'>deliberat¹</span> <span class='ocrx_word' id='word_1_264' title='bbox 498 3725 837 3806; x_wconf 88' lang='lat' dir='ltr'>laborare,</span> <span class='ocrx_word' id='word_1_265' title='bbox 891 3726 1178 3883; x_wconf 56' lang='lat' dir='ltr'>indigne</span> <span class='ocrx_word' id='word_1_266' title='bbox 1228 3737 1432 3816; x_wconf 91' lang='lat' dir='ltr'>postu</span> <span class='ocrx_word' id='word_1_267' title='bbox 1463 3736 1531 3796; x_wconf 90' lang='lat' dir='ltr'>at</span> <span class='ocrx_word' id='word_1_268' title='bbox 1581 3726 2031 3796; x_wconf 89' lang='lat' dir='ltr'>manducare.</span> 
     </span>
    </p>

    <p class='ocr_par' dir='ltr' id='par_1_8' title="bbox 155 3809 2686 4524">
     <span class='ocr_line' id='line_1_34' title="bbox 224 3809 2676 3904; baseline -0.001 -21"><span class='ocrx_word' id='word_1_269' title='bbox 224 3809 257 3894; x_wconf 67' lang='grc' dir='ltr'>ἓ</span> <span class='ocrx_word' id='word_1_270' title='bbox 309 3815 398 3883; x_wconf 74' lang='lat'>8.</span> <span class='ocrx_word' id='word_1_271' title='bbox 454 3818 629 3883; x_wconf 89' lang='lat' dir='ltr'>Dum</span> <span class='ocrx_word' id='word_1_272' title='bbox 692 3825 924 3885; x_wconf 85' lang='lat' dir='ltr'>autern</span> <span class='ocrx_word' id='word_1_273' title='bbox 994 3815 1039 3883; x_wconf 92' lang='lat' dir='ltr'>il</span> <span class='ocrx_word' id='word_1_274' title='bbox 1075 3837 1113 3884; x_wconf 90' lang='lat' dir='ltr'>e</span> <span class='ocrx_word' id='word_1_275' title='bbox 1189 3814 1471 3885; x_wconf 88' lang='lat' dir='ltr'>assidue</span> <span class='ocrx_word' id='word_1_276' title='bbox 1526 3826 1839 3884; x_wconf 89' lang='lat' dir='ltr'>uteretur</span> <span class='ocrx_word' id='word_1_277' title='bbox 1885 3814 1995 3884; x_wconf 91' lang='lat' dir='ltr'>his</span> <span class='ocrx_word' id='word_1_278' title='bbox 2064 3813 2676 3904; x_wconf 85' lang='lat' dir='ltr'>exprobrationum</span> 
     </span>
     <span class='ocr_line' id='line_1_35' title="bbox 155 3898 2684 3993; baseline 0.003 -31"><span class='ocrx_word' id='word_1_279' title='bbox 155 3898 368 3981; x_wconf 78' lang='lat' dir='ltr'>verbis,</span> <span class='ocrx_word' id='word_1_280' title='bbox 421 3899 672 3971; x_wconf 89' lang='lat' dir='ltr'>vallem</span> <span class='ocrx_word' id='word_1_281' title='bbox 712 3901 900 3972; x_wconf 87' lang='lat' dir='ltr'>baud</span> <span class='ocrx_word' id='word_1_282' title='bbox 953 3901 1190 3993; x_wconf 89' lang='lat' dir='ltr'>procul</span> <span class='ocrx_word' id='word_1_283' title='bbox 1248 3925 1290 3972; x_wconf 93' lang='lat' dir='ltr'>a</span> <span class='ocrx_word' id='word_1_284' title='bbox 1339 3902 1759 3972; x_wconf 76' lang='lat' dir='ltr'>monasterio</span> <span class='ocrx_word' id='word_1_285' title='bbox 1807 3902 2293 3993; x_wconf 88' lang='lat' dir='ltr'>conspicatur,</span> <span class='ocrx_word' id='word_1_286' title='bbox 2337 3902 2423 3971; x_wconf 90' lang='lat' dir='ltr'>de</span> <span class='ocrx_word' id='word_1_287' title='bbox 2472 3901 2684 3990; x_wconf 86' lang='lat' dir='ltr'>eujus</span> 
     </span>
     <span class='ocr_line' id='line_1_36' title="bbox 160 3984 2686 4082; baseline 0.004 -33"><span class='ocrx_word' id='word_1_288' title='bbox 160 3984 349 4057; x_wconf 86' lang='lat' dir='ltr'>medio</span> <span class='ocrx_word' id='word_1_289' title='bbox 395 3989 597 4081; x_wconf 89' lang='lat' dir='ltr'>lapis,</span> <span class='ocrx_word' id='word_1_290' title='bbox 656 4004 905 4060; x_wconf 89' lang='lat' dir='ltr'>natura</span> <span class='ocrx_word' id='word_1_291' title='bbox 953 3991 1346 4082; x_wconf 90' lang='lat' dir='ltr'>praebente,</span> <span class='ocrx_word' id='word_1_292' title='bbox 1400 4012 1855 4082; x_wconf 81' lang='lat' dir='ltr'>consurgens,</span> <span class='ocrx_word' id='word_1_293' title='bbox 1898 3991 2297 4081; x_wconf 79' lang='lat' dir='ltr'>provehitur</span> <span class='ocrx_word' id='word_1_294' title='bbox 2338 3991 2410 4060; x_wconf 90' lang='lat' dir='ltr'>in</span> <span class='ocrx_word' id='word_1_295' title='bbox 2467 3989 2686 4060; x_wconf 84' lang='lat' dir='ltr'>excel·</span> 
     </span>
     <span class='ocr_line' id='line_1_37' title="bbox 161 4078 2682 4170; baseline 0 -22"><span class='ocrx_word' id='word_1_296' title='bbox 161 4087 309 4155; x_wconf 80' lang='lat' dir='ltr'>Sum,</span> <span class='ocrx_word' id='word_1_297' title='bbox 346 4078 546 4165; x_wconf 89' lang='lat' dir='ltr'>quasi</span> <span class='ocrx_word' id='word_1_298' title='bbox 592 4079 1018 4169; x_wconf 88' lang='lat' dir='ltr'>quingentis,</span> <span class='ocrx_word' id='word_1_299' title='bbox 1071 4091 1191 4149; x_wconf 90' lang='lat' dir='ltr'>aut</span> <span class='ocrx_word' id='word_1_300' title='bbox 1235 4101 1316 4149; x_wconf 87' lang='lat' dir='ltr'>eo</span> <span class='ocrx_word' id='word_1_301' title='bbox 1361 4079 1672 4170; x_wconf 88' lang='lat' dir='ltr'>amplius</span> <span class='ocrx_word' id='word_1_302' title='bbox 1722 4079 2041 4170; x_wconf 89' lang='lat' dir='ltr'>pedibus,</span> <span class='ocrx_word' id='word_1_303' title='bbox 2082 4078 2347 4149; x_wconf 90' lang='lat' dir='ltr'>nullam</span> <span class='ocrx_word' id='word_1_304' title='bbox 2401 4080 2682 4170; x_wconf 88' lang='lat' dir='ltr'>penitus</span> 
     </span>
     <span class='ocr_line' id='line_1_38' title="bbox 161 4152 2684 4258; baseline 0.002 -28"><span class='ocrx_word' id='word_1_305' title='bbox 161 4152 384 4255; x_wconf 62' lang='lat' dir='ltr'>{tabens</span> <span class='ocrx_word' id='word_1_306' title='bbox 426 4189 590 4237; x_wconf 89' lang='lat' dir='ltr'>cum</span> <span class='ocrx_word' id='word_1_307' title='bbox 640 4166 928 4254; x_wconf 87' lang='lat' dir='ltr'>reliquis</span> <span class='ocrx_word' id='word_1_308' title='bbox 960 4167 1316 4239; x_wconf 90' lang='lat' dir='ltr'>montibus</span> <span class='ocrx_word' id='word_1_309' title='bbox 1362 4167 1878 4258; x_wconf 89' lang='lat' dir='ltr'>circumpositis</span> <span class='ocrx_word' id='word_1_310' title='bbox 1926 4167 2509 4258; x_wconf 88' lang='lat' dir='ltr'>conjunctionem.</span> <span class='ocrx_word' id='word_1_311' title='bbox 2554 4172 2684 4236; x_wconf 90' lang='lat' dir='ltr'>Cu·</span> 
     </span>
     <span class='ocr_line' id='line_1_39' title="bbox 161 4253 2679 4347; baseline -0.002 -19"><span class='ocrx_word' id='word_1_312' title='bbox 161 4262 253 4344; x_wconf 72' lang='lat' dir='ltr'>Jns</span> <span class='ocrx_word' id='word_1_313' title='bbox 293 4253 480 4326; x_wconf 85' lang='lat' dir='ltr'>vallis</span> <span class='ocrx_word' id='word_1_314' title='bbox 514 4255 828 4325; x_wconf 91' lang='lat' dir='ltr'>medium</span> <span class='ocrx_word' id='word_1_315' title='bbox 875 4254 1131 4327; x_wconf 87' lang='lat' dir='ltr'>fluvius</span> <span class='ocrx_word' id='word_1_316' title='bbox 1178 4255 1381 4326; x_wconf 88' lang='lat' dir='ltr'>alluit</span> <span class='ocrx_word' id='word_1_317' title='bbox 1474 4256 1548 4327; x_wconf 90' lang='lat' dir='ltr'>ui</span> <span class='ocrx_word' id='word_1_318' title='bbox 1596 4256 1788 4326; x_wconf 90' lang='lat' dir='ltr'>hunc</span> <span class='ocrx_word' id='word_1_319' title='bbox 1843 4268 2146 4326; x_wconf 91' lang='lat' dir='ltr'>montem</span> <span class='ocrx_word' id='word_1_320' title='bbox 2196 4255 2468 4347; x_wconf 86' lang='lat' dir='ltr'>placide</span> <span class='ocrx_word' id='word_1_321' title='bbox 2515 4276 2679 4326; x_wconf 91' lang='lat' dir='ltr'>con·</span> 
     </span>
     <span class='ocr_line' id='line_1_40' title="bbox 168 4278 2680 4436; baseline 0.003 -32"><span class='ocrx_word' id='word_1_322' title='bbox 168 4340 395 4427; x_wconf 74' lang='lat' dir='ltr'>tingens</span> <span class='ocrx_word' id='word_1_323' title='bbox 439 4343 803 4414; x_wconf 90' lang='lat' dir='ltr'>dilabitur.</span> <span class='ocrx_word' id='word_1_324' title='bbox 849 4347 925 4412; x_wconf 93' lang='lat' dir='ltr'>In</span> <span class='ocrx_word' id='word_1_325' title='bbox 978 4344 1185 4434; x_wconf 85' lang='lat' dir='ltr'>hujus</span> <span class='ocrx_word' id='word_1_326' title='bbox 1232 4366 1397 4436; x_wconf 86' lang='lat' dir='ltr'>ergo</span> <span class='ocrx_word' id='word_1_327' title='bbox 1424 4278 1709 4436; x_wconf 67' lang='lat' dir='ltr'>tlapidis</span> <span class='ocrx_word' id='word_1_328' title='bbox 1757 4344 2132 4415; x_wconf 90' lang='lat' dir='ltr'>scissuram</span> <span class='ocrx_word' id='word_1_329' title='bbox 2175 4344 2362 4432; x_wconf 89' lang='lat' dir='ltr'>quod</span> <span class='ocrx_word' id='word_1_330' title='bbox 2431 4342 2680 4434; x_wconf 89' lang='lat' dir='ltr'>priscis</span> 
     </span>
     <span class='ocr_line' id='line_1_41' title="bbox 168 4429 2678 4524; baseline 0.002 -29"><span class='ocrx_word' id='word_1_331' title='bbox 168 4429 469 4506; x_wconf 76' lang='lat' dir='ltr'>quondam</span> <span class='ocrx_word' id='word_1_332' title='bbox 519 4441 805 4524; x_wconf 87' lang='lat' dir='ltr'>propter</span> <span class='ocrx_word' id='word_1_333' title='bbox 832 4433 1200 4504; x_wconf 90' lang='lat' dir='ltr'>transitum</span> <span class='ocrx_word' id='word_1_334' title='bbox 1239 4433 1545 4504; x_wconf 89' lang='lat' dir='ltr'>hostium</span> <span class='ocrx_word' id='word_1_335' title='bbox 1593 4432 2112 4524; x_wconf 88' lang='lat' dir='ltr'>receptaculum</span> <span class='ocrx_word' id='word_1_336' title='bbox 2169 4432 2340 4515; x_wconf 86' lang='lat' dir='ltr'>fuit,</span> <span class='ocrx_word' id='word_1_337' title='bbox 2391 4431 2678 4502; x_wconf 88' lang='lat' dir='ltr'>eremita</span> 
     </span>
    </p>
   </div>
  </div>
 </body>
</html>
