3327 4999
181 286 415 353 MART.
471 287 552 350 Η
1070 304 1151 350 nn
1198 304 1255 351 5.
1309 301 1623 352 cancomo
1672 302 1835 350 rArA
2503 286 2635 352 245

176 382 613 453 confessionis
645 391 748 453 est
779 381 1138 474 integritas
1164 381 1708 472 complectenda.
1736 383 1903 452 Nam
1938 381 1997 452 si
2024 381 2213 452 credi
2243 382 2538 453 fideliter
2562 406 2726 453 con—

178 470 382 545 fitenti
430 470 850 561 despicitur,
918 482 1331 540 cunctorum
1383 470 1451 539 in
1503 470 1801 541 dubium
1853 471 2025 540 fides
2073 470 2466 551 adducitur,
2521 484 2727 558 atque

177 582 427 630 errores
473 581 553 629 ex
603 559 882 628 incauta
929 558 1360 628 districtione
1407 558 1740 628 mortiferi
1790 571 2234 650 generantur.
2274 564 2352 628 Et
2390 559 2553 629 hinc
2587 582 2726 630 non

178 648 386 719 solum
465 660 773 719 errantes
843 669 1002 717 oves
1060 646 1146 716 ad
1214 646 1452 717 caulas
1501 647 1791 716 minime
1840 647 2237 717 Dominicas
2283 660 2719 730 revocantur,

177 736 283 805 sed
328 736 538 806 etiarn
603 735 796 806 intus
859 735 1158 827 positae,
1225 734 1467 805 ferinis
1534 735 1863 805 dentibus
1921 735 2291 805 laniandae
2355 736 2729 808 crudeliter

174 837 624 914 exponuntur.
696 828 839 894 Hoc
902 846 1067 914 ergo
1134 822 1479 893 subtiliter
1541 822 1751 894 frater
1807 824 2380 894 reverendissime
2429 846 2726 915 perpen-

176 911 453 993 damuS,
506 925 584 982 ut
640 912 773 982 sub
845 924 1195 1002 praetextu
1266 911 1572 984 haeresis
1622 912 1839 1003 affligi
1885 913 2338 1003 quempiam,
2397 913 2732 983 veraciter

174 1001 591 1090 profitentem
645 999 852 1069 fidem
901 1000 1341 1080 catholicam,
1392 1022 1532 1070 non
1585 1002 1927 1071 sinamus.
1981 1000 2193 1071 Valde
2239 1001 2427 1070 enim
2488 1001 2723 1071 mirati

173 1110 423 1168 sumus,
480 1111 609 1158 cur
640 1089 737 1165 hi,
781 1089 902 1175 qui
943 1090 1015 1158 in
1065 1111 1278 1159 causa
1324 1088 1481 1157 fidei
1524 1088 1803 1179 judices
1851 1102 2090 1159 contra
2134 1096 2476 1159 Joannem
2521 1090 2721 1159 Chal-

178 1177 579 1247 cedonensis
605 1176 934 1246 ecclesiae
968 1177 1469 1277 presbyterum,
1512 1200 1554 1247 a
1583 1177 1778 1247 vobis
1816 1174 2090 1247 fuerant
2128 1177 2464 1264 deputati,
2504 1177 2728 1268 negli-

211 1278 389 1336 entes
436 1264 819 1345 veritatem,
872 1265 1186 1355 opinioni
1233 1264 1702 1346 crediderunt,
1758 1274 1825 1334 et
1872 1266 2151 1335 credere
2199 1265 2509 1335 districte
2559 1288 2720 1355 pro·

218 1354 371 1423 tenti
400 1354 803 1423 noluerunt:
840 1354 1139 1423 maxime
1168 1375 1329 1423 cum
1353 1367 1791 1424 accusatores
1813 1353 2060 1443 ipsius,
2093 1353 2720 1435 Marcionistarum,

211 1465 360 1512 uam
411 1441 917 1522 memorabant,
974 1441 1337 1521 haeresim,
1403 1441 1592 1511 unde
1638 1464 1802 1511 eum
1853 1463 2051 1512 reum
2105 1442 2574 1511 moliebantur
2620 1440 2718 1511 ef-

212 1552 354 1600 cere
386 1585 401 1611 ,
458 1529 863 1619 interrogati
907 1551 1087 1616 quae
1147 1542 1325 1600 esset
1359 1583 1374 1609 ,
1429 1530 1696 1599 nescire
1745 1551 1816 1598 se
1867 1529 2232 1601 manifesta
2284 1528 2712 1619 professione

169 1618 643 1719 responderint
735 1623 827 1687 Ex
872 1640 1012 1705 qua
1070 1639 1141 1685 re
1202 1616 1551 1687 evidenter
1613 1617 2057 1709 agnoscitur,
2133 1618 2303 1719 quia
2349 1639 2721 1707 personam

169 1705 376 1795 ipsius
425 1707 584 1776 sine
637 1706 747 1775 Dei
792 1717 1106 1796 respectu
1154 1726 1291 1774 non
1333 1706 1560 1796 juste,
1615 1706 1734 1775 sed
1778 1718 2016 1777 contra
2055 1729 2329 1776 animas
2378 1728 2543 1776 suas
2577 1706 2728 1777 sola

167 1817 439 1882 gravare
488 1793 841 1863 voluntate
890 1792 1372 1864 tantummodo
1436 1794 1801 1864 voluerint.
1869 1800 2002 1864 Nos
2050 1794 2282 1881 itaque
2328 1793 2507 1866 sacto
2556 1815 2726 1863 con-

168 1882 339 1963 cilio,
383 1884 574 1955 sicut
604 1892 953 1973 gestorum
986 1881 1174 1972 apud
1209 1904 1335 1951 nos
1375 1881 1772 1952 habitorum
1828 1894 2021 1953 tenor
2064 1882 2387 1963 ostendit,
2440 1895 2720 1961 cuncta,

167 1990 329 2056 quae
394 1982 599 2041 erant
655 1970 1044 2040 necessaria
1090 1969 1439 2039 subtiliter
1494 1982 2008 2059 perscrutantes
2068 1984 2273 2058 atque
2321 1982 2716 2051 tractantes.

171 2060 493 2144 quoniam
557 2059 626 2126 in
677 2058 874 2128 nullo
926 2058 1351 2128 antedictum
1413 2058 1939 2147 praesbyterum
1997 2081 2193 2127 reum
2243 2057 2553 2127 invenire
2600 2080 2726 2157 po-

175 2148 452 2228 tuimus,
570 2146 892 2236 raecipue
945 2146 1114 2302 fluia
1166 2144 1469 2226 libellus,
1522 2168 1731 2232 quem
1784 2145 2117 2236 delegatis
2157 2169 2196 2215 a
2245 2146 2439 2216 vobis
2462 2145 2727 2236 judici-

174 2233 296 2305 bus
340 2236 618 2316 obtuit,
672 2247 894 2305 rectae
968 2234 1109 2304 1dei
1142 2256 1264 2325 per
1299 2233 1535 2303 omnia
1581 2234 1963 2303 sinceritati
2009 2233 2427 2305 concordat:
2480 2255 2727 2323 eapro-

171 2336 313 2481 ¹[Iter
354 2322 762 2395 eorumdem
804 2322 1129 2414 judicum
1164 2322 1611 2412 reprobantes
1660 2322 2098 2402 sententiam,
2137 2334 2368 2392 nostra
2400 2344 2560 2391 eum
2596 2320 2729 2391 dif-

220 2412 472 2482 nitione
523 2410 978 2492 Catholicum,
1033 2422 1098 2480 et
1144 2412 1234 2481 ab
1279 2411 1469 2480 omni
1514 2410 2016 2480 haereticorum
2064 2410 2358 2481 crimine
2422 2409 2724 2480 liberum

170 2521 330 2582 esse,
372 2498 627 2572 Christi
667 2501 780 2569 Dei
814 2499 1291 2590 Redemptoris
1344 2498 1558 2569 nostri
1608 2499 1834 2590 gratia
1891 2499 2233 2570 revelante
2273 2497 2728 2569 denunciavi-

171 2608 338 2659 muS.
372 2595 617 2659 »Item
672 2588 983 2658 Maur-itio
1032 2588 1439 2677 Imperatori
1487 2601 1643 2678 post
1682 2610 1937 2678 pauca:
1982 2611 2016 2653 «
2056 2587 2312 2657 Relatis
2359 2588 2430 2656 in
2484 2587 2720 2656 conci-

169 2673 274 2758 lio,
320 2700 504 2765 quae
553 2689 793 2746 contra
836 2683 1176 2746 Joannem
1234 2675 1564 2745 ecclesiae
1603 2675 2182 2746 Chalcedonensis
2233 2676 2720 2777 presbyterum

173 2778 307 2834 acta
354 2778 550 2845 sunt,
607 2764 820 2833 simul
858 2777 925 2835 et
961 2764 1138 2834 serie
1176 2764 1497 2855 judicati,
1533 2765 1869 2856 majorem
1911 2764 2114 2834 illum
2153 2763 2568 2854 injustitiam
2604 2785 2728 2834 su-

171 2854 489 2925 stinuisse
549 2852 1028 2943 cognovimus.
1083 2852 1352 2942 Quippe
1416 2874 1625 2940 quem
1684 2852 2096 2922 clamantem
2151 2875 2223 2921 se
2271 2865 2475 2939 atque
2527 2873 2728 2920 mon-

172 2953 486 3038 stramem
540 2962 690 3009 esse
751 2940 1198 3016 catholicum,
1260 2962 1395 3009 non
1451 2952 1681 3010 reatus
1728 2940 1960 3031 culpa,
2014 2941 2134 3010 sed
2199 2940 2324 3010 diu
2370 2939 2725 3010 accusatio

171 3043 413 3100 incerta
461 3028 800 3119 protrivit,
841 3030 1214 3109 intantum,
1266 3028 1433 3115 quia
1478 3039 1918 3098 accusatores
1965 3029 2213 3119 ipsius,
2250 3027 2722 3098 Marcionista-

171 3135 337 3198 rum,
379 3139 598 3205 quam
648 3117 1149 3197 memorabant,
1188 3116 1527 3188 haeresim
1560 3116 1827 3186 nescire
1869 3138 1941 3185 se
1988 3129 2224 3207 aperta
2267 3116 2721 3207 responsione

169 3205 445 3358 professi
499 3217 686 3275 sunt.
756 3210 833 3274 Et
877 3205 999 3292 qui
1055 3203 1218 3274 ilico
1279 3205 1350 3273 in
1403 3204 1554 3294 ipso
1592 3204 1846 3294 judicii
1886 3204 2161 3274 fuerant
2209 3204 2451 3274 limine
2498 3204 2720 3293 repel—

192 3293 368 3375 endi,
423 3295 498 3362 in
550 3293 990 3363 accusatione
1036 3292 1188 3382 ejus
1237 3292 1482 3362 incerti
1529 3313 1937 3393 permanere
1985 3292 2310 3383 permissi
2359 3305 2546 3364 sunt.
2584 3291 2724 3361 Sed

169 3400 246 3448 ne
289 3381 450 3461 ficta
497 3402 659 3450 eum
711 3381 952 3453 saltem
1003 3379 1307 3450 lacerare
1354 3392 1689 3471 potuisset
1729 3381 1988 3471 opinio,
2029 3380 2342 3450 libellum
2397 3380 2558 3450 fidei
2607 3380 2729 3450 ob-

170 3469 335 3551 tulit,
389 3472 464 3540 in
517 3490 655 3556 quo
703 3491 776 3539 se
820 3481 1135 3561 patenter
1180 3469 1537 3539 ostendere
1585 3468 1748 3538 fidei
1797 3482 2022 3538 rectae
2069 3468 2528 3560 professorem
2574 3480 2725 3538 stu—

170 3554 310 3627 duit
366 3571 436 3627 et
483 3579 877 3644 sequacem.
947 3557 1074 3628 Sed
1141 3558 1329 3627 hunc
1398 3581 1440 3628 a
1488 3557 1929 3629 sanctissimo
1992 3562 2261 3627 Joanne
2309 3557 2722 3646 coapiscopo

171 3663 309 3715 meo
330 3647 614 3737 judices
645 3645 978 3738 deputati,
1016 3645 1271 3737 injuste
1318 3667 1399 3716 ac
1447 3646 2012 3716 irrationabiliter
2050 3645 2505 3736 negligenteS‚
2548 3645 2720 3714 dum

172 3730 232 3799 in
278 3736 433 3826 ejus
482 3756 557 3804 se
607 3734 742 3803 nisi
789 3746 955 3804 sunt
998 3755 1342 3824 occupare
1389 3734 1832 3824 gravamine,
1886 3755 1960 3804 se
2008 3734 2240 3834 potius
2288 3732 2726 3823 reprehensi—

172 3816 332 3892 biles
370 3822 849 3895 ostenderunt.
902 3827 1072 3892 Nam
1121 3822 1361 3893 nullus
1419 3822 1712 3913 ambigit
1760 3821 2239 3892 infidelitatem
2287 3842 2462 3903 esse,
2515 3821 2727 3891 fidem

175 3905 490 3981 fidelibus
539 3932 678 3980 non
728 3911 1068 3981 habere.»

250 3999 287 4086 ξ
336 4003 487 4071 87.
542 4004 709 4069 Item
762 3998 1130 4069 Athanasio
1229 3998 1579 4086 resbytero
1626 3999 1714 4068 de
1751 3997 2073 4070 Isauria:
2128 4021 2164 4064 «
2224 3997 2416 4067 Sicut
2462 3996 2549 4066 de
2599 3995 2725 4078 eiS,

174 4102 334 4168 quos
366 4087 458 4157 ab
492 4087 756 4157 unitate
803 4087 1147 4158 Ecclesiae
1244 4086 1576 4157 aereticae
1624 4086 1984 4176 pravitatis
2030 4107 2223 4156 error
2270 4084 2591 4165 abscidit,
2627 4082 2734 4154 af-

176 4170 478 4263 ssigimur
521 4187 587 4246 et
624 4175 966 4246 dolemus:
1019 4176 1114 4245 ita
1163 4174 1249 4245 de
1297 4175 1430 4256 his,
1484 4196 1660 4262 quos
1710 4175 1893 4244 intra
1942 4174 2177 4245 sinum
2228 4196 2438 4244 suum
2490 4173 2732 4242 Catho-

179 4256 339 4359 licae
387 4262 553 4333 fidei
602 4263 937 4354 professio
969 4263 1294 4344 continet,
1328 4262 1879 4365 congaudemus.
1941 4268 2020 4333 Et
2064 4276 2145 4334 ut
2191 4260 2523 4364 pastorali
2571 4260 2734 4330 soli·

176 4350 471 4423 citudine
519 4351 801 4423 illorum
850 4373 977 4424 nos
1014 4363 1278 4443 oportet
1317 4351 1793 4442 impietatibus
1825 4351 2128 4434 obviare,
2165 4373 2265 4421 sic
2296 4349 2434 4442 piis
2469 4348 2729 4417 horum
