3327 4999
224 332 328 399 Ex
379 333 598 399 SEPT.
650 333 690 400 3
1042 354 1147 400 aa
1195 352 1252 401 s.
1304 352 1589 404 armeno
1633 354 1929 403 nmscoro
2533 333 2666 400 635

227 431 485 503 addixit
549 443 614 503 et
671 432 1128 505 confirmavit.
1199 434 1392 518 Quod
1440 434 1724 524 quidem
1777 436 1998 506 virum
2047 435 2163 504 Dei
2213 434 2584 527 prudenter
2632 432 2755 503 ad·-

228 521 508 593 modum
536 521 780 593 fecisse
810 534 1099 605 constat,
1149 535 1227 595 ut
1272 525 1330 594 si
1368 523 1677 597 fortassis
1717 545 2148 596 successores
2193 524 2345 614 ejus
2382 521 2754 624 aliquando

228 611 460 682 minus
506 624 806 702 possent,
861 612 1114 683 minori
1163 613 1457 716 negotiO,
1511 614 1697 703 quod
1747 614 1980 684 minus
2027 627 2227 694 esset,
2329 612 2439 682 ine
2495 610 2758 683 invidia

224 712 291 771 et
318 699 747 772 infestatione
792 701 1202 785 vicinorum,
1238 703 1525 775 liberius
1564 703 1700 774 sibi
1748 703 2210 774 vendicarent.
2246 706 2297 772 Ο
2350 702 2426 772 iit
2470 723 2628 771 vero
2655 711 2756 771 et-

227 789 389 860 tiam
440 788 776 861 Clotarius
823 796 984 872 Rex,
1044 804 1110 863 et
1156 791 1244 863 ad
1301 792 1761 864 childericum
1813 792 2217 863 monarchia
2261 790 2579 861 devoluta
2624 800 2749 861 est.

222 883 300 949 At
344 877 461 949 ille
518 892 752 970 postea
809 892 1088 972 propter
1144 902 1417 952 morum
1478 881 1916 953 insolentiam
1986 880 2415 961 interfectus,
2477 879 2756 950 fratrem

224 968 720 1040 Theodoricum
771 970 1014 1040 habuit
1045 970 1117 1040 in
1151 971 1461 1042 occiduis
1510 972 1705 1064 regni
1738 971 2051 1063 partibus
2089 990 2596 1051 successorum,
2641 968 2758 1039 cui

223 1058 555 1150 magister
584 1058 895 1147 equitum
944 1059 1074 1130 suit
1107 1060 1469 1131 Ebroinus.
1507 1066 1769 1132 Horum
1821 1059 2250 1150 tyrannidem
2298 1058 2588 1129 aversati
2628 1062 2759 1127 Au-

222 1148 570 1231 strasiani‚
623 1147 866 1238 Pipino
916 1149 1213 1239 principi
1268 1150 1635 1222 studebant
1685 1161 1751 1220 et
1804 1150 2156 1252 parebant.
2210 1152 2277 1218 Is
2322 1147 2446 1218 ubi
2490 1146 2754 1228 didicit,

221 1236 292 1306 in
338 1260 557 1328 supra
603 1236 805 1307 dictis
854 1238 1286 1310 monasteriis
1332 1239 1598 1313 cultum
1633 1238 1987 1330 religionis
2033 1237 2295 1329 augeri,
2330 1237 2507 1308 duas
2553 1258 2631 1306 ex
2681 1235 2762 1306 fi-

218 1326 355 1397 scis
404 1328 557 1397 suis
596 1325 793 1397 villas
825 1327 895 1395 in
944 1349 1117 1399 usus
1164 1349 1442 1400 mensae
1476 1350 1829 1399 servorum
1864 1329 2002 1410 Dei,
2043 1347 2252 1399 unam
2286 1326 2357 1395 in
2406 1325 2755 1398 Hasbanio

217 1414 506 1487 alteram
560 1415 633 1486 in
680 1415 1066 1499 Arduenna,
1123 1439 1246 1509 pro
1293 1418 1408 1488 Dei
1436 1431 1503 1489 et
1529 1423 1595 1489 S.
1632 1417 1936 1489 Remacli
1965 1437 2218 1491 amore.
2254 1414 2586 1487 attribuit.
2619 1414 2761 1485 Sub

219 1506 470 1577 horum
515 1516 818 1596 tempore
865 1505 1095 1578 serunt
1130 1528 1290 1577 eum
1323 1513 1609 1579 Romam
1659 1507 2063 1599 profectum,
2120 1505 2339 1577 sancti
2384 1504 2563 1576 Petri
2592 1503 2760 1574 alio-

218 1616 523 1682 rumque
591 1606 986 1665 sanctorum
1055 1596 1383 1687 suffragia
1443 1597 2003 1689 imploraturum,
2058 1607 2261 1684 atque
2306 1593 2449 1663 illic
2496 1593 2764 1664 tamdiu

216 1680 286 1754 in
341 1704 583 1775 preces
615 1696 679 1755 et
715 1683 982 1775 jejunia
1030 1685 1454 1779 incubuisse,
1510 1686 1729 1757 donec
1776 1686 2012 1756 divina
2057 1696 2122 1756 et
2152 1683 2474 1775 Angelica
2516 1704 2757 1754 conso-

218 1773 478 1845 latione
506 1772 743 1855 fretuS,
796 1773 1170 1861 quamdam
1221 1775 1673 1862 reliquiarum
1719 1775 2032 1866 ejusdem
2057 1772 2438 1846 beatissimi
2464 1770 2763 1862 Apostoli

219 1874 489 1955 partem
539 1863 791 1934 meruit
821 1864 1168 1934 obtinere:
1220 1886 1396 1952 quae
1443 1865 1723 1953 quidem
1758 1865 1946 1957 apud
1977 1887 2100 1936 nos
2130 1884 2299 1934 auro
2328 1861 2761 1955 gemmisque

216 1964 503 2022 ornatae
550 1953 924 2045 praecipuo
970 1975 1133 2023 cum
1181 1953 1441 2024 honore
1488 1967 1951 2027 asservantur.

306 2043 344 2131 ξ
414 2046 558 2114 ²1.
609 2048 765 2113 Jam
815 2063 970 2113 vero
1017 2043 1248 2113 senior
1291 2043 1532 2114 beatus
1581 2044 1971 2127 RemacluS,
2002 2042 2122 2114 sed
2172 2040 2485 2113 moribus
2531 2051 2762 2110 tamen

218 2152 433 2218 quam
483 2130 687 2201 annis
735 2131 1090 2214 maturior,
1141 2132 1324 2203 diem
1372 2133 1747 2204 vocationis
1793 2154 1959 2204 suae
2013 2131 2314 2203 sentiens
2362 2130 2751 2210 imminere,

223 2232 638 2312 tempusque
676 2220 1062 2304 adventare,
1106 2243 1244 2310 quo
1290 2235 1765 2314 compensaret
1813 2222 2032 2294 honor
2057 2222 2130 2292 in
2180 2220 2390 2292 coelis
2432 2219 2618 2308 quod
2666 2217 2764 2288 la-

219 2309 347 2380 bor
396 2309 696 2381 trivisset
741 2309 811 2378 in
865 2310 1084 2393 terriS,
1137 2311 1451 2383 subditos
1481 2334 1646 2383 suos
1679 2312 1766 2383 ad
1800 2333 1872 2381 se
1904 2310 2212 2393 accersit,
2250 2322 2316 2381 et
2354 2323 2500 2381 tum
2541 2307 2764 2401 ipsius

221 2398 445 2479 obitu,
516 2411 660 2470 tum
712 2421 842 2470 sua
878 2398 1297 2472 desolatione
1331 2414 1734 2485 moerenteS,
1765 2402 1861 2472 ita
1890 2400 2285 2473 consolatus
2329 2411 2472 2471 est:
2531 2424 2557 2463 a
2592 2403 2761 2469 Ecce

227 2503 459 2590 patres
506 2487 972 2572 sanctissimi,
1024 2512 1181 2561 ecce
1227 2489 1470 2562 fratres
1529 2490 1974 2573 charissimi,
2042 2512 2218 2579 quos
2263 2488 2481 2560 habeo
2526 2486 2764 2559 affixos

222 2577 497 2650 intimis
541 2578 924 2651 visceribus
981 2580 1154 2650 meis
1183 2635 1199 2662 ‚
1265 2602 1426 2671 pars
1471 2580 1767 2653 dimidia
1811 2581 2085 2652 animae
2129 2601 2358 2650 meae:
2410 2600 2535 2669 ego
2581 2578 2763 2648 viam

220 2669 589 2738 universae
626 2669 858 2741 carnis
914 2668 1288 2760 ingredior,
1325 2692 1450 2741 nec
1497 2670 1583 2740 ad
1637 2693 1756 2741 vos
1803 2671 2130 2760 deinceps
2176 2668 2526 2740 rediturus
2575 2689 2755 2739 sum.

224 2762 462 2830 Vestra
497 2757 749 2845 itaque,
787 2780 963 2847 quos
1007 2760 1269 2842 desero,
1325 2759 1623 2842 solitudo
1655 2781 1767 2830 me
1797 2760 2002 2830 habet
2031 2758 2404 2839 solicitum,
2444 2778 2581 2828 non
2610 2777 2765 2825 mea

220 2847 437 2919 abitio
483 2847 606 2934 qui
643 2851 776 2918 Deo
824 2871 933 2918 me
964 2848 1358 2922 consolante
1404 2850 1799 2921 confirmor.
1843 2854 1987 2920 Non
2047 2871 2156 2918 me
2204 2857 2407 2918 terret
2452 2845 2760 2917 conditio

220 2936 620 3007 communis
670 2938 1062 3008 mortalium
1095 2939 1433 3018 omnium,
1467 2939 1747 3027 quando
1775 2938 1981 3008 etiam
2030 2949 2169 3008 tota
2215 2936 2546 3027 sapientis
2592 2935 2753 3017 vita,

220 3024 568 3113 quaedam
617 3025 817 3094 debet
861 3048 1010 3098 esse
1042 3028 1281 3099 mortis
1328 3028 1813 3100 commentatio
1836 3028 1894 3097 ⁸⁸.
1927 3032 2069 3098 Non
2107 3039 2325 3119 potest
2351 3024 2547 3096 foeda
2575 3046 2765 3097 mors

222 3113 542 3185 accidere
589 3114 733 3183 viro
781 3113 959 3198 sorti,
1013 3137 1150 3185 non
1199 3117 1573 3189 immatura
1610 3116 1928 3208 sapienti,
1961 3139 2095 3188 non
2145 3116 2398 3186 misera
2421 3136 2571 3185 eam
2605 3135 2764 3215 pro-

224 3202 510 3272 videnti.
564 3206 796 3273 Vestra
843 3226 950 3273 me
1000 3204 1403 3288 teneritudo,
1454 3228 1629 3295 quos
1678 3206 1905 3277 adhuc
1931 3204 2277 3297 expediret
2322 3203 2766 3275 solidiorlbus

225 3290 592 3360 informari
639 3290 1050 3384 discipliniS,
1096 3315 1230 3364 non
1274 3317 1520 3384 parum
1548 3309 1808 3366 movet:
1842 3294 2033 3366 vobis
2070 3316 2351 3386 prorsus
2383 3294 2612 3372 timeo,
2647 3314 2757 3373 ne,

225 3380 287 3451 si
340 3378 488 3470 lupi
537 3402 817 3469 rapaces
873 3382 1268 3464 incurrant,
1339 3404 1541 3454 nemo
1604 3384 1693 3454 sit
1737 3384 1856 3471 qui
1910 3403 2027 3455 eos
2067 3383 2373 3474 repellat.
2428 3381 2764 3469 Equidem

223 3471 400 3540 haec
449 3470 865 3540 monasteria
913 3476 1045 3542 Deo
1089 3484 1156 3540 et
1219 3472 1476 3543 sanctis
1520 3473 1672 3563 ejus
1738 3472 2002 3554 dicavi,
2073 3472 2452 3558 vestrisque
2516 3470 2768 3541 usibus

223 3557 770 3658 accommodavi,
824 3571 1045 3630 vestra
1094 3560 1164 3630 in
1215 3560 1344 3631 hoc
1391 3583 1562 3633 usus
1608 3566 1816 3652 opera
1865 3561 2022 3631 sorti
2066 3573 2134 3632 et
2177 3560 2390 3630 fideli.
2425 3559 2611 3642 Quid
2643 3580 2769 3630 au-

221 3662 364 3721 tem
415 3669 485 3716 1n
538 3658 886 3739 posterum
924 3661 1330 3719 eventurum
1390 3649 1500 3732 sit,
1565 3649 2071 3741 incompertum
2118 3661 2221 3720 est
2263 3647 2461 3719 mihi.
2514 3649 2768 3720 Videtis

224 3760 419 3818 sane,
471 3758 611 3824 quo
659 3736 807 3808 loco
854 3760 962 3808 res
1003 3752 1272 3810 nostrae
1304 3738 1465 3819 sint,
1501 3750 1568 3809 et
1590 3761 1801 3827 quam
1850 3738 1938 3809 sit
1982 3738 2097 3808 hic
2148 3738 2452 3809 mundus
2498 3738 2570 3808 in
2618 3760 2767 3808 ma·-

223 3828 420 3919 ligno
468 3825 757 3917 positus.
813 3826 882 3896 Si
918 3827 1086 3916 quid
1136 3826 1349 3917 igitur
1394 3839 1614 3919 potest
1659 3827 1844 3929 apud
1877 3850 1995 3898 vos
2028 3827 2243 3900 oratio
2293 3848 2466 3907 mea,
2501 3839 2761 3907 curate,

223 3918 539 3995 obsecro,
593 3937 679 3985 ne
716 3915 805 3985 ab
855 3938 934 3987 ea
983 3916 1391 4008 integritate,
1435 3939 1643 4006 quam
1695 3939 1764 3986 in
1815 3917 2008 3989 vobis
2052 3916 2321 3988 efficere
2358 3917 2569 4000 volui,
2622 3916 2768 3987 ullo

222 4026 541 4093 unquam
590 4026 819 4075 errore
881 4005 1365 4077 abducamini:
1443 4006 1561 4077 sed
1625 4006 1774 4080 sitis
1839 4028 2113 4099 semper
2173 4006 2242 4076 in
2293 4005 2556 4079 Christo
2602 4028 2766 4078 con-

213 4095 450 4186 juncti
498 4105 563 4164 et
608 4094 998 4176 unanimeS,
1049 4095 1638 4182 quemadmodum
1672 4109 1738 4166 et
1766 4107 2035 4185 patrum
2088 4095 2473 4178 traditione,
2505 4108 2570 4167 et
2600 4095 2768 4167 scri-

225 4196 594 4275 pturarum
645 4197 1038 4255 sanctarum
1076 4184 1387 4267 lectione,
1426 4197 1491 4256 et
1538 4208 1689 4256 mea
1737 4184 2005 4255 solicita
2050 4185 2525 4257 adhortatione
2572 4206 2766 4255 acce-

225 4272 455 4374 pistis.
510 4278 602 4342 Ex
649 4274 887 4344 vestris
936 4274 1258 4344 manibus
1308 4296 1690 4362 numquam
1733 4273 2121 4366 deponatur
2148 4297 2344 4346 sacra
2384 4274 2605 4354 lectio,
2642 4273 2763 4343 sed

228 4384 304 4431 in
354 4383 435 4431 ea
481 4361 569 4432 sit
601 4363 793 4434 vobis
835 4362 1026 4455 jugis
1075 4363 1445 4435 meditatio.
1511 4370 1591 4435 Ut
1630 4364 1816 4434 enim
1880 4386 2065 4456 ager,
2127 4364 2446 4453 quamvis
2493 4361 2759 4446 fertilis»,

284 4485 313 4511 ¹⁸¹
344 4485 442 4526 Vtri
460 4487 689 4537 sapientia
708 4483 1051 4531 commentatio
1074 4489 1244 4531 morus
1263 4508 1315 4519 -
1334 4488 1505 4531 enom
1522 4488 1759 4541 lectionis,
1775 4488 1977 4531 utilitas.
