3327 4999
227 357 335 423 EX
380 358 419 422 J
427 354 553 421 111..
605 355 648 420 4
733 374 737 387 ’
1058 372 1138 420 na
1185 372 1241 419 s.
1295 370 1604 421 ummnco
1648 370 1947 423 ssrlscoro
2562 353 2692 420 583

225 458 461 528 dulcia
494 456 815 527 faucibus
854 455 1027 524 meis
1074 455 1347 544 eloquia
1387 470 1526 538 tua,
1563 478 1775 546 super
1809 456 1942 526 mel
1977 466 2037 525 et
2071 454 2302 526 favum
2333 456 2436 526 ori
2473 477 2645 527 meo.
2700 462 2779 526 Et

223 547 413 636 quod
469 547 553 615 de
601 543 1195 637 praedicatoribus
1242 546 1521 615 dicitur:
1576 546 1978 615 Memoriam
2025 544 2496 615 abundantiae
2543 546 2771 619 suavi-

228 637 387 708 tatis
435 649 590 706 tuae
635 635 1075 704 eructabunt.
1142 633 1402 703 Dehinc
1467 633 1553 703 ad
1619 654 1926 725 unguem
1986 634 2410 715 instructus,
2481 657 2643 704 cum
2707 656 2781 704 o-

230 726 502 795 mnium
553 724 844 794 fratrum
891 722 1329 792 conniventia
1378 722 1703 792 remeavit
1749 723 1836 792 ad
1887 723 2189 813 propria.
2251 727 2568 793 Parentes
2617 744 2776 792 vero

226 814 315 883 de
362 814 512 904 ejus
555 812 862 903 profectu
913 812 1207 880 nimium
1306 810 1659 893 audenteS,
1714 833 1792 881 ac
1842 817 1973 879 Deo
2008 811 2264 900 gratias
2311 826 2613 900 agentes,
2650 811 2776 881 ite-

231 925 389 972 rum
439 900 928 972 commendant
972 922 1133 969 eum
1190 905 1237 968 A
1290 900 1643 981 alberoni,
1693 901 2143 989 Augustensis
2190 898 2530 969 ecclesiae*
2583 922 2781 990 prae-

231 990 370 1062 suli
400 991 812 1070 venerand0‚
855 990 996 1057 viro
1025 988 1188 1057 fidei
1218 988 1374 1059 dote
1420 1010 1499 1058 ac
1546 989 1721 1058 vitae
1761 989 2003 1058 merito
2038 988 2276 1058 multis
2305 988 2775 1079 praeferendo:

228 1092 575 1167 quatenus
622 1077 1034 1148 reverendae
1082 1077 1272 1147 illius
1310 1078 1734 1168 praesentiae
1771 1078 2036 1170 jugiter
2081 1079 2433 1158 assistenS,
2473 1077 2659 1146 velut
2708 1078 2778 1146 in

178 1168 534 1255 ·quodam
606 1167 1019 1257 disciplinae
1067 1188 1099 1235 s
1151 1167 1348 1235 eculo
1394 1167 1863 1257 conspiceret,
1917 1167 1978 1237 si
2074 1166 2190 1235 uid
2242 1167 2313 1235 in
2364 1166 2589 1256 ipsius
2630 1188 2782 1236 mo·-

233 1258 430 1327 ribus
489 1256 716 1326 adhuc
780 1255 1035 1346 corrigi
1140 1257 1389 1325 eberet.
1459 1260 1676 1339 Quem
1735 1269 1812 1325 ut
1871 1278 2033 1347 prae
2088 1257 2264 1327 ictus
2314 1256 2428 1324 Dei
2482 1254 2782 1347 pontifex

232 1346 369 1416 fide
416 1345 697 1415 firmum
738 1399 753 1426 ,
807 1367 928 1435 spe
988 1346 1351 1415 robustum
1387 1399 1403 1425 ,
1457 1346 1789 1415 charitate
1837 1343 2221 1414 radicatum
2268 1356 2334 1412 et
2367 1343 2775 1426 fundatum,

230 1435 560 1520 omnique
610 1455 879 1515 morum
931 1434 1268 1523 probitate
1314 1433 1716 1503 decoratum
1757 1433 2056 1534 agnovit,
2114 1432 2529 1501 familiarius
2579 1432 2779 1502 illum

231 1523 546 1603 adscivit,
606 1522 895 1612 ejusque
932 1522 1123 1591 domi
1172 1521 1477 1610 forisque
1526 1523 1597 1591 in
1646 1522 1976 1591 omnibus
2023 1521 2123 1589 uti
2184 1521 2495 1592 consiliis
2528 1521 2774 1612 coepit,

229 1626 575 1699 quatenus
619 1613 771 1701 ejus
821 1611 1211 1701 prudentia,
1267 1612 1474 1681 totius
1521 1611 1963 1703 episcopatus
2008 1609 2546 1700 disponerentur
2575 1631 2777 1701 nego·-

232 1702 351 1782 tia,
406 1715 543 1771 tam
597 1700 900 1791 publica,
955 1721 1164 1786 quam
1214 1700 1502 1790 privata.

318 1793 353 1877 ἓ
414 1795 498 1862 4.
555 1790 779 1859 Libuit
816 1789 1093 1857 interim
1126 1789 1254 1857 viri
1306 1789 1419 1857 Dei
1452 1789 1687 1858 animo
1735 1794 2024 1859 Romam
2065 1808 2369 1879 pergere,
2423 1786 2773 1875 Apostolo-

233 1901 390 1948 rum
444 1878 687 1948 limina
732 1878 1031 1958 visitare,
1088 1888 1166 1946 ut
1230 1900 1302 1947 se
1364 1881 1627 1964 suaque
1683 1878 1917 1947 omnia
1988 1878 2292 1966 ipsorum
2343 1876 2780 1963 aliorumque

230 1980 628 2037 sanctorum
683 1967 1003 2055 precibus
1054 1978 1281 2055 posset
1329 1968 1654 2036 attentius
1693 1965 2204 2035 commendare.
2258 1969 2403 2048 Quo
2451 1986 2612 2033 cum
2660 1986 2774 2033 ve-

235 2056 473 2134 nisset,
531 2055 617 2123 ab
666 2055 1087 2145 Apostolicae
1145 2055 1328 2126 sedis
1375 2052 1718 2136 Praesule,
1767 2054 2046 2124 nomine
2097 2054 2354 2123 Marino
2408 2053 2532 2141 (a),
2590 2052 2778 2143 apud

234 2147 449 2213 Deum
497 2156 561 2211 et
609 2144 924 2213 homines
973 2143 1343 2235 magnifico
1381 2157 1447 2214 et
1503 2143 1824 2235 glori050‚
1877 2142 2181 2213 officioso
2242 2155 2625 2233 susceptus,
2688 2164 2770 2211 ac

160 2254 169 2257 ·
239 2232 613 2319 requisitus
658 2233 818 2320 quis
863 2245 1063 2313 esset,
1120 2245 1239 2302 aut
1284 2233 1471 2303 unde
1521 2233 1855 2313 venisset,
1922 2231 2308 2322 respondit,
2374 2253 2443 2301 se
2499 2252 2577 2299 ex
2625 2230 2777 2299 Ala·

237 2342 654 2389 mannorum
697 2322 909 2412 stirpe
1008 2322 1421 2412 rogenitum,
1477 2321 1921 2391 Adalberonis
1970 2320 2421 2411 Augustensis
2451 2319 2779 2389 ecclesiae

234 2430 385 2478 esse
433 2409 787 2479 clericum.
827 2411 917 2480 Ad
1021 2432 1139 2480 aec
1186 2409 1653 2502 Apostolicus:
1710 2416 1862 2480 «Ne
1910 2409 2106 2490 dure,
2161 2409 2410 2495 inquit,
2443 2407 2770 2497 accipiaS,

234 2521 413 2587 quae
459 2496 651 2568 dico:
705 2501 872 2585 quia
916 2498 1124 2582 idem,
1179 2499 1263 2569 de
1310 2522 1446 2587 quo
1498 2498 1815 2579 retulisti,
1884 2510 2047 2569 tuus
2096 2497 2394 2589 pontifex
2441 2497 2777 2567 Adalbero

227 2589 374 2678 jam
429 2588 747 2679 migravit
792 2589 876 2659 de
924 2589 1053 2658 hoc
1102 2589 1358 2670 seculo,
1410 2611 1490 2658 ac
1543 2590 1655 2657 Dei
1704 2588 2135 2658 ordinatione
2182 2588 2648 2676 dispensante,
2701 2608 2778 2655 o-

234 2689 455 2768 portet
504 2691 564 2746 te
617 2677 830 2764 hujus
855 2678 1236 2768 'regiminis
1274 2700 1515 2748 curam
1549 2678 1968 2768 suscipere.»
2003 2683 2077 2748 At
2117 2677 2233 2746 ille
2277 2676 2589 2777 propriae
2615 2696 2782 2743 con-

235 2766 424 2837 scius
472 2766 1188 2847 infirmitatis‚,immo
1259 2789 1394 2836 non
1454 2767 1821 2837 immemor
1867 2765 2059 2837 illius
2110 2765 2459 2835 mandatu
2515 2766 2775 2844 Quanto

231 2878 522 2946 maynus
555 2880 644 2938 es,
684 2858 978 2926 humilia
1008 2866 1068 2924 te
1099 2859 1173 2925 in
1197 2858 1497 2925 omnibus
1520 2856 1729 2945 (Eccl.
1769 2855 1909 2942 111):
1953 2854 2293 2944 judicavit
2326 2853 2634 2943 seipsum
2669 2853 2779 2921 in-

234 2944 528 3044 dignum
561 2944 724 3026 fore,
764 2959 840 3015 ut
889 2945 1057 3014 tanti
1094 2945 1374 3014 honoris
1425 2944 1700 3036 pondus
1757 2944 2041 3015 subiret.
2075 2949 2263 3012 Tunc
2315 2948 2493 3033 Papa
2545 2941 2781 3010 divino

235 3033 487 3122 spirit‘u
535 3033 837 3123 repletus
884 3034 1010 3102 ait:
1067 3034 1193 3102 «Si
1244 3056 1431 3102 nunc
1480 3033 1943 3103 delitescendo
1983 3031 2431 3121 subterfugis,
2467 3052 2605 3118 quo
2656 3029 2784 3098 mi-

233 3143 370 3191 nus
419 3122 488 3190 in
538 3122 666 3191 hoc
699 3122 888 3222 pacis
934 3143 1015 3190 ac
1064 3122 1582 3208 tranquillitatis
1635 3133 1939 3212 tempore
1987 3122 2326 3191 Ecclesiae
2378 3140 2618 3189 navem
2653 3141 2780 3209 gu-

231 3211 516 3290 berneS,
572 3224 794 3280 venlet
838 3209 1027 3291 dies,
1106 3210 1175 3277 in
1243 3232 1377 3297 qua
1429 3211 1621 3279 nullo
1672 3210 1874 3280 modo
1922 3223 2175 3280 statuta
2237 3209 2348 3279 Dei
2403 3208 2773 3298 praeterire

233 3296 518 3378 valebis,
558 3321 796 3368 verum
829 3299 1035 3368 etiam
1069 3298 1247 3367 inter
1295 3299 1713 3390 multiplices
1746 3322 1824 3368 ac
1853 3299 2257 3388 ssuctlvagas
2290 3299 2458 3366 varii
2490 3296 2770 3377 laboris,

235 3386 593 3468 moeroris,
646 3387 1008 3456 anxietatis
1046 3386 1274 3457 undas
1321 3387 1691 3477 regendam
1743 3387 2103 3477 suscipies,
2141 3409 2220 3455 ac
2256 3392 2383 3455 Deo
2436 3384 2773 3476 praesule,

236 3473 325 3543 ad
376 3472 539 3544 litus
589 3475 899 3565 placidae
945 3476 1196 3562 quietis
1229 3476 1372 3544 acsi
1421 3476 1716 3545 nimium
1767 3474 2013 3556 fessus,
2056 3474 2413 3565 perduces.
2443 3497 2479 3540 »
2509 3474 2630 3542 His
2657 3496 2780 3543 au-

236 3563 424 3642 ditis,
464 3563 550 3632 ad
588 3575 915 3634 metatum
1012 3565 1280 3645 errent,
1317 3576 1521 3651 atque
1567 3564 1746 3632 inter
1772 3586 1967 3635 sacra
1991 3563 2377 3633 orationum
2414 3561 2771 3643 libamina,

237 3665 376 3722 tam
427 3674 535 3734 se,
595 3674 803 3739 quam
853 3653 937 3723 de
971 3653 1159 3722 uncti
1209 3653 1500 3722 senioris
1566 3652 1874 3722 animam
1922 3675 2081 3722 cum
2135 3651 2462 3736 lacrymis
2517 3656 2643 3720 Deo
2692 3672 2774 3719 ac

236 3741 499 3810 sanctis
546 3740 880 3831 Apostolis
928 3742 1076 3832 ejus
1105 3742 1644 3811 commendavit:
1699 3742 1938 3829 sicque
1969 3744 2237 3831 postera
2268 3740 2403 3819 die,
2442 3740 2785 3809 nesciente

236 3834 442 3920 Papa,
501 3829 787 3899 latenter
832 3830 1172 3913 discessit,
1225 3830 1432 3900 etiam
1483 3831 1554 3899 in
1588 3830 1719 3899 hoc
1768 3829 2162 3900 Dominicae
2209 3828 2502 3898 actionis
2557 3850 2785 3897 exem-

236 3918 436 4009 plum
486 3941 807 4006 sequens,
854 3917 940 3989 de
985 3941 1124 4007 quo
1171 3931 1454 3991 sanctus
1509 3925 1813 3990 Joannes
1868 3917 2301 4008 Evangelista
2340 3917 2566 3999 refert,
2620 3916 2788 4003 quia

237 4030 402 4076 cum
454 4008 829 4079 voluissent
873 4031 1035 4078 eum
1101 4030 1342 4099 rapere
1386 4020 1453 4079 et
1503 4030 1574 4077 re
1624 4030 1735 4077 em
1802 4008 2239 4088 constituere,
2301 4007 2529 4076 statim
2581 4005 2784 4097 fugit.

243 4095 374 4195 Sed
426 4118 579 4166 mox
627 4111 703 4168 ut
736 4099 955 4168 bonae
998 4097 1369 4167 memoriae
1408 4031 1741 4168 Adalfiero
1787 4119 1867 4167 ex
1917 4098 2043 4167 hac
2092 4096 2224 4166 vita
2262 4096 2602 4188 migravit,
2641 4094 2790 4164 Hil-

244 4195 433 4254 tinus
488 4186 551 4254 ei
616 4187 686 4255 in
735 4210 772 4257 e
824 4188 1138 4277 iscopatu
1185 4187 1538 4256 successit.
1601 4192 1750 4269 Quo
1800 4197 1951 4277 post
1996 4185 2392 4273 quindecim
2444 4205 2789 4254 annorum

242 4273 597 4345 curricula
643 4297 723 4346 ex
821 4299 899 4347 ac
948 4275 1104 4346 luce
1150 4276 1542 4364 subtracto,
1613 4276 1881 4346 volente
1927 4274 2215 4344 Domino
2266 4275 2418 4355 hoc,
2471 4272 2657 4361 quod
2703 4271 2790 4341 de

301 4434 362 4482 (α)
388 4436 512 4485 Lege
541 4435 617 4476 hic
647 4437 806 4488 sergio
834 4438 920 4484 111,
937 4448 1047 4479 cum
1065 4438 1182 4478 haec
1202 4438 1520 4479 adolescentis
1537 4437 1744 4478 Uldnrict
1763 4437 1882 4485 (erat
1902 4446 2049 4478 annos
2070 4440 2213 4479 natus
2236 4438 2303 4486 19)
2321 4436 2381 4477 nd
2399 4436 2571 4477 Urbem
2590 4434 2796 4485 peregri·

248 4488 381 4528 notio
398 4489 544 4530 ruerit
562 4500 686 4531 anno
708 4500 900 4534 ncocctx
922 4493 971 4533 at
988 4493 1113 4543 Papa
1130 4491 1342 4533 ustinus
1363 4492 1559 4543 triginta
1575 4493 1686 4542 post
1705 4501 1857 4532 annos
1877 4492 2071 4534 sederit.
