3327 4999
182 302 461 409 MARr.
771 354 794 387 ·,
918 358 998 405 nn
1044 358 1189 406 vnn.
1239 356 1702 408 rucnanrsrur.
1750 355 2020 404 sacam.
2535 342 2652 407 57⁴

183 466 473 525 meum,
523 454 589 512 et
636 441 749 513 hic
781 442 1067 533 sanguis
1117 464 1335 523 meuS,
1388 453 1476 520 et,
1530 446 1672 511 Hoc
1720 440 1920 511 facite
1958 442 2027 511 in
2066 464 2290 517 meam
2337 465 2754 515 commemo-

181 533 585 603 rationem:
637 546 842 618 atque
887 531 1340 624 omnipotenti
1389 530 1613 621 ipsius
1647 542 2030 620 praecepto,
2074 529 2289 600 donec
2325 533 2470 623 ipse
2499 534 2747 615 veniat,

184 621 333 692 hoc
383 620 681 690 efficitur
722 620 877 728 (His
922 619 1106 690 enim
1158 620 1382 689 verbis
1431 642 1603 689 usus
1650 634 1774 698 est,
1818 624 2036 689 Donec
2088 620 2370 709 veniat):
2410 645 2489 691 ac
2522 621 2757 713 pluvia

184 711 372 780 huic
436 731 647 777 novae
694 709 905 800 segeti
956 730 1077 797 per
1132 709 1712 779 consecrationem
1757 708 1982 777 existit
2039 709 2269 778 Sancti
2310 711 2605 800 Spiritus
2657 711 2757 781 vis

186 799 647 868 inumbrans.
700 797 1298 880 Quemadmodum
1347 798 1533 867 enim
1581 796 1912 884 quicquid
1968 802 2146 867 Deus
2186 798 2366 877 iecit,
2408 798 2475 867 id
2528 800 2757 870 Sancti

188 888 510 980 Spiritus
559 909 766 977 opera
813 887 1010 956 fecit:
1063 886 1301 955 eodem
1339 885 1543 955 modo
1592 907 1780 953 nunc
1826 907 2099 973 quoque
2127 887 2421 977 Spiritus
2452 888 2757 977 operatio

182 1001 273 1047 ea
326 998 515 1063 quae
562 991 882 1045 naturam
933 987 1287 1065 superant,
1323 974 1553 1055 efficit,
1590 996 1905 1062 quaeque
1941 975 2072 1044 uisi
2123 975 2268 1045 sola
2309 976 2443 1044 fide
2469 977 2618 1066 capi
2653 989 2757 1045 at-

183 1089 335 1154 que
368 1065 670 1155 intelligi
720 1077 1091 1151 nequeunt.
1132 1069 1278 1148 Quo
1312 1064 1583 1132 tandem
1639 1064 1846 1132 modo
1895 1063 2063 1132 mihi
2106 1064 2216 1133 fiet
2257 1065 2486 1134 istud?
2533 1066 2758 1155 ajebat

185 1169 446 1225 sancta
498 1155 734 1244 Virgo:
787 1154 1114 1240 quoniam
1166 1153 1387 1222 virum
1442 1174 1579 1221 non
1624 1173 1986 1241 cognosco,
2023 1153 2409 1243 Respondet
2455 1156 2757 1223 Archan-

186 1245 404 1336 gelus
456 1242 764 1315 Gabriel:
828 1243 1124 1331 Spiritus
1175 1247 1464 1311 Sanctus
1514 1240 1948 1331 superveniet
1996 1241 2063 1309 in
2127 1254 2210 1317 te.
2256 1255 2320 1311 et
2369 1243 2585 1312 virtus
2645 1242 2756 1312 Al-

186 1332 461 1402 tissimi
505 1331 944 1400 obumbrabit
994 1330 1142 1400 tibi.
1185 1336 1284 1399 Tu
1330 1352 1605 1418 quoque
1655 1351 1840 1398 nunc
1866 1330 2143 1416 quaeris
2175 1331 2520 1418 quomodo
2558 1332 2756 1419 panis

183 1443 464 1511 corpus
485 1421 758 1501 Christi,
784 1434 848 1488 et
878 1420 1109 1488 vinum
1141 1442 1301 1488 cum
1330 1442 1505 1505 aqua
1540 1419 1999 1508 conjunctum
2019 1420 2305 1508 sanguis
2333 1420 2577 1489 Christi
2606 1421 2754 1489 fiat?

185 1511 344 1580 Tibi
422 1511 578 1578 item
634 1508 1047 1599 respondeo:
1104 1508 1400 1598 Spiritus
1457 1513 1749 1578 Sanctus
1795 1508 2213 1596 supervenit,
2257 1530 2471 1595 eaque
2516 1509 2749 1592 efficit,

184 1621 375 1687 quae
469 1597 799 1667 orationis
864 1597 1255 1666 facultatem
1324 1619 1404 1667 ac
1478 1597 1731 1665 mentis
1796 1595 2317 1687 intelligentiam
2387 1598 2748 1667 excedunt.

177 1688 417 1759 Panis
512 1709 668 1756 orro
715 1699 780 1755 et
829 1688 1065 1754 vinum
1117 1686 1204 1755 ob
1253 1707 1401 1754 eam
1437 1707 1718 1754 causam
1757 1684 2199 1767 adhibentur,
2235 1686 2400 1773 quia
2436 1691 2565 1755 Deo
2598 1700 2757 1756 nota

181 1792 252 1847 et
319 1798 469 1865 exp
501 1789 688 1844 orata
737 1787 839 1844 est
889 1776 1193 1843 humana
1243 1773 1707 1854 imbecillitaS,
1761 1774 2021 1864 quippe
2067 1796 2244 1861 quae
2294 1775 2757 1864 utplurimum

183 1889 270 1937 ea
321 1887 519 1953 quae
558 1887 694 1933 usu
749 1878 814 1933 et
870 1863 1376 1934 consuetudine
1425 1863 1712 1931 mininie
1761 1863 1915 1932 trita
1986 1877 2169 1944 sunt,
2222 1864 2517 1954 graviter
2562 1864 2754 1946 ferat,

183 1968 254 2024 et
305 1968 699 2023 aversetur.
754 1953 901 2035 Q'uo
933 1952 1030 2033 fit,
1069 1965 1144 2021 ut
1173 1951 1312 2026 ille.
1368 1974 1491 2041 pro
1538 1973 1640 2030 ea,
1693 1973 1827 2038 qua
1881 1952 1981 2020 uti
2031 1952 2223 2032 solet,
2282 1975 2440 2042 erga
2479 1974 2602 2022 nos
2654 1954 2762 2021 in-

185 2043 618 2133 dulgentia.
692 2065 814 2132 per
885 2064 965 2109 ea
1030 2062 1204 2127 quae
1269 2052 1553 2109 naturae
1601 2040 1847 2109 usitata
1901 2063 1978 2109 ac
2029 2040 2394 2110 familiaria
2444 2056 2628 2123 sunt,
2682 2063 2763 2110 ea

186 2154 376 2220 quae
443 2144 757 2199 naturam
792 2144 1146 2220 superant,
1182 2128 1456 2199 efficiat.
1499 2134 1575 2198 Et
1604 2128 2189 2215 quemadmodum
2229 2131 2396 2220 ipse,
2428 2131 2759 2216 quoniam

187 2221 263 2291 in
319 2220 699 2289 hominum
736 2241 924 2288 more
964 2219 1264 2309 positum
1300 2231 1424 2298 est,
1465 2231 1540 2287 ut
1588 2221 1768 2303 aqua
1818 2218 2151 2299 laventur,
2189 2233 2255 2289 et
2300 2219 2446 2287 oleo
2497 2242 2764 2310 ungan-

189 2323 331 2388 tur,
393 2308 656 2377 idcirco
693 2308 763 2375 in
816 2313 899 2376 Ba
964 2308 1162 2376 tismo
1211 2306 1501 2397 gratiam
1555 2306 1851 2397 Spiritus
1898 2329 2057 2376 cum
2106 2307 2254 2376 oleo
2300 2320 2364 2376 et
2412 2330 2589 2393 aqua
2644 2328 2761 2377 co-

192 2398 502 2490 pulavit,
538 2396 830 2483 fecitque
858 2396 902 2464 il
944 2397 1027 2465 ud
1069 2395 1412 2464 lavacrum
1449 2395 2026 2485 regenerationis:
2070 2396 2304 2465 eodem
2361 2396 2562 2465 modo
2587 2417 2761 2482 quo-

194 2487 402 2556 niam
446 2486 537 2556 ita
589 2485 715 2555 fert
764 2486 1125 2554 hominum
1178 2508 1350 2554 usus
1384 2497 1587 2570 atque
1635 2484 2087 2566 consuetudo,
2128 2498 2203 2554 ut
2239 2507 2484 2575 panem
2525 2485 2753 2565 edant,

191 2577 589 2662 vinumque
629 2588 695 2645 et
741 2597 988 2662 aquam
1043 2574 1306 2654 bibant,
1346 2574 1601 2643 idcirco
1650 2573 2077 2642 divinitatem
2130 2597 2325 2644 suam
2369 2597 2531 2643 cum
2585 2574 2757 2664 ipsis

197 2664 591 2754 conjunxit,
646 2666 859 2751 eaque
907 2686 1158 2753 corpus
1217 2676 1282 2733 et
1347 2663 1760 2754 sanguinem
1816 2684 2018 2730 suum
2072 2661 2251 2743 fecit,
2306 2675 2383 2732 ut
2439 2684 2562 2752 per
2610 2663 2757 2730 usi-

201 2766 340 2824 tata
400 2767 821 2840 naturaeque
868 2766 1352 2834 consentanea,
1405 2752 1491 2821 ad
1542 2775 1643 2832 ea,
1700 2773 1877 2839 quae
1926 2773 2139 2842 supra
2196 2764 2517 2820 naturam
2567 2763 2753 2832 suut,

202 2865 689 2931 assurgamus.

294 2933 332 3019 ξ
398 2938 487 3003 5.
543 2935 716 2999 Sane
747 2951 999 3019 corpus
1033 2929 1374 2998 divinitati
1425 2951 1576 2998 vere
1615 2928 1886 2997 unitum
1939 2940 2041 2996 est
2072 2928 2243 2998 illud
2281 2950 2537 3020 corpus
2569 2927 2754 3016 quod

203 3041 286 3089 ex
335 3030 576 3088 sancta
624 3019 900 3107 Virgine
933 3032 1156 3087 ortum
1209 3032 1343 3087 est:
1387 3041 1517 3089 non
1570 3017 1750 3105 quod
1804 3032 2241 3107 assumptum
2294 3017 2464 3086 illud
2505 3039 2761 3107 corpus

203 3130 241 3178 e
291 3106 483 3177 coelo
531 3106 997 3177 descenderit:
1045 3106 1159 3175 sed
1212 3107 1374 3193 quia
1425 3107 1626 3196 panis
1677 3107 1823 3195 ipse
1870 3129 1951 3175 ac
1991 3106 2230 3174 vinum
2260 3107 2339 3175 -in
2394 3128 2648 3196 corpus
2697 3118 2764 3174 et

205 3196 624 3285 sauguinem
681 3194 791 3263 Dei
842 3195 1322 3263 immutantur.
1377 3194 1566 3277 Quod
1620 3195 1703 3276 si,
1741 3216 1879 3280 quo
1930 3208 2125 3285 pacto
2159 3194 2225 3263 id
2277 3194 2418 3276 fiat,
2465 3194 2763 3281 requiris

207 3295 317 3353 sat
372 3283 490 3350 tibi
540 3284 626 3352 sit
672 3282 936 3356 audire.
1002 3282 1184 3369 quod
1240 3305 1359 3373 per
1407 3287 1731 3353 Sanctum
1785 3283 2142 3372 Spiritum,
2198 3282 2267 3351 id
2330 3284 2472 3364 fiat,
2514 3305 2761 3369 quem-

204 3370 588 3441 admodum
640 3387 706 3441 et
751 3393 830 3439 ex
878 3383 1124 3440 sancta·
1168 3371 1279 3439 Dei
1332 3386 1544 3441 matre
1597 3393 1715 3461 per
1756 3371 2084 3461 Spiritum
2144 3377 2469 3442 Sanctum
2535 3370 2764 3441 Domi-

203 3483 345 3530 nus
394 3458 667 3549 sibiipsi
714 3471 779 3528 et
814 3459 882 3528 in
934 3459 1161 3549 seipso
1209 3481 1488 3529 carnem
1518 3458 1851 3529 condidit.
1888 3465 2019 3529 Nec
2050 3461 2422 3547 quicquam
2445 3458 2763 3549 amplius

203 3548 412 3618 nobis
462 3561 893 3639 perspectum
944 3562 1008 3616 et
1046 3548 1472 3639 exploratum
1522 3562 1646 3626 est,
1700 3569 1907 3636 quam
1941 3548 2124 3635 quod
2166 3547 2451 3616 verbum
2505 3548 2622 3616 Dei
2649 3569 2762 3616 ve-

202 3661 369 3708 rum
416 3650 519 3706 est
564 3649 630 3706 et
675 3635 936 3716 efficax,
976 3650 1179 3723 atque
1227 3636 1702 3727 omnipotens:
1758 3658 1919 3705 nam
1969 3635 2219 3705 modus
2265 3636 2609 3726 ejusmodi
2659 3647 2764 3705 est

202 3739 282 3795 ut
333 3726 527 3796 nulla
579 3727 838 3795 ratione
893 3725 1210 3816 indagari
1269 3737 1496 3812 queat.
1568 3724 1749 3808 Quin
1813 3746 1898 3793 ne
1947 3724 2076 3793 hoc
2124 3745 2400 3811 quoque
2450 3725 2791 3794 alienum‘

205 3815 417 3884 fuerit
464 3815 714 3895 dicere,
769 3813 954 3901 quod
1003 3813 1588 3901 quemadmodum
1654 3812 2061 3890 naturaliter
2102 3813 2299 3904 panis
2350 3835 2471 3904 per
2522 3814 2763 3885 cibum

203 3916 271 3971 et
318 3903 584 3983 viuum,
631 3919 696 3973 et
742 3924 922 3990 aqua
974 3925 1094 3993 per
1128 3917 1391 3993 potum,
1448 3903 1517 3972 in
1567 3901 1993 3973 comedentis
2025 3924 2106 3971 ac
2155 3902 2759 3991 bibentis.corpus

206 4005 273 4059 et
300 3994 714 4084 sanguinem
746 3992 1227 4072 immutantur,
1268 4013 1657 4083 corpusque
1684 3990 1975 4060 alterum
2011 3990 2209 4070 fiunt,
2244 4002 2449 4077 atque
2478 4014 2516 4061 a
2551 3989 2768 4082 priori

205 4079 432 4169 ipsius
479 4103 763 4172 corpore
795 4080 1188 4150 diversum:
1243 4081 1343 4150 sic
1391 4080 1885 4171 propositionis
1933 4081 2135 4170 panis
2173 4101 2251 4149 ac
2302 4080 2540 4148 vinum
2592 4090 2659 4148 et
2692 4101 2770 4147 a·

206 4189 347 4255 qua
444 4193 518 4240 er
557 4170 787 4241 Sancti
828 4170 1125 4261 Spiritus
1172 4169 1673 4239 invocationem
1707 4181 1772 4239 et
1818 4168 2190 4238 adventum
2225 4168 2526 4238 mirabili
2559 4166 2768 4237 modo

210 4255 282 4325 in
349 4193 595 4328 Cliristi
641 4281 895 4350 corpus
942 4272 1007 4329 et
1053 4257 1466 4350 sanguinem
1516 4269 1879 4329 vertuntur
1911 4311 1929 4340 ,
1998 4279 2125 4327 nec
2190 4269 2354 4328 sunt
2409 4256 2589 4336 duo,
2646 4255 2766 4326 sed

206 4365 431 4443 unum
480 4359 547 4417 et
610 4348 817 4417 idem.
881 4348 1215 4432 Quocirca
1264 4347 1348 4417 iis
1402 4346 1525 4435 qui
1586 4358 2093 4429 sacramentum
2146 4344 2329 4416 istud
2382 4366 2505 4437 per
2553 4343 2763 4413 fidem

210 4429 418 4523 digne
466 4438 879 4528 percipiunt,
922 4437 993 4507 in
1044 4448 1482 4529 peccatorum
1530 4435 2003 4507 remissionem
2053 4447 2119 4506 et
2163 4434 2371 4505 vitam
2405 4444 2763 4504 aeternam
