3327 4999
697 359 823 425 468
1487 380 1568 428 nn
1652 375 1711 425 s.
1764 375 2074 425 succino
2118 376 2283 424 nra
2784 354 3018 424 MART.
3066 357 3136 423 ⁴2

607 461 1026 526 Francorum
1078 467 1232 547 post
1262 457 1524 546 aliqua:
1576 482 1612 527 «
1647 466 1886 530 Fertur
1934 457 2324 528 Simoniaca
2361 455 2666 526 haeresis
2710 478 2884 544 quae
2933 457 3134 547 prima

602 557 841 615 contra
872 547 985 615 Dei
1012 544 1383 618 Ecclesiam
1419 548 1760 620 diabolica
1790 547 2209 640 plantatione
2235 544 2593 635 surrepsit,
2627 556 2692 615 et
2730 546 2798 614 in
2829 545 2973 636 ipso
2997 558 3135 617 ortu

600 656 753 714 suo,
808 634 939 704 telo
965 634 1390 723 Apostolieae
1418 637 1708 708 ultionis
1751 658 2075 729 percussa
2105 649 2311 722 atque
2341 635 2670 704 damnata
2702 647 2824 716 est,
2865 635 2930 703 in
2961 635 3135 726 regni

603 723 813 793 vestri
860 723 1123 793 finibus
1170 722 1553 808 dominari,
1607 749 1769 797 cum
1829 727 1902 796 in
1962 723 2437 795 sacerdotibus
2487 722 2658 794 fides
2717 723 2806 794 sit
2847 724 3140 815 eligenda

606 834 766 881 cum
809 811 984 881 vita:
1020 832 1198 898 quae
1245 813 1304 882 si
1352 813 1563 898 deest,
1617 817 1792 886 fides
1840 814 2161 885 meritum
2216 834 2352 882 non
2402 812 2631 894 habet,
2670 813 2864 883 beato
2908 814 3138 884 Jacobo

604 913 965 971 attestante
988 901 1109 987 qui
1156 901 1282 970 ait:
1321 905 1517 974 Fides
1548 907 1692 975 sine
1725 906 2033 995 operibus
2074 914 2342 972 mortua
2370 912 2489 971 est.
2526 906 2711 985 Quae
2740 903 2921 971 enim
2953 923 3138 993 opera

602 1010 753 1058 esse
802 988 1069 1059 valeant
1102 990 1474 1063 sacerdotis
1514 994 1631 1081 qui
1678 994 2004 1063 honorem
2050 991 2219 1061 tanti
2267 991 2683 1060 sacramenti
2730 991 3139 1061 convincitur

605 1076 912 1148 obtinere
962 1100 1083 1169 per
1129 1080 1573 1170 praemium?
1623 1088 1715 1152 Ex
1764 1105 1903 1170 qua
1966 1102 2039 1150 re
2087 1081 2336 1171 agitur,
2389 1092 2469 1149 ut
2522 1079 2658 1168 ipsi
2715 1102 2985 1168 quoque
3031 1079 3132 1167 qui

606 1187 839 1236 sacros
884 1168 1161 1237 ordines
1210 1183 1582 1261 appetunt,
1650 1194 1788 1241 non
1849 1171 2056 1240 vitam
2105 1169 2468 1259 corrigere,
2524 1190 2660 1238 non
2699 1191 2922 1239 mores
2968 1190 3130 1239 cotn-

604 1276 859 1345 ponere
905 1256 1248 1338 studeant,
1303 1257 1421 1328 sed
1471 1259 1771 1343 divitias,
1828 1259 2086 1347 quibus
2135 1258 2354 1328 honor
2412 1278 2606 1327 sacer
2636 1258 2931 1338 emitur,
2987 1278 3129 1328 con-

657 1366 913 1435 regare.
968 1345 1142 1416 Hinc
1189 1346 1266 1418 fit
1310 1349 1539 1430 etiam,
1578 1363 1655 1419 ut
1705 1350 2011 1419 insontes
2057 1358 2124 1418 et
2159 1368 2497 1437 pauperes
2541 1369 2582 1415 a
2628 1348 2849 1418 sacris
2896 1345 3130 1418 ordini·

657 1456 739 1503 us
771 1434 1102 1592 prohibiti
1151 1434 1589 1528 despectique
1638 1438 1992 1509 resiliant:
2056 1449 2122 1505 et
2171 1435 2341 1505 dum
2392 1435 2791 1506 innocentia
2840 1435 3130 1527 pauperis

606 1520 762 1611 disp
798 1523 948 1602 icet,
988 1523 1283 1594 dubium
1316 1547 1449 1596 non
1486 1538 1588 1596 est
1633 1527 1818 1616 quod
1877 1524 2263 1618 praemium
2318 1524 2459 1594 illic
2507 1524 2759 1594 delicta
2806 1545 3128 1597 commen-

605 1609 755 1679 det:
805 1613 970 1698 quia
1004 1613 1125 1683 ubi
1155 1635 1407 1683 aurum
1458 1615 1704 1705 placet,
1746 1616 1841 1686 ibi
1874 1628 1939 1686 et
1973 1615 2240 1683 vitium.
2276 1614 2453 1683 Hinc
2498 1613 2712 1703 igitur
2745 1637 2885 1684 non
2933 1612 3130 1683 solum

608 1697 680 1767 in
729 1700 1144 1770 ordinatoris
1175 1714 1240 1771 et
1287 1702 1584 1774 ordinati
1632 1706 1937 1774 animam
1973 1703 2170 1773 letale
2206 1702 2461 1772 vulnus
2506 1702 2867 1790 infigitur,
2924 1721 3131 1772 verum

605 1787 812 1857 etiam
854 1789 1292 1860 excellentiae
1340 1806 1603 1863 vestrae
1649 1815 1967 1895 regnum,
2037 1792 2519 1882 episcoporum
2583 1791 2818 1882 culpa,
2872 1810 3134 1880 quorum

610 1877 835 1976 magis
882 1878 1496 1951 intercessionibus
1529 1883 1767 1982 juvari
1815 1882 2170 1961 debuerat,
2215 1893 2726 1971 praegravatur.
2769 1881 2836 1950 Si
2869 1880 3042 1950 enim
3086 1878 3133 1946 is

610 1964 871 2052 dignus
932 1967 1311 2039 sacerdotio
1359 1970 1705 2047 creditur,
1760 1972 1875 2042 cui
1926 1992 2060 2041 non
2111 1970 2403 2040 actionis
2465 1969 2730 2048 merita,
2789 1971 2905 2040 sed
2973 1987 3136 2059 prae-

611 2054 914 2125 miorum
965 2056 1205 2149 copiae
1254 2058 1746 2151 suffragantur:
1802 2072 2030 2141 restat,
2075 2074 2153 2129 ut
2199 2058 2371 2127 nibil
2423 2057 2554 2127 sibi
2598 2059 2665 2126 in
2717 2058 3007 2128 bonores
3047 2077 3136 2125 ec-

609 2143 1029 2216 clesiasticos
1102 2146 1423 2236 gravitas,
1509 2149 1683 2219 nihil
1733 2149 2054 2220 defendat
2109 2147 2490 2229 industria,
2544 2145 2662 2217 sed
2715 2160 2933 2217 totum
3001 2142 3130 2215 auri

610 2231 946 2389 profanus
993 2256 1188 2305 amor
1260 2236 1586 2308 obtineat.
1638 2243 1721 2308 Et
1766 2239 1934 2309 dum
1985 2237 2148 2306 vitia
2222 2236 2483 2306 honore
2556 2248 3032 2315 munerantur,
3078 2233 3134 2301 in

637 2342 837 2390 ocum
872 2323 1115 2393 ultoris
1147 2325 1204 2396 is
1244 2327 1366 2413 qui
1415 2326 1704 2399 fortasse
1743 2326 1964 2398 fuerat
2011 2325 2481 2405 ulciscendus,
2522 2325 2921 2397 adducitur:
2963 2336 3135 2410 atque

608 2408 775 2482 hinc
822 2413 1207 2486 sacerdotes
1254 2437 1390 2486 non
1424 2415 1777 2508 proficere,
1835 2415 1952 2486 sed
2009 2415 2229 2508 perire
2277 2415 2506 2506 potius
2534 2414 2967 2505 judicantur.
3002 2408 3133 2511 Vul-

609 2514 846 2574 nerato
903 2527 1203 2594 namque
1251 2520 1520 2598 pastore
1549 2563 1564 2590 ,
1616 2508 1777 2596 quis
1825 2507 2155 2579 curandis
2200 2504 2446 2576 ovibus
2505 2505 2834 2576 adhibeat
2889 2502 3135 2574 medict-

610 2614 772 2662 nam
803 2597 834 2661 ‘t
880 2598 1007 2665 Aut
1053 2595 1333 2683 quando
1383 2596 1717 2687 populum
1750 2596 2082 2666 orationis
2113 2597 2355 2685 clypeo
2405 2595 2711 2664 tuebitur
2748 2596 2873 2683 qui
2910 2588 3138 2684 jaculis

611 2703 685 2751 se
724 2682 1025 2754 hostium
1075 2685 1462 2755 feriendum
1520 2685 1848 2776 exponit?
1893 2690 2019 2755 Aut
2065 2685 2340 2786 qualem
2392 2683 2479 2752 de
2527 2705 2598 2755 se
2658 2683 2959 2753 fructum
3010 2698 3137 2772 pro-

609 2770 951 2843 ducturus
998 2786 1121 2854 est,
1158 2774 1362 2863 cujus
1410 2774 1601 2864 gravi
1637 2787 1822 2864 peste
1862 2774 2054 2845 radix
2084 2774 2336 2843 infecta
2382 2775 2526 2843 est?
2574 2773 2791 2862 Major
2836 2792 2995 2862 ergo
3021 2787 3135 2836 me-

611 2861 872 2930 tuenda
918 2874 1020 2931 est
1069 2862 1236 2932 locis
1285 2862 1425 2932 illis
1478 2863 1617 2933 fore
1672 2863 2053 2945 calamitaS,
2098 2863 2216 2934 ubi
2280 2862 2448 2932 tales
2495 2861 2674 2930 inter
2727 2875 3026 2931 caeteros
3065 2851 3131 2925 ad

610 2947 844 3019 locum
884 2951 1246 3039 regiminis
1278 2951 1724 3022 adducuntur
1752 2953 1872 3040 qui
1921 2953 2037 3023 Dei
2069 2952 2139 3021 in
2172 2974 2245 3021 se
2294 2972 2402 3019 ma
2457 2950 2515 3020 is
2547 2950 2980 3020 iracundiam
3010 2964 3137 3037 pro-

610 3047 876 3118 vocent,
928 3061 1139 3125 quam
1193 3062 1314 3130 per
1346 3041 1579 3111 semeti
1639 3064 1750 3111 sos
1784 3042 2059 3133 populis
2108 3040 2380 3131 placare
2408 2973 2820 3109 debuerant.
2873 3044 3000 3108 Nec
3030 3034 3134 3104 hoc

610 3147 750 3212 quo
802 3148 887 3195 ue
956 3127 1218 3199 malum
1293 3129 1564 3199 solicitu
1618 3152 1659 3198 o
1737 3145 1968 3200 nostra
2039 3130 2297 3221 patitur
2361 3128 2790 3220 negligenter
2858 3127 3137 3198 omittere

609 3236 748 3302 quo
844 3214 1177 3302 quidam',
1232 3218 1564 3288 instinctu
1612 3218 1872 3311 gloriae
1928 3219 2157 3289 inanis
2222 3218 2469 3295 illecti,
2525 3240 2605 3287 ex
2655 3217 2830 3288 laico
2889 3237 2958 3285 re
3007 3220 3134 3282 ente

611 3302 855 3373 habitu
922 3304 1282 3375 sacerdotii
1349 3307 1674 3377 bonorem
1735 3308 2119 3398 arripiunt:
2170 3319 2236 3376 et
2304 3306 2488 3394 quod
2548 3307 2778 3376 dicere
2842 3328 2935 3396 pu
2986 3306 3135 3373 etet

610 3403 833 3462 tacere
881 3407 1243 3483 graveest,
1301 3396 1605 3496 regendi,
1642 3402 1984 3468 Rectores:
2036 3407 2101 3466 et
2147 3395 2268 3483 qui
2297 3395 2798 3477 docendisunt,
2851 3395 3134 3464 doctores

608 3503 735 3551 nec
783 3482 1201 3553 erubescunt
1247 3484 1441 3565 liert,
1508 3506 1634 3555 nec
1691 3497 2030 3557 metuunt.
2083 3489 2418 3555 Ducatum
2471 3484 2869 3554 animarum
2928 3483 3135 3570 impu-

608 3569 853 3640 denter
896 3574 1284 3654 assumunt,
1336 3573 1594 3660 quibus
1640 3574 1753 3643 via
1798 3575 2027 3646 omnis
2088 3574 2111 3644 i
2165 3586 2323 3644 nota
2369 3573 2668 3644 doctoris
2720 3584 2847 3653 est,
2910 3584 2974 3640 et
3014 3584 3133 3666 quq

610 3659 714 3727 vel
753 3658 885 3749 ipsi
919 3660 1348 3750 gradiantur,
1392 3662 1612 3754 ignari
1666 3677 1852 3734 sunt.
1888 3668 2052 3733 Nam
2154 3685 2272 3733 um
2305 3663 2446 3732 dux
2475 3661 2812 3732 exercitus
2860 3681 2990 3730 non
3020 3672 3136 3725 nist

611 3746 846 3817 labore
891 3762 957 3820 et
1003 3749 1443 3821 solicitudine
1489 3763 1811 3843 expertus
1856 3752 2170 3843 eligitur,
2222 3751 2464 3839 quales
2509 3752 2907 3821 animarum
2949 3746 3137 3816 duces

608 3856 759 3906 esse
796 3836 1089 3909 debeant
1183 3840 1256 3909 ui
1295 3840 1735 3931 episcopatus
1783 3840 2060 3912 culmen
2105 3842 2478 3911 immatura
2522 3840 2821 3931 cupiunt
2883 3834 3138 3907 festina-

608 3924 791 3995 tione
842 3949 1135 3999 conscen
1190 3950 1325 4011 ere,
1372 3929 1585 4020 hujus
1632 3930 1875 4002 saltem
1922 3931 2023 4001 rei
2048 3936 2560 4021 comparatione
2618 3926 3045 3998 considerent
3082 3926 3136 3987 et

608 4014 894 4115 aggredi
944 4030 1224 4117 repente
1272 4017 1660 4110 inexpertos
1708 4017 1979 4091 labores
2012 4021 2317 4100 timeant,
2361 4040 2445 4089 ne
2476 4040 2676 4088 caeca
2709 4014 3136 4117 honoris-am-

607 4102 778 4173 hmo
826 4116 892 4174 et
937 4106 1112 4195 ipsis
1162 4107 1232 4177 in
1314 4130 1489 4178 oena
1535 4108 1623 4178 sit
1660 4121 1726 4177 et
1754 4109 1913 4182 aliis
1949 4108 2267 4200 pestifera
2303 4107 2556 4178 erroris
2586 4107 2848 4177 semina
2864 4105 3130 4263 faciant,

609 4191 869 4284 quippe
914 4195 1035 4282 qui
1068 4218 1206 4267 non
1286 4197 1540 4268 idicere
1586 4198 1766 4285 quod
1799 4198 2109 4269 doceant.
2144 4196 2437 4268 Proinde
2522 4208 2756 4267 aterno
2784 4217 2857 4266 sa
2889 4196 3132 4263 uiantes

611 4281 884 4364 affectu,
925 4284 1249 4375 petimus,
1306 4286 1944 4376 praecellentissimi
1992 4286 2144 4368 filii,
2178 4298 2422 4357 uttam
2514 4284 2860 4356 etestabile
2893 4276 3127 4351 malum

612 4369 698 4440 de
730 4372 926 4473 regni
972 4374 1178 4445 vestri
1218 4374 1549 4448 studeatis
1599 4376 1862 4446 finibus
1910 4376 2295 4466 prohibere,
2348 4387 2415 4445 et
2452 4374 2647 4444 nulla
2678 4371 2863 4464 apud
2891 4390 3004 4438 vos
3029 4382 3128 4431 ex·

611 4473 898 4545 cusatio,
965 4462 1159 4533 nulla
1205 4475 1444 4535 contra
1493 4464 1763 4535 animas
1811 4475 2069 4535 vestras
2116 4464 2467 4556 suggestio
2528 4465 2759 4534 locum
2804 4453 3121 4531 inveniat:
