3327 4999
624 282 755 347 264
1511 297 1591 343 nr.
1637 296 1695 343 s.
1749 293 2122 343 THEOPHANE
2483 240 2486 243 Ἴ
2694 273 2941 342 MART.
3000 277 3088 345 ⁴2

543 378 889 448 Christum
970 376 1208 448 atienti
1235 374 1777 447 consolationem
1806 373 2022 445 ullam
2058 373 2349 444 afferret.
2384 375 2622 459 Itaque
2645 393 2899 464 corpus
2932 375 3088 465 ejus

539 467 869 537 diuturna
914 400 1096 536 Eme
1139 464 1563 546 confectum,
1619 462 1953 555 paulatim
2005 462 2428 541 tabescebat,
2482 474 2546 531 et
2611 460 2696 530 ad
2761 464 3082 533 acerbam

540 567 829 625 mortem
864 577 1081 646 appro
1135 554 1487 640 inquabat.
1525 553 1738 623 Morbi
1776 552 1962 621 enim
1993 551 2423 620 medicorum
2457 549 2714 619 auxilio
2743 550 3077 636 destituti,

538 644 819 735 gravius
865 578 1278 723 saeviessant,
1329 656 1398 713 et
1442 642 1645 711 vitam
1699 640 2077 710 reddebant
2106 652 2322 709 morte
2351 640 2503 729 ipsa
2536 639 2741 729 longe
2772 640 3084 711 acerbio-

537 755 709 805 rem.
747 738 825 802 At
853 732 1003 824 ipse
1032 731 1531 823 optatissimam
1565 730 1680 800 Dei
1761 728 2297 800 ulchritudinem
2322 740 2547 797 mente
2569 730 3078 828 contemplanS,

538 845 621 891 ea
666 842 843 909 quae
891 844 976 891 ne
1023 820 1264 890 auditu
1309 820 1590 907 quidem
1640 833 1706 890 to
1733 818 2022 889 erabilia
2067 830 2251 897 sunt,
2307 817 2590 907 patienti
2636 829 2702 886 et
2748 839 2968 905 aequo
3007 842 3087 890 a-

538 911 730 980 nimo
764 910 1163 1001 perferebat.
1205 909 1606 979 Gaudebant
1638 907 1890 998 angeli.
1935 927 2092 976 cum
2130 905 2624 983 fortitudinem,
2658 928 2835 993 quae
2869 907 3081 998 longo

540 1011 843 1090 tempore
889 1022 931 1069 a
979 997 1383 1068 mortalibus
1430 996 1778 1078 abfuerat,
1832 995 1915 1065 ad
1966 1016 2082 1065 eos
2128 1016 2410 1065 rursum
2462 993 2858 1064 redeuntem
2915 1018 3082 1065 con-

539 1087 911 1178 spicerent:
964 1099 1029 1156 et
1076 1087 1202 1155 viri
1237 1086 1456 1156 sancti
1498 1085 1871 1176 praestanti
1910 1084 2239 1154 adversus
2273 1083 2500 1154 hostes
2531 1082 2780 1153 virtute
2821 1084 3086 1154 laetan-

539 1187 661 1258 teS,
699 1176 1020 1246 victoriae
1049 1176 1490 1266 praeconium
1523 1175 2002 1244 concinebant.
2049 1171 2430 1243 Horrebant
2457 1171 2848 1253 daemoneS,
2889 1175 3080 1259 quod

539 1278 835 1346 sanctos,
886 1287 1184 1353 quorum
1236 1263 1516 1333 nomina
1563 1263 1807 1334 audire
1846 1285 1978 1332 non
2018 1273 2351 1352 poterant,
2385 1273 2452 1330 et
2488 1260 2826 1351 imagines
2857 1285 2897 1332 o
2953 1285 3081 1362 pu-

539 1355 866 1446 gnabant,
920 1375 1196 1423 rursum
1249 1352 1444 1422 factis
1485 1353 1803 1422 florentes
1836 1363 2141 1441 spectare
2171 1362 2617 1451 cogerentur:
2656 1363 2722 1420 et
2751 1364 2890 1420 sate
2920 1350 3076 1421 lites

539 1466 620 1512 ac
668 1442 1022 1512 ministros
1070 1464 1231 1511 suos
1265 1440 1573 1532 ignaviae
1608 1441 2096 1531 coarguebant.
2144 1439 2449 1508 Christus
2480 1460 2637 1507 vero
2671 1439 3080 1511 muneribus

540 1531 916 1601 orationem
967 1552 1238 1600 omnem
1291 1528 1822 1630 superantihuS,
1875 1528 2182 1619 pugilem
2233 1548 2437 1596 suum
2488 1527 2913 1609 decoratum,
2974 1529 3081 1597 vi-
3137 1594 3141 1598 .

543 1619 796 1689 ctoriae
843 1624 1095 1688 corona
1143 1619 1444 1687 donavit.

629 1711 665 1795 ξ
710 1711 863 1780 19.
919 1714 1097 1777 Duos
1146 1707 1356 1795 igitur
1401 1728 1622 1775 annos
1668 1728 1827 1775 cum
1879 1704 2399 1775 acerbissimum
2451 1726 2793 1773 carcerem
2849 1717 3083 1793 pertu-

541 1795 753 1877 lisset,
806 1797 879 1864 in
929 1796 1433 1867 Samothracem
1487 1795 1790 1864 insulam
1837 1794 2270 1885 deportatur:
2323 1793 2503 1882 quod
2557 1793 2703 1882 ipse
2742 1793 2973 1862 divino
3008 1817 3088 1863 a·-

540 1886 734 1954 nimo
768 1884 1216 1975 prospicienS,
1251 1883 1336 1963 ei,
1372 1883 1493 1969 qui
1523 1883 1657 1954 sibi
1689 1883 2144 1962 ministrabat,
2193 1882 2827 1983 praenunciaverat.
2873 1888 3085 1952 curna-

540 1994 676 2061 que
724 1973 946 2043 tribus
991 1986 1054 2043 et
1102 1972 1343 2063 viginti
1391 1971 1637 2043 diebus
1686 1972 1754 2040 in
1806 1970 2035 2042 insula
2084 1971 2397 2053 vixisset,
2454 1984 2777 2057 tanquam
2844 1971 3084 2043 suavis

539 2062 763 2131 hostia
811 2061 1166 2132 communi
1218 2060 1501 2130 Domino
1548 2060 1823 2132 oblatus
1868 2071 1991 2140 est,
2035 2073 2100 2130 et
2129 2060 2281 2149 ejus
2312 2060 2636 2129 manibus
2668 2081 2942 2129 sacrum
2976 2074 3081 2129 at-

541 2172 676 2238 que
724 2165 1037 2221 sanctum
1087 2149 1407 2239 spiritum
1460 2150 1765 2229 tradidit,
1817 2164 1895 2220 ut
1942 2149 2027 2218 ad
2076 2148 2199 2217 diu
2245 2170 2284 2217 o
2341 2162 2546 2218 tatam
2587 2148 3080 2218 haereditatem

540 2238 1035 2309 admitteretur.
1105 2245 1330 2326 Neque
1377 2260 1531 2307 vero
1579 2261 1830 2329 corpus
1877 2238 2026 2328 ejus
2057 2291 2075 2317 ,
2131 2259 2267 2324 quo
2363 2226 2690 2306 victoriae*
2732 2237 3079 2328 particeps

541 2326 761 2397 fuerat
793 2382 811 2408 ,
862 2342 925 2397 et
972 2327 1203 2397 animo
1250 2349 1523 2417 semper
1569 2327 1637 2396 in
1688 2328 2015 2398 omnibus
2067 2326 2267 2396 bonis
2314 2327 2754 2403 inservlerat,
2810 2327 3082 2396 meritis

541 2417 951 2487 muneribus
987 2416 1231 2486 caruit.
1284 2421 1450 2484 Nam
1500 2416 1774 2507 piorum
1824 2416 2123 2485 virorum
2173 2416 2498 2486 manibus
2526 2416 2598 2483 in
2649 2414 2878 2505 lignea
2917 2422 3078 2485 arca

540 2506 1042 2597 compositum,
1096 2518 1159 2575 et
1207 2504 1771 2575 convenientibus
1817 2505 2179 2587 cantibus,
2232 2519 2311 2574 ut
2357 2517 2627 2595 tempus
2677 2504 2953 2586 ferebat,
3008 2528 3082 2574 e-

542 2592 759 2665 latum
807 2592 1234 2664 admirandis
1281 2593 1519 2682 gratiis
1565 2615 1605 2662 a
1654 2599 1785 2662 Deo
1831 2593 1962 2662 suit
2010 2593 2455 2663 illustratum.
2509 2598 2675 2664 Cum
2708 2594 2892 2662 enim
2930 2593 3084 2663 lues

540 2682 613 2753 in
663 2705 907 2773 pecora
955 2682 1147 2751 illius
1198 2681 1462 2750 insulae
1494 2681 1890 2761 desaeviret,
1926 2681 2096 2750 adeo
2126 2695 2202 2751 ut
2236 2695 2505 2752 mortua
2536 2695 2810 2772 repente
2848 2686 3084 2752 concl-

541 2771 802 2846 derent.
856 2793 1104 2858 aquam
1156 2769 1344 2839 illius
1391 2792 1590 2839 arcae
1636 2770 2075 2840 admoventes
2118 2772 2373 2859 (neque
2419 2772 2603 2840 enim
2653 2793 2908 2861 corpus
2955 2795 3086 2843 au-

541 2858 797 2928 debant
840 2860 1006 2928 attin
1061 2859 1205 2946 ere)
1251 2880 1495 2948 pecora
1543 2874 1728 2949 peste
1776 2858 2156 2930 laborantia
2202 2861 2790 2951 conspergebant,
2842 2872 2909 2929 et
2967 2882 3088 2951 pe-

543 2947 765 3018 riculo
813 2947 1023 3017 libera
1078 2960 1303 3016 antur.

629 3038 667 3122 §
718 3041 886 3110 81).
939 3035 1133 3104 Haud
1178 3036 1392 3105 multo
1442 3047 1594 3126 post
1639 3033 1966 3107 immanis
2027 3034 2143 3104 ille
2207 3058 2372 3126 aper
2432 3035 2773 3107 Ecclesiae
2832 3037 3084 3108 Christi

540 3145 665 3225 pro
714 3124 952 3194 multis
1004 3124 1296 3214 peccatis
1343 3147 1482 3192 uno
1532 3124 1876 3215 supplicio
1924 3125 2204 3195 affectus
2252 3138 2375 3206 est,
2428 3138 2493 3195 et
2532 3127 2748 3195 sacris
2779 3127 2849 3195 in
2882 3126 3077 3213 locis,

542 3235 612 3283 in
660 3234 836 3299 quae
884 3212 1104 3282 fuerat
1151 3212 1637 3300 debacchatus,
1696 3227 1805 3283 tur
1857 3214 1981 3283 iter
2024 3214 2232 3282 vitam
2284 3213 2533 3283 amisit.
2581 3220 2823 3296 Quare,
2864 3215 3080 3285 densa

539 3301 836 3390 caligine
886 3302 1113 3392 paulis
1165 3323 1239 3370 er
1284 3302 1566 3389 disjecta
1597 3354 1611 3372 .
1662 3303 1781 3389 qui
1836 3325 1944 3371 am
1996 3301 2207 3371 veluti
2255 3302 2588 3372 libertatis
2637 3304 2760 3386 sol,
2819 3305 3085 3373 tenuis-

542 3387 741 3459 simis
790 3402 1016 3459 tamen
1064 3413 1100 3458 a
1157 3391 1294 3460 huc
1344 3391 1615 3460 nebulis
1651 3403 1888 3470 tectus,
1936 3390 2181 3460 illuxit.
2228 3397 2416 3461 Tunc
2446 3392 2661 3482 igitur
2698 3393 2918 3463 sancti
2951 3393 3082 3463 viri

545 3478 871 3569 discipuli
903 3478 1226 3548 fiduciam
1260 3493 1566 3561 sumunt,
1595 3492 1661 3549 et
1690 3479 1961 3570 navigio
1985 3479 2071 3548 ad
2098 3479 2397 3549 insulam
2427 3480 2845 3551 accedentes.
2881 3504 3085 3573 prae-

539 3567 803 3636 clarum
859 3567 1033 3637 illud
1084 3579 1150 3637 et
1196 3567 1782 3668 splendidissimis
1880 3567 2069 3638 ratiis
2118 3568 2455 3659 effulgens
2492 3591 2745 3661 corpus
2800 3570 2874 3639 in
2914 3591 3077 3641 arca

540 3655 914 3738 sublatum,
942 3668 1209 3747 gestant
1240 3678 1306 3725 tn
1343 3656 1566 3726 locum
1601 3679 1805 3744 quem
1861 3680 1999 3738 am,
2036 3662 2320 3727 Sacrum
2362 3657 2651 3742 dictum,
2690 3659 2809 3746 qui
2846 3681 2886 3728 a
2927 3681 3080 3729 mo-

542 3745 837 3815 nasterio
874 3746 1066 3817 abest
1102 3744 1467 3814 duodecim
1504 3746 1883 3816 stadiorum
1924 3745 2302 3824 intervallo,
2342 3759 2410 3816 et
2449 3747 2520 3816 in
2560 3746 2816 3838 templo
2853 3749 3084 3818 sancti

542 3834 866 3921 martyris
898 3834 1233 3991 Procopii.
1272 3834 1369 3905 ibi
1397 3834 1744 3919 existente,
1783 3834 2162 3925 deponunt.

628 3923 666 4008 ξ
717 3927 860 3994 81.
913 3924 1035 3992 Hic
1086 3923 1105 3992 i
1139 3922 1222 4006 le,
1272 3923 1394 4010 qui
1425 3945 1562 4004 eOS,
1607 3947 1650 3993 a
1680 3923 1937 4011 quibus
1977 3924 2376 3997 honoratur.
2414 3924 2796 3996 honoribus
2833 3924 3070 4009 afficit,

536 4022 614 4080 ut
643 4009 912 4081 futurae
953 4010 1167 4100 glorie
1198 4022 1450 4083 statum
1486 4013 1704 4082 sancti
1735 4011 1846 4083 sui
1878 4012 2275 4095 declararet,
2312 4012 2574 4084 incolas
2613 4035 2852 4085 omnes
2885 4012 3084 4083 illius

536 4098 837 4189 regionis
890 4121 1260 4170 munerum
1312 4100 1534 4191 ipsius
1581 4100 1739 4171 fecit
1765 4122 1914 4172 esse
1949 4103 2337 4194 participes.
2383 4102 2832 4173 Confluebant
2856 4101 3075 4187 enim,

536 4188 885 4257 undarum
941 4187 1175 4258 instar.
1226 4189 1345 4275 qui
1394 4190 1656 4260 morbis
1699 4190 2159 4280 gravissimis.
2210 4212 2334 4260 nec
2384 4190 2599 4261 ullam
2645 4191 3076 4261 curationem

535 4276 1058 4346 admittentibus
1092 4330 1107 4360 ,
1157 4276 1601 4348 laborabant:
1670 4292 1735 4348 et
1796 4278 1918 4366 qui
1981 4301 2023 4349 a
2081 4279 2539 4351 daemonibus
2594 4281 3017 4350 vexabantur
3059 4331 3078 4356 .

539 4364 681 4434 illis
727 4365 981 4453 invitiS,
1020 4381 1087 4435 et
1113 4366 1417 4437 dolorem
1459 4388 1667 4437 suum
1703 4367 2005 4439 clamore
2037 4368 2435 4459 gemituque
2469 4368 2897 4454 testantibus,
2939 4370 3081 4440 huc
