<?xml version="1.0" encoding="UTF-8"?>
<!DOCTYPE html PUBLIC "-//W3C//DTD XHTML 1.0 Transitional//EN"
    "http://www.w3.org/TR/xhtml1/DTD/xhtml1-transitional.dtd">
<html xmlns="http://www.w3.org/1999/xhtml" xml:lang="en" lang="en">
 <head>
  <title>
</title>
<meta http-equiv="Content-Type" content="text/html;charset=utf-8" />
  <meta name='ocr-system' content='tesseract 3.04.00' />
  <meta name='ocr-capabilities' content='ocr_page ocr_carea ocr_par ocr_line ocrx_word'/>
</head>
<body>
  <div class='ocr_page' id='page_1' title='image "./historiaeseuvit04lippgoog_0689.png"; bbox 0 0 3327 4999; ppageno 0'>
   <div class='ocr_carea' id='block_1_1' title="bbox 192 412 2628 483">
    <p class='ocr_par' dir='ltr' id='par_1_1' title="bbox 192 412 2628 483">
     <span class='ocr_line' id='line_1_1' title="bbox 192 412 2628 483; baseline 0.001 -3"><span class='ocrx_word' id='word_1_1' title='bbox 192 414 297 480; x_wconf 81' lang='lat' dir='ltr'>Ex</span> <span class='ocrx_word' id='word_1_2' title='bbox 344 413 516 479; x_wconf 88' lang='lat' dir='ltr'><strong>OCT.</strong></span> <span class='ocrx_word' id='word_1_3' title='bbox 572 412 654 477; x_wconf 76' lang='lat' dir='ltr'>to</span> <span class='ocrx_word' id='word_1_4' title='bbox 975 429 1054 476; x_wconf 73' lang='lat' dir='ltr'>na</span> <span class='ocrx_word' id='word_1_5' title='bbox 1102 429 1154 476; x_wconf 82' lang='lat' dir='ltr'>s,</span> <span class='ocrx_word' id='word_1_6' title='bbox 1208 426 1449 478; x_wconf 69' lang='lat' dir='ltr'>somne</span> <span class='ocrx_word' id='word_1_7' title='bbox 1496 428 1724 479; x_wconf 58' lang='lat' dir='ltr'>canon.</span> <span class='ocrx_word' id='word_1_8' title='bbox 1780 430 1921 478; x_wconf 74' lang='lat' dir='ltr'>nso.</span> <span class='ocrx_word' id='word_1_9' title='bbox 2500 418 2628 483; x_wconf 80' lang='lat'>659</span> 
     </span>
    </p>
   </div>
   <div class='ocr_carea' id='block_1_2' title="bbox 188 509 2722 4618">
    <p class='ocr_par' dir='ltr' id='par_1_2' title="bbox 188 509 2715 1406">
     <span class='ocr_line' id='line_1_2' title="bbox 190 509 2711 605; baseline 0 -21"><span class='ocrx_word' id='word_1_10' title='bbox 190 524 331 585; x_wconf 89' lang='lat' dir='ltr'>est:</span> <span class='ocrx_word' id='word_1_11' title='bbox 384 510 591 582; x_wconf 88' lang='lat' dir='ltr'>Nimii</span> <span class='ocrx_word' id='word_1_12' title='bbox 639 509 838 601; x_wconf 88' lang='lat' dir='ltr'>pretii</span> <span class='ocrx_word' id='word_1_13' title='bbox 885 521 985 579; x_wconf 90' lang='lat' dir='ltr'>est</span> <span class='ocrx_word' id='word_1_14' title='bbox 1047 509 1366 579; x_wconf 88' lang='lat' dir='ltr'>cucullus</span> <span class='ocrx_word' id='word_1_15' title='bbox 1415 533 1524 581; x_wconf 83' lang='lat' dir='ltr'>sex</span> <span class='ocrx_word' id='word_1_16' title='bbox 1573 510 1990 594; x_wconf 88' lang='lat' dir='ltr'>solidorum,</span> <span class='ocrx_word' id='word_1_17' title='bbox 2028 523 2105 582; x_wconf 88' lang='lat' dir='ltr'>ut</span> <span class='ocrx_word' id='word_1_18' title='bbox 2154 512 2269 582; x_wconf 93' lang='lat' dir='ltr'>illo</span> <span class='ocrx_word' id='word_1_19' title='bbox 2325 524 2460 583; x_wconf 90' lang='lat' dir='ltr'>tam</span> <span class='ocrx_word' id='word_1_20' title='bbox 2513 528 2711 605; x_wconf 92' lang='lat' dir='ltr'>putre</span> 
     </span>
     <span class='ocr_line' id='line_1_3' title="bbox 191 598 2713 706; baseline 0 -32"><span class='ocrx_word' id='word_1_21' title='bbox 191 602 482 674; x_wconf 88' lang='lat' dir='ltr'>cadaver</span> <span class='ocrx_word' id='word_1_22' title='bbox 510 601 888 690; x_wconf 85' lang='lat' dir='ltr'>obtegatur:</span> <span class='ocrx_word' id='word_1_23' title='bbox 924 598 1030 667; x_wconf 91' lang='lat' dir='ltr'>his</span> <span class='ocrx_word' id='word_1_24' title='bbox 1061 599 1283 669; x_wconf 88' lang='lat' dir='ltr'>verbis</span> <span class='ocrx_word' id='word_1_25' title='bbox 1317 600 1594 669; x_wconf 86' lang='lat' dir='ltr'>fratrem</span> <span class='ocrx_word' id='word_1_26' title='bbox 1622 602 1911 694; x_wconf 90' lang='lat' dir='ltr'>cupiens</span> <span class='ocrx_word' id='word_1_27' title='bbox 1953 624 2338 692; x_wconf 87' lang='lat' dir='ltr'>provocare,</span> <span class='ocrx_word' id='word_1_28' title='bbox 2378 616 2454 673; x_wconf 92' lang='lat' dir='ltr'>ut</span> <span class='ocrx_word' id='word_1_29' title='bbox 2487 618 2713 706; x_wconf 88' lang='lat' dir='ltr'>spreto</span> 
     </span>
     <span class='ocr_line' id='line_1_4' title="bbox 192 688 2714 783; baseline 0 -21"><span class='ocrx_word' id='word_1_30' title='bbox 192 691 487 783; x_wconf 89' lang='lat' dir='ltr'>superbo</span> <span class='ocrx_word' id='word_1_31' title='bbox 557 689 850 770; x_wconf 88' lang='lat' dir='ltr'>habitu,</span> <span class='ocrx_word' id='word_1_32' title='bbox 906 688 1126 778; x_wconf 88' lang='lat' dir='ltr'>ipsius</span> <span class='ocrx_word' id='word_1_33' title='bbox 1201 688 1654 759; x_wconf 81' lang='lat' dir='ltr'>humilitatem</span> <span class='ocrx_word' id='word_1_34' title='bbox 1727 690 2136 761; x_wconf 82' lang='lat' dir='ltr'><strong>imitaretur.</strong></span> <span class='ocrx_word' id='word_1_35' title='bbox 2203 697 2369 761; x_wconf 89' lang='lat' dir='ltr'>Nam</span> <span class='ocrx_word' id='word_1_36' title='bbox 2432 694 2714 781; x_wconf 80' lang='lat' dir='ltr'>quidam</span> 
     </span>
     <span class='ocr_line' id='line_1_5' title="bbox 191 776 2714 871; baseline 0.001 -21"><span class='ocrx_word' id='word_1_37' title='bbox 191 781 409 851; x_wconf 89' lang='lat' dir='ltr'>multa</span> <span class='ocrx_word' id='word_1_38' title='bbox 455 779 781 850; x_wconf 73' lang='lat' dir='ltr'>instantia</span> <span class='ocrx_word' id='word_1_39' title='bbox 827 776 1011 869; x_wconf 92' lang='lat' dir='ltr'>apud</span> <span class='ocrx_word' id='word_1_40' title='bbox 1077 798 1237 847; x_wconf 91' lang='lat' dir='ltr'>eum</span> <span class='ocrx_word' id='word_1_41' title='bbox 1296 791 1624 869; x_wconf 80' lang='lat' dir='ltr'>egerant,</span> <span class='ocrx_word' id='word_1_42' title='bbox 1679 793 1757 850; x_wconf 92' lang='lat' dir='ltr'>ut</span> <span class='ocrx_word' id='word_1_43' title='bbox 1803 802 1925 871; x_wconf 91' lang='lat' dir='ltr'>pro</span> <span class='ocrx_word' id='word_1_44' title='bbox 1982 794 2077 851; x_wconf 90' lang='lat' dir='ltr'>ter</span> <span class='ocrx_word' id='word_1_45' title='bbox 2124 780 2499 853; x_wconf 88' lang='lat' dir='ltr'>functionis</span> <span class='ocrx_word' id='word_1_46' title='bbox 2548 805 2714 853; x_wconf 88' lang='lat' dir='ltr'>suae</span> 
     </span>
     <span class='ocr_line' id='line_1_6' title="bbox 190 804 2713 961; baseline 0.001 -23"><span class='ocrx_word' id='word_1_47' title='bbox 190 869 590 961; x_wconf 89' lang='lat' dir='ltr'>dignitatem</span> <span class='ocrx_word' id='word_1_48' title='bbox 640 867 955 959; x_wconf 81' lang='lat' dir='ltr'><strong>pretiosis</strong></span> <span class='ocrx_word' id='word_1_49' title='bbox 1004 878 1309 937; x_wconf 89' lang='lat' dir='ltr'>uteretur</span> <span class='ocrx_word' id='word_1_50' title='bbox 1353 867 1675 958; x_wconf 86' lang='lat' dir='ltr'>pellibus:</span> <span class='ocrx_word' id='word_1_51' title='bbox 1729 869 1845 939; x_wconf 86' lang='lat' dir='ltr'>sed</span> <span class='ocrx_word' id='word_1_52' title='bbox 1898 804 2011 940; x_wconf 77' lang='lat' dir='ltr'>ille</span> <span class='ocrx_word' id='word_1_53' title='bbox 2062 871 2561 942; x_wconf 83' lang='lat' dir='ltr'>modestissime</span> <span class='ocrx_word' id='word_1_54' title='bbox 2610 894 2713 941; x_wconf 90' lang='lat' dir='ltr'>re-</span> 
     </span>
     <span class='ocr_line' id='line_1_7' title="bbox 192 955 2712 1049; baseline 0.002 -20"><span class='ocrx_word' id='word_1_55' title='bbox 192 958 508 1049; x_wconf 82' lang='lat' dir='ltr'>spondit:</span> <span class='ocrx_word' id='word_1_56' title='bbox 543 962 889 1049; x_wconf 82' lang='lat' dir='ltr'>Agnorum</span> <span class='ocrx_word' id='word_1_57' title='bbox 942 955 1302 1046; x_wconf 79' lang='lat' dir='ltr'>pelliculae</span> <span class='ocrx_word' id='word_1_58' title='bbox 1334 958 1609 1027; x_wconf 85' lang='lat' dir='ltr'>abunde</span> <span class='ocrx_word' id='word_1_59' title='bbox 1658 957 2014 1030; x_wconf 83' lang='lat' dir='ltr'>sufficiunt</span> <span class='ocrx_word' id='word_1_60' title='bbox 2060 961 2356 1031; x_wconf 92' lang='lat' dir='ltr'>arcendo</span> <span class='ocrx_word' id='word_1_61' title='bbox 2384 984 2424 1031; x_wconf 91' lang='lat' dir='ltr'>a</span> <span class='ocrx_word' id='word_1_62' title='bbox 2459 962 2712 1033; x_wconf 88' lang='lat' dir='ltr'>nostris</span> 
     </span>
     <span class='ocr_line' id='line_1_8' title="bbox 188 1045 2715 1140; baseline 0.001 -23"><span class='ocrx_word' id='word_1_63' title='bbox 188 1047 594 1138; x_wconf 81' lang='lat' dir='ltr'>corporibus</span> <span class='ocrx_word' id='word_1_64' title='bbox 640 1045 903 1137; x_wconf 79' lang='lat' dir='ltr'>frigori:</span> <span class='ocrx_word' id='word_1_65' title='bbox 948 1045 1260 1115; x_wconf 87' lang='lat' dir='ltr'>videlicet</span> <span class='ocrx_word' id='word_1_66' title='bbox 1307 1046 1546 1118; x_wconf 90' lang='lat' dir='ltr'>nolens</span> <span class='ocrx_word' id='word_1_67' title='bbox 1593 1069 1826 1117; x_wconf 88' lang='lat' dir='ltr'>eorum</span> <span class='ocrx_word' id='word_1_68' title='bbox 1860 1048 2109 1139; x_wconf 88' lang='lat' dir='ltr'>ineptis</span> <span class='ocrx_word' id='word_1_69' title='bbox 2145 1049 2715 1140; x_wconf 85' lang='lat' dir='ltr'>persuasionibus</span> 
     </span>
     <span class='ocr_line' id='line_1_9' title="bbox 193 1134 2715 1232; baseline 0 -25"><span class='ocrx_word' id='word_1_70' title='bbox 193 1136 503 1225; x_wconf 90' lang='lat' dir='ltr'>obsequi,</span> <span class='ocrx_word' id='word_1_71' title='bbox 535 1136 654 1223; x_wconf 91' lang='lat' dir='ltr'>qui</span> <span class='ocrx_word' id='word_1_72' title='bbox 677 1134 821 1223; x_wconf 86' lang='lat' dir='ltr'>jam</span> <span class='ocrx_word' id='word_1_73' title='bbox 857 1135 927 1203; x_wconf 92' lang='lat' dir='ltr'>in</span> <span class='ocrx_word' id='word_1_74' title='bbox 960 1135 1069 1204; x_wconf 91' lang='lat' dir='ltr'>sui</span> <span class='ocrx_word' id='word_1_75' title='bbox 1117 1146 1511 1226; x_wconf 91' lang='lat' dir='ltr'>contemptu</span> <span class='ocrx_word' id='word_1_76' title='bbox 1560 1139 2021 1226; x_wconf 81' lang='lat' dir='ltr'>perseverans,</span> <span class='ocrx_word' id='word_1_77' title='bbox 2058 1138 2390 1210; x_wconf 90' lang='lat' dir='ltr'>secularis</span> <span class='ocrx_word' id='word_1_78' title='bbox 2423 1161 2715 1232; x_wconf 87' lang='lat' dir='ltr'>pompae</span> 
     </span>
     <span class='ocr_line' id='line_1_10' title="bbox 190 1223 2712 1327; baseline 0.001 -33"><span class='ocrx_word' id='word_1_79' title='bbox 190 1226 444 1296; x_wconf 84' lang='lat' dir='ltr'>fastum</span> <span class='ocrx_word' id='word_1_80' title='bbox 478 1245 753 1327; x_wconf 80' lang='lat' dir='ltr'>omnem</span> <span class='ocrx_word' id='word_1_81' title='bbox 795 1224 1217 1315; x_wconf 82' lang='lat' dir='ltr'>protriverat,</span> <span class='ocrx_word' id='word_1_82' title='bbox 1270 1236 1334 1294; x_wconf 90' lang='lat' dir='ltr'>et</span> <span class='ocrx_word' id='word_1_83' title='bbox 1380 1223 1875 1296; x_wconf 87' lang='lat' dir='ltr'>adulterantem</span> <span class='ocrx_word' id='word_1_84' title='bbox 1910 1228 2307 1317; x_wconf 87' lang='lat' dir='ltr'>superbiam</span> <span class='ocrx_word' id='word_1_85' title='bbox 2341 1229 2712 1300; x_wconf 89' lang='lat' dir='ltr'>enervandi</span> 
     </span>
     <span class='ocr_line' id='line_1_11' title="bbox 194 1326 1597 1406; baseline -0.009 -20"><span class='ocrx_word' id='word_1_86' title='bbox 194 1326 549 1406; x_wconf 89' lang='lat' dir='ltr'>acceperat</span> <span class='ocrx_word' id='word_1_87' title='bbox 584 1334 785 1383; x_wconf 85' lang='lat' dir='ltr'>vires.</span> <span class='ocrx_word' id='word_1_88' title='bbox 1588 1382 1597 1383; x_wconf 12' lang='grc' dir='ltr'><strong><em>ἶ</em></strong></span> 
     </span>
    </p>

    <p class='ocr_par' dir='ltr' id='par_1_3' title="bbox 188 1404 2719 2923">
     <span class='ocr_line' id='line_1_12' title="bbox 274 1404 2717 1497; baseline -0 -21"><span class='ocrx_word' id='word_1_89' title='bbox 274 1407 474 1493; x_wconf 68' lang='grc' dir='ltr'>ξΙί.</span> <span class='ocrx_word' id='word_1_90' title='bbox 528 1407 693 1473; x_wconf 88' lang='lat' dir='ltr'>Cum</span> <span class='ocrx_word' id='word_1_91' title='bbox 740 1404 924 1474; x_wconf 85' lang='lat' dir='ltr'>Vitas</span> <span class='ocrx_word' id='word_1_92' title='bbox 970 1413 1363 1474; x_wconf 87' lang='lat' dir='ltr'>sanctorum</span> <span class='ocrx_word' id='word_1_93' title='bbox 1413 1408 1687 1473; x_wconf 89' lang='lat' dir='ltr'>Patrum</span> <span class='ocrx_word' id='word_1_94' title='bbox 1739 1404 2008 1495; x_wconf 86' lang='lat' dir='ltr'>legeret,</span> <span class='ocrx_word' id='word_1_95' title='bbox 2076 1404 2440 1497; x_wconf 85' lang='lat' dir='ltr'>diligenter</span> <span class='ocrx_word' id='word_1_96' title='bbox 2485 1407 2717 1477; x_wconf 90' lang='lat' dir='ltr'>obser-</span> 
     </span>
     <span class='ocr_line' id='line_1_13' title="bbox 189 1491 2717 1583; baseline 0.001 -20"><span class='ocrx_word' id='word_1_97' title='bbox 189 1494 368 1564; x_wconf 87' lang='lat' dir='ltr'>vavit</span> <span class='ocrx_word' id='word_1_98' title='bbox 426 1494 655 1563; x_wconf 90' lang='lat' dir='ltr'>locum</span> <span class='ocrx_word' id='word_1_99' title='bbox 706 1492 1099 1580; x_wconf 90' lang='lat' dir='ltr'>quemdam,</span> <span class='ocrx_word' id='word_1_100' title='bbox 1158 1492 1278 1563; x_wconf 89' lang='lat' dir='ltr'>ubi</span> <span class='ocrx_word' id='word_1_101' title='bbox 1332 1491 1651 1583; x_wconf 88' lang='lat' dir='ltr'>impurus</span> <span class='ocrx_word' id='word_1_102' title='bbox 1703 1493 1991 1563; x_wconf 90' lang='lat' dir='ltr'>daemon</span> <span class='ocrx_word' id='word_1_103' title='bbox 2047 1495 2372 1565; x_wconf 86' lang='lat' dir='ltr'>scribitur</span> <span class='ocrx_word' id='word_1_104' title='bbox 2429 1495 2717 1566; x_wconf 90' lang='lat' dir='ltr'>visibilis</span> 
     </span>
     <span class='ocr_line' id='line_1_14' title="bbox 196 1581 2715 1675; baseline 0.001 -22"><span class='ocrx_word' id='word_1_105' title='bbox 196 1606 285 1675; x_wconf 93' lang='lat' dir='ltr'>ap</span> <span class='ocrx_word' id='word_1_106' title='bbox 339 1583 603 1654; x_wconf 91' lang='lat' dir='ltr'>aruisse</span> <span class='ocrx_word' id='word_1_107' title='bbox 647 1582 927 1655; x_wconf 88' lang='lat' dir='ltr'>cuidam</span> <span class='ocrx_word' id='word_1_108' title='bbox 985 1582 1326 1652; x_wconf 86' lang='lat' dir='ltr'>eremitae.</span> <span class='ocrx_word' id='word_1_109' title='bbox 1397 1583 1585 1665; x_wconf 87' lang='lat' dir='ltr'>Quod</span> <span class='ocrx_word' id='word_1_110' title='bbox 1636 1581 1839 1652; x_wconf 90' lang='lat' dir='ltr'>etiam</span> <span class='ocrx_word' id='word_1_111' title='bbox 1891 1583 2299 1659; x_wconf 88' lang='lat' dir='ltr'>venerabilis</span> <span class='ocrx_word' id='word_1_112' title='bbox 2348 1586 2715 1656; x_wconf 86' lang='lat' dir='ltr'>memoriae</span> 
     </span>
     <span class='ocr_line' id='line_1_15' title="bbox 191 1671 2712 1764; baseline -0 -19"><span class='ocrx_word' id='word_1_113' title='bbox 191 1675 290 1745; x_wconf 87' lang='lat' dir='ltr'>wi</span> <span class='ocrx_word' id='word_1_114' title='bbox 324 1673 629 1743; x_wconf 90' lang='lat' dir='ltr'>helmum</span> <span class='ocrx_word' id='word_1_115' title='bbox 708 1671 1442 1764; x_wconf 90' lang='lat' dir='ltr'>Slegththolmensem,</span> <span class='ocrx_word' id='word_1_116' title='bbox 1508 1683 1652 1741; x_wconf 88' lang='lat' dir='ltr'>tum</span> <span class='ocrx_word' id='word_1_117' title='bbox 1720 1671 1996 1759; x_wconf 89' lang='lat' dir='ltr'>quidem</span> <span class='ocrx_word' id='word_1_118' title='bbox 2080 1678 2164 1743; x_wconf 87' lang='lat' dir='ltr'>Ca</span> <span class='ocrx_word' id='word_1_119' title='bbox 2217 1673 2569 1755; x_wconf 89' lang='lat' dir='ltr'>ellanum,</span> <span class='ocrx_word' id='word_1_120' title='bbox 2634 1688 2712 1744; x_wconf 89' lang='lat' dir='ltr'>ut</span> 
     </span>
     <span class='ocr_line' id='line_1_16' title="bbox 190 1760 2715 1849; baseline 0.001 -18"><span class='ocrx_word' id='word_1_121' title='bbox 190 1775 478 1845; x_wconf 90' lang='lat' dir='ltr'>vocant,</span> <span class='ocrx_word' id='word_1_122' title='bbox 526 1783 710 1834; x_wconf 90' lang='lat' dir='ltr'>nunc</span> <span class='ocrx_word' id='word_1_123' title='bbox 756 1784 913 1833; x_wconf 92' lang='lat' dir='ltr'>vero</span> <span class='ocrx_word' id='word_1_124' title='bbox 962 1760 1315 1831; x_wconf 87' lang='lat' dir='ltr'>miraculis</span> <span class='ocrx_word' id='word_1_125' title='bbox 1371 1760 1754 1843; x_wconf 90' lang='lat' dir='ltr'>celebrem,</span> <span class='ocrx_word' id='word_1_126' title='bbox 1819 1761 2074 1849; x_wconf 87' lang='lat' dir='ltr'>quibus</span> <span class='ocrx_word' id='word_1_127' title='bbox 2141 1762 2314 1832; x_wconf 89' lang='lat' dir='ltr'>ilud</span> <span class='ocrx_word' id='word_1_128' title='bbox 2375 1776 2715 1833; x_wconf 91' lang='lat' dir='ltr'>monaste-</span> 
     </span>
     <span class='ocr_line' id='line_1_17' title="bbox 190 1850 2719 1943; baseline 0 -22"><span class='ocrx_word' id='word_1_129' title='bbox 190 1852 368 1921; x_wconf 87' lang='lat' dir='ltr'>rium</span> <span class='ocrx_word' id='word_1_130' title='bbox 419 1850 687 1943; x_wconf 85' lang='lat' dir='ltr'>egregie</span> <span class='ocrx_word' id='word_1_131' title='bbox 732 1850 1139 1922; x_wconf 79' lang='lat' dir='ltr'>condecorat</span> <span class='ocrx_word' id='word_1_132' title='bbox 1186 1861 1251 1919; x_wconf 90' lang='lat' dir='ltr'>et</span> <span class='ocrx_word' id='word_1_133' title='bbox 1297 1850 1634 1931; x_wconf 60' lang='lat' dir='ltr'>illustrat,</span> <span class='ocrx_word' id='word_1_134' title='bbox 1688 1872 1843 1920; x_wconf 90' lang='lat' dir='ltr'>cum</span> <span class='ocrx_word' id='word_1_135' title='bbox 1900 1852 2364 1942; x_wconf 87' lang='lat' dir='ltr'>permovisset,</span> <span class='ocrx_word' id='word_1_136' title='bbox 2417 1852 2719 1922; x_wconf 89' lang='lat' dir='ltr'>sciscita-</span> 
     </span>
     <span class='ocr_line' id='line_1_18' title="bbox 191 1938 2709 2031; baseline -0.001 -20"><span class='ocrx_word' id='word_1_137' title='bbox 191 1954 301 2011; x_wconf 87' lang='lat' dir='ltr'>tus</span> <span class='ocrx_word' id='word_1_138' title='bbox 346 1953 445 2011; x_wconf 89' lang='lat' dir='ltr'>est</span> <span class='ocrx_word' id='word_1_139' title='bbox 494 1963 536 2010; x_wconf 89' lang='lat' dir='ltr'>a</span> <span class='ocrx_word' id='word_1_140' title='bbox 576 1940 771 2011; x_wconf 89' lang='lat' dir='ltr'>beato</span> <span class='ocrx_word' id='word_1_141' title='bbox 819 1940 960 2009; x_wconf 88' lang='lat' dir='ltr'>viro</span> <span class='ocrx_word' id='word_1_142' title='bbox 1007 1938 1171 2028; x_wconf 90' lang='lat' dir='ltr'>quid</span> <span class='ocrx_word' id='word_1_143' title='bbox 1221 1960 1470 2009; x_wconf 90' lang='lat' dir='ltr'>causae</span> <span class='ocrx_word' id='word_1_144' title='bbox 1517 1939 1640 2019; x_wconf 89' lang='lat' dir='ltr'>sit,</span> <span class='ocrx_word' id='word_1_145' title='bbox 1694 1939 1877 2027; x_wconf 90' lang='lat' dir='ltr'>quod</span> <span class='ocrx_word' id='word_1_146' title='bbox 1931 1962 2064 2010; x_wconf 91' lang='lat' dir='ltr'>non</span> <span class='ocrx_word' id='word_1_147' title='bbox 2113 1941 2206 2009; x_wconf 91' lang='lat' dir='ltr'>ita</span> <span class='ocrx_word' id='word_1_148' title='bbox 2243 1942 2389 2030; x_wconf 81' lang='lat' dir='ltr'>jam</span> <span class='ocrx_word' id='word_1_149' title='bbox 2439 1942 2709 2031; x_wconf 91' lang='lat' dir='ltr'>conspi-</span> 
     </span>
     <span class='ocr_line' id='line_1_19' title="bbox 188 2028 2705 2121; baseline -0 -22"><span class='ocrx_word' id='word_1_150' title='bbox 188 2051 399 2099; x_wconf 89' lang='lat' dir='ltr'>cuum</span> <span class='ocrx_word' id='word_1_151' title='bbox 448 2051 519 2101; x_wconf 92' lang='lat' dir='ltr'>se</span> <span class='ocrx_word' id='word_1_152' title='bbox 566 2031 917 2121; x_wconf 85' lang='lat' dir='ltr'>praeberet</span> <span class='ocrx_word' id='word_1_153' title='bbox 961 2041 1197 2110; x_wconf 82' lang='lat' dir='ltr'>satan,</span> <span class='ocrx_word' id='word_1_154' title='bbox 1248 2039 1326 2097; x_wconf 89' lang='lat' dir='ltr'>ut</span> <span class='ocrx_word' id='word_1_155' title='bbox 1371 2028 1535 2098; x_wconf 89' lang='lat' dir='ltr'>olim</span> <span class='ocrx_word' id='word_1_156' title='bbox 1584 2029 2048 2100; x_wconf 85' lang='lat' dir='ltr'>consuevisset</span> <span class='ocrx_word' id='word_1_157' title='bbox 2095 2030 2348 2101; x_wconf 89' lang='lat' dir='ltr'>sanctis</span> <span class='ocrx_word' id='word_1_158' title='bbox 2396 2028 2534 2099; x_wconf 89' lang='lat' dir='ltr'>illis</span> <span class='ocrx_word' id='word_1_159' title='bbox 2631 2052 2705 2098; x_wconf 90' lang='lat' dir='ltr'>a-</span> 
     </span>
     <span class='ocr_line' id='line_1_20' title="bbox 189 2117 2709 2208; baseline 0.001 -22"><span class='ocrx_word' id='word_1_160' title='bbox 189 2118 433 2187; x_wconf 91' lang='lat' dir='ltr'>tribus.</span> <span class='ocrx_word' id='word_1_161' title='bbox 488 2117 607 2187; x_wconf 90' lang='lat' dir='ltr'>Ille</span> <span class='ocrx_word' id='word_1_162' title='bbox 655 2142 809 2189; x_wconf 91' lang='lat' dir='ltr'>vero</span> <span class='ocrx_word' id='word_1_163' title='bbox 844 2117 1213 2208; x_wconf 87' lang='lat' dir='ltr'>respondit:</span> <span class='ocrx_word' id='word_1_164' title='bbox 1247 2117 1693 2203; x_wconf 81' lang='lat' dir='ltr'>Antiquorum</span> <span class='ocrx_word' id='word_1_165' title='bbox 1728 2123 2001 2188; x_wconf 89' lang='lat' dir='ltr'>Patrum</span> <span class='ocrx_word' id='word_1_166' title='bbox 2038 2119 2308 2189; x_wconf 91' lang='lat' dir='ltr'>animos</span> <span class='ocrx_word' id='word_1_167' title='bbox 2339 2140 2472 2189; x_wconf 90' lang='lat' dir='ltr'>non</span> <span class='ocrx_word' id='word_1_168' title='bbox 2506 2118 2571 2189; x_wconf 87' lang='lat' dir='ltr'>fa</span> <span class='ocrx_word' id='word_1_169' title='bbox 2603 2119 2709 2189; x_wconf 83' lang='lat' dir='ltr'>lax</span> 
     </span>
     <span class='ocr_line' id='line_1_21' title="bbox 190 2204 2703 2308; baseline -0 -31"><span class='ocrx_word' id='word_1_170' title='bbox 190 2207 515 2308; x_wconf 81' lang='lat' dir='ltr'>splendor</span> <span class='ocrx_word' id='word_1_171' title='bbox 559 2217 624 2277; x_wconf 92' lang='lat' dir='ltr'>et</span> <span class='ocrx_word' id='word_1_172' title='bbox 670 2207 897 2277; x_wconf 90' lang='lat' dir='ltr'>inanis</span> <span class='ocrx_word' id='word_1_173' title='bbox 945 2207 1185 2297; x_wconf 86' lang='lat' dir='ltr'>gloria,</span> <span class='ocrx_word' id='word_1_174' title='bbox 1224 2204 1340 2274; x_wconf 92' lang='lat' dir='ltr'>sed</span> <span class='ocrx_word' id='word_1_175' title='bbox 1389 2205 1622 2275; x_wconf 90' lang='lat' dir='ltr'>divina</span> <span class='ocrx_word' id='word_1_176' title='bbox 1651 2207 1871 2297; x_wconf 87' lang='lat' dir='ltr'>gratia</span> <span class='ocrx_word' id='word_1_177' title='bbox 1905 2206 2300 2278; x_wconf 88' lang='lat' dir='ltr'>illustrarat.</span> <span class='ocrx_word' id='word_1_178' title='bbox 2339 2214 2576 2296; x_wconf 89' lang='lat' dir='ltr'>Itaque</span> <span class='ocrx_word' id='word_1_179' title='bbox 2607 2208 2703 2277; x_wconf 87' lang='lat' dir='ltr'>fa-</span> 
     </span>
     <span class='ocr_line' id='line_1_22' title="bbox 189 2294 2706 2389; baseline 0.002 -25"><span class='ocrx_word' id='word_1_180' title='bbox 189 2296 318 2365; x_wconf 80' lang='lat' dir='ltr'>cile</span> <span class='ocrx_word' id='word_1_181' title='bbox 365 2295 466 2364; x_wconf 92' lang='lat' dir='ltr'>illi</span> <span class='ocrx_word' id='word_1_182' title='bbox 513 2294 984 2367; x_wconf 83' lang='lat' dir='ltr'>fraudulentas</span> <span class='ocrx_word' id='word_1_183' title='bbox 1033 2295 1297 2365; x_wconf 88' lang='lat' dir='ltr'>inimici</span> <span class='ocrx_word' id='word_1_184' title='bbox 1346 2295 1887 2366; x_wconf 87' lang='lat' dir='ltr'>machinationes</span> <span class='ocrx_word' id='word_1_185' title='bbox 1927 2297 2376 2386; x_wconf 83' lang='lat' dir='ltr'>pervidenteS,</span> <span class='ocrx_word' id='word_1_186' title='bbox 2419 2319 2546 2368; x_wconf 90' lang='lat' dir='ltr'>ceu</span> <span class='ocrx_word' id='word_1_187' title='bbox 2578 2320 2706 2389; x_wconf 89' lang='lat' dir='ltr'>pu-</span> 
     </span>
     <span class='ocr_line' id='line_1_23' title="bbox 188 2384 2709 2545; baseline 0 -91"><span class='ocrx_word' id='word_1_188' title='bbox 188 2385 361 2545; x_wconf 55' lang='lat' dir='ltr'>giles</span> <span class='ocrx_word' id='word_1_189' title='bbox 408 2384 641 2455; x_wconf 89' lang='lat' dir='ltr'>invicti</span> <span class='ocrx_word' id='word_1_190' title='bbox 674 2385 872 2456; x_wconf 91' lang='lat' dir='ltr'>illurn</span> <span class='ocrx_word' id='word_1_191' title='bbox 925 2385 1182 2456; x_wconf 86' lang='lat' dir='ltr'>fortiter</span> <span class='ocrx_word' id='word_1_192' title='bbox 1229 2398 1731 2474; x_wconf 83' lang='lat' dir='ltr'>expugnarunt.</span> <span class='ocrx_word' id='word_1_193' title='bbox 1770 2385 1962 2468; x_wconf 90' lang='lat' dir='ltr'>Quod</span> <span class='ocrx_word' id='word_1_194' title='bbox 2026 2386 2140 2456; x_wconf 91' lang='lat' dir='ltr'>ille</span> <span class='ocrx_word' id='word_1_195' title='bbox 2187 2387 2527 2477; x_wconf 90' lang='lat' dir='ltr'>superbus</span> <span class='ocrx_word' id='word_1_196' title='bbox 2572 2408 2709 2456; x_wconf 90' lang='lat' dir='ltr'>non</span> 
     </span>
     <span class='ocr_line' id='line_1_24' title="bbox 215 2473 2713 2568; baseline 0 -23"><span class='ocrx_word' id='word_1_197' title='bbox 215 2496 435 2557; x_wconf 81' lang='lat' dir='ltr'>erenS,</span> <span class='ocrx_word' id='word_1_198' title='bbox 467 2473 878 2546; x_wconf 82' lang='lat' dir='ltr'>difficillima</span> <span class='ocrx_word' id='word_1_199' title='bbox 912 2475 1361 2545; x_wconf 85' lang='lat' dir='ltr'>tentationum</span> <span class='ocrx_word' id='word_1_200' title='bbox 1389 2473 1764 2544; x_wconf 88' lang='lat' dir='ltr'>certamina</span> <span class='ocrx_word' id='word_1_201' title='bbox 1794 2473 1931 2544; x_wconf 91' lang='lat' dir='ltr'>illis</span> <span class='ocrx_word' id='word_1_202' title='bbox 1958 2475 2341 2568; x_wconf 87' lang='lat' dir='ltr'>objiciebat,</span> <span class='ocrx_word' id='word_1_203' title='bbox 2374 2488 2713 2548; x_wconf 89' lang='lat' dir='ltr'>monstro-</span> 
     </span>
     <span class='ocr_line' id='line_1_25' title="bbox 191 2563 2711 2664; baseline 0 -29"><span class='ocrx_word' id='word_1_204' title='bbox 191 2587 302 2635; x_wconf 89' lang='lat' dir='ltr'>sas</span> <span class='ocrx_word' id='word_1_205' title='bbox 348 2563 602 2635; x_wconf 87' lang='lat' dir='ltr'>formas</span> <span class='ocrx_word' id='word_1_206' title='bbox 649 2576 714 2636; x_wconf 92' lang='lat' dir='ltr'>et</span> <span class='ocrx_word' id='word_1_207' title='bbox 762 2565 1141 2635; x_wconf 88' lang='lat' dir='ltr'>teterrimos</span> <span class='ocrx_word' id='word_1_208' title='bbox 1187 2565 1486 2654; x_wconf 90' lang='lat' dir='ltr'>impetus</span> <span class='ocrx_word' id='word_1_209' title='bbox 1546 2563 1644 2634; x_wconf 89' lang='lat' dir='ltr'>eis</span> <span class='ocrx_word' id='word_1_210' title='bbox 1692 2564 2050 2664; x_wconf 78' lang='lat' dir='ltr'>ingerenS‚</span> <span class='ocrx_word' id='word_1_211' title='bbox 2101 2578 2177 2635; x_wconf 90' lang='lat' dir='ltr'>ut</span> <span class='ocrx_word' id='word_1_212' title='bbox 2224 2567 2288 2634; x_wconf 92' lang='lat' dir='ltr'>vi</span> <span class='ocrx_word' id='word_1_213' title='bbox 2336 2565 2491 2635; x_wconf 91' lang='lat' dir='ltr'>illos</span> <span class='ocrx_word' id='word_1_214' title='bbox 2555 2588 2711 2656; x_wconf 89' lang='lat' dir='ltr'>pro-</span> 
     </span>
     <span class='ocr_line' id='line_1_26' title="bbox 189 2650 2715 2745; baseline -0 -20"><span class='ocrx_word' id='word_1_215' title='bbox 189 2653 491 2725; x_wconf 91' lang='lat' dir='ltr'>truderet</span> <span class='ocrx_word' id='word_1_216' title='bbox 531 2653 599 2723; x_wconf 90' lang='lat' dir='ltr'>in</span> <span class='ocrx_word' id='word_1_217' title='bbox 642 2665 941 2745; x_wconf 88' lang='lat' dir='ltr'>peccata.</span> <span class='ocrx_word' id='word_1_218' title='bbox 979 2659 1108 2725; x_wconf 88' lang='lat' dir='ltr'>Nos</span> <span class='ocrx_word' id='word_1_219' title='bbox 1140 2674 1296 2723; x_wconf 90' lang='lat' dir='ltr'>vero</span> <span class='ocrx_word' id='word_1_220' title='bbox 1328 2654 1448 2740; x_wconf 90' lang='lat' dir='ltr'>qui</span> <span class='ocrx_word' id='word_1_221' title='bbox 1489 2650 1689 2721; x_wconf 83' lang='lat' dir='ltr'>facile</span> <span class='ocrx_word' id='word_1_222' title='bbox 1722 2674 1784 2723; x_wconf 82' lang='lat' dir='ltr'>el</span> <span class='ocrx_word' id='word_1_223' title='bbox 1823 2652 2206 2735; x_wconf 79' lang='lat' dir='ltr'>obedimuS‚</span> <span class='ocrx_word' id='word_1_224' title='bbox 2247 2654 2536 2724; x_wconf 88' lang='lat' dir='ltr'>occultis</span> <span class='ocrx_word' id='word_1_225' title='bbox 2569 2666 2715 2725; x_wconf 91' lang='lat' dir='ltr'>ten-</span> 
     </span>
     <span class='ocr_line' id='line_1_27' title="bbox 193 2741 2713 2846; baseline 0 -33"><span class='ocrx_word' id='word_1_226' title='bbox 193 2744 528 2846; x_wconf 80' lang='lat' dir='ltr'>tationum</span> <span class='ocrx_word' id='word_1_227' title='bbox 559 2742 814 2834; x_wconf 86' lang='lat' dir='ltr'>jaculis</span> <span class='ocrx_word' id='word_1_228' title='bbox 847 2744 979 2814; x_wconf 92' lang='lat' dir='ltr'>cito</span> <span class='ocrx_word' id='word_1_229' title='bbox 1028 2741 1418 2835; x_wconf 86' lang='lat' dir='ltr'>prosternit,</span> <span class='ocrx_word' id='word_1_230' title='bbox 1455 2741 1724 2812; x_wconf 90' lang='lat' dir='ltr'>etiamsi</span> <span class='ocrx_word' id='word_1_231' title='bbox 1758 2741 2019 2813; x_wconf 90' lang='lat' dir='ltr'>nullam</span> <span class='ocrx_word' id='word_1_232' title='bbox 2065 2743 2260 2815; x_wconf 91' lang='lat' dir='ltr'>nobis</span> <span class='ocrx_word' id='word_1_233' title='bbox 2292 2753 2528 2814; x_wconf 90' lang='lat' dir='ltr'>tetram</span> <span class='ocrx_word' id='word_1_234' title='bbox 2561 2766 2713 2835; x_wconf 92' lang='lat' dir='ltr'>spe-</span> 
     </span>
     <span class='ocr_line' id='line_1_28' title="bbox 189 2845 893 2923; baseline -0.001 -20"><span class='ocrx_word' id='word_1_235' title='bbox 189 2854 363 2903; x_wconf 77' lang='lat' dir='ltr'>ciem</span> <span class='ocrx_word' id='word_1_236' title='bbox 413 2845 893 2923; x_wconf 89' lang='lat' dir='ltr'>repraesentet.</span> 
     </span>
    </p>

    <p class='ocr_par' dir='ltr' id='par_1_4' title="bbox 190 2920 2722 4618">
     <span class='ocr_line' id='line_1_29' title="bbox 276 2920 2716 3013; baseline -0.002 -18"><span class='ocrx_word' id='word_1_237' title='bbox 276 2925 312 3010; x_wconf 76' lang='lat'>§</span> <span class='ocrx_word' id='word_1_238' title='bbox 359 2927 507 2995; x_wconf 67' lang='lat'>12.</span> <span class='ocrx_word' id='word_1_239' title='bbox 563 2926 770 2993; x_wconf 73' lang='lat' dir='ltr'>Fama</span> <span class='ocrx_word' id='word_1_240' title='bbox 815 2922 1193 2993; x_wconf 88' lang='lat' dir='ltr'>sanctitatis</span> <span class='ocrx_word' id='word_1_241' title='bbox 1242 2921 1417 2992; x_wconf 89' lang='lat' dir='ltr'>beati</span> <span class='ocrx_word' id='word_1_242' title='bbox 1467 2920 1593 2992; x_wconf 92' lang='lat' dir='ltr'>viri</span> <span class='ocrx_word' id='word_1_243' title='bbox 1645 2920 1885 3012; x_wconf 89' lang='lat' dir='ltr'>procul</span> <span class='ocrx_word' id='word_1_244' title='bbox 1937 2932 2297 3013; x_wconf 84' lang='lat' dir='ltr'>evagante,</span> <span class='ocrx_word' id='word_1_245' title='bbox 2365 2920 2716 3012; x_wconf 88' lang='lat' dir='ltr'>perfectis-</span> 
     </span>
     <span class='ocr_line' id='line_1_30' title="bbox 190 3009 2714 3102; baseline 0 -23"><span class='ocrx_word' id='word_1_246' title='bbox 190 3009 346 3079; x_wconf 90' lang='lat' dir='ltr'>simi</span> <span class='ocrx_word' id='word_1_247' title='bbox 395 3010 652 3099; x_wconf 89' lang='lat' dir='ltr'>quique</span> <span class='ocrx_word' id='word_1_248' title='bbox 696 3011 1083 3082; x_wconf 90' lang='lat' dir='ltr'>Britanniae</span> <span class='ocrx_word' id='word_1_249' title='bbox 1128 3011 1280 3093; x_wconf 91' lang='lat' dir='ltr'>viri,</span> <span class='ocrx_word' id='word_1_250' title='bbox 1319 3033 1359 3081; x_wconf 93' lang='lat' dir='ltr'>a</span> <span class='ocrx_word' id='word_1_251' title='bbox 1406 3010 1662 3082; x_wconf 87' lang='lat' dir='ltr'>finibus</span> <span class='ocrx_word' id='word_1_252' title='bbox 1703 3021 1916 3081; x_wconf 88' lang='lat' dir='ltr'>terrae</span> <span class='ocrx_word' id='word_1_253' title='bbox 1953 3023 2404 3102; x_wconf 88' lang='lat' dir='ltr'>properarunt</span> <span class='ocrx_word' id='word_1_254' title='bbox 2432 3010 2520 3080; x_wconf 93' lang='lat' dir='ltr'>ad</span> <span class='ocrx_word' id='word_1_255' title='bbox 2554 3032 2714 3081; x_wconf 90' lang='lat' dir='ltr'>eum</span> 
     </span>
     <span class='ocr_line' id='line_1_31' title="bbox 191 3098 2717 3191; baseline 0.001 -24"><span class='ocrx_word' id='word_1_256' title='bbox 191 3098 493 3168; x_wconf 89' lang='lat' dir='ltr'>audituri</span> <span class='ocrx_word' id='word_1_257' title='bbox 540 3100 945 3191; x_wconf 88' lang='lat' dir='ltr'>sapientiam</span> <span class='ocrx_word' id='word_1_258' title='bbox 999 3100 1381 3171; x_wconf 83' lang='lat' dir='ltr'>Salomonis</span> <span class='ocrx_word' id='word_1_259' title='bbox 1412 3155 1427 3182; x_wconf 94' lang='lat'>,</span> <span class='ocrx_word' id='word_1_260' title='bbox 1482 3100 1683 3191; x_wconf 89' lang='lat' dir='ltr'>plane</span> <span class='ocrx_word' id='word_1_261' title='bbox 1745 3121 2152 3190; x_wconf 89' lang='lat' dir='ltr'>persuasum</span> <span class='ocrx_word' id='word_1_262' title='bbox 2210 3099 2578 3182; x_wconf 90' lang='lat' dir='ltr'>habentes,</span> <span class='ocrx_word' id='word_1_263' title='bbox 2645 3121 2717 3171; x_wconf 93' lang='lat' dir='ltr'>se</span> 
     </span>
     <span class='ocr_line' id='line_1_32' title="bbox 191 3187 2715 3280; baseline 0.001 -24"><span class='ocrx_word' id='word_1_264' title='bbox 191 3187 421 3258; x_wconf 88' lang='lat' dir='ltr'>felices</span> <span class='ocrx_word' id='word_1_265' title='bbox 469 3187 805 3260; x_wconf 89' lang='lat' dir='ltr'>redituros</span> <span class='ocrx_word' id='word_1_266' title='bbox 838 3190 907 3258; x_wconf 91' lang='lat' dir='ltr'>in</span> <span class='ocrx_word' id='word_1_267' title='bbox 949 3211 1096 3270; x_wconf 90' lang='lat' dir='ltr'>sua,</span> <span class='ocrx_word' id='word_1_268' title='bbox 1133 3189 1193 3259; x_wconf 94' lang='lat' dir='ltr'>si</span> <span class='ocrx_word' id='word_1_269' title='bbox 1238 3189 1387 3280; x_wconf 90' lang='lat' dir='ltr'>ejus</span> <span class='ocrx_word' id='word_1_270' title='bbox 1434 3201 1659 3260; x_wconf 90' lang='lat' dir='ltr'>essent</span> <span class='ocrx_word' id='word_1_271' title='bbox 1699 3187 2013 3279; x_wconf 73' lang='lat' dir='ltr'>perfruiti</span> <span class='ocrx_word' id='word_1_272' title='bbox 2059 3189 2421 3278; x_wconf 87' lang='lat' dir='ltr'>colloquio.</span> <span class='ocrx_word' id='word_1_273' title='bbox 2461 3194 2509 3259; x_wconf 90' lang='lat' dir='ltr'>E</span> <span class='ocrx_word' id='word_1_274' title='bbox 2562 3188 2715 3276; x_wconf 89' lang='lat' dir='ltr'>qui-</span> 
     </span>
     <span class='ocr_line' id='line_1_33' title="bbox 192 3276 2711 3370; baseline 0 -25"><span class='ocrx_word' id='word_1_275' title='bbox 192 3276 327 3347; x_wconf 89' lang='lat' dir='ltr'>bus</span> <span class='ocrx_word' id='word_1_276' title='bbox 374 3277 727 3347; x_wconf 90' lang='lat' dir='ltr'>nonnullis</span> <span class='ocrx_word' id='word_1_277' title='bbox 774 3277 1308 3358; x_wconf 85' lang='lat' dir='ltr'>sciscitantibus,</span> <span class='ocrx_word' id='word_1_278' title='bbox 1363 3298 1490 3348; x_wconf 86' lang='lat' dir='ltr'>cur</span> <span class='ocrx_word' id='word_1_279' title='bbox 1526 3278 1890 3370; x_wconf 85' lang='lat' dir='ltr'>perfectius</span> <span class='ocrx_word' id='word_1_280' title='bbox 1938 3278 2329 3350; x_wconf 90' lang='lat' dir='ltr'>institutum</span> <span class='ocrx_word' id='word_1_281' title='bbox 2378 3277 2711 3350; x_wconf 89' lang='lat' dir='ltr'>monasti-</span> 
     </span>
     <span class='ocr_line' id='line_1_34' title="bbox 193 3366 2714 3459; baseline 0.002 -25"><span class='ocrx_word' id='word_1_282' title='bbox 193 3386 353 3434; x_wconf 90' lang='lat' dir='ltr'>cum</span> <span class='ocrx_word' id='word_1_283' title='bbox 404 3385 539 3434; x_wconf 91' lang='lat' dir='ltr'>non</span> <span class='ocrx_word' id='word_1_284' title='bbox 586 3367 1191 3456; x_wconf 88' lang='lat' dir='ltr'>complecteretur,</span> <span class='ocrx_word' id='word_1_285' title='bbox 1251 3366 1367 3435; x_wconf 92' lang='lat' dir='ltr'>ille</span> <span class='ocrx_word' id='word_1_286' title='bbox 1428 3368 1773 3459; x_wconf 89' lang='lat' dir='ltr'>sapienter</span> <span class='ocrx_word' id='word_1_287' title='bbox 1831 3367 2227 3459; x_wconf 89' lang='lat' dir='ltr'>respondit:</span> <span class='ocrx_word' id='word_1_288' title='bbox 2283 3374 2361 3438; x_wconf 95' lang='lat' dir='ltr'>In</span> <span class='ocrx_word' id='word_1_289' title='bbox 2410 3367 2714 3456; x_wconf 88' lang='lat' dir='ltr'>quolibet</span> 
     </span>
     <span class='ocr_line' id='line_1_35' title="bbox 195 3453 2716 3556; baseline 0.001 -32"><span class='ocrx_word' id='word_1_290' title='bbox 195 3453 612 3525; x_wconf 89' lang='lat' dir='ltr'>monasticae</span> <span class='ocrx_word' id='word_1_291' title='bbox 680 3456 853 3525; x_wconf 89' lang='lat' dir='ltr'>vitae</span> <span class='ocrx_word' id='word_1_292' title='bbox 916 3477 1161 3547; x_wconf 88' lang='lat' dir='ltr'>genere</span> <span class='ocrx_word' id='word_1_293' title='bbox 1231 3477 1601 3556; x_wconf 89' lang='lat' dir='ltr'>possumus</span> <span class='ocrx_word' id='word_1_294' title='bbox 1648 3457 2076 3528; x_wconf 88' lang='lat' dir='ltr'>continenter</span> <span class='ocrx_word' id='word_1_295' title='bbox 2119 3456 2355 3527; x_wconf 89' lang='lat' dir='ltr'>animo</span> <span class='ocrx_word' id='word_1_296' title='bbox 2403 3456 2716 3528; x_wconf 89' lang='lat' dir='ltr'>coelestis</span> 
     </span>
     <span class='ocr_line' id='line_1_36' title="bbox 195 3542 2710 3637; baseline 0.001 -25"><span class='ocrx_word' id='word_1_297' title='bbox 195 3542 454 3634; x_wconf 91' lang='lat' dir='ltr'>patriae</span> <span class='ocrx_word' id='word_1_298' title='bbox 509 3543 764 3634; x_wconf 89' lang='lat' dir='ltr'>gaudia</span> <span class='ocrx_word' id='word_1_299' title='bbox 808 3543 1296 3636; x_wconf 79' lang='lat' dir='ltr'>contemplari,</span> <span class='ocrx_word' id='word_1_300' title='bbox 1348 3556 1414 3614; x_wconf 89' lang='lat' dir='ltr'>et</span> <span class='ocrx_word' id='word_1_301' title='bbox 1478 3546 1548 3614; x_wconf 91' lang='lat' dir='ltr'>in</span> <span class='ocrx_word' id='word_1_302' title='bbox 1600 3545 1967 3617; x_wconf 88' lang='lat' dir='ltr'>virtutibus</span> <span class='ocrx_word' id='word_1_303' title='bbox 2017 3545 2357 3637; x_wconf 88' lang='lat' dir='ltr'>progredi.</span> <span class='ocrx_word' id='word_1_304' title='bbox 2430 3545 2710 3615; x_wconf 89' lang='lat' dir='ltr'>Interim</span> 
     </span>
     <span class='ocr_line' id='line_1_37' title="bbox 197 3631 2708 3725; baseline 0.001 -23"><span class='ocrx_word' id='word_1_305' title='bbox 197 3645 418 3702; x_wconf 90' lang='lat' dir='ltr'>tamen</span> <span class='ocrx_word' id='word_1_306' title='bbox 470 3631 681 3703; x_wconf 87' lang='lat' dir='ltr'>fateor</span> <span class='ocrx_word' id='word_1_307' title='bbox 728 3655 835 3703; x_wconf 90' lang='lat' dir='ltr'>me</span> <span class='ocrx_word' id='word_1_308' title='bbox 895 3634 1105 3725; x_wconf 88' lang='lat' dir='ltr'>hujus</span> <span class='ocrx_word' id='word_1_309' title='bbox 1152 3633 1443 3704; x_wconf 87' lang='lat' dir='ltr'>instituti</span> <span class='ocrx_word' id='word_1_310' title='bbox 1491 3657 1610 3715; x_wconf 89' lang='lat' dir='ltr'>ea,</span> <span class='ocrx_word' id='word_1_311' title='bbox 1662 3656 1839 3721; x_wconf 90' lang='lat' dir='ltr'>quae</span> <span class='ocrx_word' id='word_1_312' title='bbox 1903 3633 2382 3705; x_wconf 87' lang='lat' dir='ltr'>substantialia</span> <span class='ocrx_word' id='word_1_313' title='bbox 2442 3647 2708 3714; x_wconf 90' lang='lat' dir='ltr'>vocant,</span> 
     </span>
     <span class='ocr_line' id='line_1_38' title="bbox 196 3721 2712 3815; baseline 0 -24"><span class='ocrx_word' id='word_1_314' title='bbox 196 3721 488 3792; x_wconf 90' lang='lat' dir='ltr'>necdum</span> <span class='ocrx_word' id='word_1_315' title='bbox 540 3721 952 3813; x_wconf 89' lang='lat' dir='ltr'>implevisse.</span> <span class='ocrx_word' id='word_1_316' title='bbox 1033 3728 1268 3809; x_wconf 89' lang='lat' dir='ltr'>Itaque</span> <span class='ocrx_word' id='word_1_317' title='bbox 1315 3723 1711 3792; x_wconf 89' lang='lat' dir='ltr'>temeritatis</span> <span class='ocrx_word' id='word_1_318' title='bbox 1762 3723 1920 3814; x_wconf 88' lang='lat' dir='ltr'>jure</span> <span class='ocrx_word' id='word_1_319' title='bbox 1977 3723 2375 3815; x_wconf 91' lang='lat' dir='ltr'>arguendus</span> <span class='ocrx_word' id='word_1_320' title='bbox 2421 3723 2579 3805; x_wconf 90' lang='lat' dir='ltr'>sim,</span> <span class='ocrx_word' id='word_1_321' title='bbox 2652 3723 2712 3794; x_wconf 93' lang='lat' dir='ltr'>si</span> 
     </span>
     <span class='ocr_line' id='line_1_39' title="bbox 194 3810 2712 3903; baseline 0 -23"><span class='ocrx_word' id='word_1_322' title='bbox 194 3810 471 3882; x_wconf 84' lang='lat' dir='ltr'>laxioris</span> <span class='ocrx_word' id='word_1_323' title='bbox 518 3811 692 3880; x_wconf 87' lang='lat' dir='ltr'>vitae</span> <span class='ocrx_word' id='word_1_324' title='bbox 737 3811 942 3882; x_wconf 90' lang='lat' dir='ltr'>etiam</span> <span class='ocrx_word' id='word_1_325' title='bbox 1001 3810 1289 3881; x_wconf 91' lang='lat' dir='ltr'>minima</span> <span class='ocrx_word' id='word_1_326' title='bbox 1338 3832 1472 3879; x_wconf 92' lang='lat' dir='ltr'>non</span> <span class='ocrx_word' id='word_1_327' title='bbox 1520 3812 1914 3892; x_wconf 89' lang='lat' dir='ltr'>observans,</span> <span class='ocrx_word' id='word_1_328' title='bbox 1966 3811 2242 3882; x_wconf 89' lang='lat' dir='ltr'>arctiori</span> <span class='ocrx_word' id='word_1_329' title='bbox 2301 3812 2712 3903; x_wconf 90' lang='lat' dir='ltr'>disciplinae</span> 
     </span>
     <span class='ocr_line' id='line_1_40' title="bbox 195 3899 2709 3991; baseline -0 -21"><span class='ocrx_word' id='word_1_330' title='bbox 195 3923 305 3970; x_wconf 91' lang='lat' dir='ltr'>me</span> <span class='ocrx_word' id='word_1_331' title='bbox 353 3899 642 3982; x_wconf 89' lang='lat' dir='ltr'>tradam,</span> <span class='ocrx_word' id='word_1_332' title='bbox 696 3900 1021 3971; x_wconf 90' lang='lat' dir='ltr'>sublimia</span> <span class='ocrx_word' id='word_1_333' title='bbox 1069 3899 1526 3991; x_wconf 72' lang='lat' dir='ltr'>professurus</span> <span class='ocrx_word' id='word_1_334' title='bbox 1566 3899 1991 3983; x_wconf 86' lang='lat' dir='ltr'>Quibusdam</span> <span class='ocrx_word' id='word_1_335' title='bbox 2042 3922 2198 3971; x_wconf 92' lang='lat' dir='ltr'>vero</span> <span class='ocrx_word' id='word_1_336' title='bbox 2295 3901 2709 3972; x_wconf 87' lang='lat' dir='ltr'>ercontanti-</span> 
     </span>
     <span class='ocr_line' id='line_1_41' title="bbox 196 3988 2716 4080; baseline -0 -20"><span class='ocrx_word' id='word_1_337' title='bbox 196 3990 371 4071; x_wconf 79' lang='lat' dir='ltr'>buS,</span> <span class='ocrx_word' id='word_1_338' title='bbox 439 3989 594 4076; x_wconf 89' lang='lat' dir='ltr'>quis</span> <span class='ocrx_word' id='word_1_339' title='bbox 640 4011 857 4060; x_wconf 91' lang='lat' dir='ltr'>canon</span> <span class='ocrx_word' id='word_1_340' title='bbox 909 3990 1329 4060; x_wconf 89' lang='lat' dir='ltr'>monasticus</span> <span class='ocrx_word' id='word_1_341' title='bbox 1394 3988 1825 4080; x_wconf 89' lang='lat' dir='ltr'>potissimum</span> <span class='ocrx_word' id='word_1_342' title='bbox 1872 4002 2233 4060; x_wconf 80' lang='lat' dir='ltr'>consectari</span> <span class='ocrx_word' id='word_1_343' title='bbox 2289 4012 2371 4060; x_wconf 91' lang='lat' dir='ltr'>us</span> <span class='ocrx_word' id='word_1_344' title='bbox 2418 3991 2544 4073; x_wconf 90' lang='lat' dir='ltr'>sit,</span> <span class='ocrx_word' id='word_1_345' title='bbox 2602 3989 2716 4059; x_wconf 93' lang='lat' dir='ltr'>ille</span> 
     </span>
     <span class='ocr_line' id='line_1_42' title="bbox 200 4078 2717 4170; baseline 0.001 -22"><span class='ocrx_word' id='word_1_346' title='bbox 200 4101 355 4149; x_wconf 86' lang='lat' dir='ltr'>mox</span> <span class='ocrx_word' id='word_1_347' title='bbox 404 4078 775 4169; x_wconf 90' lang='lat' dir='ltr'>respondit,</span> <span class='ocrx_word' id='word_1_348' title='bbox 812 4078 1254 4170; x_wconf 89' lang='lat' dir='ltr'>Evangelium</span> <span class='ocrx_word' id='word_1_349' title='bbox 1296 4079 1681 4150; x_wconf 90' lang='lat' dir='ltr'>secundum</span> <span class='ocrx_word' id='word_1_350' title='bbox 1728 4084 2088 4161; x_wconf 84' lang='lat' dir='ltr'>Joannem,</span> <span class='ocrx_word' id='word_1_351' title='bbox 2127 4083 2429 4149; x_wconf 87' lang='lat' dir='ltr'>Canones</span> <span class='ocrx_word' id='word_1_352' title='bbox 2476 4100 2717 4150; x_wconf 90' lang='lat' dir='ltr'>omnes</span> 
     </span>
     <span class='ocr_line' id='line_1_43' title="bbox 199 4167 2718 4269; baseline -0 -32"><span class='ocrx_word' id='word_1_353' title='bbox 199 4167 547 4238; x_wconf 81' lang='lat' dir='ltr'>excellere.</span> <span class='ocrx_word' id='word_1_354' title='bbox 603 4172 679 4237; x_wconf 89' lang='lat' dir='ltr'>Et</span> <span class='ocrx_word' id='word_1_355' title='bbox 724 4179 903 4238; x_wconf 90' lang='lat' dir='ltr'>certe</span> <span class='ocrx_word' id='word_1_356' title='bbox 950 4167 1097 4259; x_wconf 90' lang='lat' dir='ltr'>ipse</span> <span class='ocrx_word' id='word_1_357' title='bbox 1141 4169 1382 4259; x_wconf 61' lang='lat' dir='ltr'>beatus</span> <span class='ocrx_word' id='word_1_358' title='bbox 1432 4169 1532 4237; x_wconf 91' lang='lat' dir='ltr'>vir</span> <span class='ocrx_word' id='word_1_359' title='bbox 1591 4169 1769 4238; x_wconf 91' lang='lat' dir='ltr'>inter</span> <span class='ocrx_word' id='word_1_360' title='bbox 1816 4168 2027 4238; x_wconf 85' lang='lat' dir='ltr'>hu&#39;us</span> <span class='ocrx_word' id='word_1_361' title='bbox 2089 4168 2501 4269; x_wconf 85' lang='lat' dir='ltr'>procellosae</span> <span class='ocrx_word' id='word_1_362' title='bbox 2546 4169 2718 4237; x_wconf 89' lang='lat' dir='ltr'>vitae</span> 
     </span>
     <span class='ocr_line' id='line_1_44' title="bbox 197 4255 2718 4349; baseline -0 -24"><span class='ocrx_word' id='word_1_363' title='bbox 197 4267 338 4326; x_wconf 88' lang='lat' dir='ltr'>tam</span> <span class='ocrx_word' id='word_1_364' title='bbox 388 4255 611 4327; x_wconf 89' lang='lat' dir='ltr'>varios</span> <span class='ocrx_word' id='word_1_365' title='bbox 650 4279 853 4327; x_wconf 93' lang='lat' dir='ltr'>casus</span> <span class='ocrx_word' id='word_1_366' title='bbox 900 4267 965 4326; x_wconf 91' lang='lat' dir='ltr'>et</span> <span class='ocrx_word' id='word_1_367' title='bbox 1012 4256 1376 4327; x_wconf 88' lang='lat' dir='ltr'>innumera</span> <span class='ocrx_word' id='word_1_368' title='bbox 1422 4257 1849 4339; x_wconf 88' lang='lat' dir='ltr'>discrimina,</span> <span class='ocrx_word' id='word_1_369' title='bbox 1954 4256 2119 4326; x_wconf 87' lang='lat' dir='ltr'>ivin1</span> <span class='ocrx_word' id='word_1_370' title='bbox 2181 4258 2434 4328; x_wconf 89' lang='lat' dir='ltr'>amoris</span> <span class='ocrx_word' id='word_1_371' title='bbox 2474 4256 2718 4349; x_wconf 89' lang='lat' dir='ltr'>pennis</span> 
     </span>
     <span class='ocr_line' id='line_1_45' title="bbox 195 4345 2718 4437; baseline 0.001 -24"><span class='ocrx_word' id='word_1_372' title='bbox 195 4345 381 4414; x_wconf 87' lang='lat' dir='ltr'>ultra</span> <span class='ocrx_word' id='word_1_373' title='bbox 413 4345 637 4416; x_wconf 89' lang='lat' dir='ltr'>sidera</span> <span class='ocrx_word' id='word_1_374' title='bbox 676 4346 1015 4429; x_wconf 87' lang='lat' dir='ltr'>sublatus,</span> <span class='ocrx_word' id='word_1_375' title='bbox 1051 4358 1252 4434; x_wconf 90' lang='lat' dir='ltr'>atque</span> <span class='ocrx_word' id='word_1_376' title='bbox 1300 4346 1460 4416; x_wconf 91' lang='lat' dir='ltr'>inde</span> <span class='ocrx_word' id='word_1_377' title='bbox 1504 4345 1981 4437; x_wconf 90' lang='lat' dir='ltr'>contemplans</span> <span class='ocrx_word' id='word_1_378' title='bbox 2027 4345 2354 4434; x_wconf 91' lang='lat' dir='ltr'>quicquid</span> <span class='ocrx_word' id='word_1_379' title='bbox 2389 4347 2500 4415; x_wconf 90' lang='lat' dir='ltr'>hic</span> <span class='ocrx_word' id='word_1_380' title='bbox 2532 4345 2718 4415; x_wconf 89' lang='lat' dir='ltr'>orbis</span> 
     </span>
     <span class='ocr_line' id='line_1_46' title="bbox 198 4433 2722 4527; baseline -0 -24"><span class='ocrx_word' id='word_1_381' title='bbox 198 4433 425 4517; x_wconf 91' lang='lat' dir='ltr'>habet,</span> <span class='ocrx_word' id='word_1_382' title='bbox 469 4434 540 4505; x_wconf 94' lang='lat' dir='ltr'>id</span> <span class='ocrx_word' id='word_1_383' title='bbox 587 4457 791 4506; x_wconf 89' lang='lat' dir='ltr'>omne</span> <span class='ocrx_word' id='word_1_384' title='bbox 837 4436 1056 4506; x_wconf 90' lang='lat' dir='ltr'>instar</span> <span class='ocrx_word' id='word_1_385' title='bbox 1091 4457 1309 4524; x_wconf 87' lang='lat' dir='ltr'>aquae</span> <span class='ocrx_word' id='word_1_386' title='bbox 1355 4434 1914 4527; x_wconf 88' lang='lat' dir='ltr'>praeterlabentis</span> <span class='ocrx_word' id='word_1_387' title='bbox 1960 4457 2380 4516; x_wconf 90' lang='lat' dir='ltr'>evanescere,</span> <span class='ocrx_word' id='word_1_388' title='bbox 2466 4433 2722 4503; x_wconf 88' lang='lat' dir='ltr'>raecla-</span> 
     </span>
     <span class='ocr_line' id='line_1_47' title="bbox 205 4523 2722 4618; baseline 0 -22"><span class='ocrx_word' id='word_1_389' title='bbox 205 4544 352 4596; x_wconf 88' lang='lat' dir='ltr'>ram</span> <span class='ocrx_word' id='word_1_390' title='bbox 406 4525 624 4595; x_wconf 90' lang='lat' dir='ltr'>sancti</span> <span class='ocrx_word' id='word_1_391' title='bbox 660 4525 949 4597; x_wconf 84' lang='lat' dir='ltr'>Joannis</span> <span class='ocrx_word' id='word_1_392' title='bbox 996 4524 1406 4608; x_wconf 83' lang='lat' dir='ltr'>doctrinam,</span> <span class='ocrx_word' id='word_1_393' title='bbox 1458 4524 1728 4616; x_wconf 89' lang='lat' dir='ltr'>sibiipsi</span> <span class='ocrx_word' id='word_1_394' title='bbox 1776 4524 1950 4597; x_wconf 90' lang='lat' dir='ltr'>vitae</span> <span class='ocrx_word' id='word_1_395' title='bbox 1983 4547 2291 4596; x_wconf 88' lang='lat' dir='ltr'>normam</span> <span class='ocrx_word' id='word_1_396' title='bbox 2342 4524 2426 4595; x_wconf 91' lang='lat' dir='ltr'>de</span> <span class='ocrx_word' id='word_1_397' title='bbox 2455 4523 2612 4618; x_wconf 82' lang='lat' dir='ltr'>egit.</span> <span class='ocrx_word' id='word_1_398' title='bbox 2644 4528 2722 4597; x_wconf 86' lang='lat' dir='ltr'>Et</span> 
     </span>
    </p>
   </div>
  </div>
 </body>
</html>
