3327 4999
182 330 287 396 EX
337 326 555 395 SEPT.
611 324 653 391 3
1096 341 1174 389 nn
1222 340 1278 388 s.
1333 340 1615 392 asuero
1662 340 1958 391 amscoro
2207 316 2210 325 ³
2495 326 2623 392 625

181 440 462 499 sanctus
494 480 511 507 ,
562 421 1051 514 integerrimus
1122 443 1405 513 corpore
1438 479 1454 506 ,
1508 423 2002 496 solertissimus
2048 423 2281 495 animo
2314 479 2330 507 ,
2388 425 2460 494 in
2508 446 2710 516 opere

179 518 750 607 circumspectuS,
802 511 1081 602 ingenio
1117 511 1480 595 excellenS,
1525 537 1641 584 ma
1694 534 1820 584 nus
1864 511 2179 595 consilio,
2229 513 2365 583 fide
2411 513 2706 584 Catholi-

181 630 343 688 ωε,
394 627 515 697 spe
573 599 1120 695 patientissimus
1154 656 1170 682 ,
1230 601 1559 672 charitate
1672 602 1946 674 iffusus.
1995 601 2208 691 Cujus
2262 625 2302 672 a
2353 602 2449 673 ud
2498 608 2730 674 Deum—

182 695 408 767 meriti
453 705 665 775 esset,
718 691 896 761 sacta
940 689 1091 760 e'us
1139 691 1588 762 testabantur.
1643 692 1813 761 Mira
1860 691 1933 761 in
1981 713 2060 761 eo
2107 713 2310 762 cerne
2360 702 2514 763 atur
2562 714 2711 762 mo-

181 807 337 856 rum
386 783 685 857 suavitas
730 793 798 851 et
842 712 1159 860 facilitaS,
1196 793 1401 867 atque
1448 780 1625 851 inter
1662 780 1907 851 divites
1940 793 2006 850 et
2038 803 2376 873 pauperes
2412 802 2492 851 ea
2517 803 2717 851 nove-

183 888 286 946 rat
332 871 798 944 moderatione
844 892 918 940 se
963 890 1221 970 gerere,
1285 880 1362 939 ut
1413 891 1747 962 pauperes
1807 892 1967 940 eum
2027 891 2192 941 suae
2239 870 2467 952 sortiS,
2520 869 2713 943 locu-

180 962 394 1056 pletes
421 984 579 1033 vero
607 961 719 1033 sui
759 959 1026 1030 ordinls
1071 957 1593 1030 arbitrarentur.
1632 965 1776 1031 Non
1808 958 1924 1029 ille
1966 981 2292 1051 personas
2321 970 2704 1051 potentum,

181 1053 299 1124 sed
361 1073 633 1122 morum
694 1048 1106 1141 elegantiam
1175 1047 1603 1136 pensitabat,
1658 1061 1844 1119 tanto
1902 1070 2249 1150 quemque
2298 1049 2711 1141 propensius

178 1143 568 1222 honorans,
622 1151 879 1227 quanto
925 1160 1082 1208 eum
1133 1137 1487 1208 didicisset
1534 1137 1843 1208 sanctius
1891 1160 2136 1209 vivere.
2198 1138 2391 1222 Quod
2440 1160 2557 1210 ore
2604 1137 2710 1208 di-

182 1232 380 1303 cebat
422 1242 487 1301 et
533 1229 961 1309 adstruebat,
1015 1249 1376 1315 nunquam
1424 1228 1691 1299 actione
1741 1226 1838 1297 vel
1888 1249 2091 1317 opere
2137 1227 2517 1299 destruxit:
2590 1226 2712 1298 sed

182 1319 381 1392 factis
417 1318 735 1401 ostendit,
786 1316 954 1405 quid
991 1339 1149 1388 voce
1179 1316 1411 1387 doceri
1444 1328 1805 1409 oporteret.
1859 1317 2051 1400 Quod
2100 1317 2164 1388 ei
2209 1317 2446 1389 divina
2490 1317 2715 1409 gratia

179 1408 491 1490 contulit,
536 1408 606 1479 id
645 1408 717 1477 in
767 1416 1072 1498 posteros
1109 1406 1460 1477 derivavit.
1516 1406 1707 1477 Unde
1738 1405 1910 1476 illud
1952 1421 2401 1478 consecutum
2448 1420 2572 1489 est,
2625 1418 2702 1477 ut

179 1522 318 1572 non
365 1499 520 1589 eius
550 1496 752 1568 modo
796 1508 987 1588 gesta
1036 1496 1233 1566 nobis
1281 1496 1621 1584 hodieque
1717 1495 2053 1566 roficiant:
2092 1496 2209 1569 sed
2258 1496 2462 1566 etiam
2505 1495 2714 1566 disci-

182 1589 506 1682 pulorum
554 1587 729 1678 ejuS,
780 1598 845 1656 et
890 1584 1012 1673 qui
1043 1587 1131 1658 ab
1159 1606 1237 1656 eo
1271 1584 1562 1658 fideliter
1607 1608 1642 1658 e
1698 1585 1882 1657 ucati
1930 1596 2114 1656 sunt:
2165 1607 2462 1673 quorum
2507 1598 2704 1657 actus

180 1691 245 1750 et
291 1700 498 1770 opera
534 1676 736 1747 nobis
781 1674 1091 1766 exemplo
1137 1686 1319 1756 sunt,
1372 1690 1437 1746 et
1473 1675 1560 1746 ad
1611 1674 2031 1746 imitandum
2080 1697 2205 1746 nos
2253 1674 2566 1745 invitant.

267 1771 304 1856 ξ
352 1774 445 1841 θ.
498 1764 868 1836 Multorum
901 1762 1017 1833 ille
1063 1763 1550 1835 coenobiorum
1588 1777 1654 1836 et
1696 1764 2019 1836 fundator
2064 1776 2129 1835 et
2177 1775 2396 1835 rector
2443 1762 2593 1846 fuit,
2634 1763 2706 1833 in

182 1857 437 1946 quibus
458 1877 681 1943 usque
706 1854 775 1923 in
803 1853 990 1924 hunc
1011 1852 1194 1922 diem
1222 1854 1485 1926 Christo
1512 1853 1954 1925 servientium
1982 1852 2264 1945 agmina
2288 1853 2705 1924 increscunt.

182 1945 691 2037 Discipulorum
739 1941 1203 2033 complurium
1254 1954 1446 2034 pater
1491 1942 1620 2014 fuit
1647 1956 1714 2015 et
1741 1943 2126 2015 institutor:
2164 1965 2459 2031 quorum
2491 1953 2568 2012 ut
2596 1940 2714 2012 ille

185 2035 448 2107 Christo
495 2034 804 2111 lucratus
848 2043 952 2102 est
1009 2031 1303 2114 animas,
1355 2033 1454 2104 sic
1512 2047 1578 2105 et
1622 2032 1782 2126 ipsi,
1842 2044 1907 2104 et
1952 2054 2193 2104 eorum
2253 2052 2706 2113 successoreS‚
2810 2056 2823 2069 ·

183 2123 561 2195 multorum
608 2122 878 2194 animas
909 2120 994 2191 ad
1031 2121 1378 2192 Christum
1410 2121 1777 2194 adduxere:
1815 2144 2111 2211 quorum
2144 2143 2309 2192 sane
2355 2120 2599 2191 merita
2637 2119 2709 2189 in

183 2214 380 2284 illurn
428 2212 840 2303 redundant.
895 2215 973 2281 In
1023 2210 1108 2281 iis
1154 2210 1285 2282 fuit
1330 2214 1571 2284 beatus
1618 2212 2062 2283 Theodardus
2096 2267 2112 2295 ,
2166 2213 2254 2284 ab
2301 2233 2378 2283 eo
2426 2209 2706 2313 procul-

183 2302 395 2374 dubio
440 2300 831 2394 disciplinis
877 2299 1358 2372 ecclesiasticis
1406 2300 1838 2384 informatu5‚
1875 2301 2135 2393 quippe
2161 2322 2365 2389 quem
2399 2300 2531 2373 sibi
2558 2322 2712 2371 suo-

183 2412 521 2464 cessorem
558 2389 959 2482 designarit:
1010 2390 1133 2478 qui
1180 2390 1266 2460 ad
1329 2402 1709 2461 extremum
1761 2403 2021 2481 martyr
2081 2389 2414 2461 abscessit
2458 2412 2498 2461 e
2545 2389 2702 2460 vita.

183 2488 493 2570 Itemque
536 2492 819 2552 sanctus
865 2481 1287 2563 LambertuS‚
1327 2480 1449 2569 qui
1488 2479 1724 2553 itidem
1754 2503 1881 2551 sua
1911 2491 2309 2571 tempestate
2338 2491 2708 2570 martyrem

182 2570 536 2664 egregium
583 2593 656 2642 se
701 2568 1031 2641 exhibuit.
1086 2575 1329 2641 Beatus
1373 2593 1645 2659 quoque
1693 2568 2041 2652 Adelinus,
2080 2569 2152 2639 in
2203 2568 2567 2658 Aquitania
2593 2577 2714 2639 na-

182 2675 316 2744 tuS,
369 2674 436 2732 et
469 2659 1034 2753 peregrinationis
1069 2660 1242 2750 ejuS,
1281 2672 1358 2730 ut
1405 2659 1657 2739 fertur,
1691 2681 1961 2732 comes:
2011 2659 2134 2747 qui
2180 2660 2244 2729 ei
2289 2658 2708 2747 quandoque

179 2752 249 2822 in
302 2750 449 2822 loeo
495 2761 750 2822 secreto
787 2749 1001 2842 digna
1062 2754 1193 2820 Deo
1248 2749 1477 2819 studia
1534 2762 1600 2822 et
1643 2772 1852 2842 opera
1906 2748 2243 2821 exercenti
2357 2770 2431 2818 er
2480 2748 2708 2820 visum

180 2840 523 2934 apparuit,
563 2839 750 2911 vultu
774 2851 1125 2921 venustuS,
1159 2839 1431 2931 capillis
1460 2839 1897 2921 reverenduS,
1929 2840 2190 2911 statura
2221 2860 2293 2909 re
2325 2837 2489 2926 iqua
2515 2858 2714 2929 prae-

181 2930 668 3012 stantissimuS,
722 2929 1130 3017 futuraeque
1189 2930 1728 3002 conversationis
1772 2939 1838 2999 et
1890 2940 2254 3020 perpetuae
2299 2926 2552 3016 quietis
2601 2925 2703 2996 lo-

180 3042 339 3091 cum
372 3076 389 3102 ,
442 3019 834 3106 fontemque
908 3017 1237 3089 humanis
1281 3020 1528 3092 usibus
1587 3030 2060 3112 opportunum
2107 3017 2460 3089 indicavit.
2519 3022 2710 3101 Quae

180 3132 288 3180 res
335 3108 674 3196 hodieque
703 3106 1029 3178 omnibus
1061 3107 1343 3179 minime
1372 3111 1671 3182 obscura
1707 3121 1831 3191 est,
1870 3107 2148 3197 quando
2186 3108 2259 3177 in
2292 3105 2532 3178 eodem
2563 3105 2714 3176 loco

182 3218 466 3287 corpore
510 3195 824 3284 quiescit,
864 3207 929 3267 et
966 3195 1217 3287 spiritu
1266 3220 1610 3289 praesen5‚
1643 3199 2013 3269 innumera
2053 3197 2196 3268 illic
2224 3195 2533 3286 quotidie
2557 3217 2705 3266 cre-

183 3286 508 3356 dentibus
555 3283 890 3355 beneficia
934 3298 1282 3377 praestare
1331 3309 1465 3357 non
1514 3299 1759 3358 cessat.

269 3376 408 3462 §2
462 3378 667 3444 Porro
713 3384 942 3444 autem
990 3374 1059 3443 in
1103 3380 1168 3445 S.
1195 3376 1533 3446 Trudonis
1563 3375 1894 3448 electione
1923 3399 2060 3448 non
2095 3375 2468 3447 difficulter
2500 3384 2719 3466 potest

183 3461 660 3544 animadverti,
710 3484 849 3550 qua
879 3463 1255 3535 intentione
1301 3478 1581 3536 sanctus
1619 3466 1725 3535 vir
1758 3465 1979 3535 caulis
2010 3477 2076 3536 et
2106 3464 2457 3536 custodiae
2474 3462 2714 3533 Domi-

182 3551 322 3623 nici
366 3551 596 3644 gregis
643 3550 1118 3643 invigilaverit,
1172 3575 1381 3642 quam
1427 3554 1491 3624 ei
1540 3576 1677 3625 non
1725 3553 2017 3625 defuerit
2066 3553 2462 3646 prophetiae
2508 3550 2713 3643 spiri-

184 3653 316 3724 tuS,
368 3663 578 3730 quarn
619 3639 916 3727 denique
961 3641 1034 3711 in
1085 3641 1204 3713 illo
1252 3664 1503 3734 magno
1552 3643 1800 3714 Christi
1838 3664 2071 3713 amore
2103 3643 2460 3744 flagrante,
2515 3640 2713 3732 cupi-

184 3731 434 3802 ditates
470 3751 711 3802 omnes
758 3729 1092 3801 extinctae
1135 3730 1413 3803 sueri-nt.
1466 3731 1795 3804 Pastorali
1843 3732 1960 3802 ille
2021 3730 2461 3802 solicitudine
2509 3752 2711 3822 paro-

181 3820 409 3891 chiam
474 3841 669 3892 suam
775 3840 850 3889 ro
913 3840 1100 3890 more
1145 3820 1506 3905 visitabat,
1557 3833 1622 3892 et
1686 3843 1860 3910 quos
1921 3832 2231 3913 poterat,
2282 3844 2321 3892 e
2389 3819 2712 3911 luporum

182 3909 502 3981 faucibus
548 3921 735 3980 extra
789 3908 992 3992 ebat,
1047 3931 1455 3999 summoque
1515 3911 1769 4004 pastori
1835 3909 2237 3982 lucrifacere
2308 3909 2709 3982 conabatur.

181 3999 385 4071 Bonis
431 3998 858 4070 adminiculo
903 4009 1047 4069 erat
1076 4054 1091 4082 ,
1159 4009 1237 4070 ut
1291 4000 1531 4073 fierent
1592 4000 1958 4072 meliores:
2012 3999 2283 4071 desides
2329 4010 2531 4088 atque
2580 4012 2716 4068 tor-

180 4099 441 4180 penteS‚
490 4099 568 4159 ut
612 4088 699 4159 ad
749 4087 1101 4161 meliorem
1142 4110 1215 4159 se
1245 4087 1513 4182 frugem
1547 4091 1953 4183 reciperent,
1993 4090 2416 4161 hortabatur.
2451 4093 2720 4159 Interea

179 4189 462 4250 sanctus
508 4178 735 4250 Trudo
766 4178 1149 4250 etiamnum
1199 4201 1394 4271 puer,
1434 4180 1695 4271 primos
1732 4180 1883 4273 jam
1929 4178 2204 4250 virtutis
2249 4178 2518 4250 fructus
2563 4200 2717 4269 pro-

178 4265 459 4338 ferebat.
500 4272 806 4357 Cumque
854 4267 913 4338 is
960 4267 1243 4359 superbi
1273 4269 1635 4361 sanguinis
1671 4270 1889 4341 multa
1919 4268 2369 4362 generositate
2401 4266 2707 4359 polleret,

179 4356 403 4447 major
448 4367 675 4426 tamen
723 4356 785 4426 ei
834 4356 1049 4427 divini
1098 4358 1353 4431 amoris
1399 4371 1464 4430 et
1510 4359 1840 4431 virtutum
1888 4358 2095 4429 ardor
2134 4371 2338 4446 atque
2394 4355 2701 4427 studium

182 4444 425 4526 inerat,
470 4444 639 4516 adeo
672 4456 750 4547 ut
785 4452 1198 4536 quandoque
1246 4460 1396 4520 voto
1443 4471 1516 4520 se
1553 4449 1888 4543 obligaret
1927 4449 1986 4523 si
2025 4447 2289 4519 Christo
2336 4444 2714 4537 opitulante

347 4569 589 4630 stu-ius
631 4598 655 4617 -
703 4567 865 4634 Vitae
902 4568 1007 4634 88.
1037 4600 1064 4618 ·
1089 4569 1216 4635 vol.
1243 4569 1349 4633 111.
2485 4568 2565 4633 40
