3327 4999
182 350 423 416 MART.
476 349 519 414 2
1039 367 1117 415 nn
1166 368 1221 415 s.
1275 365 1522 414 cunm
1568 362 1869 413 amscoro
2574 346 2648 411 2⁴

182 464 430 522 tectum
465 471 689 538 usque
751 450 1056 531 oratorii,
1102 450 1175 520 in
1224 472 1363 538 quo
1410 460 1555 520 erat
1611 449 2006 539 episcopuS,
2072 447 2498 538 perveniret:
2555 446 2744 535 quod

179 540 245 609 in
302 561 516 620 ressa,
559 551 778 610 totum
829 538 1161 630 implevit,
1199 552 1405 626 atque
1445 539 1516 608 in
1565 559 1735 629 gyro
1767 535 2250 607 circumdedit.
2305 540 2380 605 At
2413 535 2529 605 ille
2576 535 2752 604 dum

180 564 493 699 wficitus
521 627 593 696 in
644 648 726 697 ea
768 648 948 714 quae
996 627 1343 708 audiebat,
1379 626 1697 696 animum
1730 624 2137 706 intenderet,
2177 623 2441 694 audivit
2491 624 2745 705 denu0,

183 729 525 787 transacto
570 716 773 802 quasi
819 715 1110 784 dimidio
1157 716 1367 785 horae
1397 715 1643 806 spati0,
1688 712 2062 783 ascendere
2110 712 2195 782 de
2230 724 2401 782 tecto
2432 713 2750 803 ejusdem

178 805 459 874 oratorii
494 804 677 873 idem
713 803 1006 873 laetitiae
1037 804 1413 884 canticum,
1452 814 1517 872 et
1564 802 1740 892 ipsa,
1778 823 1918 889 qua
1966 812 2267 883 venerat,
2316 802 2423 870 via
2457 801 2545 870 ad
2595 822 2751 870 coe-

178 893 278 964 los
325 914 491 962 cum
527 892 861 961 ineffabili
907 891 1277 961 dulcedine
1307 892 1573 961 reverti.
1613 892 1744 973 Qui
1793 912 1956 961 cum
1990 889 2503 976 aliquantulum
2538 889 2750 959 horae

178 981 377 1069 quasi
416 980 753 1050 attonitus
800 992 1130 1060 maneret,
1186 993 1250 1050 et
1297 979 1463 1066 quid
1501 980 1667 1048 haec
1715 991 1966 1058 essent,
2005 978 2235 1049 solerti
2267 977 2503 1048 animo
2552 1000 2751 1047 scru-

180 1082 460 1147 taretur,
526 1068 798 1159 aperuit
860 1069 1230 1160 episcopus
1278 1067 1645 1137 fenestram
1698 1066 2002 1147 oratorii,
2057 1080 2123 1135 et
2171 1066 2476 1137 sonitum
2530 1086 2748 1135 manu

178 1158 463 1236 sacienS,
530 1170 608 1226 ut
654 1156 929 1247 saepius
976 1157 1354 1234 consuevit,
1409 1156 1469 1226 si
1517 1156 1677 1242 quis
1724 1154 1892 1223 foris
1947 1167 2147 1233 esset,
2216 1154 2302 1223 ad
2364 1176 2436 1223 se
2488 1154 2746 1223 intrare

180 1246 554 1337 praecepit.
611 1245 923 1314 Introivit
956 1245 1071 1314 ille
1118 1246 1452 1314 concituS.
1480 1244 1598 1313 Cui
1650 1243 1822 1313 dixit
1871 1243 2187 1312 Antistes:
2243 1242 2467 1311 «Vade
2497 1242 2633 1312 cito
2661 1241 2749 1311 ad

179 1334 574 1414 ecclesiam,
612 1333 838 1402 ethos
875 1346 1135 1424 septem
1186 1332 1429 1404 fratres
1477 1332 1615 1403 huc
1668 1331 1899 1401 venire
1937 1330 2164 1413 facim,
2212 1343 2286 1400 tu
2333 1352 2608 1418 quoque
2663 1331 2753 1400 si-

177 1422 323 1491 mul
357 1422 668 1491 adesto.»
690 1422 818 1503 Qui
853 1442 1014 1491 cum
1065 1421 1435 1500 venissent,
1481 1420 1708 1511 primo
1741 1420 2106 1489 admonuit
2131 1440 2270 1501 eos,
2309 1432 2387 1490 ut
2416 1419 2743 1488 virtutem

183 1510 579 1579 dilectionis
610 1522 676 1579 et
722 1508 915 1599 pacis
960 1509 1047 1577 ad
1089 1509 1381 1579 invicem
1415 1523 1480 1578 et
1510 1508 1598 1578 ad
1647 1529 1891 1577 omnes
1939 1506 2178 1577 fideles
2222 1518 2596 1579 servarent.
2635 1511 2752 1576 In-

183 1599 421 1669 stituta
470 1619 747 1684 quoque
793 1596 1206 1688 disciplinae
1256 1596 1594 1687 regularis
1642 1618 1821 1682 quae
1861 1596 1963 1665 vel
1991 1596 2078 1665 ab
2111 1597 2261 1686 ipso
2309 1595 2742 1675 didicissent,

178 1700 242 1757 et
292 1688 553 1776 inipso
600 1686 955 1764 vidissent,
1008 1684 1110 1753 vel
1161 1685 1231 1753 in
1265 1698 1542 1775 patrum
1594 1684 2152 1775 praecedentium
2204 1683 2403 1755 factis
2453 1685 2594 1753 sive
2642 1682 2753 1752 di-

181 1775 313 1843 ctis
361 1773 811 1855 invenissent,
858 1772 1199 1843 indefessa
1233 1773 1561 1843 instantia
1591 1784 2065 1860 sequerentur.
2107 1771 2361 1841 Deinde
2391 1771 2754 1861 subjunxit

187 1862 300 1931 die
356 1863 466 1931 sui
510 1863 741 1931 obitus
771 1862 919 1952 jam
983 1861 1292 1952 proxime
1339 1862 1618 1931 instare.
1658 1867 1966 1948 Namque
2016 1860 2289 1952 hospeS,
2329 1861 2580 1948 inquit,
2637 1859 2754 1928 ille

186 1950 514 2021 amabilis
554 1950 679 2036 qui
710 1948 954 2019 fratres
1003 1961 1273 2019 nostros
1301 1950 1580 2019 visitare
1626 1950 1911 2032 solebat,
1948 1949 2034 2019 ad
2085 1971 2195 2018 me
2224 1970 2501 2037 quoque
2549 1947 2754 2017 hodie

186 2038 445 2120 venire,
518 2038 786 2124 hocque
842 2038 927 2107 de
992 2035 1226 2107 seculo
1284 2058 1566 2107 evocare
1631 2038 1959 2128 dignatus
2011 2049 2158 2118 est,
2224 2049 2503 2128 propter
2563 2035 2750 2124 quod

188 2139 604 2196 revertentes
649 2125 737 2194 ad
789 2126 1179 2205 ecclesiam,
1231 2124 1439 2195 dicite
1486 2124 1841 2205 fratribuS,
1909 2136 1986 2194 ut
2024 2147 2255 2194 meum
2314 2125 2570 2194 exitum
2623 2129 2755 2194 Do-

186 2214 381 2283 mino
415 2215 742 2305 precibus
774 2213 1283 2295 commendent,
1322 2223 1388 2282 et
1421 2235 1627 2283 suum
1679 2233 1953 2299 quoque
1983 2211 2265 2294 exitum,
2319 2214 2523 2303 cujus
2583 2213 2755 2283 hora

184 2302 445 2403 incerta
496 2318 623 2383 est,
688 2301 967 2393 vigiliis,
1021 2301 1475 2384 orationibuS,
1527 2302 1732 2373 bonis
1779 2300 2106 2392 operibus
2161 2302 2559 2391 praevenire
2607 2323 2755 2372 me-

181 2404 541 2460 minermt.

268 2481 307 2566 ἓ
369 2483 447 2551 2.
504 2484 813 2566 Cumque
860 2477 1029 2549 haec
1087 2490 1153 2549 et
1191 2477 1598 2581 hujusmodi
1655 2477 1860 2569 plura
1902 2474 2322 2565 loqueretur,
2358 2489 2566 2564 atque
2615 2477 2744 2559 illi,

180 2581 505 2668 percepta
554 2568 707 2657 ejus
755 2567 1255 2648 benedictione,
1285 2589 1434 2654 Jam
1471 2568 1774 2638 multum
1827 2565 2055 2637 tristes
2102 2566 2492 2648 existerent,
2549 2566 2756 2636 rediit

181 2678 328 2746 ipse
362 2656 557 2726 solus
589 2655 712 2743 qui
745 2677 1024 2725 carmen
1073 2655 1364 2725 coeleste
1412 2656 1750 2737 audierat,
1789 2667 1854 2724 et
1904 2668 2345 2744 prosternens
2379 2677 2452 2724 se
2500 2655 2571 2723 in
2619 2667 2752 2723 ter-

180 2766 354 2825 ram,
407 2745 542 2814 ait:
598 2767 633 2810 «
668 2745 966 2814 Obsecro
1007 2758 1222 2833 pater,
1263 2743 1511 2813 licetne
1563 2742 1827 2830 aliquid
1883 2743 2355 2833 interrogare?
2383 2766 2419 2811 »
2448 2781 2540 2792 -—
2570 2765 2607 2809 «
2642 2746 2755 2811 In-

182 2845 474 2922 terroga,
529 2832 780 2919 inquit,
832 2852 1011 2919 quae
1051 2831 1176 2900 vis,
1202 2853 1237 2898 »
1279 2838 1356 2901 At
1387 2831 1545 2900 ille:
1599 2832 1980 2912 «Obsecm,
2023 2832 2273 2919 inquit,
2310 2832 2526 2911 dicas,
2564 2830 2753 2918 quod

178 2933 322 2990 erat
368 2920 723 2990 canticum
774 2920 946 2989 illud
999 2918 1430 3001 laetantium,
1483 2919 1672 3007 quod
1713 2919 1974 3001 audivi,
2015 2921 2437 2990 venientium
2473 2920 2558 2989 de
2597 2940 2753 2989 coe-

180 3008 264 3077 lis
294 3030 508 3100 super
540 3009 920 3078 oratorium
955 3007 1110 3088 hoc,
1165 3021 1231 3078 et
1278 3020 1433 3098 post
1481 3020 1756 3099 tempus
1805 3006 2249 3078 redeuntium
2298 3008 2384 3078 ad
2435 3008 2750 3079 coelos.»

179 3096 558 3187 Respondit
606 3096 759 3166 ille:
814 3096 940 3166 «Si
989 3117 1190 3166 voces
1234 3095 1568 3165 carminis
1628 3095 1912 3176 audisti,
1950 3108 2018 3165 et
2062 3096 2391 3168 coelestes
2426 3117 2755 3186 superve-

178 3185 327 3254 nioe
372 3197 613 3254 coetus
661 3184 1067 3274 cognovisti,
1123 3184 1472 3273 praecipio
1518 3184 1643 3253 tibi
1690 3183 1762 3252 in
1814 3183 2096 3254 nomine
2147 3184 2444 3266 Domini,
2501 3206 2586 3252 ne
2620 3185 2752 3254 hoc

176 3273 509 3359 cuiquam
562 3285 720 3362 ante
770 3292 1000 3342 meum
1051 3272 1317 3341 obitum
1364 3270 1580 3341 dicas.
1617 3278 1875 3341 Revera
1906 3286 2139 3341 autem
2176 3272 2583 3363 angelorum
2613 3272 2755 3362 spi-

176 3360 354 3430 ritus
400 3360 523 3461 qui
577 3381 686 3430 me
734 3360 817 3429 ad
869 3360 1191 3430 coelestia
1223 3381 1399 3446 quae
1440 3381 1716 3450 semper
1761 3361 2085 3430 amabam
2120 3379 2200 3430 ac
2234 3360 2743 3440 desiderabam,

181 3469 491 3538 praemia
540 3470 783 3518 vocare
816 3462 1173 3530 venerunt,
1225 3460 1292 3518 et
1341 3461 1492 3538 post
1523 3449 1674 3518 dies
1704 3461 1967 3537 septem
2005 3469 2076 3517 sc
2125 3448 2496 3530 reditur05‚
2530 3471 2610 3519 ac
2642 3470 2755 3517 me

176 3557 415 3606 aecum
476 3536 903 3606 adducturos
947 3557 1100 3607 esse
1147 3536 1708 3626 promiserunt.»
1776 3536 1970 3618 Quod
2035 3536 2322 3622 quidem
2371 3537 2490 3618 ita,
2561 3547 2640 3607 ut
2687 3537 2753 3605 ei

177 3625 615 3714 praedictum
647 3636 814 3705 erat,
866 3642 1073 3715 opere
1124 3623 1548 3712 completum
1606 3636 1732 3693 est.
1767 3629 1934 3693 Nam
1992 3624 2355 3695 confestim
2417 3624 2753 3714 languore

173 3713 489 3804 corporis
540 3725 761 3783 tactus
806 3725 932 3793 est,
991 3725 1057 3782 et
1122 3712 1252 3782 hoc
1318 3732 1441 3802 per
1480 3711 1629 3782 dies
1690 3713 2230 3813 ingravescente,
2297 3713 2616 3813 septimo,
2672 3724 2753 3782 ut

172 3804 601 3892 promissum
650 3801 714 3870 ei
761 3800 1006 3882 fuerat,
1058 3800 1194 3880 die,
1250 3813 1617 3890 postquam
1668 3800 1935 3871 obitum
1971 3823 2173 3871 suam
2208 3801 2550 3870 Dominici
2591 3823 2746 3871 cor-

171 3889 358 3978 poris
406 3902 476 3959 et
512 3888 881 3980 sanguinis
914 3889 1348 3980 perceptione
1397 3888 1720 3968 munivit,
1777 3889 2005 3958 soluta
2050 3890 2138 3958 ab
2185 3889 2539 3980 ergastulo
2591 3911 2743 3959 cor-

262 3978 360 4047 ris
408 3977 646 4047 anima
694 3990 955 4057 sancta,
995 3976 1440 4058 ducentibus»,
1494 3989 1571 4046 ut
1608 3977 1799 4047 credi
1851 3977 1954 4048 fas
1984 3990 2109 4059 est,
2163 3977 2434 4068 angelis
2480 3977 2752 4046 comiti-

224 4088 331 4146 uS,
384 4079 663 4135 aeterna
711 4064 970 4156 gaudia
1003 4064 1263 4156 petivit.
1317 4069 1462 4134 Non
1512 4078 1745 4134 autem
1807 4066 2093 4148 mirum,
2131 4066 2193 4135 si
2248 4065 2433 4136 idem
2476 4066 2744 4147 mortis»,

176 4153 275 4222 vel
313 4153 550 4245 potius
578 4153 766 4222 diem
816 4153 1089 4222 Domini
1131 4152 1356 4224 laetus
1404 4152 1695 4244 aspexit,
1747 4175 1959 4241 quem
1988 4175 2286 4246 semper,
2322 4176 2548 4242 usque
2579 4153 2751 4223 dum

176 4240 451 4322 viveret,
499 4240 818 4312 solicitus
854 4252 1211 4330 expectare
1248 4241 1539 4311 curavit.

258 4332 298 4416 ξ
352 4334 437 4402 S.
493 4334 803 4416 Namque
852 4328 1031 4398 inter
1077 4329 1282 4420 plura
1318 4329 1811 4408 continentiae,
1865 4329 2311 4412 humilitatis,
2364 4329 2744 4410 doctrinae,

179 4418 532 4500 orationiS,
586 4416 1018 4487 voluntariae
1066 4417 1518 4508 paupertatis,
1548 4431 1613 4488 et
1641 4430 2074 4489 caeterarum
2105 4419 2444 4489 virtutum
2477 4418 2745 4500 merita,
