3327 4999
641 326 726 393 24
1266 343 1347 390 nn
1395 343 1486 390 ss.
1540 343 1786 393 maluo
1846 343 1926 392 Er
1971 342 2235 392 asmiuo
2290 344 2406 391 uu.
2773 323 3030 389 MART.
3089 323 3134 389 3

548 428 738 520 apud
798 432 1147 498 Romanos
1194 426 1527 518 adipisci:
1596 426 1713 498 sed
1774 427 1950 497 illud
2000 426 2337 516 quicquid
2395 438 2500 498 est
2548 426 2883 508 muneriS‚
2940 425 3137 495 mihi

537 518 702 609 jure
746 515 1089 607 impertiri
1135 514 1408 585 debet.»
1438 514 1629 585 Unde
1668 515 1883 606 judex
1910 527 2298 588 commotus
2328 515 2656 617 (Achivus
2685 514 2798 583 hic
2826 525 2975 584 erat
3004 535 3139 604 ge-

549 603 745 694 nere)
791 604 1015 695 primo
1050 603 1441 675 sciscitatus
1478 617 1601 685 est,
1646 606 2020 696 cujusnam
2068 616 2447 675 sententiae
2503 614 2568 673 et
2617 602 2977 693 religionis
3013 624 3138 672 es-

548 704 651 764 set
698 693 1027 763 Marinus,
1067 696 1282 774 Quem
1324 704 1403 762 ut
1431 691 1919 763 animadvertit
1947 706 2340 763 constanter
2364 715 2437 763 se
2464 691 2936 761 Christianum
2968 711 3137 760 esse

547 781 1012 859 confitentem,
1077 780 1288 850 trium
1349 782 1679 851 horarum
1749 783 2050 872 spatium
2117 782 2182 851 ei
2249 780 2336 850 ad
2385 779 2915 850 deliberandum
2969 779 3133 848 dat.

547 874 751 940 Hunc
796 892 832 938 e
850 868 1121 959 judicio
1166 890 1525 959 egressum
1575 870 2002 940 Theotecnus
2032 870 2156 956 qui
2195 868 2339 938 illic
2387 879 2532 939 erat
2579 867 2976 958 episcopu5‚
3039 866 3135 936 ad

550 979 625 1028 se
672 956 1112 1045 colloquendi
1182 960 1395 1027 causa
1469 957 1748 1027 invitat:
1801 971 1867 1028 et
1915 958 2256 1049 prehensa
2304 980 2544 1039 manu,
2597 968 2783 1026 recta
2839 954 3139 1025 deducit

550 1046 625 1115 in
663 1045 1052 1116 ecclesiam.
1108 1049 1323 1127 Quem
1365 1067 1526 1116 cum
1576 1046 1870 1117 interius
1918 1047 2002 1116 ad
2035 1047 2269 1135 ipsum
2306 1044 2782 1117 sanctuarium
2822 1044 3138 1113 colloca-

551 1135 783 1216 visset,
823 1134 1015 1203 laeva
1060 1133 1428 1223 paululum
1478 1134 1550 1203 in
1593 1134 1878 1204 alteram
1929 1147 2194 1225 partem
2247 1133 2532 1214 dimota,
2588 1132 2928 1223 gladium,
2982 1153 3137 1218 quo

549 1223 985 1313 cingebatur,
1042 1222 1377 1292 ostendit:
1433 1223 1782 1310 simulque
1829 1223 2225 1292 divinorum
2276 1221 2803 1311 Evangeliorum
2861 1220 3136 1289 librum

550 1310 896 1390 adferens,
936 1332 1018 1379 ex
1065 1310 1350 1380 adverso
1409 1312 1754 1401 proponit,
1807 1311 2303 1401 praecipitque,
2367 1322 2444 1379 ut
2496 1332 2575 1378 ex
2625 1308 2764 1377 illis
2812 1308 3129 1388 duobus,

549 1399 735 1487 quod
770 1398 1003 1488 magis
1049 1411 1227 1469 esset
1272 1421 1351 1467 ex
1399 1399 1618 1469 animi
1666 1399 2028 1481 sententia,
2072 1398 2208 1468 deli
2260 1410 2423 1466 eret.
2472 1398 2598 1467 Ubi
2649 1419 2807 1465 vero
2856 1396 3138 1482 absque

548 1487 987 1558 cunctatione
1015 1507 1142 1576 por
1164 1499 1349 1557 recta
1377 1510 1593 1557 manu
1641 1487 1874 1558 dextra
1906 1508 2179 1558 sacrum
2239 1487 2468 1556 ibrum
2520 1486 2804 1574 accepit,
2844 1484 3138 1555 Theote-

554 1598 732 1645 cnus
782 1576 882 1644 sic
922 1573 1129 1644 illum
1164 1577 1445 1645 affatur:
1500 1581 1721 1645 «Tene
1769 1587 1834 1645 et
1885 1576 2297 1646 adhaeresce
2329 1578 2485 1656 De0,
2540 1574 2640 1643 sic
2686 1572 2871 1642 enim
2906 1572 3137 1642 abeo

553 1665 943 1743 roboratuS,
1000 1663 1185 1751 quod
1234 1665 1305 1733 in
1358 1687 1397 1732 o
1454 1664 1610 1734 tatis
1657 1676 1782 1746 est,
1818 1685 1944 1755 pro
1990 1673 2174 1734 certo
2201 1683 2587 1750 assequere.
2620 1661 2742 1731 Abi
2773 1661 2845 1729 in
2876 1682 3135 1751 pace.»

551 1751 762 1822 Illum
816 1751 1051 1823 statim
1098 1752 1262 1822 inde
1317 1774 1389 1820 re
1442 1762 1718 1820 euntem
1768 1774 2016 1842 praeco
2067 1773 2190 1842 pro
2240 1749 2572 1820 tribunali
2621 1749 2930 1829 advocat,
2971 1750 3134 1839 jam

551 1841 739 1909 enim
794 1850 1073 1929 tempus
1122 1840 1227 1909 illi
1263 1839 1748 1932 praestitutum
1776 1839 1861 1909 ad
1903 1838 2458 1921 deliberandum,
2488 1849 2636 1908 erat
2664 1836 3128 1927 completum.

556 1928 744 1998 Sistit
793 1950 865 1997 se
915 1950 1040 2019 pro
1087 1928 1459 1999 tribunali:
1514 1928 1825 2014 quicum
1878 1929 2210 2017 majorem
2249 1927 2423 2017 jam,
2454 1949 2663 2015 quam
2697 1937 2922 2005 antea,
2959 1924 3135 1993 fidei

554 2016 873 2086 ardorem
915 2038 995 2086 ac
1037 2016 1349 2085 studium
1384 2016 1823 2099 declarasset,
1859 2015 1946 2085 ad
1979 2028 2267 2086 mortem
2318 2027 2502 2085 recta
2532 2013 2898 2095 abductuS,
2933 2034 3134 2083 mar-

554 2104 733 2194 tyrio
781 2104 1070 2174 excessit
1103 2127 1139 2174 e
1186 2104 1346 2175 vita.

643 2195 680 2280 ξ
743 2199 833 2264 2.
887 2193 1188 2262 Asterius
1243 2193 1489 2275 etiam,
1562 2191 1668 2262 vir
1724 2214 1761 2261 e
1827 2202 2221 2261 senatorum
2274 2194 2741 2260 Romanorum
2796 2210 3126 2271 numere,

555 2302 718 2351 curn
784 2281 1323 2371 Imperatoribus
1383 2282 1455 2350 in
1512 2281 1761 2370 primis
1825 2280 2080 2349 charus
2114 2335 2129 2362 ,
2189 2291 2335 2348 tum
2404 2279 2732 2349 omnibus
2787 2288 2852 2347 et
2918 2277 3129 2347 nobi-

554 2369 767 2438 litatis
824 2382 889 2438 et
933 2368 1338 2440 facultatum
1388 2369 1612 2458 gratia
1654 2368 2104 2459 conspicuus,
2165 2367 2237 2436 in
2287 2365 2526 2437 eadem
2588 2365 2884 2446 civitate,
2951 2386 3126 2456 pro-

552 2469 706 2549 pter
768 2456 985 2526 animi
1048 2456 1632 2550 propensionem,
1708 2477 1917 2543 quam
1981 2455 2195 2525 libere
2267 2476 2433 2557 erga
2497 2476 2728 2525 veram
2787 2454 3123 2544 pietatem

554 2546 1020 2617 declaraverat
1080 2546 1580 2616 celebrabatur.
1643 2546 1776 2628 Qui
1850 2566 2012 2614 cum
2083 2555 2372 2634 martyri
2453 2555 2724 2634 praesto
2789 2541 3122 2623 adesset,

557 2635 978 2722 simulatque
1025 2657 1062 2704 e
1109 2635 1244 2703 vita
1296 2634 1668 2723 migrarat,
1747 2633 2060 2703 cadaver.
2101 2632 2325 2714 tollit,
2403 2631 2772 2723 splendida
2835 2641 2902 2699 et
2968 2652 3131 2720 pre-

558 2723 731 2794 tiosa
800 2723 1058 2812 obtegit
1121 2733 1304 2791 veste
1338 2774 1354 2802 ‚
1415 2733 1621 2809 atque
1686 2721 2000 2791 humeris
2045 2721 2449 2812 impositum
2489 2775 2504 2799 ,
2569 2719 2731 2789 inde
2777 2718 3125 2809 deportat,

553 2810 739 2898 quod
790 2832 952 2880 cum
989 2809 1359 2912 magnifico
1406 2821 1473 2878 et
1518 2822 1930 2899 sumptuoso
1978 2809 2189 2879 linteo
2238 2807 2670 2890 involvisset,
2707 2807 2975 2877 decenti
3016 2828 3132 2876 se-

555 2898 802 2989 pulcro
849 2897 1183 2967 condidit.
1233 2898 1457 2988 Hujus
1516 2898 1645 2967 viri
1694 2897 2072 2967 familiares
2119 2897 2242 2984 qui
2291 2897 2655 2984 hucusque
2702 2897 2912 2965 vitam
2963 2917 3132 2986 pro-

554 2986 925 3067 duxerunt,
979 3008 1137 3055 cum
1190 2986 1327 3055 alia
1373 2985 1647 3054 infinita
1697 2986 2052 3076 praeclara
2088 2986 2242 3075 ejus
2287 2985 2468 3054 sacta
2522 2995 2931 3064 memorant,
2973 2996 3128 3054 tum

555 3073 742 3145 istud
778 3073 845 3141 in
896 3073 1167 3163 primis,
1220 3074 1401 3161 quod
1433 3074 1771 3161 sequitur,
1797 3074 2123 3161 quodque
2153 3073 2438 3164 plenum
2471 3085 2573 3143 est
2605 3071 3119 3142 admirationis.

558 3167 923 3232 Caesareae
970 3162 1297 3253 Philippi,
1352 3184 1562 3248 quam
1615 3162 1990 3232 Phoenices
2038 3161 2353 3232 Paneada
2409 3174 2677 3242 vocant,
2741 3159 2960 3229 fertur
3028 3159 3132 3228 vi-

556 3250 839 3321 ctimam
889 3251 1266 3338 quamdam
1337 3249 1666 3320 insontes
1725 3250 1845 3336 qui
1894 3249 2039 3319 illic
2075 3272 2158 3319 ex
2205 3248 2562 3319 radicibus
2609 3249 2863 3318 montis
2910 3245 3126 3316 Panei

557 3351 1052 3430 prorumpunt,
1107 3361 1187 3408 ex
1233 3338 1492 3426 quibus
1538 3338 1911 3408 Jordanem
1963 3338 2307 3429 profluere
2361 3336 2639 3418 dicitur,
2692 3337 2761 3406 in
2811 3335 3124 3424 quadam

558 3426 698 3497 diei
756 3426 913 3498 festi
970 3426 1336 3517 gentilium
1403 3426 1799 3497 celebritate
1845 3438 2256 3506 mactatam,
2331 3425 2625 3496 con'ici:
2697 3437 2902 3513 atque
2965 3443 3125 3494 eam

558 3514 922 3586 daemonis
972 3516 1036 3585 vi
1082 3538 1162 3586 ac
1210 3526 1540 3606 potestate
1570 3514 1971 3585 mirandum
2005 3514 2074 3583 in
2113 3514 2396 3584 modum
2431 3536 2467 3582 a
2546 3535 2786 3583 eorum
2835 3522 3129 3602 aspectu

558 3624 989 3684 evanescere,
1043 3601 1603 3690 miraculumque
1648 3603 1865 3674 videri
1908 3601 2389 3694 praesentibus
2415 3600 2612 3671 valde
2642 3599 3122 3670 memorabile.

560 3691 855 3774 QuibuS‚
889 3690 1059 3760 dum
1094 3692 1534 3781 gerebantur,
1588 3693 1924 3764 Asterium
1975 3690 2276 3792 quodam
2339 3700 2645 3780 tempore
2698 3689 2869 3760 forte
2905 3688 3128 3759 inter-

557 3779 816 3850 fuisse:
872 3801 953 3851 ac
999 3800 1162 3850 cum
1205 3779 1466 3848 videret
1512 3791 1652 3850 tam
1687 3780 1943 3850 multos
1991 3779 2184 3850 illius
2229 3776 2328 3848 rei
2376 3776 2835 3848 admiratione
2879 3776 3123 3846 obstu-

557 3867 885 3970 pefactos,
920 3889 1158 3938 eorum
1200 3867 1454 3937 erroris
1499 3866 1880 3938 admodum
1933 3867 2296 3937 misertum
2330 3888 2503 3937 esse.
2539 3865 2796 3950 Deinde
2821 3863 3123 3934 sublatis

555 3978 629 4025 in
679 3956 951 4026 coelum
999 3955 1245 4040 oculi3‚
1281 3960 1496 4025 Deum
1545 3956 1863 4026 omnium
1913 3976 2147 4026 rerum
2189 3953 2688 4025 moderatorem
2750 3975 2873 4044 per
2923 3951 3125 4022 Chri-

558 4058 745 4115 stum
787 4043 1178 4135 supplicem
1228 4054 1612 4135 precatum,
1673 4055 1753 4115 ut
1808 4043 2251 4115 daemonium
2303 4042 2503 4125 illud,
2546 4041 2731 4130 quod
2781 4063 2868 4133 po
2920 4040 3125 4111 ulum

559 4145 1023 4204 tanto'errore
1068 4132 1503 4214 caecavisset,
1537 4131 2049 4225 comprimeret,
2089 4132 2321 4223 ipsum
2356 4154 2399 4201 a
2422 4131 2664 4202 fraude
2692 4153 2773 4201 ac
2797 4130 2862 4200 fa
2895 4128 3120 4209 laciiS,

556 4226 734 4311 quas
780 4220 1185 4292 hominibus
1232 4221 1402 4291 solet
1434 4220 1816 4303 intendere,
1855 4223 2220 4292 coerceret.
2273 4223 2418 4290 Hoc
2464 4219 2670 4291 modo
2698 4240 2862 4290 cum
2901 4222 3124 4290 Deum

558 4310 911 4392 oravisset,
976 4309 1336 4400 repentino
1394 4309 1746 4381 victimam
1809 4308 2117 4381 sontibus
2178 4319 2713 4400 supernatasse:
2765 4317 2974 4394 atque
3021 4306 3121 4375 ita

559 4420 707 4470 rem
756 4397 947 4468 illam
978 4451 1000 4479 ‚
1067 4419 1278 4486 quam
1357 4408 1708 4490 tantopere
1762 4398 2003 4469 mirari
2050 4408 2600 4480 consueverant,
2680 4395 2752 4466 in
2809 4393 3118 4465 nihilum
