3327 4999
528 308 610 372 38
1366 325 1444 370 na
1492 324 1547 371 s.
1602 321 1838 371 conara
1887 323 2054 371 vinc.
2652 305 2896 372 MART.
2953 305 2998 370 6

435 431 713 479 omnem
763 410 973 478 vitam
1020 412 1101 478 ea
1148 408 1417 480 reluxit.
1480 413 1647 477 Nam
1709 409 1978 479 tametsi
2034 408 2122 477 ab
2171 406 2462 478 infantia
2510 408 2814 478 mirabili
2861 408 3001 478 fuit

436 497 899 571 conscientiae
946 497 1265 588 puritate,
1323 509 1391 567 at
1424 507 1653 566 tamen
1704 518 2017 587 semper,
2060 496 2229 566 dum
2263 497 2449 579 vixit,
2488 520 2560 568 se
2591 519 2823 568 coram
2862 502 3002 568 Deo

435 599 502 657 et
549 586 952 657 hominibus
1002 586 1239 667 vilem,
1293 585 1647 655 sordidam
1686 596 1751 655 et
1781 584 2349 666 abominabilem,
2387 585 2593 656 etiam
2626 585 3001 673 quibusvis

436 676 919 766 peccatoribus
965 675 1369 744 deteriorem
1419 685 1484 744 et
1534 673 1746 745 sensit
1783 683 1848 742 et
1881 673 2276 744 affirmavit.
2314 675 2796 761 sentiebatque
2830 696 3002 765 pro-

437 777 588 855 pter
660 763 1003 853 ejusmodi
1073 763 1318 853 culpas
1388 775 1454 832 et
1516 761 1824 832 defectus
1871 784 2034 831 suos
2089 762 2451 852 indignam
2501 785 2573 833 se
2619 786 2769 835 esse
2818 765 3003 833 vitae

438 854 859 924 monasticae
908 851 1351 952 professione.
1388 850 1673 920 Interim
1709 872 1866 919 vero
1915 873 2039 940 pro
2087 851 2335 920 Christi
2366 872 2623 934 amore,
2659 853 2778 938 qui
2816 852 3000 921 inef-

436 939 630 1010 fabili
680 940 1068 1011 humilitate
1118 939 1331 1010 voluit
1376 960 1528 1011 esse
1577 938 1893 1008 minister
1941 951 2211 1021 noster,
2258 939 2456 1009 valde
2511 941 2837 1041 cupiebat
2883 941 3005 1009 in-

437 1029 690 1107 servire
737 1028 1158 1117 quibusdam
1211 1027 1552 1119 religiosis
1586 1026 1931 1109 foeminiS,
1969 1031 2101 1098 Deo
2137 1050 2309 1119 pure
2339 1041 2403 1098 et
2443 1028 2737 1099 fideliter
2764 1028 3005 1099 famu-

434 1115 768 1191 lantffius.
818 1123 1031 1206 Atque
1077 1121 1158 1187 ea
1197 1120 1432 1197 causa,
1487 1137 1647 1187 cum
1688 1116 1919 1186 adhuc
1967 1117 2308 1187 saeculari
2358 1127 2667 1187 uteretur
2717 1117 2997 1200 habitu,

434 1206 521 1276 ad
592 1207 943 1294 quoddam
1010 1206 1182 1276 abiit
1242 1205 1740 1275 monasterium
1789 1205 2136 1276 e‘usmodi
2182 1204 2695 1287 foeminarum,
2749 1207 3005 1293 eisque

435 1318 635 1366 suam
674 1295 922 1367 obtulit
969 1316 1251 1385 operam
1300 1307 1366 1364 et
1411 1293 1663 1364 officia.
1730 1298 1812 1363 Se
1902 1294 2274 1375 Dominus,
2314 1294 2436 1382 qui
2477 1295 2563 1363 ad
2616 1295 3004 1365 sublimius

435 1385 610 1455 vitae
656 1406 879 1477 genus
924 1405 1078 1454 eam
1126 1383 1445 1474 elegerat,
1501 1405 1637 1452 non
1681 1381 1996 1473 permisit
2041 1404 2195 1452 eam
2242 1381 2311 1452 in
2362 1405 2443 1452 ea
2492 1384 2818 1453 servitute
2871 1383 3006 1452 diu

436 1494 863 1564 permanere.
900 1477 1031 1543 Nec
1078 1485 1301 1541 tamen
1353 1471 1529 1542 illud
1582 1470 1920 1541 serviendi
1969 1471 2394 1541 desiderium
2431 1472 2561 1542 hac
2609 1472 2873 1542 ratione
2921 1472 3002 1541 in

434 1584 515 1631 ea
561 1561 935 1632 extinctum
968 1573 1093 1642 est,
1130 1560 1246 1630 sed
1280 1572 1564 1630 auctum
1599 1559 1853 1650 potius:
1894 1560 2065 1630 adeo
2112 1571 2190 1630 ut
2237 1583 2402 1631 cum
2451 1582 2587 1629 non
2638 1561 3000 1651 ignoraret

433 1650 770 1721 divinitus
820 1670 892 1720 se
949 1648 1361 1719 destinatam
1410 1670 1583 1729 esse,
1629 1648 2029 1718 beatissimo
2079 1660 2271 1740 patre
2320 1649 2684 1719 Francisco
2734 1649 2803 1717 id
2855 1650 3003 1717 im-

434 1750 790 1830 petrante,
847 1736 1306 1807 reformandis
1370 1737 1809 1807 monasteriis
1858 1736 2096 1819 illius,
2202 1738 2357 1807 lane
2422 1738 2854 1808 constituerit
2900 1738 3001 1807 ob

434 1850 633 1898 suam
672 1884 687 1909 ‚
738 1839 817 1897 ut
894 1826 1179 1916 putabat
1249 1824 1734 1915 indignitatem
1782 1836 1848 1894 et
1896 1760 2454 1908 inhabilitatem,
2518 1827 2747 1917 ipsum
2800 1826 3008 1897 adire

435 1937 793 1987 summum
844 1914 1267 1995 Pontificem,
1305 1936 1605 2000 eumque
1637 1936 1904 2004 rogare,
1947 1927 2024 1984 ut
2060 1916 2638 1985 monasteriorum
2676 1920 2740 1984 S.
2783 1920 3008 1983 Fran-

434 2003 602 2073 cisci
666 2002 1263 2075 reformandorum
1338 2023 1577 2072 curam
1629 2002 2057 2093 susciperet,
2112 2003 2386 2091 sibique
2434 2026 2562 2074 suo
2610 2003 3003 2094 diplomate

435 2103 835 2184 potestatem
908 2091 1159 2162 faceret
1229 2090 1649 2162 inserviendi
1698 2090 2042 2181 religiosis
2088 2103 2295 2179 atque
2343 2090 2729 2162 reformatis
2777 2092 3003 2182 virgi-

432 2181 644 2250 nibus
694 2180 1030 2252 Clarissis.
1070 2185 1147 2249 Et
1194 2179 1587 2270 impetravit
1623 2179 1746 2248 illa
1793 2179 2078 2267 quidem
2115 2179 2426 2270 diploma
2458 2179 2830 2261 Pontificis,
2869 2180 3002 2250 sed

434 2269 638 2360 longe
679 2269 1057 2350 diversum,
1110 2290 1322 2355 quam
1372 2280 1670 2358 putarat.
1721 2272 1796 2337 ln
1846 2290 1926 2337 eo
1977 2289 2277 2356 namque
2317 2269 2663 2359 appellata
2696 2281 2760 2337 et
2792 2269 3005 2340 insti-

433 2369 581 2427 tuta
627 2358 757 2429 suit
804 2358 1090 2428 domina
1140 2366 1357 2426 mater
1402 2367 1468 2425 et
1514 2356 1874 2426 Abbatissa
1921 2357 2130 2427 totius
2179 2357 2389 2446 hujus
2432 2357 2995 2439 ReformationiS,

434 2447 703 2518 tametsi
770 2447 839 2516 id
899 2447 1055 2538 ipsa
1113 2446 1486 2538 ignoraret.
1555 2449 1631 2515 At
1680 2444 1902 2516 nihilo
1950 2445 2185 2516 minus
2234 2447 2355 2517 illa
2413 2457 2550 2517 toto
2601 2446 2773 2516 vitae
2822 2468 3003 2516 suae

432 2536 654 2627 spatio
710 2558 782 2606 se
830 2536 1181 2605 subditam
1236 2547 1302 2604 et
1356 2533 1684 2605 ancillam
1735 2535 1943 2606 totius
2006 2534 2283 2605 Ordinis
2338 2535 2529 2605 illius
2580 2535 2998 2605 nominavit.

518 2627 555 2712 ξ
619 2630 708 2698 ὅ.
774 2629 848 2694 In
900 2623 1118 2694 literis
1176 2621 1457 2709 quidem
1528 2622 1676 2692 suis
1736 2623 1832 2692 ita
1879 2623 2315 2695 subscribere
2365 2624 2665 2694 solebat:
2722 2622 3007 2695 Inutilis

432 2712 769 2793 servitrix,
826 2724 892 2783 et
943 2711 1228 2801 indigna
1266 2710 1544 2781 oratrix.
1583 2716 1659 2780 In
1710 2712 2320 2783 constitutionibus
2352 2734 2507 2782 vero
2541 2714 2628 2783 ab
2660 2712 2834 2802 ipsa,
2874 2735 3005 2802 pro

431 2802 843 2872 accuratiori
890 2799 1365 2870 observatione
1413 2800 1778 2871 monastici
1835 2801 2146 2880 canonis,
2213 2800 2544 2881 collectiS,
2599 2821 2874 2890 semper
2924 2824 3004 2873 se

432 2889 600 2959 dicit
649 2910 955 2959 sororem
1007 2886 1302 2959 Coletam
1354 2910 1662 2979 parvam,
1723 2899 1788 2959 et
1835 2888 2186 2970 ancillam,
2251 2902 2318 2959 et
2367 2889 2728 2979 indignam
2781 2890 3007 2959 servi-

431 2978 670 3047 tricem
722 2977 998 3048 Domini
1044 2976 1285 3059 nostri,
1352 2999 1727 3068 pauperem
1777 2988 1843 3048 et
1893 2976 2208 3046 inutilem
2268 2977 2662 3068 religiosam
2713 2977 3002 3050 Ordinis

433 3069 497 3135 S.
563 3066 834 3135 Clarae:
915 3087 1039 3134 nec
1086 3083 1419 3152 unquam
1465 3066 1781 3156 permisit
1829 3065 2202 3152 quicquam
2254 3067 2358 3136 vel
2407 3066 2547 3136 dici
2598 3065 2995 3151 velscribi,

393 3212 397 3217 .
429 3155 616 3240 quod
669 3155 737 3223 in
772 3154 995 3244 ipsius
1043 3153 1321 3223 laudem
1356 3153 1457 3223 vel
1489 3153 2160 3224 commendationem
2196 3154 2487 3225 cederet.
2525 3161 2601 3223 In
2648 3154 3005 3245 principio

428 3243 614 3313 enim
650 3242 1157 3313 reformationis
1208 3242 1787 3312 monasteriorum
1825 3242 1969 3312 sive
2001 3241 2340 3312 Ordinum
2371 3242 2756 3313 beatissimi
2789 3248 3006 3312 Fran·
3087 3265 3094 3270 ·

427 3331 621 3413 cisci,
678 3332 748 3400 in
796 3330 1218 3419 quibusdam
1261 3332 1606 3421 precibus,
1663 3352 1840 3418 quas
1889 3352 2014 3421 pro
2061 3329 2183 3400 illa
2230 3331 2613 3401 fundebant
2645 3331 2732 3400 ad
2773 3333 3006 3401 Domi—

429 3441 627 3501 num,
665 3432 813 3490 tum
846 3419 1113 3501 fratreS,
1151 3433 1297 3490 tum
1349 3440 1616 3490 sorores
1649 3441 1828 3501 eam,
1869 3430 1946 3489 ut.
1980 3441 2105 3510 par
2148 3433 2316 3500 erat,
2357 3425 2635 3489 Matrem
2687 3419 3004 3510 appella-

428 3508 616 3578 bant.
671 3508 865 3592 Quod
917 3508 1038 3578 ubi
1088 3508 1206 3577 illa
1256 3507 1581 3599 percepit,
1622 3507 1816 3577 nullo
1867 3522 2065 3598 pacto
2115 3507 2404 3577 tolerare
2453 3508 2691 3588 voluit,
2746 3507 2868 3578 sed
2918 3521 3004 3579 ut

427 3596 838 3688 simpliciter
877 3597 1133 3669 sororis
1183 3596 1464 3666 nomine
1514 3596 1984 3687 appellaretur
2030 3596 2263 3690 edixit.
2318 3601 2504 3666 Inter
2569 3596 2744 3668 alios
2791 3596 3004 3698 adju-

428 3696 629 3768 tores,
693 3686 943 3757 virtute
996 3685 1434 3776 conspicuos,
1491 3707 1667 3772 quos
1721 3685 2051 3754 Dominus
2100 3684 2169 3754 in
2220 3683 2731 3754 reformationis
2782 3685 3004 3774 hujus

428 3772 625 3843 initio
654 3775 717 3843 ei
749 3774 1089 3866 adjunxit,
1127 3774 1258 3843 fuit
1301 3773 1511 3843 etiam
1562 3784 1755 3864 pater
1785 3773 2197 3843 venerabilis
2245 3773 2585 3844 Henricus
2614 3772 2701 3843 de
2730 3773 2997 3855 Balma,

427 3862 532 3931 vir
562 3885 857 3954 magnae
889 3862 1243 3954 religionis
1290 3874 1355 3931 et
1404 3861 1890 3951 integerrimae
1938 3861 2137 3931 vitae.
2179 3867 2245 3930 Is
2294 3883 2454 3930 cum
2513 3861 2732 3931 multa
2790 3861 3004 3933 sciret

430 3973 594 4042 prae
626 3952 914 4023 caeteris
962 3952 1047 4021 de
1092 3950 1386 4022 occultis
1423 3950 1575 4041 ejus
1607 3949 1812 4019 donis
1858 3962 1925 4020 et
1969 3949 2512 4020 charismatibus
2543 3949 2992 4041 specialibuS,

426 4041 608 4110 clam
656 4061 736 4110 ea
786 4041 854 4110 in
892 4041 1149 4131 scripta
1195 4038 1481 4128 redegit,
1523 4059 1609 4108 ne
1656 4038 2003 4110 oblivione
2089 4038 2369 4109 erirent.
2427 4038 2555 4109 Sed
2606 4039 2675 4107 id
2725 4060 2807 4107 ea
2840 4038 3002 4129 Spi-

428 4129 568 4199 ritu
611 4129 727 4198 Dei
771 4128 1117 4200 revelante
1164 4150 1300 4198 non
1350 4127 1370 4196 i
1430 4148 1710 4209 norans,
1758 4149 1882 4198 nec
1931 4149 2002 4201 se
2076 4126 2325 4197 audari
2374 4127 2750 4209 sustinens,
2810 4130 3003 4197 acci-

427 4230 576 4287 tum
626 4216 828 4287 illum
878 4217 1129 4287 acriter
1183 4238 1383 4307 repre
1436 4215 1650 4297 endit,
1706 4237 2024 4288 asserens
2053 4237 2127 4287 se
2184 4216 2387 4307 plane
2433 4226 2500 4286 et
2545 4236 2695 4286 esse
2741 4228 2807 4285 et
2852 4215 3002 4285 exi-

427 4306 699 4376 stimari
746 4304 995 4375 debere
1043 4325 1371 4396 magnam
1423 4304 1903 4396 peccatricem,
1962 4305 2208 4406 quovis
2253 4304 2460 4374 etiam
2510 4302 2885 4395 opprobrio
2932 4316 3004 4374 et

429 4393 816 4484 ignominia
864 4393 1175 4486 dignam.
1216 4398 1455 4482 Itaque
1504 4392 1822 4465 libellum
1871 4392 2345 4465 sib1exhiberi
2382 4391 2606 4484 jubet,
2639 4405 3004 4481 totumque
