3327 4999
250 280 497 400 MART.
558 331 636 396 13
1105 349 1184 396 nn
1235 349 1292 397 s.
1345 349 1705 398 nurnnxsm
1754 350 1927 398 vine.
2583 335 2713 401 283

250 427 911 520 comprehendant.»
961 427 1340 519 Respondit
1367 429 1761 500 Abbatissa:
1795 429 2014 500 «Vivit
2042 430 2398 513 Dominus,
2428 431 2595 514 filia,
2629 432 2801 520 quia

257 519 613 590 beatorum
640 517 935 588 concilio
976 517 1261 607 dignam
1303 530 1366 588 te
1386 517 1542 587 iecit
1581 540 1697 587 rex
1728 531 1890 590 tuus
1916 519 2313 589 Christusz»
2353 522 2802 609 narravitque

254 609 318 679 ei
351 606 728 687 somnium,
765 606 1184 697 rogabatque
1230 628 1406 687 eam,
1461 618 1540 676 ut
1587 629 1712 699 pro
1758 607 1912 699 ipsa
1945 621 2214 699 rogaret
2261 611 2630 680 Dominum
2659 632 2799 699 quo

253 699 406 789 ejus
453 696 800 786 particeps
845 717 994 765 esse
1034 707 1433 765 mereretur.

343 788 380 874 ξ
421 791 568 859 21.
621 784 832 854 Paulo
881 796 1034 874 post
1080 785 1262 854 acris
1296 783 1505 855 febris
1539 784 1996 875 Euphrasiam
2037 785 2309 867 invasit,
2344 808 2799 876 sororumque

259 874 643 945 ministerio
691 873 761 942 in
811 872 1395 943 valetudinarium
1446 874 1780 963 perducta
1826 887 1948 956 est,
2005 874 2129 945 ubi
2174 896 2396 962 usque
2443 876 2515 944 in
2564 897 2805 967 vespe-

258 987 404 1034 ram
476 984 639 1033 cum
692 961 810 1031 illa
859 984 1323 1064 permansere.
1404 963 1683 1052 Vesperi
1728 975 1960 1033 autem
1991 1016 2006 1043 ‚
2060 986 2222 1032 cum
2274 964 2440 1034 hora
2486 964 2625 1034 cibi
2684 987 2803 1036 su·-

258 1052 491 1124 mendi
531 1050 823 1133 adesset,
853 1052 1063 1142 Jussit
1110 1073 1351 1121 omnes
1409 1051 1763 1122 discedere
1819 1051 2198 1134 Abbatissa,
2261 1052 2478 1122 solam
2533 1053 2797 1124 Juliam

255 1165 495 1214 secum
548 1141 874 1221 retinenS,
933 1161 1019 1208 ne
1065 1140 1451 1230 Euphrasia
1497 1140 1645 1210 sola
1692 1139 2220 1227 relinqueretur:
2272 1141 2671 1228 clausisque
2717 1164 2791 1211 o-

255 1232 431 1312 stiis,
483 1250 707 1317 usque
759 1229 833 1298 in
880 1228 1107 1298 lucem
1155 1229 1441 1299 alterius
1487 1228 1626 1298 diei
1670 1241 1866 1299 erant
1911 1229 2097 1320 apud
2149 1229 2364 1299 illam:
2402 1231 2709 1318 dixitque
2738 1230 2802 1300 ei

252 1320 493 1391 Julia:
559 1340 596 1386 «
660 1317 949 1388 Domina
1005 1339 1197 1387 soror
1230 1373 1246 1399 ‚
1292 1339 1377 1386 ne
1424 1318 1521 1387 sis
1559 1339 1815 1404 quaeso
1862 1318 1998 1388 mei
2047 1318 2434 1389 immemor.
2488 1325 2587 1389 Tu
2633 1318 2795 1400 sciS‚

252 1430 466 1497 quam
502 1428 776 1498 semper
803 1406 927 1476 tibi
964 1406 1322 1476 individua
1369 1405 1803 1476 adhaeserim
1853 1407 1924 1475 in
1977 1406 2208 1477 terris:
2245 1429 2365 1477 ora
2399 1407 2797 1491 Dominum,

251 1520 364 1567 me
412 1497 596 1566 sinat
640 1517 949 1582 unquam
1001 1495 1306 1585 separari
1353 1518 1394 1565 a
1444 1508 1505 1565 te
1539 1551 1554 1576 ,
1608 1495 1727 1564 sed
1777 1506 1853 1565 ut
1902 1495 2145 1584 jubeat
2192 1518 2303 1564 me
2351 1509 2577 1566 tecum
2629 1497 2798 1566 hinc

249 1586 492 1678 egredi
538 1606 699 1655 cum
747 1584 929 1654 bona
977 1583 1255 1654 fiducia.
1291 1606 1326 1651 »
1369 1584 1484 1653 Die
1516 1584 1979 1666 illucescente,
2019 1584 2374 1654 Abbatissa
2404 1607 2644 1655 omnes
2674 1584 2797 1655 ad-

251 1697 404 1747 esse
442 1673 674 1766 jussit,
728 1678 827 1741 Eu
881 1673 1115 1743 hrasia
1162 1685 1543 1742 extremum
1592 1674 1740 1761 jam
1790 1673 2101 1743 trahente
2149 1674 2496 1764 spiritum.
2551 1678 2800 1743 Accur-

253 1776 419 1835 runt
464 1784 728 1843 omnes,
759 1784 842 1831 va
870 1760 1152 1831 edicunt
1198 1762 1644 1852 Euphrasiae‚
1682 1784 1842 1832 cum
1887 1762 2213 1851 lacrymis
2246 1762 2575 1833 dicentes:
2613 1767 2798 1833 «Me-

253 1867 486 1923 mento
535 1851 773 1931 nostri,
829 1850 1116 1920 Domina
1165 1873 1378 1921 soror.
1407 1879 1437 1913 n
1471 1856 1708 1921 Postea
1755 1852 1935 1920 venit
1976 1851 2183 1921 etiam
2206 1851 2347 1933 illa,
2380 1874 2419 1921 a
2457 1874 2597 1938 qua
2643 1852 2802 1921 dae-

253 1962 533 2011 monem
581 1939 957 2030 expulerat,
1011 1952 1077 2008 et
1113 1939 1437 2009 osculans
1468 1962 1721 2009 manus
1766 1940 1940 2031 ejuS,
1993 1940 2286 2009 dicebat:
2338 1962 2375 2007 «
2409 1946 2532 2010 Per
2585 1946 2798 2011 Deum

252 2041 320 2099 et
351 2031 559 2099 hasce
587 2050 838 2103 manus
883 2051 924 2097 a
972 2049 1081 2097 me
1112 2028 1402 2097 daemon
1438 2028 1763 2098 exclusus
1808 2041 1933 2098 est.
1973 2057 2005 2090 n
2040 2034 2209 2098 Cum
2249 2040 2479 2097 autem
2520 2029 2583 2099 ei
2619 2028 2801 2097 mul-

255 2132 403 2188 tum
446 2117 710 2208 lugenti
741 2129 808 2186 et
846 2116 1182 2187 beneficia
1228 2117 1361 2207 ipsi
1412 2117 1500 2186 ab
1546 2138 1626 2186 ea
1677 2118 2000 2207 praestita
2047 2117 2621 2187 commemoranti
2669 2122 2801 2186 Eu·-

260 2207 543 2297 phrasia
589 2228 696 2275 res
748 2206 1000 2276 ondere
1040 2228 1178 2275 non
1230 2216 1478 2295 posset,
1532 2205 1704 2275 dixit
1749 2206 2129 2277 Abbatissa:
2168 2227 2204 2272 «
2239 2205 2407 2274 Filia
2449 2226 2622 2286 mea,
2660 2227 2798 2274 non

260 2307 326 2364 te
375 2295 646 2364 miseret
741 2295 938 2383 ujus?
985 2299 1118 2365 Cur
1166 2294 1339 2363 nihil
1389 2295 1453 2363 ei
1501 2294 1800 2382 loqueris
1849 2306 1988 2363 tam
2037 2293 2234 2364 valde
2285 2308 2560 2385 propter
2606 2305 2670 2363 te
2701 2293 2801 2363 af-

263 2384 517 2454 flictae?
549 2407 583 2451 »
610 2390 781 2453 Tum
831 2383 950 2453 illa
997 2384 1376 2474 respiciens
1403 2384 1473 2452 in
1523 2405 1701 2465 eam,
1739 2382 1933 2452 dixit:
1971 2405 2006 2450 «
2035 2387 2258 2466 Quare
2294 2404 2401 2451 me
2443 2383 2541 2453 sic
2574 2382 2793 2473 lugeS,

265 2494 457 2543 soror
502 2478 712 2543 mea?
760 2472 918 2543 Sine
966 2494 1074 2543 me
1111 2472 1259 2564 jam
1309 2472 1696 2560 quiescere,
1751 2494 1911 2542 nam
1964 2472 2167 2564 plane
2213 2470 2458 2542 deficio
2505 2472 2794 2542 viribuS.

265 2563 453 2632 Time
499 2568 711 2632 Deum
760 2575 960 2632 tuum
1006 2616 1022 2644 ,
1075 2575 1140 2632 et
1185 2561 1302 2631 ille
1352 2573 1413 2632 te
1460 2562 1758 2632 servabit
1817 2563 1905 2632 ab
1951 2562 2142 2632 omni
2206 2560 2410 2631 malo.
2459 2583 2495 2628 »
2547 2560 2802 2631 Deinde
2847 2598 2851 2601 ⁴

265 2651 691 2721 Abbatissam
756 2651 1077 2734 intuens,
1158 2673 1195 2718 «
1252 2655 1383 2721 Ora
1432 2674 1553 2742 pro
1604 2674 1752 2734 me,
1816 2651 2046 2738 inquit
2086 2704 2102 2733 ,
2164 2671 2325 2719 narn
2396 2649 2470 2719 in
2544 2671 2798 2740 magno

262 2741 634 2811 certamine
680 2752 991 2809 versatur
1041 2761 1226 2810 nunc
1273 2740 1507 2810 anima
1553 2763 1801 2810 mea.»
1848 2744 2096 2811 Orante
2142 2739 2354 2830 igitur
2412 2738 2793 2819 Abbatissa‚

260 2841 327 2900 et
372 2830 728 2900 sororibus
772 2827 1197 2911 dicentibuS,
1246 2834 1485 2911 Amen,
1522 2829 1715 2920 virgo
1763 2829 2203 2898 sanctissima
2250 2826 2549 2898 reddidit
2596 2827 2804 2918 spiri-

260 2931 431 3002 tum,
486 2939 670 2987 anno
718 2919 956 2987 aetatis
1005 2941 1169 2988 suae
1219 2918 1593 3008 trigesimO,
1625 2919 2041 3006 cbnditaque
2073 2917 2279 2988 estin
2312 2916 2629 3008 sepulcro
2661 2938 2805 2986 ma-

257 3009 383 3078 tris
417 3029 607 3088 suae,
644 3019 711 3076 et
755 3029 1023 3077 sorores
1072 3006 1552 3093 glorificabant
1601 3013 1839 3089 Deum,
1873 3006 2058 3093 quod
2109 3006 2654 3097 promeruissent
2694 3026 2805 3077 so-

258 3119 485 3166 rorem
521 3096 771 3166 habere
809 3095 994 3185 apud
1033 3096 1256 3165 illum.
1305 3101 1511 3165 Porro
1540 3096 1731 3165 Julia
1768 3096 2095 3196 magistra
2126 3096 2305 3184 erS,
2345 3095 2573 3165 triduo
2599 3095 2798 3176 flenS,

258 3188 347 3257 ab
395 3185 546 3276 ejus
594 3197 1041 3255 monumento
1091 3206 1227 3254 non
1278 3185 1579 3255 recessit.
1620 3185 1748 3254 Illa
1784 3206 1969 3253 enim
2007 3184 2331 3254 docuerat
2367 3206 2517 3253 eam
2569 3184 2805 3253 literas

256 3287 327 3344 et
377 3274 821 3364 psalterium,
875 3284 940 3343 et
989 3273 1360 3364 praecipuo
1408 3295 1560 3342 eam
1608 3273 2192 3364 complectebatur
2237 3294 2492 3342 amore.
2548 3278 2804 3354 Quarto

260 3375 494 3434 autem
543 3363 653 3432 die
700 3362 1076 3432 exhilarata
1119 3361 1329 3442 Julia,
1382 3361 1552 3431 dixit
1597 3361 2037 3433 Abbatissae:
2084 3365 2278 3431 «Ora
2309 3383 2432 3451 pro
2483 3383 2614 3442 me,
2673 3366 2802 3430 Do-

261 3453 480 3532 mina,
531 3451 695 3538 quia
741 3463 935 3521 vocat
983 3473 1092 3520 me
1139 3451 1472 3530 Christus,
1517 3472 1639 3541 pro
1688 3472 1800 3520 me
1847 3450 2225 3541 peccatrice
2257 3450 2453 3519 beata
2493 3449 2806 3540 Euphra-

261 3541 366 3611 sia
414 3539 894 3609 intercedente.
956 3563 992 3608 »
1051 3545 1129 3609 Et
1175 3540 1342 3609 haec
1390 3540 1651 3622 dicens,
1705 3540 2016 3610 osculata
2059 3550 2162 3609 est
2208 3560 2476 3609 sorores
2525 3559 2794 3621 omneS‚

259 3641 327 3700 et
373 3628 486 3698 die
532 3628 772 3715 quinto
819 3629 1011 3709 obiit,
1066 3641 1269 3716 atque
1314 3629 1500 3719 apud
1551 3629 2010 3719 Euphrasiam
2060 3628 2344 3697 humata
2391 3638 2515 3696 est.

349 3720 387 3805 ξ
439 3722 599 3789 22.
650 3720 805 3788 Post
850 3718 998 3787 dies
1046 3717 1326 3809 triginta
1372 3718 1731 3788 Abbatissa
1762 3717 2058 3808 majores
2106 3728 2274 3785 natu
2312 3736 2579 3786 sorores
2611 3714 2701 3784 ad
2733 3736 2808 3785 se

260 3807 576 3886 evocanS,
629 3806 763 3876 ait:
799 3829 836 3873 «
872 3806 1113 3897 Eligite
1160 3806 1350 3875 vobis
1398 3820 1715 3888 matrem,
1768 3829 1946 3894 quae
1993 3826 2146 3875 meo
2195 3804 2341 3875 loco
2392 3803 2649 3896 praesit
2695 3827 2808 3873 vo-

259 3894 394 3965 his.
455 3919 492 3962 »
528 3900 674 3976 ‚Res
726 3895 1070 3965 onderunt
1115 3894 1310 3965 illae:
1370 3918 1407 3963 (t
1450 3900 1584 3965 Cur
1629 3895 1699 3964 id
1750 3896 1843 3965 ita
1882 3895 2090 3981 jubes
2137 3893 2421 3963 domina
2468 3896 2736 3962 mater?
2769 3915 2806 3960 »

264 3985 441 4053 Dixit
485 3983 586 4055 eis
631 3989 679 4053 Α
735 3984 1011 4054 batissa:
1043 4006 1079 4051 «
1115 3989 1316 4053 Vocat
1351 4006 1460 4053 me
1494 3984 1828 4065 Christus,
1865 3984 2084 4053 flexus
2119 3983 2441 4072 precibus
2476 3981 2804 4052 dominae

267 4071 725 4174 Euphrasiae:
778 4095 914 4160 qua
962 4084 1242 4163 rogante
1271 4128 1287 4154 ,
1341 4076 1547 4144 etiam
1592 4073 1784 4142 ‚Iulia
1826 4073 1977 4163 ejus
2025 4092 2310 4141 consors
2356 4092 2506 4142 esse
2556 4072 2810 4140 meruit
2909 4088 2913 4092 *

266 4172 332 4229 et
371 4162 648 4253 ingredi
692 4162 764 4230 in
815 4160 989 4231 illud
1040 4162 1563 4233 tabernaculum
1609 4183 1748 4232 non
1779 4159 2284 4231 manufactum.
2322 4165 2561 4260 Itaque
2588 4171 2655 4230 et
2681 4181 2809 4250 ego

271 4246 536 4332 festino,
572 4262 648 4320 ut
684 4250 940 4351 possim
978 4250 1189 4341 digna
1223 4251 1458 4322 haberi
1492 4250 1771 4321 illarum
1806 4251 1873 4320 in
1908 4248 2118 4320 coelis
2159 4263 2580 4319 consortio.»
2613 4246 2811 4331 Quod

271 4355 424 4410 cum
460 4338 901 4410 audivissent
947 4361 1214 4410 sorores
1246 4394 1262 4421 ,
1314 4340 1672 4432 elegerunt
1717 4338 2202 4429 Theogeniam,
2255 4350 2333 4408 ut
2380 4337 2553 4427 ipsis
2609 4356 2809 4436 prae-

270 4441 461 4501 esset.
502 4427 859 4499 Abbatissa
908 4439 1074 4498 tunc
1119 4429 1391 4500 cunctis
1438 4428 1852 4511 valedicens,
1890 4427 2205 4520 ingressa
2251 4437 2355 4496 est
2399 4438 2801 4505 oratorium,
