3327 4999
162 320 413 386 MART.
467 322 552 385 20
780 340 857 385 ns
906 340 961 385 s.
1018 338 1381 387 curanssaro
1429 339 1628 388 muse.
1684 341 2088 391 unnisrAnN.
2505 325 2635 391 399

162 422 482 503 internis,
538 422 608 491 id
655 433 801 503 est,
856 422 1073 491 animi
1122 423 1491 493 virtutibus
1537 445 1616 493 ea
1665 446 1942 511 quoque
2003 425 2262 513 quibus
2309 425 2475 496 foris
2523 426 2724 496 efful-

162 511 392 669 gebat,
449 510 947 579 miraculorum
978 510 1179 600 signa
1227 513 1698 581 testimonium
1736 512 2016 582 dabant.
2072 520 2166 583 Ex
2189 515 2447 600 quibus
2490 514 2728 603 aliqua

214 598 462 668 reviter
509 597 884 668 memoriae
923 600 1411 668 commendare
1455 600 1880 670 curavimus.

252 689 290 775 ξ
352 690 526 757 30.
582 686 801 775 Igitur
848 686 1017 754 dum
1068 685 1390 776 ngridus
1438 709 1555 757 rex
1603 710 1783 757 ausu
1833 689 2195 757 temerario
2225 690 2594 760 exercitum
2646 691 2719 759 in

161 774 390 845 Pictos
427 774 461 809 ⁴²
507 775 811 856 duceret,
865 796 1243 860 eorumque
1291 797 1504 864 regna
1550 777 1764 846 atroci
1812 799 1892 844 ac
1933 775 2137 846 feroci
2189 779 2471 848 saevitia
2519 779 2729 847 deva-

163 876 396 943 staret,
451 863 677 932 sciens
710 863 812 931 vir
859 863 1132 931 Domini
1167 865 1579 933 Cuthbertus
1619 864 1860 933 adesse
1911 875 2207 954 tempu5‚
2244 864 2329 934 de
2363 888 2500 952 quo
2539 888 2721 935 anno

160 951 530 1042 praeterito
580 950 1031 1041 interroganti
1078 951 1230 1039 ejus
1278 954 1495 1022 sorori
1536 952 1991 1042 praedixerat,
2040 974 2174 1021 non
2205 975 2366 1023 eum
2418 954 2724 1045 amplius

160 1061 375 1126 quam
424 1060 565 1107 uno
614 1061 797 1108 anno
844 1061 994 1109 esse
1054 1039 1440 1109 victurum:
1496 1040 1681 1110 venit
1728 1041 1815 1109 ad
1864 1041 2321 1131 Lugubaliam
2380 1043 2726 1112 civitatem

160 1149 342 1214 quae
390 1149 431 1196 a
480 1126 756 1218 populis
806 1127 1180 1217 Anglorum
1230 1141 1551 1218 corrupte
1591 1128 1752 1197 Luel
1790 1142 2094 1207 vocatur,
2151 1142 2228 1198 ut
2260 1129 2728 1217 alloqueretur

158 1216 476 1306 reginam
525 1238 703 1303 quae
751 1214 1009 1285 ibidem
1060 1215 1129 1283 in
1186 1217 1599 1286 monasterio
1656 1239 1822 1287 suae
1881 1218 2137 1287 sororis
2183 1231 2503 1288 eventum
2555 1219 2722 1287 belli

159 1316 520 1395 expectare
567 1303 934 1394 disposuit.
973 1309 1210 1373 Postea
1256 1318 1485 1375 autem
1515 1305 1627 1374 die
1675 1305 2180 1376 deducentibus
2209 1327 2371 1375 eum
2420 1307 2713 1387 civibuS,

159 1404 240 1462 ut
287 1391 546 1460 videret
593 1391 867 1460 moenia
920 1391 1239 1471 civitatis,
1295 1391 1693 1480 fontemque
1741 1395 1813 1462 in
1860 1416 1941 1463 ea
1988 1394 2165 1463 miro
2226 1395 2533 1481 quodam
2586 1401 2721 1464 Ro—

160 1501 533 1549 manorum
582 1501 787 1570 opere
859 1492 1271 1561 extructum,
1337 1495 1615 1571 repente
1665 1483 1983 1552 turbatus
2032 1482 2307 1572 spiritu,
2362 1494 2440 1552 ut
2502 1483 2727 1552 stabat

160 1589 375 1658 super
420 1568 774 1659 baculum,
830 1581 1159 1636 moestam
1210 1569 1454 1638 taciem
1505 1570 1780 1639 deflexit
1828 1569 1914 1638 ad
1968 1583 2243 1641 terram:
2299 1593 2725 1658 rursumque

159 1678 237 1725 se
282 1656 556 1746 erigens
604 1669 808 1742 atque
867 1656 952 1724 ad
1020 1655 1289 1725 coelum
1339 1658 1576 1727 oculos
1640 1658 1982 1739 attollens,
2039 1659 2105 1727 in
2162 1660 2380 1728 emuit
2426 1660 2727 1750 graviter

157 1755 227 1815 et
274 1765 410 1813 non
463 1744 710 1834 grandi
763 1766 918 1813 voce
953 1744 1083 1818 ait:
1129 1749 1382 1815 «Forte
1432 1747 1635 1816 modo
1685 1747 2058 1816 discrimen
2136 1760 2370 1816 actum
2421 1759 2523 1816 est
2569 1769 2718 1816 cer-

158 1832 515 1901 taminis»
563 1838 641 1901 At
685 1832 1042 1932 presbyter
1088 1833 1210 1919 qui
1259 1834 1569 1915 astabat,
1624 1834 2018 1922 intelligens
2086 1835 2171 1903 de
2220 1857 2358 1920 quo
2408 1835 2716 1915 diceret,

156 1920 441 1990 incauta
488 1919 839 1989 velocitate
886 1920 1159 2001 ductus,
1202 1922 1555 2010 respondit
1601 1934 1667 1991 et
1711 1922 1924 1991 dixit:
1966 1945 2000 1988 «
2030 1922 2220 1991 Unde
2251 1923 2439 1992 scis?
2471 1924 2725 1993 Nolens

159 2021 394 2078 autem
446 2008 560 2076 ille
614 2008 919 2099 amplius
966 2008 1051 2077 de
1107 2008 1218 2077 his
1265 2030 1442 2095 quae
1491 2010 1625 2078 sibi
1690 2021 1885 2078 erant
1956 2011 2249 2079 revelata
2312 2010 2717 2100 patefacere,

157 2102 401 2167 Nonne
441 2096 683 2166 videtis
719 2151 736 2178 ,
788 2094 1014 2183 inquit
1048 2151 1063 2176 ,
1128 2117 1338 2182 quam
1389 2097 1563 2166 mire
1611 2110 1919 2166 mutatus
1949 2121 2030 2166 ac
2071 2099 2389 2168 turbatus
2438 2098 2525 2167 sit
2570 2102 2729 2168 aer?

160 2189 241 2254 Et
288 2184 448 2272 quis
498 2184 891 2254 mortalium
942 2183 1198 2253 sufficit
1230 2186 1642 2275 investigare
1675 2185 1944 2272 judicia
1984 2186 2182 2254 Dei‘P»
2217 2192 2524 2255 Attamen
2554 2209 2723 2257 con-

157 2272 389 2343 festim
440 2272 715 2341 intravit
761 2273 845 2342 ad
901 2272 1211 2362 reginam
1261 2284 1327 2343 et
1374 2278 1631 2343 secreto
1680 2295 1833 2343 eam
1883 2274 2243 2360 alloquens
2280 2275 2457 2363 (erat
2488 2286 2723 2344 autem

160 2361 315 2430 dies
364 2360 683 2447 sabbati).
739 2383 773 2426 «
808 2360 1013 2441 Vide,
1065 2360 1315 2445 inquit,
1372 2375 1639 2431 mature
1713 2361 2155 2432 illucescente
2214 2363 2520 2431 secunda
2570 2364 2726 2432 sab-

160 2449 308 2519 bati
357 2449 690 2519 ascendas
763 2470 1050 2519 currum
1112 2449 1278 2535 quia
1324 2450 1437 2519 die
1501 2450 1854 2520 Dominico
1902 2473 2115 2520 curru
2173 2450 2271 2520 ire
2319 2472 2454 2519 non
2506 2450 2716 2521 licet:

160 2538 512 2623 vadasque
559 2549 624 2606 et
658 2538 916 2626 regiam
964 2538 1303 2607 civitatem
1354 2539 1689 2610 citissime
1737 2540 2059 2620 intro'e‘aS,
2113 2561 2198 2608 ne
2230 2540 2399 2609 sorte
2448 2540 2721 2609 occisus

160 2626 253 2696 sit
300 2648 439 2695 rex.
493 2630 631 2715 Ego
678 2638 906 2694 autem
973 2626 1139 2711 quia
1204 2627 1506 2696 crastina
1554 2628 1667 2695 die
1718 2627 1805 2696 ad
1854 2628 2158 2696 vicinum
2212 2628 2714 2697 monasterium

159 2715 250 2784 ob
298 2714 754 2783 dedicandam
804 2713 903 2782 ibi
949 2713 1311 2782 ecclesiam
1370 2715 1602 2784 venire
1651 2728 1931 2803 rogatus
1971 2738 2153 2797 sum,
2206 2716 2473 2806 expleta
2522 2715 2721 2783 dedi-

158 2803 452 2882 catione,
491 2814 554 2871 te
600 2801 927 2870 continuo
975 2802 1431 2887 subsequor.»
1484 2803 1806 2873 Veniente
1867 2815 2098 2873 autem
2157 2802 2269 2872 die
2325 2804 2717 2885 DominicO,

158 2891 574 2982 praedicans
622 2890 904 2958 verbum
958 2889 1072 2957 Dei
1121 2888 1451 2960 fratribus
1501 2892 1812 2979 ejusdem
1855 2892 2279 2972 monasterii,
2335 2891 2534 2961 finito
2584 2915 2722 2962 ser-2

156 3001 366 3049 mone
405 2991 471 3047 et
516 2978 904 3047 faventibus
951 2977 1223 3046 cunctis
1270 2979 1391 3064 qui
1441 2979 1750 3059 aderant,
1802 3002 2051 3049 rursus
2100 2980 2192 3049 ita
2225 2980 2486 3069 coepit:
2543 2981 2720 3049 «Ob-

157 3089 377 3147 secr0,
417 3065 870 3145 dilectissimi,
905 3065 1106 3152 juxta
1150 3065 1451 3154 Apostoli
1494 3068 1778 3147 monita,
1822 3067 2141 3157 vigiletiS,
2196 3069 2388 3137 stetis
2436 3068 2505 3135 in
2551 3068 2711 3148 fide,

154 3154 448 3224 viriliter
493 3153 712 3253 agatis
760 3164 825 3221 et
872 3152 1396 3222 confortemini:
1431 3176 1516 3223 ne
1563 3155 1734 3224 forte
1782 3156 2275 3244 superveniens
2310 3155 2545 3241 aliqua
2579 3168 2723 3224 ten-

158 3243 347 3324 tatie,
383 3264 503 3312 vos
550 3251 926 3331 imparatos
974 3240 1316 3310 inveniat:
1370 3241 1490 3311 sed
1538 3245 1880 3312 memores
1928 3243 2158 3333 potius
2205 3266 2479 3333 semper
2526 3243 2720 3313 illius

157 3329 501 3399 Dominici
551 3328 920 3419 praecepti,
968 3330 1259 3418 Vigilate
1293 3339 1357 3398 et
1413 3341 1635 3411 orate,
1701 3355 1784 3400 ne
1824 3334 2086 3400 intretis
2162 3334 2234 3401 in
2292 3334 2724 3401 tentationem

155 3418 428 3507 (Manli.
470 3417 720 3505 xxv1).»
770 3416 1111 3485 Putabant
1142 3429 1370 3485 autem
1421 3418 1586 3504 quia
1629 3440 1767 3487 non
1822 3419 2040 3487 multo
2088 3431 2246 3488 ante
2296 3419 2724 3509 pestilentiae

158 3505 395 3576 clades
442 3518 507 3574 et
552 3527 669 3574 eos
708 3517 770 3574 et
822 3503 1076 3574 multos
1125 3504 1530 3592 circumqua
1581 3528 1670 3575 ue
1718 3506 1855 3575 lata
1896 3506 2102 3576 caede
2151 3520 2503 3589 straverat,
2559 3529 2723 3576 eum

158 3594 246 3664 de
294 3592 697 3681 hujusmodi
749 3592 954 3683 plaga
982 3593 1131 3683 jam
1182 3593 1491 3663 reditura
1565 3595 1753 3665 uisse
1800 3594 2136 3664 locutum.

247 3685 286 3769 ξ
349 3686 495 3753 31.
548 3686 625 3750 At
671 3680 788 3750 ille
855 3702 1099 3749 rursus
1148 3693 1506 3772 assumpto
1566 3704 1931 3751 sermone:
1986 3681 2423 3764 «Quondam,
2469 3682 2716 3768 inquit,

156 3791 324 3842 cum
374 3769 605 3839 adhuc
652 3769 721 3837 in
775 3791 928 3837 mea
973 3769 1371 3838 demorarer
1418 3770 1652 3839 insula
1700 3770 2075 3848 solitarius,
2119 3780 2457 3839 venerunt
2489 3770 2576 3839 ad
2611 3791 2723 3838 me

156 3857 447 3946 quidam
496 3858 581 3927 de
631 3857 959 3926 fratribus
1007 3856 1118 3925 die
1167 3870 1404 3927 sancto
1453 3858 1852 3927 Dominicae
1901 3858 2301 3938 nativitatis,
2350 3857 2722 3946 rogabant-

153 3967 294 4034 que
338 3958 418 4015 ut
464 3945 548 4015 de
583 3967 734 4014 mea
773 3945 1013 4016 casula
1059 3957 1126 4014 et
1160 3946 1519 4015 mansione
1549 3946 1936 4036 egredienS‚
1990 3946 2371 4014 solemnem
2419 3967 2577 4014 cum
2621 3945 2722 4016 eis

153 4046 222 4105 et
282 4032 537 4103 laetum
589 4033 769 4102 diem
851 4045 1078 4102 tantae
1151 4035 1611 4103 venerationis
1684 4034 2160 4123 transigerem.
2225 4038 2532 4116 Quorum
2590 4054 2717 4122 ego

152 4122 417 4192 devotis
465 4121 789 4211 precibus
837 4121 1308 4208 acquiescenS,
1360 4121 1756 4212 egrediebat
1801 4134 1868 4191 et
1912 4121 2356 4191 consedimus
2408 4120 2495 4189 ad
2544 4142 2720 4210 epu-

151 4210 331 4280 laS.»
358 4215 438 4279 At
483 4209 552 4277 in
603 4209 833 4279 media
880 4209 1052 4278 forte
1097 4209 1462 4280 refectione
1496 4210 1638 4279 dixi
1687 4210 1773 4278 ad
1823 4232 1981 4280 eos:
2026 4209 2390 4290 «ObsecrO,
2446 4208 2712 4288 fratreS,

150 4310 355 4369 caute
411 4319 702 4386 agamus
749 4309 815 4367 et
861 4297 1247 4388 vigilanter,
1285 4321 1371 4368 ne
1421 4321 1543 4390 per
1591 4297 1934 4368 incuriam
1970 4298 2140 4368 forte
2170 4310 2234 4368 et
2282 4298 2718 4368 securitatem

203 4421 235 4449 ⁸
260 4421 329 4465 De
346 4419 494 4463 Pictis
512 4428 660 4471 supra
676 4420 729 4462 in
748 4420 857 4461 Vita
877 4421 921 4462 S.
934 4419 1155 4468 ,cometae
1170 4420 1258 4463 Di·
1276 4428 1328 4464 u.
