3327 4999
673 324 798 388 544
2735 322 2988 387 MART.
3044 323 3138 388 29

823 528 957 628 SS.
1013 526 1336 628 JONAE
1393 526 1510 627 ET
1575 524 2175 627 BARACIIlSlI
2243 525 2859 629 MARTYRIUM

601 768 884 816 AUCTORE
931 768 1117 814 ESAIA
1163 767 1391 823 EQUITE'.
1439 766 1755 814 AUntTonE
1792 767 1867 813 ET
1905 763 2297 815 SPECTATORR
2335 766 2548 814 EORUM
2594 767 2763 825 QUAE
2810 740 3085 817 FissnAkr

1224 869 1513 915 HABETUR
1559 869 1626 916 IN
1677 868 1946 916 smssoNB.
1993 869 2443 916 nssTAPnitAs'rE

1369 1046 1562 1102 Circa
1602 1049 1736 1102 344
1758 1077 1834 1088 —-
1852 1048 2010 1104 Nat.
2056 1048 2320 1104 Persae.

661 1200 697 1284 ξ
747 1204 820 1271 1.
880 1198 1239 1268 Saborium
1291 1203 1650 1268 Persarum
1698 1205 1855 1278 Rex,
1895 1206 2004 1269 480
2036 1222 2217 1270 anno
2253 1201 2350 1285 (a)
2385 1201 2578 1291 regni
2626 1201 2735 1269 sui
2783 1201 3118 1272 adversus

576 1287 911 1357 Ecclesias
958 1288 1229 1366 Christi,
1281 1300 1346 1357 et
1392 1310 1507 1356 eos
1539 1343 1553 1368 ,
1616 1311 1655 1357 a
1704 1290 1961 1374 quibus
2011 1295 2187 1359 Deus
2235 1290 2673 1379 omnipotens
2726 1289 3111 1368 colebatur,

578 1377 1121 1466 persecutionem
1184 1377 1508 1446 exercuit.
1579 1378 1809 1447 «Iussit
1864 1379 2048 1447 enim
2101 1378 2364 1467 MagiS,
2420 1391 2498 1447 ut
2557 1391 2788 1447 sancta
2865 1380 3119 1448 Christi

577 1464 829 1554 templa
864 1465 1238 1545 diruerent,
1273 1477 1339 1534 et
1364 1465 1907 1535 Christianorum
1943 1466 2357 1537 monasteria
2407 1468 2875 1536 incenderent.
2911 1474 3115 1537 Prae·

578 1565 757 1622 terea
808 1553 1196 1653 imperavit,
1248 1567 1326 1623 ut
1372 1554 1739 1623 Christiani
1804 1556 2406 1642 conquirerentur,
2463 1556 2857 1641 inventique
2907 1579 2989 1625 co
3041 1580 3118 1626 e-.

578 1655 814 1711 rentur
859 1643 993 1712 dtis
1041 1642 1465 1711 sacrificare:
1517 1656 1582 1713 et
1627 1644 1751 1730 qui
1812 1646 2125 1733 parerent
2173 1644 2445 1734 magnis
2494 1643 2933 1714 afficerentur
3048 1669 3118 1715 o-

575 1731 884 1800 neribus:
929 1731 1048 1818 qui
1093 1753 1253 1811 ⁴vero
1313 1733 1549 1821 parere
1596 1745 2013 1814 recusarent,
2068 1734 2274 1803 variis
2324 1732 2680 1803 tormentis
2727 1747 2793 1803 et
2840 1733 3116 1824 suppli·

574 1821 702 1890 ciis
761 1820 1188 1910 gravissimis
1242 1820 1818 1891 excruciarentur.
1900 1827 1989 1891 Eo
2057 1835 2186 1892 tem
2245 1844 2360 1891 ore
2415 1834 2611 1891 erant
2680 1822 2751 1891 in
2834 1825 3116 1912 regione

576 1915 960 1989 Persarum,
1013 1910 1085 1978 in
1132 1909 1429 1995 quodam
1481 1910 1649 1990 vico,
1701 1911 1823 1996 qui
1874 1923 2150 1980 vocatur
2229 1933 2370 1989 asa,
2428 1911 2566 1979 duo
2610 1910 2851 1980 fratres
2899 1919 3115 1981 Jonas

575 2012 639 2067 et
687 1998 1142 2076 Barachisius,
1202 1998 1328 2067 viri
1366 1999 1636 2086 justitia
1687 1999 1957 2086 fideque
2006 1999 2213 2090 pleni,
2251 2000 2370 2086 qui
2421 2021 2673 2089 magna
2715 2021 2879 2069 cum
2928 2022 3114 2068 reve-

577 2089 794 2157 rentia
829 2087 1153 2156 mandata
1201 2087 1467 2156 Domini
1514 2088 1988 2158 observabant.
2042 2089 2125 2157 Hi
2188 2088 2429 2169 sancti,
2484 2088 2717 2157 audita
2786 2089 3114 2159 Christia-

577 2198 823 2245 norum
896 2176 1389 2265 persecutione,
1445 2178 1871 2246 mansionem
1925 2200 2123 2246 suam
2190 2177 2650 2264 reliquerunt,
2702 2188 2769 2245 et
2815 2177 2899 2245 ad
2951 2200 3111 2246 eum

576 2265 854 2345 locum,
913 2266 1032 2334 ubi
1096 2265 1289 2365 impii
1354 2266 1530 2356 Magi
1578 2266 1997 2335 Christianos
2060 2287 2300 2334 omnes
2370 2265 2815 2336 acerbissime
2863 2288 3109 2336 excru-

579 2354 878 2434 ciabant,
935 2354 1217 2444 profecti
1264 2368 1450 2423 sunt.

665 2447 699 2531 ξ
752 2448 838 2516 2.
895 2448 1057 2513 Cum
1101 2457 1328 2513 autem
1361 2454 1588 2513 essent
1636 2444 1705 2512 in
1758 2443 1926 2521 vico,
1979 2443 2098 2530 qui
2139 2442 2392 2513 dicitur
2440 2442 2893 2525 Bardiaboch,
2930 2442 3105 2514 etad

573 2555 940 2611 carcerem,
989 2534 1058 2601 in
1092 2555 1229 2619 quo
1278 2533 1643 2603 Christiani
1694 2533 1947 2602 inclusi
1981 2533 2409 2614 tenebantur,
2446 2533 2918 2613 accessissent,
2960 2556 3115 2603 ora·

575 2635 737 2691 runt
784 2622 1080 2690 carceris
1127 2620 1508 2703 custodem,
1547 2636 1625 2691 ut
1652 2623 1787 2691 sibi
1835 2622 1919 2690 ad
1962 2621 2383 2691 Christianos
2430 2621 2792 2691 damnatos
2843 2622 3113 2712 ingredi

575 2709 1016 2801 permitteret.
1089 2715 1394 2796 Cumque
1450 2710 1746 2800 ingressi
1805 2723 2079 2791 essent,
2134 2732 2373 2780 novem
2454 2711 2863 2779 invenerunt
2933 2712 3114 2779 viros

574 2800 1112 2877 condemnatos,
1167 2800 1289 2885 qui
1346 2799 1544 2888 impii
1610 2800 1815 2890 Regis
1877 2800 2139 2868 Saborii
2197 2799 2486 2868 decretis
2539 2799 3106 2870 adversabantur.

576 2893 741 2957 Cum
793 2888 1005 2977 igitur
1054 2888 1272 2956 sancti
1317 2893 1529 2956 Jonas
1576 2902 1640 2958 et
1690 2888 2125 2958 Barachisius
2172 2888 2503 2957 vidissent
2561 2910 2678 2958 eos
2726 2887 2796 2955 in
2848 2887 3115 2957 crucia-

579 2977 785 3052 tibus,
841 2988 907 3044 et
954 2975 1393 3057 salutassent,
1445 2989 1821 3067 coeperunt
1880 2977 2037 3046 illos
2083 2977 2420 3047 cohortari
2473 2997 2551 3044 ac
2600 2976 2851 3046 dicere:
2885 2999 2920 3041 «
2954 2982 3112 3044 Fra-

576 3079 712 3134 tres
760 3087 838 3133 ac
889 3078 1137 3154 patre5‚
1180 3065 1351 3134 nihil
1402 3065 1793 3146 timeamus;
1839 3066 1953 3135 sed
1992 3066 2062 3134 in
2106 3067 2383 3135 nomine
2422 3064 2739 3135 Crucifixi
2768 3078 3113 3134 certamen

575 3176 796 3223 unum
829 3155 1318 3234 sustineamuS,
1354 3166 1431 3223 ut
1461 3176 1785 3224 coronam
1835 3176 2287 3241 assequamur
2326 3153 2841 3244 sempiternam,
2873 3176 3115 3240 quem-

579 3241 957 3312 admodum
1005 3255 1070 3311 et
1116 3242 1357 3311 fratres
1408 3256 1769 3333 patresque
1818 3244 2033 3313 nostri
2084 3244 2410 3332 martyrio
2460 3243 2594 3332 ipsi
2642 3264 2917 3330 quoque
2953 3255 3113 3312 sunt

578 3332 898 3401 assecuti.
955 3336 1094 3400 Hac
1145 3343 1540 3401 sanctorum
1586 3339 1803 3402 ²lonae
1854 3347 1920 3401 et
1985 3332 2362 3401 Barachisii
2429 3332 2736 3402 oratione
2795 3331 2898 3400 illi
2972 3353 3116 3400 ma-

577 3421 686 3578 gis
726 3420 953 3489 adhuc
1001 3420 1412 3500 confirmati,
1471 3443 1541 3490 se
1591 3434 1833 3490 mutuo
1878 3421 2438 3500 cohortabantur,
2486 3434 2550 3489 et
2597 3421 2880 3511 gratiae,
2917 3433 2992 3489 ut
3023 3420 3114 3488 ita

632 3512 829 3591 icam,
864 3509 1035 3591 oleo,
1071 3530 1143 3578 se
1172 3509 1476 3581 vicissim
1513 3509 1596 3579 ad
1638 3510 2035 3600 patientiam
2067 3523 2132 3580 et
2161 3522 2654 3579 tormentorum
2691 3522 2894 3596 atque
2931 3530 3113 3577 mar-

582 3599 760 3687 tyrii¹
790 3599 1275 3689 perfectionem
1323 3599 1679 3690 ungebant
1723 3612 1788 3669 et
1833 3599 2390 3669 corroborabant.
2426 3603 2830 3668 Sanctorum
2882 3608 3113 3665 autem

579 3700 988 3776 martyrum,
1042 3688 1161 3774 qui
1212 3687 1283 3756 in
1332 3710 1603 3758 carcere
1651 3688 1860 3756 vincti
1909 3700 2137 3769 erant,
2191 3689 2474 3756 nomina
2538 3687 2706 3757 haec
2752 3698 2950 3756 sunt:
3003 3690 3119 3754 Za-

579 3778 783 3858 nitas,
831 3783 1149 3857 LazaruS,
1207 3777 1568 3858 Marothas‚
1608 3782 1870 3857 NerseS,
1911 3776 2114 3858 Elias,
2174 3782 2411 3856 Mares,
2465 3776 2744 3857 Abibus,
2801 3774 3117 3844 Sembee-

581 3866 729 3934 thes
776 3879 840 3933 et
888 3866 1121 3935 Sabas.
1159 3866 1237 3934 Hi
1279 3888 1401 3957 pro
1450 3865 1694 3936 Christi
1748 3866 2027 3936 nomine
2072 3888 2234 3936 cum
2287 3865 2539 3935 multos
2586 3863 2937 3934 cruciatus
2966 3884 3118 3952 per-

581 3954 936 4035 tulissent,
990 3966 1055 4024 et
1105 3954 1173 4022 in
1226 3954 1376 4044 ipso
1439 3955 1745 4044 martyrii
1794 3955 2170 4024 certamine
2219 3954 2392 4023 vitae
2438 3975 2720 4024 cursum
2773 3952 3121 4043 praeclare

582 4042 1060 4124 confecissent,
1115 4044 1387 4112 firmam
1423 4044 1626 4113 fidem
1660 4056 2029 4124 servante5‚
2085 4044 2483 4134 incorrupta
2512 4055 2714 4130 atque
2745 4039 3120 4112 immortali

634 4226 694 4272 (a)
722 4225 876 4264 Swon
897 4226 944 4264 et
967 4223 1165 4273 sapores
1184 4226 1480 4265 communius
1499 4226 1547 4265 et
1565 4225 1745 4265 rectius
1765 4225 2003 4265 scribitur.
2031 4225 2155 4264 Anno
2174 4224 2252 4264 hic
2274 4227 2330 4263 38
2344 4222 2460 4276 (non
2484 4221 2554 4274 18)
2572 4223 2702 4274 regni
2730 4222 2822 4266 sni,
2848 4232 2972 4262 uino
2999 4222 3124 4261 scili·

580 4282 655 4317 cet
675 4287 888 4321 cccxmu.
906 4279 1292 4323 efferatissimam.
1310 4279 1501 4320 audacis
1521 4280 1763 4328 Magisque
1794 4279 2145 4327 instigantibus,
2171 4280 2550 4328 persecutionem
2580 4278 2727 4316 movit
2746 4277 2795 4315 in
2816 4276 3123 4314 Christianos-

583 4333 679 4372 Hac
699 4333 742 4371 S.
763 4332 1039 4380 Hieronymi
1061 4334 1409 4379 computatione
1429 4334 1670 4380 temporis.
1690 4330 1933 4372 sozomeni
1953 4331 2256 4380 chronologici
2273 4333 2365 4378 (cui
2385 4331 2639 4371 adhaerent
2666 4326 2981 4377 Bollandinni)
3008 4330 3125 4377 reje-

580 4384 670 4428 cti.
689 4395 796 4424 cum
815 4387 1061 4426 Ruinartio
1081 4386 1130 4425 in
1149 4388 1268 4425 Actis
1287 4387 1474 4426 sinceris
1495 4387 1553 4428 de
1575 4386 1619 4426 S.
1641 4386 1856 4426 simeone
1880 4386 2117 4426 Seleuciae
2137 4387 2218 4434 Ep.
2237 4386 2346 4433 (eide
2363 4394 2443 4424 xxi
2474 4386 2601 4435 Apr.)
2630 4384 2706 4423 usi
2733 4385 2845 4422 sunt
2873 4382 3039 4431 optimi
3068 4392 3125 4421 ex

585 4439 802 4478 eruditis.
