3327 4999
178 359 303 426 Ex
357 357 540 425 Nov.
595 355 677 424 ⁴2
1002 376 1079 422 nn
1125 376 1181 423 s.
1234 373 1503 422 cannino
1549 371 1942 421 rnsssnrrssno
2517 353 2633 419 70⁴

183 463 468 554 patriae
502 462 799 542 satiaret,
845 474 1083 530 verum
1121 482 1393 548 quoque
1423 472 1806 530 exterarum
1843 458 2197 558 regionum
2246 456 2596 528 famelicos
2669 479 2742 525 a·

182 566 445 622 sceret.
500 551 666 635 Quis
713 550 899 620 enim
934 562 1137 636 queat
1176 550 1537 641 explicare,
1568 561 1734 636 quot
1782 547 2049 618 lumina
2095 545 2478 629 doctorum,
2517 568 2632 616 ver
2683 546 2744 616 is

185 655 261 710 et
316 640 651 732 exemplis
714 638 1169 731 perfectorum
1235 639 1637 741 prodierunt
1696 637 1900 706 inde?
1943 637 2134 719 Quos
2198 649 2427 707 nostra
2492 635 2744 727 gaudet

186 731 496 800 Francia
535 752 606 800 se
646 742 721 800 ut
768 751 959 799 veros
1008 729 1252 799 Christi
1283 728 1635 819 Apostolos
1663 726 1960 818 hospitio
1991 738 2336 817 gratanter
2367 725 2733 816 recepisse,

189 819 558 890 alimoniis
605 819 1038 890 abundanter
1086 817 1436 899 refovisse,
1491 818 1697 888 rebus
1745 839 1824 886 ac
1871 814 2316 886 facultatibus
2374 813 2744 885 honorabi-

188 910 362 979 liter
410 930 831 988 munerasse,
888 907 1357 998 praedicantes
1399 907 1687 977 libenter
1718 905 2018 987 audisse,
2053 905 2410 995 magisque
2459 924 2747 974 monen-

190 999 398 1069 tibus
437 1020 508 1067 se
557 997 921 1068 salubriter
966 997 1307 1069 obedisse:
1361 1017 1624 1066 necnon
1673 1009 1739 1065 et
1782 997 2013 1065 beatas
2065 1006 2458 1064 sanctorum
2499 1014 2745 1083 corpo-

194 1111 371 1157 rum
423 1089 701 1157 exuvias
750 1109 820 1156 se
867 1085 1158 1156 laetatur
1204 1087 1533 1156 hactenus
1579 1086 1662 1154 ad
1698 1104 1980 1155 suorum
2031 1084 2487 1173 patrocinium
2541 1104 2745 1151 vene-

195 1190 447 1247 ranter
519 1175 911 1256 custodire,
965 1188 1316 1266 sperantes
1377 1197 1497 1266 pro
1546 1174 1654 1244 his
1709 1173 2034 1243 omnibus
2092 1194 2163 1241 se
2212 1184 2472 1263 partem
2549 1171 2746 1241 habi-

198 1280 423 1336 turos
462 1289 621 1335 cum
691 1266 790 1335 eis
837 1265 907 1334 in
972 1278 1242 1335 aeterna
1309 1264 1752 1335 beatitudine.
1808 1268 1897 1332 De
1955 1284 2249 1349 quorum
2313 1259 2747 1332 sanctissimo

199 1356 414 1427 fulsit
453 1353 741 1445 collegio
806 1369 1086 1425 sanctus
1134 1354 1482 1425 Lebuinus
1513 1353 1568 1435 *‚
1622 1375 1702 1422 ex
1750 1350 2048 1443 praefata
2102 1350 2475 1441 Anglorum
2528 1350 2747 1441 patria

202 1443 590 1525 oriunduS‚
645 1444 730 1513 ab
780 1443 950 1536 ipsis
996 1466 1269 1532 quoque
1317 1444 1648 1534 pueritiae
1684 1440 2106 1532 crepundiiS,
2145 1440 2483 1510 exercitiis
2530 1445 2743 1511 Deum

196 1532 488 1604 colendi
537 1533 833 1603 deditus.
886 1540 1039 1609 ,lam
1080 1534 1263 1602 enim
1314 1531 1798 1625 praetendebat
1844 1552 2114 1600 morum
2162 1529 2545 1612 conatibuS,
2579 1552 2748 1617 qua-

196 1625 296 1694 lis
348 1622 483 1712 piis
525 1622 801 1693 futurus
846 1635 1022 1694 esset
1068 1624 1361 1693 actibus:
1416 1633 1491 1692 ut
1540 1633 1847 1713 patenter
1875 1620 2155 1689 daretur
2202 1619 2517 1710 intelligi,
2555 1618 2745 1689 hunc

197 1733 448 1782 verum
501 1712 616 1781 Dei
648 1712 981 1783 cultorem
1029 1710 1170 1783 fore
1217 1712 1334 1800 qui
1385 1712 1455 1780 in
1507 1710 1653 1802 lege
1700 1711 1850 1802 ejus
1878 1709 2318 1779 meditaretur
2355 1709 2468 1778 die
2513 1731 2592 1778 ac
2622 1730 2748 1777 no-

198 1814 337 1882 cte,
394 1800 573 1871 sicut
620 1814 686 1871 et
732 1802 1048 1872 Salomon
1090 1802 1158 1871 in
1209 1800 1596 1872 Proverbiis
1639 1799 1940 1891 generali
1989 1798 2322 1868 sententia
2363 1797 2616 1890 promit
2661 1797 2746 1867 de

204 1890 474 1962 talibus
500 1914 525 1992 :-
567 1896 659 1960 Ex
706 1890 956 1961 studiis
1002 1891 1148 1961 suis
1178 1891 1592 1982 intelligitur
1637 1907 1831 1981 puer,
1877 1889 1936 1958 si
1983 1900 2164 1958 recta
2193 1887 2332 1958 sint
2374 1901 2440 1959 et
2486 1887 2749 1958 munda

202 2002 423 2071 opera
468 2002 640 2071 ejus,

297 2072 333 2157 ξ
380 2074 471 2142 8.
526 2070 697 2139 Hinc
728 2069 1152 2150 liberalibuS,
1206 2091 1285 2139 ac
1321 2069 1550 2160 potius
1597 2067 1832 2148 sacris,
1888 2065 2178 2136 traditus
2226 2066 2473 2137 studiis
2506 2061 2737 2136 litera-

203 2180 390 2240 rum,
446 2159 747 2241 inhians,
804 2171 877 2228 ut
909 2159 1002 2229 ait
1050 2160 1423 2250 Scriptura,
1479 2158 1561 2227 ad
1609 2156 1958 2227 sciendam
2009 2155 2456 2248 sapientiam,
2512 2155 2598 2225 ad
2641 2155 2746 2223 in-

203 2246 657 2339 telligendum
708 2249 908 2318 verba
975 2247 1377 2340 prudentiae
1430 2259 1497 2317 et
1545 2243 2063 2336 suscipiendam
2118 2245 2572 2315 eruditionem
2623 2243 2747 2313 do-

203 2337 490 2419 ctrinae,
556 2337 898 2427 justitiam
947 2349 1012 2406 et
1066 2337 1415 2427 judicium
1476 2348 1540 2406 et
1600 2336 2053 2423 aequitatem:
2128 2348 2205 2406 ut
2274 2335 2406 2405 sibi
2463 2333 2747 2425 parvulo

205 2426 488 2496 daretur
534 2427 806 2509 astutia,
860 2426 1272 2496 adolescenti
1337 2425 1621 2498 scientia
1682 2438 1748 2495 et
1802 2423 2223 2496 intellectus:
2287 2423 2609 2516 vigilabat
2655 2422 2742 2492 ad

204 2516 387 2586 fores
428 2516 800 2607 sapientiae
844 2516 1171 2603 quotidie,
1223 2517 1592 2587 observans
1630 2514 1717 2585 ad
1755 2527 1978 2605 postes
2011 2514 2168 2586 ostii
2215 2514 2390 2603 ejus.
2440 2518 2746 2601 Cumque

205 2627 323 2674 eos
370 2616 693 2676 extereret
739 2605 1036 2689 assidue,
1080 2607 1358 2697 optabat
1387 2622 1462 2677 ut
1489 2605 1746 2675 veniret
1786 2604 1856 2673 in
1888 2626 1959 2674 se
2009 2604 2295 2694 spiritus
2343 2603 2740 2694 sapientiae,

206 2694 750 2785 deprecatusque
813 2701 1021 2766 Deum
1073 2718 1152 2765 ex
1201 2695 1354 2765 totis
1420 2693 1875 2785 praecordiis,
1951 2693 2166 2763 dixit:
2221 2698 2313 2762 Da
2363 2692 2559 2774 mihi,
2616 2698 2743 2762 Do-

207 2785 435 2866 mine,
519 2784 785 2855 sedium
838 2797 1114 2855 tuarum
1162 2784 1577 2856 assistricem
1642 2782 2098 2873 sapientiam:
2154 2782 2342 2852 mitte
2389 2781 2582 2851 illam
2651 2780 2740 2852 de

204 2875 416 2944 coelis
489 2874 742 2946 sanctis
791 2875 927 2945 tuis
972 2887 1035 2943 et
1082 2897 1123 2943 a
1170 2874 1329 2944 sede
1404 2872 1903 2964 magnitudinis
1954 2884 2146 2955 tuae,
2202 2885 2275 2942 ut
2326 2893 2596 2941 mecum
2651 2871 2745 2941 sit

205 2976 272 3032 et
322 2985 587 3033 mecum
638 2963 921 3042 laboret,
973 2976 1049 3033 ut
1086 2963 1298 3034 sciam
1349 2962 1515 3050 quid
1575 2974 1934 3053 acceptum
1993 2961 2081 3031 sit
2133 2982 2365 3031 coram
2417 2972 2502 3030 te.
2555 2964 2745 3031 Haec

204 3074 285 3122 eo
334 3053 610 3143 saepius
638 3052 1067 3144 deprecante,
1119 3054 1416 3123 occurrit
1447 3052 1509 3121 ei
1558 3052 1709 3143 ipsa
1755 3072 1932 3138 quae
1977 3050 2222 3122 circuit
2253 3071 2595 3138 quaerens
2634 3050 2739 3119 di-

206 3163 381 3230 gnos
411 3164 504 3221 se,
530 3155 595 3211 et
624 3142 918 3211 ostendit
949 3163 1022 3211 se
1054 3141 1155 3211 illi
1204 3142 1513 3213 hilariter
1539 3155 1604 3210 et
1651 3139 1947 3212 obviavit
1976 3139 2076 3210 illi
2126 3140 2326 3227 quasi
2360 3154 2579 3210 mater
2614 3140 2740 3209 ho-

209 3230 562 3300 norificata
594 3283 609 3311 ,
664 3244 851 3302 stans
927 3232 997 3300 in
1047 3232 1341 3303 summis
1406 3230 1828 3317 excelsisque
1877 3228 2248 3300 verticibus
2281 3284 2297 3310 ,
2353 3228 2423 3299 in
2489 3228 2742 3299 mediis

207 3319 471 3389 semitis
500 3319 697 3408 juxta
746 3331 974 3411 portas
1007 3320 1299 3390 civitatis
1333 3320 1404 3388 in
1454 3319 1624 3409 ipsis
1670 3318 1955 3389 foribus,
2000 3324 2156 3389 Erat
2195 3333 2449 3400 autem,
2497 3330 2572 3388 ut
2592 3318 2742 3409 jam

208 3419 365 3477 ante
415 3430 539 3477 nos
602 3430 720 3498 per
766 3408 1133 3496 quemdam
1200 3410 1308 3479 sui
1358 3421 1729 3478 amatorem
1793 3407 1879 3478 de
1923 3429 2003 3477 ea
2064 3407 2326 3477 dictum
2376 3419 2500 3487 est,
2556 3429 2744 3477 reve-

208 3496 407 3567 rendi
454 3497 830 3568 admodum
880 3497 1144 3579 vultus,
1197 3497 1418 3568 oculis
1482 3495 1887 3566 ardentibus
1932 3508 1996 3566 et
2043 3496 2221 3567 ultra
2293 3518 2741 3567 communem

210 3586 573 3656 homiuum
624 3586 985 3656 valentiam
1038 3586 1574 3678 perspicacibus,
1613 3584 1838 3656 colore
1869 3585 2114 3661 vivido,
2154 3599 2357 3673 atque
2405 3585 2743 3655 inexhau-

210 3676 294 3746 sti
335 3676 610 3767 vigoris:
662 3691 1000 3764 quatenus
1048 3677 1140 3745 ita
1188 3677 1334 3746 aevi
1369 3674 1573 3766 plena
1612 3673 1804 3754 foret,
1859 3686 1933 3744 ut
1983 3675 2171 3744 nullo
2224 3674 2425 3745 modo
2465 3687 2740 3744 nostrae

207 3766 596 3836 crederetur
641 3767 900 3849 aetatis,
954 3777 1214 3836 statura
1258 3763 1692 3836 discretionis
1722 3763 2110 3854 ambiguae.
2151 3769 2321 3834 Nam
2370 3785 2558 3834 nunc
2587 3765 2746 3852 qui-

210 3856 365 3924 dem
414 3855 500 3925 ad
559 3877 999 3926 communem
1064 3876 1133 3927 se
1204 3854 1562 3925 hominum
1626 3875 2021 3924 mensuram
2082 3852 2490 3924 cohibebat:
2549 3875 2741 3923 nunc

207 3967 363 4014 vero
412 3943 686 4035 pulsare
742 3944 1010 4015 coelum
1072 3945 1327 4014 summi
1379 3942 1645 4014 verticis
1694 3941 2055 4012 cacumine
2115 3942 2497 4014 videbatur.
2554 3948 2744 4027 Quae

207 4057 364 4104 cum
400 4034 608 4105 altius
655 4047 862 4125 caput
908 4032 1280 4113 extulisset,
1333 4033 1563 4119 ipsum
1613 4032 1818 4103 etiam
1867 4031 2135 4102 coelum
2171 4033 2592 4122 penetrabat,
2636 4054 2743 4101 re-

208 4124 785 4214 spicientiumque
831 4123 1194 4193 hominum
1243 4122 1703 4193 frustrabatur
1747 4122 2103 4192 intuitum.
2172 4126 2350 4191 Haec
2412 4122 2745 4192 aedifica·

212 4226 394 4283 verat
438 4214 572 4283 sibi
618 4214 900 4283 domum
937 4268 951 4295 ,
1012 4212 1135 4282 ubi
1181 4212 1525 4305 exciderat
1571 4211 1705 4282 sibi
1753 4211 2115 4281 columnas
2176 4221 2483 4302 septem:
2538 4223 2744 4298 atque

209 4300 578 4373 immolans
628 4302 939 4373 victimas
968 4323 1153 4384 suas,
1195 4301 1476 4373 miscuit
1525 4301 1758 4370 vinum
1791 4313 1856 4371 et
1890 4300 2118 4390 posuit
2167 4321 2474 4370 mensam
2512 4323 2736 4380 suam,

211 4390 531 4481 misitque
579 4392 867 4462 ancillas
927 4413 1128 4474 suaS,
1205 4403 1281 4462 ut
1350 4402 1669 4461 vocarent
1737 4389 1822 4459 ad
1880 4412 2108 4460 arcem
2178 4402 2242 4460 et
2313 4389 2397 4460 ad
2471 4388 2744 4461 moenia

259 4515 282 4541 ¹·
311 4514 454 4555 Juxta
470 4515 673 4558 nominis
694 4516 939 4567 originem,
956 4515 1005 4557 et
1022 4514 1193 4566 patrus
1211 4515 1317 4565 ejus
1333 4514 1567 4557 samonis
1585 4513 1809 4561 indolem.
1825 4512 2102 4555 scribendus
2120 4512 2244 4555 toret
2265 4512 2508 4553 lebwinum
