3327 4999
184 335 429 399 MART.
483 335 524 397 6
1103 348 1182 393 m:
1230 348 1285 394 s,
1341 345 1578 394 cornu
1626 344 1796 392 vmo.
2561 330 2646 393 53

185 432 298 501 ille
344 453 506 501 cum
544 430 694 499 suis
739 449 821 497 eo
868 426 1240 496 adveniret.
1274 431 1339 495 Is
1372 425 1492 494 ubi
1541 425 1748 506 venit,
1788 423 2090 494 evomuit
2124 423 2483 494 confestim
2517 447 2554 493 e
2582 447 2740 496 coe-

181 543 353 591 noso
402 533 677 611 pectore
723 516 1061 586 lutulenta
1099 528 1165 585 et
1213 514 1443 605 turpia
1491 514 1718 583 verba.
1773 513 1848 582 Ei
1880 525 2107 582 autem
2161 513 2517 583 humiliter
2538 525 2604 584 et
2637 536 2743 584 re-

181 610 427 701 ligiose
460 609 687 679 Coleta
724 604 1119 696 respondit:
1163 616 1229 674 et
1267 625 1423 673 ecce
1452 603 1611 690 equi
1640 602 2104 694 malignorum
2149 602 2514 672 hominum
2545 624 2742 673 man-

176 710 423 769 serunt
486 695 794 777 immoti,
876 716 999 763 nec
1064 694 1149 763 ad
1218 714 1501 762 currum
1581 692 1878 783 propius
1935 690 2258 761 accedere
2319 702 2737 781 potuerunt,

174 787 503 876 quamvis
554 795 834 875 possent
885 782 1083 852 facile
1132 781 1574 851 retrocedere.
1621 781 1987 852 visitatura
2035 780 2453 867 quandoque
2502 803 2745 851 mona-

178 877 393 949 steria
435 896 590 955 sua,
654 895 776 965 per
820 893 936 943 eas
985 872 1297 962 regiones
1348 869 1691 960 proficisci
1738 869 2131 960 cogebatur,
2170 869 2238 937 in
2290 870 2547 955 quibus
2596 880 2743 938 tum

173 966 437 1055 ingens
488 974 632 1033 erat
681 974 1102 1031 armatorum
1156 958 1452 1028 militum
1505 958 1853 1049 strepituS.
1910 959 2220 1027 Sentiens
2277 981 2347 1029 se
2408 980 2543 1028 non
2595 958 2746 1027 sine

172 1054 406 1124 multo
445 1050 849 1121 discrimine
898 1050 967 1119 id
1010 1047 1597 1135 facturam,jubet
1647 1047 1787 1117 dici
1820 1046 2119 1117 litanias,
2173 1046 2751 1137 Paulopostvenit

178 1143 470 1212 obviam
524 1138 1036 1231 procacissimis
1076 1137 1414 1206 militibus
1435 1136 1555 1223 qui
1586 1136 2135 1228 petulantissime
2186 1137 2628 1205 minabantur
2675 1158 2748 1205 se

171 1232 529 1319 quosdam
582 1252 663 1297 ex
702 1228 1069 1297 comitibus
1115 1226 1265 1313 ejus
1306 1224 1773 1316 jugulaturOS,
1828 1225 1983 1295 aliis
2031 1246 2234 1293 aures
2287 1227 2741 1315 praecisurOS,

172 1323 262 1390 ab
319 1320 482 1390 aliis
528 1340 743 1404 equos
789 1329 853 1385 et
893 1330 1194 1386 caeteras
1226 1338 1331 1384 res
1382 1314 1754 1384 ablaturos
1788 1319 1864 1383 At
1889 1314 2108 1384 Coleta
2159 1313 2362 1403 plane
2391 1313 2747 1382 confidens

174 1416 319 1479 Deo
368 1422 436 1478 et
487 1407 747 1478 sanctis
792 1427 966 1492 quos
1023 1404 1402 1484 invocabat,
1448 1403 1658 1490 jussit
1735 1403 2019 1473 comites
2069 1425 2232 1472 suos
2295 1402 2740 1493 praecedere:

176 1499 445 1567 mansit
475 1509 706 1565 autem
737 1494 881 1563 sola
928 1516 1088 1564 cum
1139 1493 1514 1574 sororibus,
1572 1491 1863 1561 libenter
1891 1492 2278 1582 oppetitura
2330 1504 2640 1572 mortem,
2671 1501 2750 1560 ut

174 1587 303 1656 alii
338 1585 735 1656 evaderent.
790 1588 867 1651 Et
913 1604 1068 1652 ecce
1103 1592 1357 1650 tantam
1392 1582 1452 1651 ei
1504 1581 1838 1650 Dominus
1885 1580 2175 1650 contulit
2217 1580 2435 1649 animi
2482 1580 2750 1649 fortitu-

175 1677 417 1745 dinem
472 1687 539 1743 et
588 1672 1073 1752 constantiam,
1129 1675 1526 1757 tantamque
1573 1670 1714 1740 oris
1749 1669 2172 1750 facundiam,
2228 1681 2473 1739 utnon
2517 1668 2743 1738 solum

181 1764 366 1833 nibil
432 1762 602 1832 mali
653 1762 716 1830 ei
764 1760 866 1829 vel
916 1760 1287 1831 'sororibus
1343 1759 1443 1828 illi
1497 1781 1796 1846 nequam
1856 1758 2172 1828 homines
2221 1758 2573 1838 inferrent,
2627 1757 2746 1826 sed

188 1854 397 1922 etiam
449 1852 724 1921 veniam
758 1850 845 1919 ab
891 1870 970 1917 ea
1004 1860 1329 1939 peterent,
1382 1848 1784 1935 ablatosque
1829 1869 2041 1935 equos
2074 1860 2139 1916 et
2172 1846 2308 1931 alia
2346 1847 2610 1936 integre
2643 1868 2749 1915 re-

199 1943 574 2010 stituerent.
614 1946 693 2009 At
726 1951 953 2007 tamen
1002 1943 1180 2007 Deus
1202 1938 1439 2028 justus
1459 1937 1674 2028 judex
1708 1937 1826 2024 qui
1860 1958 1994 2005 non
2030 1935 2191 2005 sinit
2239 1936 2529 2036 impune
2559 1935 2751 2005 abire

202 2029 265 2097 si
300 2030 451 2115 quis
490 2042 681 2098 vexet
714 2027 950 2096 fideles
980 2027 1239 2096 amicos
1287 2026 1460 2116 ejuS,
1502 2026 1595 2094 ita
1634 2025 1702 2093 in
1754 2046 1870 2094 eos
1917 2024 2422 2106 animadvertit,
2460 2035 2537 2093 ut
2566 2025 2750 2093 intra

208 2131 359 2185 octo
406 2118 543 2187 dies
588 2118 678 2187 ob
726 2115 1062 2203 quaedam
1114 2126 1500 2206 perpetrata
1569 2112 1910 2182 maleficia
1958 2114 2026 2181 in
2077 2113 2386 2203 patibulo
2460 2133 2752 2202 suspen-

209 2206 548 2283 derentur,
591 2205 821 2296 palam
864 2204 1286 2282 confitentes,
1342 2225 1414 2272 se
1460 2201 1563 2270 vel
1615 2201 1911 2270 maxime
1957 2201 2116 2289 angi
2168 2201 2445 2281 animis,
2481 2200 2748 2291 praeci-

200 2317 470 2384 pueque
511 2294 765 2375 dolere,
819 2293 1000 2380 quod
1044 2293 1441 2362 molestiam:
1479 2290 1672 2359 illam
1714 2289 2006 2359 ancillae
2040 2289 2282 2358 Christi
2320 2290 2746 2360 attulissent:

197 2406 408 2471 seque
456 2384 850 2452 existimare
900 2381 1017 2450 illa
1065 2384 1275 2451 causa
1325 2403 1395 2451 se
1444 2381 1543 2449 sic
1592 2379 1924 2448 divinitus
1958 2377 2218 2469 puniri.

285 2478 323 2561 ξ
380 2477 559 2545 31).
615 2471 884 2542 Solebat
930 2482 1159 2540 autem
1210 2469 1328 2539 illa
1375 2481 1529 2561 post
1576 2468 1716 2538 oris
1764 2489 1999 2558 preces
2044 2467 2250 2537 etiam
2298 2467 2383 2536 ad
2424 2489 2539 2538 eas
2578 2489 2755 2554 quae

192 2577 429 2632 mente
477 2562 682 2641 siunt,
739 2583 809 2632 se
843 2558 1186 2629 conferre:
1232 2572 1436 2646 atque
1469 2559 1563 2628 ita
1595 2580 1675 2627 ex
1716 2558 2039 2649 precibus
2079 2578 2405 2646 magnam
2441 2557 2758 2645 capiebat

193 2651 765 2721 consolationem:
824 2649 1181 2739 ajebatque
1216 2649 1364 2717 sine
1398 2647 1722 2738 precibus
1761 2647 2108 2716 neminem
2163 2667 2363 2735 posse
2394 2645 2748 2735 prolicere:

190 2755 401 2827 atque
427 2741 510 2808 ea
544 2741 753 2808 causa
785 2737 1189 2807 hortabatur
1222 2759 1485 2806 sorores
1520 2736 1601 2805 ad
1644 2747 2010 2835 perpetuae
2042 2733 2372 2803 orationis
2412 2733 2749 2803 studium.

188 2835 402 2898 Porro
453 2829 523 2898 in
578 2825 996 2896 mentalibus
1042 2825 1493 2907 orationibuS,
1547 2824 1805 2911 qulbus
1852 2825 2092 2893 crebro
2143 2825 2486 2902 utebatur,
2541 2843 2748 2892 curas

186 2939 439 2987 omnes
481 2937 1029 3007 supervacaneas
1069 2913 1411 3004 abigebat,
1451 2934 1828 2999 omnesque
1862 2935 2106 2983 sensus
2136 2924 2200 2982 et
2232 2913 2410 2983 vires
2443 2911 2752 3001 corporis

188 3030 273 3077 ac
326 3017 617 3075 naturae
666 3003 1052 3095 colligebat,
1106 3014 1182 3072 ut
1230 3001 1523 3092 perfecte
1569 3002 1897 3092 cogitaret
1943 3001 2026 3070 de
2067 3006 2223 3082 Deo,
2268 3015 2334 3072 et
2364 3002 2613 3071 affectu
2646 3023 2752 3069 ar·

189 3096 608 3165 dentissimo
658 3115 892 3185 preces
942 3091 1041 3161 illi
1071 3093 1363 3174 offerret,
1403 3092 1496 3161 ita
1529 3102 1604 3159 ut
1637 3102 1772 3159 tota
1806 3103 2161 3180 raperetur
2199 3091 2270 3159 in
2310 3090 2533 3171 illum,
2576 3089 2752 3159 nihil

187 3205 485 3275 corpore
533 3184 880 3257 sentiens,
934 3180 1218 3272 perinde
1264 3192 1341 3249 ut
1389 3192 1701 3260 mortua,
1769 3200 1894 3248 nec
1943 3178 2333 3269 percipiens
2381 3178 2757 3265 quicquam

190 3295 468 3352 eorum,
522 3293 701 3358 quae
749 3282 897 3340 tum
946 3269 1371 3339 extrinsecus
1402 3268 1586 3337 circa
1618 3266 1810 3336 illam
1846 3267 2283 3358 gerebantur.
2338 3272 2415 3335 Et
2448 3266 2546 3335 sic
2583 3287 2760 3336 non-

193 3382 563 3447 nunquam
665 3360 1000 3430 ermansit
1046 3379 1161 3427 sex
1213 3357 1440 3439 horis,
1494 3356 1845 3427 interdum
1895 3356 2133 3425 decem
2194 3356 2297 3425 vel
2356 3354 2751 3424 duodecim.

194 3449 506 3519 Tandem
555 3471 597 3518 a
694 3469 766 3519 se
814 3468 1106 3527 reversa,
1153 3446 1342 3516 brevi
1382 3446 1603 3535 spatio
1638 3467 1710 3516 se
1751 3444 1849 3513 sic
1882 3443 2095 3515 fuisse
2134 3444 2444 3535 putabat,
2490 3442 2760 3513 tametsi

198 3537 558 3609 interdum
608 3550 747 3607 tota
791 3536 902 3605 die
950 3536 1049 3606 sic
1098 3534 1512 3626 perdurarit,
1567 3533 1972 3623 saepissime
2018 3534 2223 3602 etiam
2263 3532 2506 3623 majori
2543 3530 2761 3601 noctis

198 3641 421 3717 parte.
479 3630 777 3695 Somnus
823 3636 1052 3695 autem
1099 3624 1251 3714 ejus
1298 3623 1730 3694 incredibilis
1777 3622 2128 3713 parcitatis
2175 3620 2326 3703 suit,
2383 3620 2481 3690 sic
2519 3632 2606 3690 ut
2638 3620 2764 3689 ali-

195 3715 471 3802 quoties
521 3725 672 3784 octo
712 3713 955 3784 diebus
991 3712 1098 3782 vix
1131 3736 1273 3782 una
1311 3712 1669 3783 dormierit
1701 3711 1895 3780 hora.
1953 3716 2312 3796 Postquam
2350 3710 2535 3778 enim
2575 3707 2763 3780 Psal-

200 3805 454 3874 terium
492 3815 558 3873 et
598 3824 835 3893 preces
869 3802 1247 3872 Canonicas
1280 3800 1685 3882 absolverat,
1732 3799 2080 3886 reliquum
2113 3811 2386 3889 tempus
2414 3798 2487 3866 in
2523 3820 2762 3899 preces

202 3891 542 3962 mentales
589 3890 1004 3962 conserebat.
1057 3895 1137 3959 In
1188 3890 1428 3960 itinere
1475 3891 1563 3959 ad
1612 3888 1914 3979 hospitia
1947 3887 2250 3968 venienS,
2290 3901 2577 3957 caeteris
2615 3909 2764 3956 cor-

207 4003 375 4071 pora
423 3980 638 4068 quieti
689 3980 1040 4061 dantibus,
1093 3979 1421 4070 vigilabat
1467 3978 1751 4069 plorans
1781 3988 1847 4047 et
1886 3998 2194 4068 gemens,
2240 3981 2594 4063 Deumque
2627 3974 2763 4045 ser-

212 4082 444 4139 venter
492 4091 725 4150 ora-nS,
782 4090 1023 4139 somno
1070 4079 1484 4157 contempto.

304 4177 341 4252 ἓ
388 4174 535 4246 81.
591 4175 899 4253 Quantae
945 4181 1173 4239 autem
1221 4168 1564 4240 efficaciae
1611 4167 1868 4237 fuerint
1915 4189 2150 4259 preces
2179 4166 2357 4256 ejus,
2394 4171 2573 4237 Deus
2607 4166 2765 4252 qui-

174 4258 509 4342 busdam
577 4258 930 4331 sororibus
986 4258 1419 4329 evidentibus
1475 4256 1697 4347 signis
1758 4256 2151 4326 declaravit.
2223 4262 2761 4341 Nonnumquam

222 4346 339 4416 illa
387 4347 883 4418 ferventissime
928 4358 1186 4427 orante,
1233 4345 1595 4416 videbatur
1625 4344 1725 4415 eis
1757 4347 2132 4416 oratorium
2169 4345 2359 4414 illius
2397 4366 2523 4413 ceu
2563 4344 2764 4411 flam-

230 4435 354 4506 mis
401 4436 762 4508 incensum
810 4435 1073 4506 ardere.
1146 4438 1210 4505 Si
1259 4436 1419 4524 quis
1466 4447 1696 4505 autem
1746 4435 2031 4525 propius
2079 4434 2475 4505 accessisset
2531 4431 2760 4522 ignem
