3327 4999
733 357 862 423 322
1365 376 1447 422 DE
1493 375 1550 423 s.
1604 372 1956 421 nanim-„nro
2004 372 2227 420 conon.
2281 369 2481 418 Ense.
2814 350 3062 416 MART.
3119 351 3196 415 46

639 455 1046 547 Apostolus:
1120 453 1294 536 Quia
1370 454 1651 544 linguae
1699 454 1772 521 in
1823 454 2103 543 signum
2154 462 2356 530 sunt,
2416 472 2551 519 non
2627 448 2998 529 fidelibus,
3082 447 3197 517 sed

638 542 1067 622 infidelibus,
1114 542 1209 611 ita
1242 554 1306 611 et
1344 542 1429 611 de
1475 543 1870 632 operatione
1900 542 2229 609 virtutum
2269 552 2448 608 recte
2496 538 2688 607 dicas
2717 538 2883 624 quia
2916 537 3198 606 virtutes

637 633 722 701 ad
777 631 1254 702 testimonium
1304 641 1489 709 sunt,
1535 652 1674 699 non
1725 629 2072 707 fidelibus,
2127 627 2246 697 sed
2297 626 2723 695 infidelibus:
2768 638 2833 694 et
2872 625 2969 694 ibi
3002 647 3197 694 sum-

638 741 918 810 mopere
969 719 1224 791 sanctis
1254 717 1594 808 optandae
1627 732 1813 797 sunt,
1867 717 1992 786 ubi
2041 716 2505 806 ignorantiam
2555 715 2696 782 veri
2730 713 2845 782 Dei
2907 713 3194 793 bahem,

638 809 725 877 ad
768 807 979 877 fidem
1013 807 1329 876 eruditur
1368 807 1693 897 populus,
1751 805 1943 874 Unde
1991 816 2311 873 sanctum
2365 804 2710 872 Elisaeum
2761 800 3202 870 laudabiliter

637 896 861 986 egisse
909 895 1530 964 animadvertimus
1577 894 1700 981 qui
1735 894 2005 962 dicente
2055 892 2186 961 sibi
2222 892 2391 972 Elia,
2448 896 2600 960 Pete
2633 891 2809 981 quod
2838 891 2962 970 vis,
3014 900 3201 958 ante-

638 1008 843 1074 quam
874 988 1081 1053 tollar
1119 1007 1161 1052 a
1190 994 1251 1052 te
1276 1009 1297 1052 .·
1338 983 1653 1072 protinus
1691 995 1949 1071 petens,
1978 986 2128 1060 Oro,
2170 980 2418 1065 inquit,
2457 989 2534 1047 ut
2568 981 2693 1068 fiat
2722 980 3005 1069 spiritus
3050 990 3201 1046 ιιιιιε

639 1074 901 1162 duple-:c
947 1074 1018 1140 in
1076 1095 1204 1141 me.
1264 1071 1548 1139 Videbat
1608 1091 1912 1156 namque
1968 1067 2436 1137 miserabilem
2500 1067 2734 1147 Israel,
2798 1079 3198 1152 sequentem

639 1159 1161 1229 fornicationem
1209 1159 1667 1250 impiissimae
1713 1157 2008 1238 Jezabel,
2047 1156 2441 1226 claudicare
2477 1155 2544 1222 in
2586 1155 2763 1224 duas
2802 1166 3054 1243 partes,
3090 1175 3193 1223 se-

639 1249 915 1335 quendo
949 1247 1106 1317 Baal
1149 1246 1416 1317 idolum
1444 1247 1742 1327 lezabel,
1779 1258 1843 1315 et
1876 1244 2279 1313 haesitando
2310 1255 2463 1334 post
2485 1249 2696 1313 Deum
2737 1254 3013 1332 patrum
3039 1265 3198 1312 suo-

641 1359 801 1406 rum
833 1336 953 1422 qui
989 1358 1175 1405 unus
1221 1347 1286 1404 et
1318 1357 1521 1404 verus
1570 1334 1906 1403 Dominus
1939 1338 2117 1402 Deus
2156 1345 2297 1402 est:
2341 1344 2407 1401 et
2446 1352 2584 1400 non
2618 1353 2815 1421 posse
2856 1330 3194 1421 populum

641 1423 963 1493 eumdem
993 1424 1061 1491 in
1092 1445 1299 1492 suum
1335 1424 1602 1492 restitui
1636 1422 1957 1512 gradum,
1998 1421 2130 1491 nisi
2163 1442 2285 1509 per
2317 1421 2696 1489 multarum
2729 1419 3197 1508 operationem

639 1513 1000 1581 virtutum.
1081 1510 1375 1579 Proinde
1449 1533 1595 1579 rem
1667 1509 2018 1579 difficilem
2082 1509 2365 1594 quidem
2434 1507 2826 1597 postulavit,
2896 1519 3195 1576 attamen

640 1602 807 1687 quia
854 1622 991 1668 non
1034 1622 1257 1679 suam,
1293 1599 1406 1668 sed
1462 1599 1577 1667 Dei
1610 1598 1905 1754 gloriam
1953 1610 2016 1666 et
2051 1618 2497 1665 communem
2537 1597 2910 1681 quaerebat
2957 1594 3198 1686 populi

642 1688 962 1768 salutem,
1015 1687 1278 1756 factum
1324 1697 1427 1756 est
1470 1707 1606 1771 quo
1717 1686 1953 1775 petivit
1997 1698 2063 1753 et
2108 1685 2360 1773 duplex
2408 1685 2694 1772 spiritus
2765 1684 2950 1752 Eliae
2990 1705 3199 1773 super

639 1797 802 1845 eum
867 1776 1220 1862 requievit.
1276 1774 1579 1874 Duplum
1639 1796 1942 1859 namque
2010 1773 2272 1842 donum
2339 1773 2626 1862 spiritus
2668 1773 2737 1840 in
2805 1794 2843 1841 o
2899 1772 3200 1840 eratione

637 1864 975 1932 virtutum
1016 1863 1128 1931 ille
1168 1874 1453 1952 accepit.
1494 1868 1662 1931 Nam
1712 1863 1770 1930 si
1821 1862 2248 1950 Scripturam
2299 1861 2649 1942 consulaS‚
2708 1873 2772 1929 et
2881 1860 3199 1950 iligenter

641 1964 1022 2041 computeS‚
1068 1951 1249 2019 Elias
1297 1950 1579 2037 quidem
1628 1962 1777 2019 octo
1815 2004 1829 2031 ‚
1884 1950 2192 2019 Elisaeus
2252 1963 2482 2018 autem
2533 1949 2804 2018 circiter
2852 1949 3198 2017 sexdecim

641 2039 977 2109 miracula
1012 2051 1334 2128 operatus
1363 2050 1485 2106 est.
1542 2038 1762 2128 Igitur
1808 2050 1873 2107 et
1921 2037 2021 2106 illi
2078 2037 2281 2106 laude
2337 2037 2534 2127 digni
2573 2049 2736 2105 sunt
2797 2038 3018 2106 sancti
3077 2036 3195 2124 qui

642 2148 765 2215 per
822 2128 1224 2197 charitatem
1290 2127 1392 2195 vel
1468 2141 1742 2216 propter
1799 2127 2347 2195 aedificationem
2409 2125 2823 2204 infidelium,
2880 2124 3058 2192 fusis
3111 2124 3193 2193 ad

639 2219 854 2283 Deum
908 2215 1258 2304 precibuS‚
1315 2215 1597 2284 virtutes
1645 2216 1906 2305 operati
1962 2228 2160 2283 sunt:
2212 2225 2278 2281 et
2327 2214 2439 2282 hic
2487 2226 2688 2299 atque
2736 2213 2987 2281 caeteri
3028 2212 3190 2299 jure

641 2302 1027 2371 honorandi
1066 2314 1251 2384 sunt,
1305 2303 1728 2389 quicumque
1782 2314 2061 2392 propter
2123 2301 2532 2371 humilitatis
2580 2301 2969 2372 custodiam
3015 2322 3191 2386 quo-

643 2390 1015 2460 dammodo
1042 2389 1277 2482 sugere
1300 2391 1720 2460 studuerunt
1747 2390 1979 2459 datam
2004 2389 2135 2459 sibi
2157 2390 2442 2459 caelitus
2472 2402 2536 2458 et
2562 2390 2741 2458 ultro
2771 2410 3198 2478 prosequen-

644 2492 805 2560 tem,
860 2479 1175 2549 eamdem
1226 2479 1555 2550 virtutum
1625 2479 1943 2569 gratiam.
2016 2478 2142 2547 Sed
2201 2478 2350 2569 Jam
2398 2478 2801 2548 earumdem
2861 2478 3193 2548 virtutum

644 2568 863 2637 sancti
914 2569 1126 2657 hujus
1161 2568 1625 2636 narrationem
1678 2567 2174 2657 ingrediamur.

731 2659 767 2742 ξ
826 2663 976 2728 1².
1032 2657 1148 2724 Die
1188 2656 1481 2724 solemni
1514 2655 1625 2723 hic
1659 2670 1941 2725 sanctus
1989 2655 2129 2734 Dei,
2183 2675 2570 2724 sermonem
2621 2653 2706 2721 de
2753 2676 2941 2724 more
2991 2654 3199 2725 sacie-

640 2744 757 2813 bat
792 2744 875 2812 ad
921 2744 1283 2834 populum.
1345 2749 1499 2811 Erat
1547 2755 1777 2812 autem
1845 2743 1993 2811 dies
2043 2743 2157 2811 ille
2217 2743 2638 2822 Palmarum‚
2695 2765 2832 2829 quo
2881 2744 3200 2813 videlicet

642 2831 754 2900 die
795 2853 908 2899 rex
946 2831 1297 2899 coelorum
1347 2844 1656 2900 sanctam
1706 2831 2066 2921 ingressus
2117 2843 2218 2900 est
2266 2832 2605 2900 civitatem
2655 2832 3188 2920 ‚lerosolymam

641 2920 889 2990 sedens
939 2940 1148 3009 super
1186 2918 1460 3008 pullum
1496 2921 1755 2988 asinae:
1812 2919 2141 2988 nimirum
2178 2920 2266 2988 ob
2305 2931 2781 3010 contemptum
2830 2922 3200 3010 superbiae

637 3029 882 3097 regum
923 3019 1164 3086 terrae,
1218 3006 1302 3073 de
1333 3007 1662 3093 qualibus
1712 3006 2074 3076 Psalmista
2112 3007 2321 3076 dicit:
2393 3009 2478 3076 Hi
2527 3008 2597 3075 in
2640 3008 2966 3076 curribus
3014 3022 3084 3078 et
3131 3009 3200 3078 bi

637 3095 709 3162 in
758 3095 993 3193 equis:
1050 3094 1481 3185 subjungens
1528 3095 1869 3184 protinus,
1909 3101 2041 3164 Nos
2070 3107 2300 3164 autem
2349 3095 2421 3164 in
2463 3095 2745 3164 nomine
2779 3097 3058 3166 Domini
3085 3098 3198 3166 Dei

641 3194 857 3252 nostri
912 3183 1430 3251 invocabimus:
1485 3183 1557 3250 in
1606 3204 1745 3268 quo
1793 3183 2107 3252 videlicet
2147 3184 2424 3252 nomine
2478 3196 2638 3252 tunc
2686 3184 2804 3253 ille
2853 3207 3198 3273 passurus

638 3270 935 3369 advenit,
990 3271 1454 3339 clamantibus
1486 3272 1744 3340 turbis:
1799 3272 2207 3340 Benedictus
2238 3273 2360 3357 qui
2395 3272 2577 3341 venit
2623 3273 2695 3340 in
2749 3274 3035 3342 nomine
3079 3281 3200 3343 Do-

639 3358 839 3427 mini.
893 3364 1049 3428 Erat
1095 3380 1258 3449 ergo
1306 3381 1532 3428 sermo
1572 3359 1643 3427 in
1693 3381 1809 3429 ore
1855 3361 2007 3449 ejus
2047 3361 2339 3449 tempori
2387 3373 2451 3429 et
2491 3361 2590 3429 rei
2630 3383 3049 3452 congruens,
3104 3364 3203 3430 vi-

643 3445 887 3546 delicet
933 3447 1282 3533 quomodo
1329 3447 1649 3517 diabolus
1680 3470 1802 3538 per
1828 3448 2297 3517 seductionem
2331 3449 2537 3537 primi
2571 3449 2897 3531 hominis,
2940 3450 3198 3520 atrium

636 3533 850 3622 hujus
907 3535 1156 3603 mundi
1205 3547 1531 3622 tanquam
1617 3536 1818 3608 fortis,
1871 3548 2178 3605 armatus
2245 3538 2680 3627 occupaverit
2727 3549 2791 3606 et
2845 3540 3201 3624 quomodo

638 3622 1131 3712 superveniens
1192 3622 1430 3692 sortior
1475 3623 1663 3693 silius
1720 3624 1839 3692 'Dei
1873 3681 1887 3706 ‚
1941 3647 2063 3715 per
2110 3624 2572 3694 humilitatem
2624 3626 2854 3695 crucis
2919 3638 2985 3695 et
3039 3650 3204 3719 pas-

636 3710 853 3779 sionis
902 3733 1066 3780 suae
1112 3710 1353 3781 sortem
1405 3711 1605 3780 illum
1654 3712 1914 3794 vicerit,
1968 3726 2033 3782 et
2078 3713 2403 3783 universa
2457 3714 2606 3800 ejus
2668 3737 2863 3794 vasa,
2919 3714 2990 3782 id
3052 3729 3201 3794 est,

635 3820 762 3868 nos
809 3798 1124 3870 homines
1172 3801 1257 3869 ab
1304 3822 1405 3880 eo,
1450 3801 1610 3891 jure
1642 3801 1942 3881 victoris,
1998 3800 2253 3870 tulerit.
2300 3807 2470 3871 Ecce
2503 3813 2734 3870 autem
2784 3803 2853 3870 in
2895 3806 3208 3874 maxima

635 3888 836 3956 turba
885 3888 1317 3958 audientium
1364 3889 1651 3976 quidam
1686 3889 1942 3970 aderat,
1997 3890 2084 3958 ab
2132 3889 2371 3958 eodem
2421 3890 2578 3959 forti
2625 3901 2689 3959 et
2755 3891 3207 3962 tenebrarum

632 3975 947 4066 principe
995 3978 1441 4068 corporaliter
1487 3978 1814 4048 obsessus
1845 3989 1909 4046 et
1942 3977 2028 4046 ob
2069 3978 2198 4047 hoc
2233 3979 2523 4048 nexibus
2557 3978 2756 4048 duris
2791 3980 3202 4067 obstrictus.

631 4070 788 4133 Jam
829 4077 1029 4135 antea
1125 4089 1199 4135 er
1228 4066 1447 4135 multa
1496 4077 1893 4135 sanctorum
1944 4064 2093 4133 loca
2140 4065 2363 4135 fuerat
2402 4066 2764 4147 deductus,
2817 4081 2894 4136 ut
2935 4071 3212 4140 meritis

639 4164 1033 4224 sanctorum
1106 4156 1484 4224 iberaretur
1539 4164 1604 4223 et
1662 4174 1797 4222 non
1850 4166 2255 4243 provenerat
2315 4155 2417 4223 illi
2468 4167 2698 4255 optata
2748 4155 2981 4225 salus:
3037 4158 3214 4243 quia

634 4241 949 4312 videlicet
996 4243 1309 4313 liberatio
1356 4244 1549 4333 eJuS,
1603 4241 1987 4313 beatissimi
2036 4242 2250 4332 hujus
2308 4244 2573 4312 meritis
2625 4267 2748 4333 per
2809 4246 2928 4312 Dei
2978 4248 3214 4334 provi·

635 4329 941 4400 dentiam
977 4331 1478 4400 reservabatur.

721 4421 759 4504 ξ
817 4424 966 4491 18.
1021 4423 1189 4489 Cum
1239 4419 1454 4508 igitur
1500 4440 1727 4489 sermo
1767 4417 2110 4511 ejusmodi
2150 4421 2238 4490 ab
2267 4440 2385 4489 ore
2412 4420 2594 4491 beati
2626 4419 2754 4489 viri
2802 4422 3209 4510 proflueret,
