3327 4999
282 299 529 369 MART.
2603 304 2734 372 569

439 562 537 663 ΙΝ
608 559 1028 663 LAUDEM
1108 559 1338 662 VEN.
1410 559 1849 664 SACRAM.
1917 560 2675 665 EUCHARISTlAE

1029 804 1231 851 senno
1279 804 1338 850 n.
1390 803 1656 851 somnis
1714 801 2070 851 mmscssm

697 907 984 955 mamma
1033 905 1215 955 muno
1254 907 1342 965 ιν,
1385 906 1525 955 cAr.
1582 890 1663 954 114
1713 907 1791 954 οε
1838 906 2213 956 onmonoxA
2254 907 2401 956 mnu

946 1007 1180 1059 :Acone
1231 1009 1433 1057 BILLIO
1490 1009 1731 1056 Anima
1779 1009 2164 1057 musarum

370 1205 407 1290 ξ
466 1209 545 1275 1.
603 1208 828 1272 Bonus
857 1202 995 1282 ille,
1036 1214 1241 1288 atque
1280 1202 1743 1289 undequaque
1767 1201 2018 1284 bonuS,
2058 1202 2275 1272 immo
2306 1202 2607 1274 bonitate
2633 1204 2824 1274 omni

282 1292 650 1363 sublimior
701 1298 898 1371 Deus,
952 1292 1210 1378 quique
1258 1304 1440 1361 totus
1503 1292 1775 1361 bonitas
1832 1305 1956 1372 est,
2015 1313 2135 1381 pro
2193 1292 2465 1361 eximiis
2532 1294 2819 1363 bonitati

282 1402 449 1453 suae
494 1382 746 1471 opibus
797 1380 1051 1450 bonum
1104 1379 1325 1448 solum
1378 1402 1526 1449 esse
1558 1435 1572 1461 ‚
1642 1381 1771 1450 hoc
1833 1393 1935 1450 est
1995 1395 2311 1450 naturam
2374 1402 2619 1459 suam,
2686 1403 2826 1468 qua

284 1470 479 1540 nulla
538 1491 644 1538 res
694 1468 1057 1549 frueretur,
1118 1469 1403 1538 minime
1462 1477 1708 1558 passus
1755 1482 1889 1538 est:
1946 1490 2177 1538 verum
2230 1481 2294 1537 et
2341 1491 2489 1537 eam
2527 1469 2614 1539 ob
2654 1493 2822 1539 cau-

284 1582 430 1630 sam
532 1560 783 1627 rimum
839 1557 1335 1627 intellectuales
1396 1557 1547 1627 illas
1593 1570 1659 1628 et
1710 1557 2033 1627 coelestes
2095 1558 2398 1638 virtutes,
2438 1580 2517 1627 ac
2577 1559 2828 1628 deinde

283 1670 451 1717 mun
511 1671 623 1714 um
665 1647 851 1716 hunc
887 1646 1222 1717 visibilem
1260 1660 1324 1715 et
1372 1646 1728 1717 insensum
1764 1647 2145 1728 cadentem,
2181 1663 2383 1734 atque
2420 1647 2503 1716 ita
2539 1647 2824 1717 demum

284 1760 364 1806 ex
415 1734 861 1805 intellectuali
910 1747 975 1804 et
1025 1737 1156 1804 sub
1207 1756 1486 1804 sensum
1538 1736 1824 1806 cadente
1885 1736 2228 1805 hominem
2286 1737 2681 1826 procreavit.
2738 1742 2826 1806 Ac

284 1847 394 1894 res
424 1824 700 1911 quidem
730 1846 969 1893 omnes
994 1827 1081 1893 ab
1108 1845 1187 1893 eo
1218 1824 1534 1893 conditae
1559 1826 1893 1894 essentiae
1928 1824 2209 1905 ratione,
2249 1824 2573 1895 bonitatis
2605 1825 2827 1913 ipsius

285 1914 655 2016 participes
687 1928 872 1982 sunt.
908 1918 1062 2003 Ipse
1091 1913 1274 1982 enim
1310 1914 1513 1983 rebus
1544 1914 1873 1983 omnibus
1918 1936 2067 1983 esse
2098 1928 2221 1992 est,
2261 1913 2824 2001 quandoquidem

283 2025 354 2072 in
409 2002 557 2158 ipso
605 2002 834 2071 omnia
886 2014 1085 2071 sunt:
1143 2023 1275 2070 non
1349 2024 1429 2070 eo
1492 2015 1754 2072 tanturn
1822 2003 2123 2084 nomine,
2176 2002 2361 2089 quod
2420 2002 2566 2103 ipse
2619 2025 2699 2071 ea
2745 2025 2826 2072 ex

284 2091 436 2159 nihi
468 2113 507 2158 o
540 2091 609 2159 in
660 2104 883 2160 ortum
928 2090 1232 2181 protulit,
1271 2113 1505 2160 verum
1547 2091 1634 2160 ob
1698 2090 1762 2158 id
1829 2091 2030 2160 etiam
2095 2092 2274 2179 quod
2329 2091 2551 2181 ipsius
2597 2092 2699 2160 vis
2745 2114 2825 2162 ac

281 2179 573 2248 facultas
611 2201 713 2248 res
753 2203 790 2248 a
842 2201 913 2249 se
945 2180 1258 2249 conditas
1312 2181 1537 2249 tuetur
1583 2193 1787 2266 atque
1834 2192 2210 2249 conservat.
2257 2181 2544 2250 Uberius
2587 2193 2817 2249 autem

283 2268 687 2339 animantia.
729 2274 895 2338 Nam
945 2281 1009 2337 et
1055 2282 1396 2355 quatenus
1445 2282 1628 2349 sunt,
1663 2281 1728 2336 et
1753 2282 2093 2354 quatenus
2128 2270 2261 2338 vita
2293 2269 2598 2358 praedita
2633 2280 2819 2351 sunt,

283 2357 545 2428 bonum
584 2356 752 2447 ipsis
786 2357 1199 2444 impertitur.
1252 2361 1328 2427 At
1375 2378 1531 2425 vero
1560 2378 1638 2424 ea
1685 2378 1862 2443 quae
1897 2356 2155 2426 ratione
2188 2370 2502 2440 utuntur,
2544 2371 2689 2427 tum
2730 2360 2818 2429 ob

279 2468 383 2528 ea,
426 2468 603 2533 quae
635 2459 791 2515 ante
830 2445 1160 2526 diximus,
1188 2457 1334 2515 tum
1368 2445 1454 2514 ob
1496 2446 1824 2514 rationem
1855 2445 2058 2515 etiam
2096 2446 2254 2516 boui
2302 2447 2824 2537 participatione

280 2535 631 2623 copiosius
668 2534 896 2603 adbuc
932 2533 1584 2604 fruuntur.Arctiori
1613 2534 1862 2603 etenim
1905 2535 2418 2622 quodammodo
2453 2537 2825 2606 necessitu-

282 2624 444 2694 dine
504 2646 665 2694 cum
715 2645 793 2692 eo
841 2624 1206 2709 conjuncta
1260 2637 1459 2693 sunt:
1515 2624 1780 2692 tametsi
1833 2623 2091 2711 alioqui
2133 2624 2246 2694 ille
2295 2624 2825 2713 incomparabili

279 2712 764 2805 magnitudine
801 2713 1032 2782 omnia
1077 2725 1377 2802 superet.
1415 2717 1492 2781 Et
1522 2734 1677 2781 vero
1705 2713 1936 2794 home,
1977 2725 2209 2794 utnote
2241 2713 2328 2782 ita
2365 2713 2710 2795 conditu3‚
2749 2726 2828 2783 ut

278 2813 346 2872 et
394 2803 655 2872 ratione
701 2815 1032 2883 uteretur,
1062 2814 1127 2871 et
1174 2800 1442 2872 arbitrii
1493 2801 1802 2871 libertate
1850 2802 2205 2892 praeditus
2251 2814 2449 2884 esset,
2489 2803 2667 2871 hanc
2709 2823 2826 2890 po-

281 2904 587 2961 testatem
615 2905 992 2982 acceperat‚
1018 2904 1095 2960 ut
1127 2913 1246 2981 per
1271 2913 1466 2960 suam
1503 2890 1946 2972 voluntatem,
1972 2890 2327 2978 animique
2354 2891 2825 2961 inductionem

281 2980 431 3049 sine
465 2980 610 3050 ulla
658 2980 1167 3049 intermissione
1201 2985 1330 3050 Deo
1357 2978 1917 3070 conjungeretur,
1963 2978 2018 3049 si
2047 2980 2327 3068 quidem
2356 2980 2426 3049 in
2455 2981 2658 3062 bono,
2697 2979 2826 3048 hoc

279 3070 481 3139 estin
511 3069 843 3139 creatoris
890 3068 1302 3150 obedientia,
1360 3069 1787 3158 perstitisset.

370 3160 407 3244 ξ
476 3164 566 3227 ².
620 3157 958 3240 Quoniam
1009 3169 1235 3225 autem
1272 3157 1606 3226 Creatoris
1639 3157 1744 3226 sui
1780 3168 2219 3248 praeceptum
2248 3156 2547 3237 violavit,
2582 3178 2661 3226 ac
2694 3156 2826 3225 sub

280 3258 568 3316 mortem
612 3259 677 3314 et
723 3246 1231 3335 corruptionem
1270 3245 1539 3326 cecidit,
1578 3245 1838 3315 idcirco
1884 3247 2156 3336 generis
2208 3247 2418 3316 nostri
2470 3267 2720 3336 parens
2761 3256 2829 3313 et

280 3333 564 3410 effector=
601 3335 690 3404 ob
745 3335 1006 3403 viscera
1067 3334 1577 3403 misericordiae
1621 3356 1787 3404 suae
1827 3334 2026 3405 nobis
2056 3335 2480 3422 adaequatus
2528 3346 2650 3415 est,
2707 3355 2828 3422 per

280 3421 514 3493 omnia
565 3421 899 3504 videlicet,
951 3434 1229 3513 excepto
1268 3435 1565 3512 peccam,
1618 3423 1826 3492 homo
1873 3423 2177 3503 effectuS,
2246 3437 2655 3508 nostraeque
2703 3444 2826 3490 na-

282 3523 477 3580 turae
517 3511 781 3581 unitus,
835 3517 999 3583 Nam
1037 3511 1201 3598 quia
1250 3510 1473 3601 ipsius
1521 3512 1894 3601 imaginem
1931 3534 2011 3581 ac
2059 3511 2407 3603 spiritum,
2458 3533 2660 3597 quem
2702 3533 2825 3580 no-

277 3599 388 3669 bis
436 3598 814 3681 tribuerat,
887 3601 1172 3669 minime
1218 3599 1644 3669 servavimus
1676 3654 1690 3680 ,
1745 3600 1891 3691 ipse
1940 3599 2265 3690 pauperis
2311 3611 2376 3668 et
2431 3599 2821 3670 imbecillae

278 3702 566 3758 naturae
616 3701 886 3759 nostrae
919 3688 1263 3778 particeps
1302 3687 1525 3757 factus
1571 3701 1714 3758 est:
1766 3710 1903 3775 quo
1943 3710 2072 3759 nos
2102 3688 2441 3769 lustraret,
2499 3702 2702 3775 atque
2749 3688 2822 3757 in

277 3777 867 3868 incorruptionem
934 3777 1331 3858 vindicaret,
1384 3776 1900 3864 divinitatisque
1948 3798 2115 3846 suae
2160 3799 2405 3847 rursus
2454 3777 2824 3868 participes

276 3866 614 3936 redderet.
668 3864 1034 3957 Oportebat
1084 3888 1283 3957 porro
1319 3888 1455 3935 non
1508 3865 1848 3957 primitias
1897 3878 2159 3936 tantum
2204 3879 2475 3935 nostrae
2507 3880 2818 3947 naturae,

278 3955 396 4026 sed
447 3970 513 4026 et
558 3956 937 4044 quemlibet
985 3956 1337 4025 hominem
1388 3954 1458 4022 in
1510 3953 2104 4046 participationem
2157 3954 2631 4025 summiillius
2657 3955 2821 4025 boni

276 4045 532 4126 venire,
587 4068 667 4116 ac
715 4044 944 4115 denuo
1007 4045 1221 4124 nasci,
1290 4065 1601 4131 novoque
1646 4043 1973 4113 alimento
2019 4066 2100 4113 ac
2147 4043 2484 4114 nativitati
2530 4065 2824 4114 consen-

279 4143 480 4203 taneo
531 4134 732 4213 vesci,
786 4134 1023 4221 sicque
1056 4133 1141 4203 ad
1194 4132 1467 4226 plenam
1496 4155 1578 4202 ac
1609 4131 1977 4224 perfectam
2009 4155 2406 4203 mensuram
2440 4133 2816 4225 pervenire.

278 4224 367 4291 Ac
417 4223 707 4314 proinde
756 4223 1064 4295 Christus
1113 4245 1234 4315 per
1280 4222 1700 4291 nativitatem
1743 4244 1969 4302 suam,
2032 4221 2161 4291 hoc
2222 4233 2346 4303 est,
2409 4220 2821 4291 incarnatio-

279 4332 437 4380 nem
502 4324 568 4381 et
638 4311 1114 4402 baptismum,
1181 4334 1262 4381 ac
1328 4311 1718 4402 passionem
1780 4322 1846 4380 et
1917 4311 2484 4381 resurrectionem
2519 4366 2534 4394 ,
2618 4321 2820 4379 natu-

279 4421 428 4469 ram
488 4413 789 4471 nostram
840 4423 880 4470 a
928 4400 1137 4494 primi
1187 4399 1493 4493 parentis
1543 4411 1821 4492 peccato
1860 4411 1927 4469 et
1974 4411 2190 4471 morte
2236 4423 2317 4471 ac
2374 4397 2819 4489 corruptione
