3327 4999
148 316 366 382 MART.
421 317 510 382 42
1018 337 1097 384 mi
1146 337 1203 385 s.
1259 336 1572 385 (zanconio
1624 337 1788 384 rarii
2467 316 2593 381 425

151 414 360 484 multis
438 416 806 506 raeposito‚
844 426 1008 487 tunc
1058 440 1217 489 vero
1263 417 1579 506 ejusdem
1614 418 1725 487 sui
1775 415 2177 487 monasterii
2223 414 2587 495 monachO,
2640 436 2683 483 a

151 521 266 586 quo
306 504 363 570 vi
417 504 619 573 elicet
654 504 969 574 audierat
1014 505 1232 576 fuisse
1279 517 1631 576 mortuum
1666 505 2103 585 suscitatum,
2157 503 2537 586 oratorium
2567 523 2683 593 pe-

155 590 259 670 tiit,
303 612 586 678 seseque
648 614 810 662 cum
879 592 1232 684 lacrymis,
1298 607 1375 664 ut
1423 594 1667 665 saltem
1716 594 1827 663 die
1874 593 1995 661 illo
2055 591 2143 661 ad
2209 590 2680 748 {ejunandum

152 677 259 747 sibi
302 678 519 750 virtus
564 680 867 763 daretur,
920 682 992 751 in
1042 683 1425 752 orationem
1474 682 1687 752 dedit.
1731 687 1812 752 Et
1859 689 2012 771 post
2072 702 2209 770 pau
2243 680 2443 750 ulum
2490 698 2685 749 com-

149 766 299 855 pleta
342 768 651 839 oratione
698 769 1078 860 digressuS,
1123 782 1383 840 tantam
1437 770 1760 840 virtutem
1791 791 2001 839 suum
2053 768 2490 839 stomachum
2527 787 2683 856 per-

146 876 210 924 ce
252 855 374 925 isse
420 859 788 948 cognovit,
844 869 920 927 ut
991 859 1055 927 ei
1102 859 1304 929 cibus
1350 871 1415 928 et
1481 859 1771 927 morbus
1839 856 2158 927 funditus
2207 856 2294 925 de
2347 853 2685 924 memoria

148 942 488 1014 toleretur.
545 946 775 1036 Coepit
820 967 1058 1016 secum
1109 946 1374 1029 mirari,
1427 946 1586 1034 quis
1632 957 1849 1025 esset,
1905 947 2065 1032 quis
2124 944 2352 1014 fuerit:
2406 956 2473 1012 et
2518 962 2683 1011 cum

143 1030 213 1099 ad
253 1033 566 1101 animum
618 1033 883 1103 redibat
932 1034 1327 1117 infirmitas,
1385 1035 1559 1104 nihil
1611 1035 1684 1103 in
1728 1056 1800 1106 se
1847 1055 1928 1104 ex
1962 1034 2071 1102 his
2118 1053 2296 1120 quae
2343 1031 2684 1101 memine-

143 1133 248 1200 rat,
281 1142 768 1211 recognoscere
809 1122 1267 1214 praevalebat.
1320 1127 1631 1210 Cumque
1660 1123 1730 1190 in
1775 1121 2232 1213 dispositione
2280 1117 2686 1189 monasterii

140 1221 443 1297 occupata
507 1230 702 1278 mens
758 1223 957 1290 esset,
1017 1210 1555 1282 obliviscebatur
1603 1210 1922 1280 funditus
1968 1208 2429 1299 aegritudinis
2487 1228 2679 1276 suae.

143 1295 370 1365 sivero
401 1296 659 1367 rediret
697 1298 1057 1389 aegritudo
1090 1298 1178 1368 ad
1231 1300 1666 1381 memoriam,
1718 1321 1881 1368 cum
1938 1309 2076 1367 tam
2120 1297 2363 1366 fortem
2415 1317 2487 1365 se
2535 1314 2686 1363 esse

140 1386 416 1459 sentiret.
471 1385 858 1456 mirabatur
888 1388 949 1456 si
982 1409 1121 1455 non
1170 1388 1605 1457 comedisset.
1660 1386 1794 1469 Qui
1828 1385 1912 1456 ad
1957 1407 2321 1475 vesperum
2370 1383 2681 1461 veniens,

141 1473 432 1562 cognovit
480 1473 618 1542 sibi
669 1485 927 1544 tantam
994 1474 1471 1545 fortitudinem
1522 1495 1969 1567 permanere,
2020 1485 2098 1542 ut
2145 1471 2231 1542 ad
2281 1472 2469 1541 diem
2517 1470 2687 1539 alte-

141 1581 275 1628 rum
324 1560 696 1632 transferre
770 1563 1104 1662 potuisset
1158 1564 1554 1654 jejunium,
1611 1564 1672 1632 si
1719 1562 2070 1633 voluisset.
2133 1566 2384 1630 Verum
2433 1579 2687 1646 quam-

139 1669 325 1733 quam
371 1671 555 1738 pene
600 1650 1002 1736 quotidiano
1077 1650 1412 1742 languore
1461 1652 1857 1730 tabesceret,
1912 1650 2180 1720 nullam
2241 1661 2468 1718 tamen
2532 1667 2687 1717 cor-

140 1738 272 1824 pori
299 1759 423 1807 suo
462 1739 795 1826 cupiebat
827 1738 1127 1825 quietem
1174 1760 1314 1827 quo
1364 1739 1599 1809 minus
1637 1753 1762 1810 aut
1805 1751 2052 1821 oraret,
2087 1749 2207 1807 aut
2255 1736 2531 1827 legeret,
2568 1746 2689 1804 aut

143 1824 467 1906 scriberet,
524 1838 650 1895 aut
695 1827 1004 1897 dictaret.

213 1915 245 1999 ξ
294 1918 377 1985 4.
432 1918 642 1983 Hunc
674 1915 760 1984 de
791 1936 979 1985 more
1028 1914 1371 2002 quaedam
1421 1916 1839 1985 scribentem
1884 1913 2183 2004 Angelus
2218 1912 2336 1981 Dei
2383 1910 2689 1999 quadam

140 1998 236 2066 die
278 2023 343 2069 re
394 2002 653 2083 eriens,
689 2002 1001 2072 misereri
1036 2002 1170 2073 sibi
1225 2003 1547 2073 flebiliter
1594 2004 1725 2075 sub
1784 2003 2026 2072 habitu
2075 1999 2396 2090 naufragi
2449 2011 2690 2089 postu-

147 2085 306 2157 labat.
372 2146 386 2157 .
439 2090 572 2160 Cui
620 2091 989 2190 Gregorius
1017 2092 1373 2161 exintimo
1419 2092 1624 2161 corde
1673 2089 2124 2180 compatienS,
2160 2089 2271 2159 bis
2311 2087 2526 2156 ternis
2556 2108 2691 2185 nu·

150 2175 570 2248 mismatibus
617 2178 798 2248 datis
829 2235 845 2260 ,
897 2179 1089 2248 abire
1166 2180 1538 2270 praecepit.
1592 2185 1724 2249 Nec
1784 2177 2003 2246 multo
2051 2188 2206 2267 post
2269 2175 2509 2245 eadem
2577 2172 2690 2242 die

154 2262 309 2334 idem
353 2267 743 2357 naufragus
792 2267 1016 2349 rediit,
1063 2288 1271 2355 seque
1320 2267 1543 2338 multa
1572 2265 1982 2359 perdidisse,
2030 2286 2254 2355 pauca
2298 2284 2456 2333 vero
2505 2282 2689 2330 rece·

154 2351 307 2506 pisse
349 2355 731 2444 perhibuit.
783 2359 833 2426 A
879 2376 1018 2442 quo
1066 2356 1252 2426 senis
1301 2355 1454 2444 pari
1500 2355 1704 2425 modo
1738 2352 2300 2438 ,numismatibus
2356 2348 2682 2439 sumptiS,

177 2441 584 2539 aembundus
633 2443 989 2515 abscessit.
1053 2444 1178 2514 Sed
1238 2443 1351 2514 die
1406 2444 1601 2515 tertia
1650 2441 1951 2524 redienS,
2005 2439 2381 2511 identidem
2409 2437 2693 2539 ,adjuto-

155 2547 307 2599 rium
335 2532 722 2622 naufragus
771 2532 1190 2623 importunis
1214 2533 1497 2603 vocibus
1536 2531 1952 2619 requirebat.
1993 2530 2117 2600 Cui
2157 2526 2691 2598 liberalissimus

156 2629 336 2704 pater,
373 2621 711 2691 accersito
758 2621 1118 2701 vestiariO,
1185 2620 1323 2691 alia
1384 2643 1500 2692 sex
1548 2620 1976 2690 numismata
2022 2616 2175 2688 dari
2224 2614 2681 2713 praecipiens,

155 2710 436 2795 cognovit
467 2711 546 2778 in
587 2708 907 2778 vestiario
955 2709 1051 2777 nil
1090 2709 1621 2789 numismatum,
1657 2707 1847 2777 unde
1879 2715 2109 2797 posset
2133 2701 2477 2774 consolari
2513 2722 2691 2769 nau-

156 2788 417 2893 frugum,
472 2796 921 2867 remansisse.
975 2796 1153 2878 Quid
1201 2795 1498 2877 faceret,
1557 2796 1928 2867 nesciebat.
1981 2792 2347 2891 Aestuabat
2386 2796 2528 2890 ‘Deo
2577 2787 2695 2888 de-

156 2894 269 2949 voti
303 2885 596 2973 pectoris
627 2886 869 2975 pietas,
924 2906 1062 2955 non
1094 2886 1434 2954 sufferens
1483 2907 1773 2954 vacuam
1811 2882 2107 2973 proximi
2155 2880 2521 2966 reliquisse
2565 2897 2695 2976 mi-

158 2970 395 3040 seriam.
429 2980 705 3044 Rursus
737 2972 1139 3043 vestiarium
1173 2994 1409 3055 suum,
1463 2973 1524 3040 si
1553 2971 1727 3042 forte
1756 2994 1876 3043 vas
1920 2968 2279 3058 quodlibet
2326 2980 2446 3036 aut
2492 2977 2694 3033 vesti-

160 3069 434 3130 mentum
512 3061 797 3129 haberet
860 3061 1344 3151 interrogans,
1406 3060 1674 3131 audivit
1728 3059 1827 3128 nil
1908 3058 2185 3159 penitus
2246 3053 2689 3153 remansisse,

159 3158 393 3229 praeter
424 3148 673 3219 matris
712 3148 981 3238 Sylviae
1028 3160 1425 3238 argenteam
1466 3170 1644 3236 quae
1692 3169 1853 3217 cum
1904 3145 2158 3216 infusis
2217 3141 2696 3243 leguminibus

160 3231 312 3304 mitti
352 3236 558 3306 solita
602 3249 770 3317 erat,
844 3235 1230 3306 scutellam.
1286 3242 1434 3305 Mox
1496 3236 1793 3306 alacrior
1839 3234 2104 3305 factus:
2142 3236 2385 3322 «Ergo,
2440 3238 2690 3316 inquit,

163 3316 338 3391 frater
366 3325 551 3394 hanc
599 3323 810 3406 defer,
866 3325 1206 3395 ne.tristis
1248 3325 1447 3395 abeat
1492 3325 1616 3413 qui
1645 3322 1991 3395 consolari
2030 3320 2323 3409 quaerit,
2358 3338 2695 3410 pauper.»

163 3407 369 3497 Itaque
413 3412 714 3483 delatam
753 3412 1115 3483 scutellam
1166 3417 1294 3482 Gre
1344 3413 1491 3482 orio
1538 3412 1708 3484 satis
1758 3411 2070 3481 hilariter
2107 3408 2464 3499 largiente,
2524 3427 2699 3496 pau-

165 3513 268 3581 per
305 3502 421 3586 qui
450 3502 853 3592 putabatur,
908 3502 1129 3571 laetus
1158 3523 1321 3591 amp
1352 3501 1624 3582 ectitur,
1666 3522 1804 3570 non
1843 3501 1992 3600 jam
2025 3498 2112 3568 ad
2141 3494 2541 3596 expetenda,
2579 3492 2697 3594 ‚se-d

166 3582 237 3651 ad
263 3589 669 3659 conferenda
704 3589 1034 3679 suffragia
1083 3588 1458 3661 rediturus.
1512 3594 1563 3659 A
1609 3611 1747 3676 quo
1794 3587 2113 3657 videlicet
2144 3584 2506 3675 Angelicae
2535 3603 2700 3682 visi-

168 3674 410 3747 tationis
459 3689 793 3777 tempore,
858 3678 1067 3749 tantis
1114 3677 1498 3759 miraculiS,
1548 3677 1759 3747 tantis
1805 3688 1907 3747 est
1966 3674 2339 3744 virtutibus
2382 3670 2701 3769 publica-

169 3766 278 3859 tus,
326 3776 397 3834 ut
441 3765 777 3836 omnibus
833 3787 1065 3837 secum
1116 3766 1507 3836 viventibus
1565 3776 1633 3835 et
1687 3763 2001 3854 exemplo
2054 3761 2258 3832 suerit
2304 3770 2371 3829 et
2428 3771 2694 3829 terrori.

172 3847 545 3942 Quippequi
598 3875 732 3922 non
785 3853 999 3936 soluS‚
1038 3853 1154 3926 sed
1206 3854 1552 3924 socialiter
1599 3876 1762 3924 cum
1802 3850 2310 3923 bea20.Andrea
2359 3847 2693 3938 apostolO,

176 3951 276 4003 suo
317 3942 730 4011 monasterio
763 3942 984 4032 signis
1030 3941 1467 4013 evidentibus
1507 3941 1596 4012 sit
1643 3941 2031 4031 praefuisse
2131 3949 2387 4009 utatus.
2426 3942 2591 4006 Nam
2627 3945 2704 4003 ut

179 4039 360 4122 pauca
405 4030 491 4098 de
519 4029 767 4099 multis
813 4029 1081 4116 loquar,
1128 4030 1434 4117 quadam
1498 4029 1612 4099 die
1668 4029 1845 4101 duos
1894 4028 2050 4098 exin
2104 4049 2140 4097 e
2188 4025 2433 4095 fratres
2483 4037 2705 4095 trans-

186 4114 334 4183 misit
375 4118 494 4204 qui
543 4117 811 4203 aliquid
860 4139 1085 4188 emere
1132 4139 1259 4209 pro
1291 4116 1602 4218 ejusdem
1648 4117 2049 4186 monasterii
2080 4115 2374 4201 utilitate
2419 4113 2703 4215 debuis-

190 4212 326 4291 aent.
361 4209 549 4277 Unus
574 4206 820 4296 junior
846 4206 969 4292 qui
1004 4206 1413 4297 prudentior
1443 4205 1830 4276 videbaturt
1861 4204 2034 4276 alter
2060 4204 2292 4275 senior
2318 4224 2441 4289 qui
2471 4213 2705 4271 custos

188 4290 432 4367 junioris
463 4306 671 4365 esset.
716 4299 1165 4364 Perrexerunt
1200 4297 1498 4382 utrique,
1537 4304 1603 4364 et
1637 4293 1724 4364 de
1758 4294 1997 4384 pretio,
2036 4292 2222 4381 quod
2254 4301 2694 4381 acceperunt,

227 4404 247 4425 '
269 4408 436 4459 Angeia,
454 4414 544 4453 sub
567 4411 774 4453 hominis
794 4412 963 4461 speeie.
979 4413 1245 4455 subsidium
1265 4414 1341 4455 ter
1357 4414 1559 4463 roganti,
1579 4410 1914 4455 liberatio-ime
1934 4410 2225 4462 impertitur.
