3327 4999
238 387 342 453 Ex
389 386 561 454 OCT.
618 388 686 452 tt
966 407 1042 453 nr.
1089 406 1144 452 s.
1199 404 1489 453 sunnone
1535 405 1755 455 conon.
1809 405 2005 453 muse.
2544 390 2672 454 665

235 499 359 556 est.
416 486 542 557 Ubi
581 507 740 556 cum
802 484 1630 579 ipsedisciplinabiliter,
1698 496 1931 577 utpote
1984 486 2201 557 bonae
2250 484 2501 558 indolis
2561 508 2756 578 puer,

237 574 514 667 ingenio
561 575 792 667 sagaci
833 575 1213 667 proficeret,
1266 576 1485 645 invisa
1520 581 2097 646 Nortmannorum
2159 576 2494 666 tyrannis,
2558 577 2762 665 quasi

238 687 359 758 per
406 665 806 757 hujusmodi
852 665 1196 748 obsidem,
1252 665 1564 737 nonnihil
1600 665 1936 757 refriguit,
1988 675 2052 735 et
2098 665 2423 737 ecclesiae
2477 665 2761 736 demum

236 766 633 843 caeteraque
660 753 997 835 aedificia,
1035 776 1325 843 quorum
1379 755 1620 825 ruinae
1652 755 1763 825 vix
1808 755 2186 837 extiterant,
2232 754 2361 824 hac
2407 755 2764 826 occasione

236 857 654 914 restauratae
702 856 885 914 sunt.
938 848 1038 913 Ita
1108 844 1301 914 nulla
1362 845 1599 914 aetatis
1646 866 1811 914 suae
1870 843 2091 934 spatia
2138 844 2397 932 absque
2468 844 2764 915 utilitate

237 947 507 1004 sanctae
558 934 673 1003 Dei
721 933 1057 1005 Ecclesiae
1109 934 1548 1025 transigebat.
1602 939 1728 1003 Per
1777 934 2008 1025 ipsum
2058 934 2268 1017 enim,
2325 934 2483 1004 licet
2529 934 2764 1003 adhuc

237 1023 535 1095 inscium
580 1022 719 1110 jam
766 1022 1190 1093 Christianus
1225 1024 1525 1115 populus
1577 1024 1663 1094 ab
1712 1022 2026 1094 hostibus
2063 1022 2273 1105 liber,
2328 1024 2396 1092 in
2443 1024 2552 1094 Dei
2614 1023 2766 1094 lau-

233 1112 439 1182 dibus
487 1112 857 1182 exultabat:
909 1112 1164 1182 Deinde
1198 1113 1316 1183 ubi
1352 1113 1574 1203 prima
1607 1113 2105 1183 Grammaticae
2152 1112 2319 1182 artis
2367 1113 2765 1183 rudimenta

234 1202 560 1293 percepit,
618 1201 795 1272 sicut
842 1202 929 1271 ab
976 1202 1125 1293 ipso
1173 1201 1243 1270 in
1295 1202 1407 1271 Dei
1455 1201 1946 1292 omnipotentis
1982 1201 2269 1292 gloriam
2307 1201 2437 1272 hoc
2483 1203 2762 1293 saepius

233 1292 625 1360 ruminante
656 1290 1054 1374 didicimuS,
1107 1290 1551 1361 Prudentium
1652 1290 2015 1381 oetatn(a),
2053 1290 2357 1362 tradente
2407 1293 2755 1383 magistrO,

238 1381 460 1471 legere
507 1380 772 1472 coepit.
827 1381 951 1464 Qui
1030 1380 1207 1450 sicut
1252 1392 1353 1450 est
1412 1394 1477 1451 et
1523 1380 1570 1450 fi
1622 1402 1658 1450 e
1711 1380 2222 1467 intentioneque
2268 1381 2650 1451 catholicus
2697 1393 2762 1450 et

231 1469 621 1557 eloquentia
675 1468 1086 1558 veritateque
1134 1470 1551 1562 praecipuus
1587 1483 1652 1540 et
1704 1481 2073 1540 metrorum
2127 1469 2598 1558 librorumque
2647 1493 2760 1539 va-

233 1559 465 1630 rietate
526 1559 1101 1651 elegantissimuS,
1159 1563 1342 1630 tanta
1391 1581 1541 1630 mox
1615 1559 1981 1629 dulcedine
2044 1560 2268 1651 palato
2336 1559 2563 1630 cordis
2611 1560 2761 1651 ejus

235 1648 674 1740 complacuit,
710 1662 786 1719 ut
822 1650 965 1741 jam
1020 1671 1153 1720 non
1190 1662 1452 1720 tantum
1502 1649 1911 1720 exteriorum
1965 1649 2323 1720 verborum
2374 1649 2754 1730 scientiam,

230 1760 467 1808 verum
503 1738 725 1808 intimi
776 1737 1146 1809 medullam
1200 1760 1444 1809 sensus
1481 1750 1545 1808 et
1579 1752 1833 1821 nectar,
1878 1751 1954 1808 ut
2000 1739 2095 1808 ita
2140 1738 2391 1821 dicam,
2445 1738 2761 1826 liquidis-

232 1827 483 1897 simum
537 1827 783 1915 majori
830 1851 1039 1915 quam
1137 1829 1304 1898 ossit
1350 1827 1512 1910 dici,
1564 1827 1883 1899 aviditate
1931 1828 2258 1898 hauriret.
2318 1832 2555 1898 Postea
2605 1827 2761 1897 nul-

234 1916 374 1986 lum
440 1917 711 2006 penitus
757 1929 899 1986 erat
961 1930 1070 1989 stu
1122 1917 1343 1987 iorum
1411 1916 1802 1988 liberalium
1877 1939 2096 2009 genus
2143 1917 2214 1986 in
2263 1917 2451 1986 omni
2503 1918 2757 1986 Grae'ca

229 2005 329 2074 vel
376 2006 607 2074 Latina
654 2005 1062 2093 eloquentia,
1165 2006 1297 2076 uod
1345 2006 1603 2097 ingenii
1652 2007 1760 2078 sui
1808 2007 2233 2077 vivacitatem
2282 2005 2661 2097 aufugeret.

318 2097 355 2182 ξ
410 2098 501 2166 8.
554 2100 682 2165 Nec
720 2117 898 2175 ver0,
937 2107 1013 2164 ut
1062 2117 1135 2166 so
1165 2108 1251 2176 et,
1296 2109 1415 2166 aut
1463 2096 1856 2166 divitiarum
1909 2096 2297 2176 affluentia,
2354 2107 2471 2165 aut
2518 2094 2758 2165 turba-

232 2204 383 2253 rum
434 2183 1147 2275 circumstrepentium
1190 2184 1582 2267 assiduitaS,
1616 2198 1735 2255 aut
1774 2183 1996 2255 ullum
2045 2185 2326 2256 aliunde
2373 2184 2755 2276 subrepens

231 2271 583 2343 fastidium
634 2273 719 2342 ab
774 2273 901 2343 hoc
950 2272 1165 2343 nobili
1212 2274 1359 2344 ocio
1406 2276 1715 2344 animum
1766 2275 1916 2365 ejus
1973 2296 2279 2362 unquam
2330 2273 2591 2355 avertit,
2658 2274 2753 2343 ita

231 2373 307 2432 ut
348 2361 758 2432 munditiam
808 2362 1034 2434 cordis
1072 2362 1221 2453 ejus
1254 2373 1683 2433 attestaretur
1714 2363 1904 2454 jugis
1950 2363 2298 2434 meditatio
2345 2374 2410 2433 et
2455 2362 2754 2432 indefes-

231 2473 383 2524 sum
435 2452 795 2523 continuae
864 2451 1365 2523 exercitationis
1412 2453 1746 2537 studium,
1798 2475 1956 2523 cum
2005 2454 2151 2545 jam
2204 2453 2478 2545 penitus
2526 2451 2755 2525 omnis

232 2539 631 2629 hujusmodi
685 2542 949 2611 affectio
999 2542 1315 2613 transiret
1362 2543 1431 2612 in
1481 2543 1791 2614 habitum
1843 2543 2020 2613 sicut
2067 2543 2401 2634 scriptum
2448 2553 2587 2615 est:
2662 2547 2755 2612 Ex

229 2629 479 2700 studiis
525 2631 673 2701 suis
708 2631 1112 2724 intelligitur
1158 2654 1350 2724 puer,
1404 2633 1459 2703 si
1513 2632 1770 2702 munda
1817 2644 1880 2702 et
1930 2644 2107 2703 recta
2156 2632 2292 2704 sint
2338 2654 2544 2723 opera
2572 2630 2747 2720 ejus,

230 2724 379 2789 Huc
426 2720 689 2790 accedit
735 2720 914 2809 quod
968 2722 1145 2793 sicut
1191 2721 1519 2793 fervorem
1558 2721 1775 2792 animi
1823 2722 1929 2791 sui
1963 2744 2095 2791 non
2148 2744 2398 2813 passus
2443 2733 2544 2791 est
2590 2721 2757 2791 alio-

229 2831 379 2878 rum
419 2808 683 2879 desidia
713 2822 776 2880 et
823 2810 1089 2881 levitate
1135 2812 1466 2914 extingui,
1501 2824 1620 2882 aut
1650 2812 2020 2902 superfluis
2052 2812 2379 2898 vanisque
2403 2810 2758 2902 corrumpi

227 2897 623 2987 colloquiis:
678 2899 769 2969 ita
816 2899 1050 2982 libros,
1119 2901 1186 2969 in
1237 2901 1494 2989 quibus
1542 2901 1830 2982 studuit,
1884 2914 2000 2971 aut
2047 2921 2523 2988 quoscumque
2640 2921 2757 2969 rae

225 2988 444 3057 oculis
494 2988 733 3058 habuit
784 2989 1054 3060 incaute
1104 2989 1409 3083 refringi,
1470 3005 1587 3060 aut
1641 2991 2017 3082 corrugari,
2099 2989 2200 3060 vel
2248 2989 2590 3077 quomodo
2622 2989 2760 3058 ibet

226 3076 458 3148 minus
503 3077 868 3168 diligenter
914 3080 1212 3160 tractari,
1266 3080 1549 3150 omnino
1596 3080 1974 3171 aegerrime
2023 3079 2199 3161 tulit,
2253 3078 2425 3147 nihil
2462 3100 2627 3148 sane
2684 3079 2756 3150 in

230 3164 338 3233 his
386 3187 561 3253 quae
609 3166 693 3234 ad
746 3189 816 3236 se
864 3168 1315 3258 pertinebant,
1376 3169 1863 3259 negligendum
1916 3169 2214 3239 ducens:
2267 3168 2758 3256 quoniamqui-

226 3253 408 3336 dem,
448 3268 523 3324 ut
573 3255 889 3326 Salomon
938 3258 1053 3338 ait,
1107 3258 1224 3344 qui
1276 3257 1543 3328 minora
1594 3280 1677 3328 ne
1729 3257 1901 3349 ligit,
1956 3257 2286 3348 paulatim
2324 3256 2600 3327 decidit.

314 3344 349 3428 ξ
410 3344 493 3413 4.
551 3345 767 3434 Igitur
819 3359 1171 3435 postquam
1227 3358 1416 3436 pater
1461 3347 1632 3438 ejuS,
1718 3346 1974 3416 undato
2033 3359 2098 3416 et
2144 3346 2228 3415 ad
2278 3367 2583 3437 unguem
2635 3368 2757 3438 pa-

227 3443 378 3500 cato
427 3433 746 3523 Imperi0,
801 3435 1005 3506 rebus
1056 3435 1378 3505 humanis
1447 3435 1821 3518 concessit,
1886 3439 2033 3505 Otto
2082 3435 2269 3506 filius
2315 3435 2466 3526 ejus
2537 3434 2757 3526 major

227 3531 417 3602 nam,
472 3520 943 3592 benedictione
990 3524 1255 3594 Domini
1294 3536 1539 3595 auctus
1569 3524 1805 3594 etoleo
1854 3523 2145 3594 laetitiae
2191 3536 2466 3604 unctus,
2505 3545 2757 3615 magna

228 3608 577 3680 voluntate
623 3624 687 3680 et
732 3634 1074 3683 consensu
1112 3612 1500 3714 principum
1576 3635 1856 3705 regnare
1904 3614 2125 3715 coepit
2173 3635 2355 3682 anno
2401 3612 2487 3682 ab
2536 3613 2757 3682 incar-

232 3699 509 3769 natione
558 3699 824 3769 Domini
874 3702 1468 3792 noningentesimo
1531 3703 2188 3805 tricesimoseptim0‚
2251 3702 2373 3783 vir,
2426 3702 2494 3770 in
2546 3705 2753 3790 qu'em

225 3788 511 3891 spiritus
560 3790 676 3890 Dei
723 3789 981 3860 donum
1053 3790 1340 3861 contulit
1418 3792 1766 3893 singulare
1826 3793 2127 3862 veritatis
2191 3803 2255 3861 et
2302 3791 2486 3861 fidei.
2541 3793 2753 3881 Cujus

227 3889 509 3948 virtutes
558 3901 616 3948 st
668 3900 775 3948 me
814 3891 1251 3949 narraturum
1332 3881 1791 3971 promiserim,
1845 3882 2138 3950 nimium
2205 3880 2374 3950 mihi
2442 3903 2755 3972 sumpse-

227 3967 354 4036 rim
407 3980 471 4038 et
519 3967 843 4040 ferendus
877 3969 1159 4038 minime
1192 3968 1464 4040 fuerim.
1505 3969 1777 4041 Excedit
1808 3971 1992 4040 enim
2035 3970 2186 4041 laus
2216 3971 2367 4060 ejus
2394 3982 2460 4040 et
2505 3970 2746 4062 gloria,

225 4056 553 4145 quicquid
608 4057 709 4128 vel
744 4058 890 4148 ipse
939 4057 1166 4128 Cicero
1200 4059 1327 4129 sibi
1382 4061 1802 4150 promitteret
1835 4060 1902 4129 in
1934 4059 2281 4130 facundia.
2321 4060 2445 4131 Hic
2484 4082 2753 4151 germa-

226 4168 391 4215 num
443 4169 655 4216 suum
700 4152 1131 4229 Brunonem‚
1189 4152 1319 4219 Deo
1392 4149 1724 4230 dicatum,
1804 4148 2033 4219 adhuc
2102 4148 2745 4232 adolescentulum,

275 4325 332 4372 (a)
352 4327 568 4367 Aurelius
590 4327 803 4368 Clemens
821 4328 1121 4372 Prudentius.
1141 4324 1376 4379 Hispanus
1397 4340 1451 4369 ex
1473 4330 1714 4380 calagurri
1733 4330 1964 4370 castellae
1984 4331 2169 4379 oppido.
2187 4333 2369 4381 magnis
2388 4331 2580 4370 functus
2600 4329 2751 4379 digni·

218 4379 395 4439 tatibus
416 4381 503 4420 sub
523 4382 885 4431 imperatoribus
905 4382 1101 4422 Arcadio
1118 4385 1166 4422 et
1184 4385 1389 4423 Honorio
1414 4388 1550 4431 (saec.
1584 4387 1629 4431 v)
1659 4385 1806 4424 sacris
1836 4384 2118 4434 divinisque,
2146 4384 2237 4435 pla,
2265 4383 2416 4432 docta,
2446 4384 2575 4424 felici
2603 4393 2751 4423 venu-

220 4435 386 4481 staque
408 4432 540 4474 musi
557 4437 779 4477 canendis
796 4437 993 4476 vacavit.
1024 4436 1190 4475 Plures
1210 4438 1443 4487 decerpsit
1472 4448 1527 4478 ex
1555 4437 1781 4477 laudabili
1811 4439 2039 4488 suavique
2071 4440 2208 4488 poeta
2236 4439 2435 4488 hymnos
2453 4439 2660 4478 Romana
2674 4438 2751 4477 Li-

219 4487 376 4580 tttiirgiia
394 4489 751 4583 ῗοωῑῖἓῗωτωε
769 4491 1024 4537 Feriarum,
1043 4500 1129 4531 nec
1147 4501 1241 4532 non
1269 4501 1356 4541 pro
1382 4492 1532 4532 Festta
1563 4492 1639 4538 SS.
1671 4492 2013 4541 Innocentium,
2042 4493 2326 4544 Epiphaniae
2355 4494 2403 4534 et
2431 4490 2749 4541 Transfigura-

265 4551 292 4579 ο
345 4550 369 4582 8
443 4552 469 4583 ο
589 4572 600 4585 .
1404 4559 1409 4564 ’
