<?xml version="1.0" encoding="UTF-8"?>
<!DOCTYPE html PUBLIC "-//W3C//DTD XHTML 1.0 Transitional//EN"
    "http://www.w3.org/TR/xhtml1/DTD/xhtml1-transitional.dtd">
<html xmlns="http://www.w3.org/1999/xhtml" xml:lang="en" lang="en">
 <head>
  <title>
</title>
<meta http-equiv="Content-Type" content="text/html;charset=utf-8" />
  <meta name='ocr-system' content='tesseract 3.04.00' />
  <meta name='ocr-capabilities' content='ocr_page ocr_carea ocr_par ocr_line ocrx_word'/>
</head>
<body>
  <div class='ocr_page' id='page_1' title='image "./historiaeseuvit04lippgoog_0312.png"; bbox 0 0 3327 4999; ppageno 0'>
   <div class='ocr_carea' id='block_1_1' title="bbox 647 325 3087 394">
    <p class='ocr_par' dir='ltr' id='par_1_1' title="bbox 647 325 3087 394">
     <span class='ocr_line' id='line_1_1' title="bbox 647 325 3087 394; baseline 0.001 -3"><span class='ocrx_word' id='word_1_1' title='bbox 647 327 778 392; x_wconf 79' lang='grc'>298</span> <span class='ocrx_word' id='word_1_2' title='bbox 1342 346 1423 393; x_wconf 74' lang='lat' dir='ltr'>nr.</span> <span class='ocrx_word' id='word_1_3' title='bbox 1470 347 1525 394; x_wconf 88' lang='lat' dir='ltr'>s.</span> <span class='ocrx_word' id='word_1_4' title='bbox 1579 340 1851 394; x_wconf 70' lang='lat' dir='ltr'>Annulo</span> <span class='ocrx_word' id='word_1_5' title='bbox 1898 341 2296 393; x_wconf 68' lang='lat' dir='ltr'>connssonr:</span> <span class='ocrx_word' id='word_1_6' title='bbox 2701 325 2946 393; x_wconf 77' lang='lat' dir='ltr'><strong>MART.</strong></span> <span class='ocrx_word' id='word_1_7' title='bbox 3002 327 3087 393; x_wconf 68' lang='lat'>⁴6</span> 
     </span>
    </p>
   </div>
   <div class='ocr_carea' id='block_1_2' title="bbox 478 424 3120 4508">
    <p class='ocr_par' dir='ltr' id='par_1_2' title="bbox 557 424 3095 1493">
     <span class='ocr_line' id='line_1_2' title="bbox 560 424 3087 512; baseline 0 -18"><span class='ocrx_word' id='word_1_8' title='bbox 560 424 859 494; x_wconf 84' lang='lat' dir='ltr'>maxime</span> <span class='ocrx_word' id='word_1_9' title='bbox 888 436 1116 495; x_wconf 89' lang='lat' dir='ltr'>autem</span> <span class='ocrx_word' id='word_1_10' title='bbox 1168 425 1253 494; x_wconf 89' lang='lat' dir='ltr'>iis</span> <span class='ocrx_word' id='word_1_11' title='bbox 1296 426 1416 512; x_wconf 91' lang='lat' dir='ltr'>qui</span> <span class='ocrx_word' id='word_1_12' title='bbox 1463 425 1772 495; x_wconf 83' lang='lat' dir='ltr'>virtutem</span> <span class='ocrx_word' id='word_1_13' title='bbox 1813 437 2146 505; x_wconf 84' lang='lat' dir='ltr'>exercent,</span> <span class='ocrx_word' id='word_1_14' title='bbox 2181 437 2247 495; x_wconf 91' lang='lat' dir='ltr'>et</span> <span class='ocrx_word' id='word_1_15' title='bbox 2282 424 2405 512; x_wconf 89' lang='lat' dir='ltr'>qui</span> <span class='ocrx_word' id='word_1_16' title='bbox 2451 424 2716 494; x_wconf 88' lang='lat' dir='ltr'>beatam</span> <span class='ocrx_word' id='word_1_17' title='bbox 2749 424 2938 494; x_wconf 90' lang='lat' dir='ltr'>illam</span> <span class='ocrx_word' id='word_1_18' title='bbox 2969 424 3087 495; x_wconf 91' lang='lat' dir='ltr'>Dei</span> 
     </span>
     <span class='ocr_line' id='line_1_3' title="bbox 558 512 3088 605; baseline 0 -23"><span class='ocrx_word' id='word_1_19' title='bbox 558 512 1044 582; x_wconf 86' lang='lat' dir='ltr'>mandatorum</span> <span class='ocrx_word' id='word_1_20' title='bbox 1079 513 1392 583; x_wconf 81' lang='lat' dir='ltr'>semitam</span> <span class='ocrx_word' id='word_1_21' title='bbox 1442 513 1704 605; x_wconf 80' lang='lat' dir='ltr'>ingredi</span> <span class='ocrx_word' id='word_1_22' title='bbox 1751 513 2215 584; x_wconf 87' lang='lat' dir='ltr'>decreverunt.</span> <span class='ocrx_word' id='word_1_23' title='bbox 2254 515 2455 584; x_wconf 88' lang='lat' dir='ltr'>Fiunt</span> <span class='ocrx_word' id='word_1_24' title='bbox 2500 513 2684 582; x_wconf 88' lang='lat' dir='ltr'>enim</span> <span class='ocrx_word' id='word_1_25' title='bbox 2731 515 2832 583; x_wconf 89' lang='lat' dir='ltr'>eis</span> <span class='ocrx_word' id='word_1_26' title='bbox 2872 514 3088 583; x_wconf 85' lang='lat' dir='ltr'>veluti</span> 
     </span>
     <span class='ocr_line' id='line_1_4' title="bbox 559 601 3090 694; baseline 0.002 -25"><span class='ocrx_word' id='word_1_27' title='bbox 559 601 845 689; x_wconf 89' lang='lat' dir='ltr'>quidam</span> <span class='ocrx_word' id='word_1_28' title='bbox 882 601 1095 671; x_wconf 91' lang='lat' dir='ltr'>duces</span> <span class='ocrx_word' id='word_1_29' title='bbox 1142 602 1428 684; x_wconf 79' lang='lat' dir='ltr'>itineriS,</span> <span class='ocrx_word' id='word_1_30' title='bbox 1482 617 1559 674; x_wconf 91' lang='lat' dir='ltr'>ut</span> <span class='ocrx_word' id='word_1_31' title='bbox 1605 602 1782 691; x_wconf 92' lang='lat' dir='ltr'>quod</span> <span class='ocrx_word' id='word_1_32' title='bbox 1830 602 1965 694; x_wconf 89' lang='lat' dir='ltr'>ipsi</span> <span class='ocrx_word' id='word_1_33' title='bbox 2005 602 2199 693; x_wconf 87' lang='lat' dir='ltr'>prius</span> <span class='ocrx_word' id='word_1_34' title='bbox 2245 602 2681 681; x_wconf 76' lang='lat' dir='ltr'>confecerint,</span> <span class='ocrx_word' id='word_1_35' title='bbox 2719 615 2785 672; x_wconf 89' lang='lat' dir='ltr'>et</span> <span class='ocrx_word' id='word_1_36' title='bbox 2813 623 2889 672; x_wconf 90' lang='lat' dir='ltr'>re</span> <span class='ocrx_word' id='word_1_37' title='bbox 2933 603 3090 693; x_wconf 89' lang='lat' dir='ltr'>ipsa</span> 
     </span>
     <span class='ocr_line' id='line_1_5' title="bbox 559 690 3090 783; baseline 0.001 -24"><span class='ocrx_word' id='word_1_38' title='bbox 559 690 976 781; x_wconf 74' lang='lat' dir='ltr'>experientia</span> <span class='ocrx_word' id='word_1_39' title='bbox 1024 691 1379 761; x_wconf 80' lang='lat' dir='ltr'>ostendere</span> <span class='ocrx_word' id='word_1_40' title='bbox 1406 693 1666 783; x_wconf 82' lang='lat' dir='ltr'>possint</span> <span class='ocrx_word' id='word_1_41' title='bbox 1692 691 1775 762; x_wconf 91' lang='lat' dir='ltr'>iis</span> <span class='ocrx_word' id='word_1_42' title='bbox 1798 692 1918 778; x_wconf 87' lang='lat' dir='ltr'>qui</span> <span class='ocrx_word' id='word_1_43' title='bbox 1952 704 2374 779; x_wconf 87' lang='lat' dir='ltr'>sequuntur:</span> <span class='ocrx_word' id='word_1_44' title='bbox 2426 691 2547 761; x_wconf 91' lang='lat' dir='ltr'>ubi</span> <span class='ocrx_word' id='word_1_45' title='bbox 2573 690 2851 777; x_wconf 85' lang='lat' dir='ltr'>quidem</span> <span class='ocrx_word' id='word_1_46' title='bbox 2883 711 3090 782; x_wconf 90' lang='lat' dir='ltr'>opor-</span> 
     </span>
     <span class='ocr_line' id='line_1_6' title="bbox 560 778 3089 866; baseline 0.001 -17"><span class='ocrx_word' id='word_1_47' title='bbox 560 790 693 849; x_wconf 88' lang='lat' dir='ltr'>teat</span> <span class='ocrx_word' id='word_1_48' title='bbox 740 778 1000 866; x_wconf 88' lang='lat' dir='ltr'>aliquid</span> <span class='ocrx_word' id='word_1_49' title='bbox 1036 780 1375 851; x_wconf 81' lang='lat' dir='ltr'>remittere</span> <span class='ocrx_word' id='word_1_50' title='bbox 1422 781 1506 849; x_wconf 93' lang='lat' dir='ltr'>de</span> <span class='ocrx_word' id='word_1_51' title='bbox 1556 782 1621 849; x_wconf 89' lang='lat' dir='ltr'>in</span> <span class='ocrx_word' id='word_1_52' title='bbox 1675 801 1902 850; x_wconf 88' lang='lat' dir='ltr'>ressus</span> <span class='ocrx_word' id='word_1_53' title='bbox 1931 780 2379 861; x_wconf 83' lang='lat' dir='ltr'>vehementia,</span> <span class='ocrx_word' id='word_1_54' title='bbox 2427 780 2548 850; x_wconf 90' lang='lat' dir='ltr'>ubi</span> <span class='ocrx_word' id='word_1_55' title='bbox 2587 792 2813 849; x_wconf 89' lang='lat' dir='ltr'>autem</span> <span class='ocrx_word' id='word_1_56' title='bbox 2844 802 3089 852; x_wconf 88' lang='lat' dir='ltr'>rursus</span> 
     </span>
     <span class='ocr_line' id='line_1_7' title="bbox 611 804 3090 955; baseline 0.002 -20"><span class='ocrx_word' id='word_1_57' title='bbox 611 866 854 937; x_wconf 87' lang='lat' dir='ltr'>radum</span> <span class='ocrx_word' id='word_1_58' title='bbox 904 867 1285 939; x_wconf 79' lang='lat' dir='ltr'>accelerare</span> <span class='ocrx_word' id='word_1_59' title='bbox 1329 882 1394 940; x_wconf 91' lang='lat' dir='ltr'>et</span> <span class='ocrx_word' id='word_1_60' title='bbox 1439 804 1809 939; x_wconf 49' lang='lat' dir='ltr'>intendere.</span> <span class='ocrx_word' id='word_1_61' title='bbox 1864 869 2109 955; x_wconf 84' lang='lat' dir='ltr'>Sicque</span> <span class='ocrx_word' id='word_1_62' title='bbox 2172 881 2424 939; x_wconf 88' lang='lat' dir='ltr'>certam</span> <span class='ocrx_word' id='word_1_63' title='bbox 2474 869 2745 939; x_wconf 89' lang='lat' dir='ltr'>virtutis</span> <span class='ocrx_word' id='word_1_64' title='bbox 2794 869 2973 936; x_wconf 89' lang='lat' dir='ltr'>viam</span> <span class='ocrx_word' id='word_1_65' title='bbox 3022 881 3090 940; x_wconf 88' lang='lat' dir='ltr'>et</span> 
     </span>
     <span class='ocr_line' id='line_1_8' title="bbox 588 955 3088 1048; baseline 0.002 -24"><span class='ocrx_word' id='word_1_66' title='bbox 588 955 830 1025; x_wconf 78' lang='lat' dir='ltr'>acilem</span> <span class='ocrx_word' id='word_1_67' title='bbox 884 956 1021 1026; x_wconf 93' lang='lat' dir='ltr'>illis</span> <span class='ocrx_word' id='word_1_68' title='bbox 1066 957 1330 1027; x_wconf 86' lang='lat' dir='ltr'>faciunt</span> <span class='ocrx_word' id='word_1_69' title='bbox 1373 959 1495 1045; x_wconf 88' lang='lat' dir='ltr'>qui</span> <span class='ocrx_word' id='word_1_70' title='bbox 1541 981 1687 1028; x_wconf 89' lang='lat' dir='ltr'>eam</span> <span class='ocrx_word' id='word_1_71' title='bbox 1738 957 2257 1048; x_wconf 86' lang='lat' dir='ltr'>aggrediuntur.</span> <span class='ocrx_word' id='word_1_72' title='bbox 2321 958 2655 1040; x_wconf 83' lang='lat' dir='ltr'>Quoniam</span> <span class='ocrx_word' id='word_1_73' title='bbox 2724 969 2954 1026; x_wconf 90' lang='lat' dir='ltr'>autem</span> <span class='ocrx_word' id='word_1_74' title='bbox 3002 979 3088 1028; x_wconf 81' lang='lat' dir='ltr'>ex</span> 
     </span>
     <span class='ocr_line' id='line_1_9' title="bbox 559 1044 3092 1137; baseline 0.001 -24"><span class='ocrx_word' id='word_1_75' title='bbox 559 1044 647 1113; x_wconf 90' lang='lat' dir='ltr'>iis</span> <span class='ocrx_word' id='word_1_76' title='bbox 712 1045 1006 1116; x_wconf 79' lang='lat' dir='ltr'>maxime</span> <span class='ocrx_word' id='word_1_77' title='bbox 1046 1046 1338 1137; x_wconf 87' lang='lat' dir='ltr'>insignis</span> <span class='ocrx_word' id='word_1_78' title='bbox 1378 1048 1755 1125; x_wconf 79' lang='lat' dir='ltr'>Abramius‚</span> <span class='ocrx_word' id='word_1_79' title='bbox 1809 1067 1944 1115; x_wconf 89' lang='lat' dir='ltr'>non</span> <span class='ocrx_word' id='word_1_80' title='bbox 1994 1045 2215 1117; x_wconf 89' lang='lat' dir='ltr'>solum</span> <span class='ocrx_word' id='word_1_81' title='bbox 2264 1068 2422 1116; x_wconf 88' lang='lat' dir='ltr'>cum</span> <span class='ocrx_word' id='word_1_82' title='bbox 2480 1059 2655 1115; x_wconf 90' lang='lat' dir='ltr'>esset</span> <span class='ocrx_word' id='word_1_83' title='bbox 2700 1045 2928 1115; x_wconf 88' lang='lat' dir='ltr'>adhuc</span> <span class='ocrx_word' id='word_1_84' title='bbox 2969 1068 3092 1116; x_wconf 90' lang='lat' dir='ltr'>su-</span> 
     </span>
     <span class='ocr_line' id='line_1_10' title="bbox 557 1134 3094 1225; baseline 0.001 -24"><span class='ocrx_word' id='word_1_85' title='bbox 557 1145 844 1224; x_wconf 89' lang='lat' dir='ltr'>perstes,</span> <span class='ocrx_word' id='word_1_86' title='bbox 900 1135 1016 1204; x_wconf 90' lang='lat' dir='ltr'>sed</span> <span class='ocrx_word' id='word_1_87' title='bbox 1068 1156 1253 1205; x_wconf 88' lang='lat' dir='ltr'>nunc</span> <span class='ocrx_word' id='word_1_88' title='bbox 1285 1158 1558 1223; x_wconf 87' lang='lat' dir='ltr'>quoque</span> <span class='ocrx_word' id='word_1_89' title='bbox 1602 1135 1903 1206; x_wconf 88' lang='lat' dir='ltr'>oratione</span> <span class='ocrx_word' id='word_1_90' title='bbox 1942 1134 2149 1205; x_wconf 89' lang='lat' dir='ltr'>veluti</span> <span class='ocrx_word' id='word_1_91' title='bbox 2193 1134 2491 1223; x_wconf 86' lang='lat' dir='ltr'>quadam</span> <span class='ocrx_word' id='word_1_92' title='bbox 2523 1156 2890 1225; x_wconf 86' lang='lat' dir='ltr'>expressus</span> <span class='ocrx_word' id='word_1_93' title='bbox 2917 1134 3094 1204; x_wconf 86' lang='lat' dir='ltr'>ima-</span> 
     </span>
     <span class='ocr_line' id='line_1_11' title="bbox 558 1222 3095 1378; baseline 0.001 -89"><span class='ocrx_word' id='word_1_94' title='bbox 558 1222 742 1378; x_wconf 57' lang='lat' dir='ltr'>gine,</span> <span class='ocrx_word' id='word_1_95' title='bbox 795 1222 862 1291; x_wconf 93' lang='lat' dir='ltr'>id</span> <span class='ocrx_word' id='word_1_96' title='bbox 918 1222 1114 1313; x_wconf 83' lang='lat' dir='ltr'>plene</span> <span class='ocrx_word' id='word_1_97' title='bbox 1177 1238 1515 1313; x_wconf 89' lang='lat' dir='ltr'>praestare</span> <span class='ocrx_word' id='word_1_98' title='bbox 1577 1236 1828 1315; x_wconf 85' lang='lat' dir='ltr'>potest:</span> <span class='ocrx_word' id='word_1_99' title='bbox 1881 1245 1990 1293; x_wconf 90' lang='lat' dir='ltr'>res</span> <span class='ocrx_word' id='word_1_100' title='bbox 2034 1224 2185 1315; x_wconf 86' lang='lat' dir='ltr'>ejus</span> <span class='ocrx_word' id='word_1_101' title='bbox 2238 1245 2423 1293; x_wconf 88' lang='lat' dir='ltr'>nunc</span> <span class='ocrx_word' id='word_1_102' title='bbox 2471 1245 2508 1292; x_wconf 91' lang='lat' dir='ltr'>a</span> <span class='ocrx_word' id='word_1_103' title='bbox 2560 1222 2758 1293; x_wconf 91' lang='lat' dir='ltr'>nobis</span> <span class='ocrx_word' id='word_1_104' title='bbox 2806 1244 3095 1292; x_wconf 89' lang='lat' dir='ltr'>narran-</span> 
     </span>
     <span class='ocr_line' id='line_1_12' title="bbox 609 1311 3086 1403; baseline 0.001 -24"><span class='ocrx_word' id='word_1_105' title='bbox 609 1332 687 1380; x_wconf 90' lang='lat' dir='ltr'>ae</span> <span class='ocrx_word' id='word_1_106' title='bbox 735 1324 896 1380; x_wconf 89' lang='lat' dir='ltr'>sunt</span> <span class='ocrx_word' id='word_1_107' title='bbox 945 1333 1069 1402; x_wconf 89' lang='lat' dir='ltr'>pro</span> <span class='ocrx_word' id='word_1_108' title='bbox 1116 1312 1415 1384; x_wconf 86' lang='lat' dir='ltr'>viribus:</span> <span class='ocrx_word' id='word_1_109' title='bbox 1467 1325 1545 1384; x_wconf 88' lang='lat' dir='ltr'>ut</span> <span class='ocrx_word' id='word_1_110' title='bbox 1576 1334 1965 1401; x_wconf 89' lang='lat' dir='ltr'>sequamur,</span> <span class='ocrx_word' id='word_1_111' title='bbox 2029 1325 2095 1383; x_wconf 92' lang='lat' dir='ltr'>et</span> <span class='ocrx_word' id='word_1_112' title='bbox 2146 1311 2368 1399; x_wconf 88' lang='lat' dir='ltr'>quoad</span> <span class='ocrx_word' id='word_1_113' title='bbox 2420 1313 2573 1401; x_wconf 84' lang='lat' dir='ltr'>ejus</span> <span class='ocrx_word' id='word_1_114' title='bbox 2620 1312 2768 1382; x_wconf 84' lang='lat' dir='ltr'>fieri</span> <span class='ocrx_word' id='word_1_115' title='bbox 2816 1312 3086 1403; x_wconf 89' lang='lat' dir='ltr'>poterit,</span> 
     </span>
     <span class='ocr_line' id='line_1_13' title="bbox 559 1398 1774 1493; baseline 0.002 -25"><span class='ocrx_word' id='word_1_116' title='bbox 559 1398 914 1469; x_wconf 89' lang='lat' dir='ltr'>imitemur</span> <span class='ocrx_word' id='word_1_117' title='bbox 958 1401 1243 1493; x_wconf 89' lang='lat' dir='ltr'>vestigia</span> <span class='ocrx_word' id='word_1_118' title='bbox 1288 1403 1438 1492; x_wconf 89' lang='lat' dir='ltr'>ejus</span> <span class='ocrx_word' id='word_1_119' title='bbox 1485 1402 1774 1471; x_wconf 89' lang='lat' dir='ltr'>virtutis.</span> 
     </span>
    </p>

    <p class='ocr_par' dir='ltr' id='par_1_3' title="bbox 478 1488 3120 3774">
     <span class='ocr_line' id='line_1_14' title="bbox 650 1488 3085 1580; baseline 0 -20"><span class='ocrx_word' id='word_1_120' title='bbox 650 1496 687 1569; x_wconf 69' lang='grc' dir='ltr'><strong>ἓ</strong></span> <span class='ocrx_word' id='word_1_121' title='bbox 758 1494 845 1560; x_wconf 62' lang='lat'>2.</span> <span class='ocrx_word' id='word_1_122' title='bbox 901 1489 1020 1558; x_wconf 89' lang='lat' dir='ltr'>Hic</span> <span class='ocrx_word' id='word_1_123' title='bbox 1068 1512 1230 1580; x_wconf 87' lang='lat' dir='ltr'>ergo</span> <span class='ocrx_word' id='word_1_124' title='bbox 1277 1491 1622 1561; x_wconf 89' lang='lat' dir='ltr'>secundus</span> <span class='ocrx_word' id='word_1_125' title='bbox 1668 1490 1981 1571; x_wconf 78' lang='lat' dir='ltr'>Abraam,</span> <span class='ocrx_word' id='word_1_126' title='bbox 2016 1499 2081 1559; x_wconf 89' lang='lat' dir='ltr'>et</span> <span class='ocrx_word' id='word_1_127' title='bbox 2125 1507 2284 1558; x_wconf 90' lang='lat' dir='ltr'>cum</span> <span class='ocrx_word' id='word_1_128' title='bbox 2333 1490 2559 1579; x_wconf 90' lang='lat' dir='ltr'>primo</span> <span class='ocrx_word' id='word_1_129' title='bbox 2604 1488 3085 1573; x_wconf 75' lang='lat' dir='ltr'>conferendus,</span> 
     </span>
     <span class='ocr_line' id='line_1_15' title="bbox 557 1577 3120 1669; baseline 0.002 -24"><span class='ocrx_word' id='word_1_130' title='bbox 557 1598 636 1646; x_wconf 81' lang='lat' dir='ltr'>ex</span> <span class='ocrx_word' id='word_1_131' title='bbox 673 1577 886 1646; x_wconf 90' lang='lat' dir='ltr'>nobili</span> <span class='ocrx_word' id='word_1_132' title='bbox 926 1577 1204 1664; x_wconf 89' lang='lat' dir='ltr'>quidem</span> <span class='ocrx_word' id='word_1_133' title='bbox 1269 1579 1495 1649; x_wconf 80' lang='lat' dir='ltr'>radice</span> <span class='ocrx_word' id='word_1_134' title='bbox 1542 1578 1947 1669; x_wconf 84' lang='lat' dir='ltr'>germinavit</span> <span class='ocrx_word' id='word_1_135' title='bbox 1998 1599 2233 1648; x_wconf 88' lang='lat' dir='ltr'>ramus</span> <span class='ocrx_word' id='word_1_136' title='bbox 2281 1577 2556 1648; x_wconf 88' lang='lat' dir='ltr'>nobilis.</span> <span class='ocrx_word' id='word_1_137' title='bbox 2595 1584 2762 1648; x_wconf 87' lang='lat' dir='ltr'>Nam</span> <span class='ocrx_word' id='word_1_138' title='bbox 2801 1578 3120 1649; x_wconf 83' lang='lat' dir='ltr'>fuerunt·</span> 
     </span>
     <span class='ocr_line' id='line_1_16' title="bbox 556 1665 3090 1758; baseline 0.001 -25"><span class='ocrx_word' id='word_1_139' title='bbox 556 1665 836 1750; x_wconf 85' lang='lat' dir='ltr'>quidem</span> <span class='ocrx_word' id='word_1_140' title='bbox 885 1667 947 1735; x_wconf 87' lang='lat' dir='ltr'>ei</span> <span class='ocrx_word' id='word_1_141' title='bbox 997 1679 1309 1757; x_wconf 78' lang='lat' dir='ltr'>parentes</span> <span class='ocrx_word' id='word_1_142' title='bbox 1356 1667 1525 1737; x_wconf 89' lang='lat' dir='ltr'>clari</span> <span class='ocrx_word' id='word_1_143' title='bbox 1561 1689 1829 1758; x_wconf 85' lang='lat' dir='ltr'>genere,</span> <span class='ocrx_word' id='word_1_144' title='bbox 1868 1667 2003 1735; x_wconf 72' lang='lat' dir='ltr'>vita</span> <span class='ocrx_word' id='word_1_145' title='bbox 2051 1678 2277 1735; x_wconf 90' lang='lat' dir='ltr'>autem</span> <span class='ocrx_word' id='word_1_146' title='bbox 2329 1666 2652 1749; x_wconf 79' lang='lat' dir='ltr'>illustreS,</span> <span class='ocrx_word' id='word_1_147' title='bbox 2689 1680 2754 1736; x_wconf 87' lang='lat' dir='ltr'>et</span> <span class='ocrx_word' id='word_1_148' title='bbox 2807 1667 2928 1754; x_wconf 87' lang='lat' dir='ltr'>qui</span> <span class='ocrx_word' id='word_1_149' title='bbox 2976 1666 3090 1736; x_wconf 90' lang='lat' dir='ltr'>di-</span> 
     </span>
     <span class='ocr_line' id='line_1_17' title="bbox 557 1754 3092 1845; baseline 0.002 -23"><span class='ocrx_word' id='word_1_150' title='bbox 557 1754 739 1822; x_wconf 90' lang='lat' dir='ltr'>vitiis</span> <span class='ocrx_word' id='word_1_151' title='bbox 785 1767 850 1822; x_wconf 90' lang='lat' dir='ltr'>et</span> <span class='ocrx_word' id='word_1_152' title='bbox 895 1755 1113 1844; x_wconf 75' lang='lat' dir='ltr'>gloria</span> <span class='ocrx_word' id='word_1_153' title='bbox 1165 1755 1513 1825; x_wconf 89' lang='lat' dir='ltr'>mundana</span> <span class='ocrx_word' id='word_1_154' title='bbox 1561 1757 1693 1826; x_wconf 90' lang='lat' dir='ltr'>sibi</span> <span class='ocrx_word' id='word_1_155' title='bbox 1741 1776 2178 1845; x_wconf 87' lang='lat' dir='ltr'>summopere</span> <span class='ocrx_word' id='word_1_156' title='bbox 2226 1755 2607 1845; x_wconf 86' lang='lat' dir='ltr'>placebant.</span> <span class='ocrx_word' id='word_1_157' title='bbox 2655 1760 2821 1824; x_wconf 90' lang='lat' dir='ltr'>Cum</span> <span class='ocrx_word' id='word_1_158' title='bbox 2856 1768 3092 1826; x_wconf 88' lang='lat' dir='ltr'>autem</span> 
     </span>
     <span class='ocr_line' id='line_1_18' title="bbox 555 1842 3092 1933; baseline 0.002 -24"><span class='ocrx_word' id='word_1_159' title='bbox 555 1842 864 1912; x_wconf 89' lang='lat' dir='ltr'>viderent</span> <span class='ocrx_word' id='word_1_160' title='bbox 914 1865 1206 1933; x_wconf 90' lang='lat' dir='ltr'>puerum</span> <span class='ocrx_word' id='word_1_161' title='bbox 1256 1845 1341 1914; x_wconf 89' lang='lat' dir='ltr'>ab</span> <span class='ocrx_word' id='word_1_162' title='bbox 1390 1846 1734 1914; x_wconf 91' lang='lat' dir='ltr'>ineuntem</span> <span class='ocrx_word' id='word_1_163' title='bbox 1762 1855 1977 1913; x_wconf 89' lang='lat' dir='ltr'>aetate</span> <span class='ocrx_word' id='word_1_164' title='bbox 2007 1864 2279 1914; x_wconf 91' lang='lat' dir='ltr'>omnem</span> <span class='ocrx_word' id='word_1_165' title='bbox 2315 1844 2628 1913; x_wconf 88' lang='lat' dir='ltr'>virtutem</span> <span class='ocrx_word' id='word_1_166' title='bbox 2663 1857 3092 1914; x_wconf 82' lang='lat' dir='ltr'>exercentem</span> 
     </span>
     <span class='ocr_line' id='line_1_19' title="bbox 558 1931 3084 2023; baseline 0.001 -25"><span class='ocrx_word' id='word_1_167' title='bbox 558 1931 969 2001; x_wconf 87' lang='lat' dir='ltr'>tenebantur</span> <span class='ocrx_word' id='word_1_168' title='bbox 1013 1932 1292 2019; x_wconf 86' lang='lat' dir='ltr'>quidem</span> <span class='ocrx_word' id='word_1_169' title='bbox 1354 1932 1731 2003; x_wconf 84' lang='lat' dir='ltr'>vehementi</span> <span class='ocrx_word' id='word_1_170' title='bbox 1787 1933 1946 2023; x_wconf 88' lang='lat' dir='ltr'>igne</span> <span class='ocrx_word' id='word_1_171' title='bbox 1991 1932 2063 2002; x_wconf 92' lang='lat' dir='ltr'>in</span> <span class='ocrx_word' id='word_1_172' title='bbox 2110 1954 2269 2002; x_wconf 91' lang='lat' dir='ltr'>eum</span> <span class='ocrx_word' id='word_1_173' title='bbox 2319 1933 2573 2001; x_wconf 86' lang='lat' dir='ltr'>amoris</span> <span class='ocrx_word' id='word_1_174' title='bbox 2618 1945 2686 2002; x_wconf 90' lang='lat' dir='ltr'>et</span> <span class='ocrx_word' id='word_1_175' title='bbox 2732 1932 3084 2002; x_wconf 89' lang='lat' dir='ltr'>desiderii.</span> 
     </span>
     <span class='ocr_line' id='line_1_20' title="bbox 562 2021 3094 2112; baseline 0.002 -24"><span class='ocrx_word' id='word_1_176' title='bbox 562 2024 733 2088; x_wconf 91' lang='lat' dir='ltr'>Sunt</span> <span class='ocrx_word' id='word_1_177' title='bbox 780 2021 962 2090; x_wconf 89' lang='lat' dir='ltr'>enim</span> <span class='ocrx_word' id='word_1_178' title='bbox 1016 2021 1178 2091; x_wconf 88' lang='lat' dir='ltr'>talia</span> <span class='ocrx_word' id='word_1_179' title='bbox 1206 2042 1443 2091; x_wconf 83' lang='lat' dir='ltr'>eorum</span> <span class='ocrx_word' id='word_1_180' title='bbox 1492 2023 1610 2109; x_wconf 91' lang='lat' dir='ltr'>qui</span> <span class='ocrx_word' id='word_1_181' title='bbox 1657 2034 2067 2112; x_wconf 83' lang='lat' dir='ltr'>genuerunt,</span> <span class='ocrx_word' id='word_1_182' title='bbox 2109 2022 2404 2092; x_wconf 88' lang='lat' dir='ltr'>viscera:</span> <span class='ocrx_word' id='word_1_183' title='bbox 2456 2033 2521 2090; x_wconf 89' lang='lat' dir='ltr'>et</span> <span class='ocrx_word' id='word_1_184' title='bbox 2562 2034 2809 2090; x_wconf 89' lang='lat' dir='ltr'>natura</span> <span class='ocrx_word' id='word_1_185' title='bbox 2841 2034 2942 2091; x_wconf 86' lang='lat' dir='ltr'>est</span> <span class='ocrx_word' id='word_1_186' title='bbox 2991 2022 3094 2093; x_wconf 87' lang='lat' dir='ltr'>eis</span> 
     </span>
     <span class='ocr_line' id='line_1_21' title="bbox 559 2107 3090 2202; baseline 0.002 -26"><span class='ocrx_word' id='word_1_187' title='bbox 559 2107 871 2188; x_wconf 90' lang='lat' dir='ltr'>insitum,</span> <span class='ocrx_word' id='word_1_188' title='bbox 919 2122 996 2179; x_wconf 91' lang='lat' dir='ltr'>ut</span> <span class='ocrx_word' id='word_1_189' title='bbox 1042 2111 1258 2180; x_wconf 89' lang='lat' dir='ltr'>virtus</span> <span class='ocrx_word' id='word_1_190' title='bbox 1306 2111 1603 2181; x_wconf 75' lang='lat' dir='ltr'>[iliorum</span> <span class='ocrx_word' id='word_1_191' title='bbox 1654 2112 1980 2202; x_wconf 84' lang='lat' dir='ltr'>majorem</span> <span class='ocrx_word' id='word_1_192' title='bbox 2031 2110 2102 2179; x_wconf 92' lang='lat' dir='ltr'>in</span> <span class='ocrx_word' id='word_1_193' title='bbox 2150 2110 2250 2180; x_wconf 89' lang='lat' dir='ltr'>eis</span> <span class='ocrx_word' id='word_1_194' title='bbox 2283 2110 2516 2179; x_wconf 88' lang='lat' dir='ltr'>incitet</span> <span class='ocrx_word' id='word_1_195' title='bbox 2561 2111 2916 2180; x_wconf 88' lang='lat' dir='ltr'>flammam</span> <span class='ocrx_word' id='word_1_196' title='bbox 2966 2132 3090 2180; x_wconf 87' lang='lat' dir='ltr'>na-</span> 
     </span>
     <span class='ocr_line' id='line_1_22' title="bbox 561 2197 3091 2282; baseline 0.001 -16"><span class='ocrx_word' id='word_1_197' title='bbox 561 2197 807 2267; x_wconf 87' lang='lat' dir='ltr'>turalis</span> <span class='ocrx_word' id='word_1_198' title='bbox 852 2198 1204 2268; x_wconf 88' lang='lat' dir='ltr'>charitatis</span> <span class='ocrx_word' id='word_1_199' title='bbox 1250 2212 1314 2269; x_wconf 90' lang='lat' dir='ltr'>et</span> <span class='ocrx_word' id='word_1_200' title='bbox 1360 2199 1756 2270; x_wconf 64' lang='lat' dir='ltr'>affectionis</span> <span class='ocrx_word' id='word_1_201' title='bbox 1810 2198 2262 2282; x_wconf 86' lang='lat' dir='ltr'>Quamobrem</span> <span class='ocrx_word' id='word_1_202' title='bbox 2315 2220 2472 2268; x_wconf 90' lang='lat' dir='ltr'>cum</span> <span class='ocrx_word' id='word_1_203' title='bbox 2508 2211 2685 2269; x_wconf 90' lang='lat' dir='ltr'>esset</span> <span class='ocrx_word' id='word_1_204' title='bbox 2728 2220 2967 2267; x_wconf 90' lang='lat' dir='ltr'>eorum</span> <span class='ocrx_word' id='word_1_205' title='bbox 3018 2200 3091 2268; x_wconf 89' lang='lat' dir='ltr'>in</span> 
     </span>
     <span class='ocr_line' id='line_1_23' title="bbox 560 2287 3089 2378; baseline 0.002 -24"><span class='ocrx_word' id='word_1_206' title='bbox 560 2306 720 2355; x_wconf 91' lang='lat' dir='ltr'>eum</span> <span class='ocrx_word' id='word_1_207' title='bbox 770 2308 965 2356; x_wconf 88' lang='lat' dir='ltr'>amor</span> <span class='ocrx_word' id='word_1_208' title='bbox 1028 2301 1092 2358; x_wconf 90' lang='lat' dir='ltr'>et</span> <span class='ocrx_word' id='word_1_209' title='bbox 1144 2289 1576 2370; x_wconf 84' lang='lat' dir='ltr'>insatiabiliS,</span> <span class='ocrx_word' id='word_1_210' title='bbox 1635 2300 1701 2358; x_wconf 87' lang='lat' dir='ltr'>et</span> <span class='ocrx_word' id='word_1_211' title='bbox 1748 2287 1950 2378; x_wconf 90' lang='lat' dir='ltr'>longe</span> <span class='ocrx_word' id='word_1_212' title='bbox 1996 2287 2546 2368; x_wconf 59' lang='lat' dir='ltr'>ardentissimus»,</span> <span class='ocrx_word' id='word_1_213' title='bbox 2599 2287 3089 2358; x_wconf 87' lang='lat' dir='ltr'>desiderabant</span> 
     </span>
     <span class='ocr_line' id='line_1_24' title="bbox 561 2373 3091 2467; baseline 0.002 -26"><span class='ocrx_word' id='word_1_214' title='bbox 561 2373 792 2444; x_wconf 84' lang='lat' dir='ltr'>videre</span> <span class='ocrx_word' id='word_1_215' title='bbox 851 2374 1116 2446; x_wconf 85' lang='lat' dir='ltr'>fructus</span> <span class='ocrx_word' id='word_1_216' title='bbox 1167 2376 1436 2467; x_wconf 83' lang='lat' dir='ltr'>pulchri</span> <span class='ocrx_word' id='word_1_217' title='bbox 1494 2377 1704 2466; x_wconf 87' lang='lat' dir='ltr'>hujus</span> <span class='ocrx_word' id='word_1_218' title='bbox 1764 2375 2137 2467; x_wconf 85' lang='lat' dir='ltr'>germinis:</span> <span class='ocrx_word' id='word_1_219' title='bbox 2202 2388 2280 2445; x_wconf 91' lang='lat' dir='ltr'>ut</span> <span class='ocrx_word' id='word_1_220' title='bbox 2336 2389 2691 2446; x_wconf 89' lang='lat' dir='ltr'>cernentes</span> <span class='ocrx_word' id='word_1_221' title='bbox 2757 2389 3091 2463; x_wconf 89' lang='lat' dir='ltr'>tanquam</span> 
     </span>
     <span class='ocr_line' id='line_1_25' title="bbox 562 2461 3087 2567; baseline 0.001 -35"><span class='ocrx_word' id='word_1_222' title='bbox 562 2461 900 2566; x_wconf 85' lang='lat' dir='ltr'>imagines</span> <span class='ocrx_word' id='word_1_223' title='bbox 948 2465 1074 2534; x_wconf 89' lang='lat' dir='ltr'>filii</span> <span class='ocrx_word' id='word_1_224' title='bbox 1125 2479 1422 2567; x_wconf 84' lang='lat' dir='ltr'>nepoteS‚</span> <span class='ocrx_word' id='word_1_225' title='bbox 1460 2466 1568 2536; x_wconf 91' lang='lat' dir='ltr'>sui</span> <span class='ocrx_word' id='word_1_226' title='bbox 1601 2465 1669 2535; x_wconf 92' lang='lat' dir='ltr'>in</span> <span class='ocrx_word' id='word_1_227' title='bbox 1720 2487 1877 2536; x_wconf 91' lang='lat' dir='ltr'>eum</span> <span class='ocrx_word' id='word_1_228' title='bbox 1927 2466 2181 2536; x_wconf 84' lang='lat' dir='ltr'>amoris</span> <span class='ocrx_word' id='word_1_229' title='bbox 2214 2465 2528 2538; x_wconf 87' lang='lat' dir='ltr'>sedarent</span> <span class='ocrx_word' id='word_1_230' title='bbox 2560 2465 3087 2548; x_wconf 86' lang='lat' dir='ltr'>vehementiam,</span> 
     </span>
     <span class='ocr_line' id='line_1_26' title="bbox 561 2553 3098 2646; baseline 0.002 -24"><span class='ocrx_word' id='word_1_231' title='bbox 561 2564 628 2623; x_wconf 90' lang='lat' dir='ltr'>et</span> <span class='ocrx_word' id='word_1_232' title='bbox 674 2553 882 2622; x_wconf 78' lang='lat' dir='ltr'>simul</span> <span class='ocrx_word' id='word_1_233' title='bbox 935 2556 1354 2625; x_wconf 83' lang='lat' dir='ltr'>successioni</span> <span class='ocrx_word' id='word_1_234' title='bbox 1403 2556 1671 2646; x_wconf 89' lang='lat' dir='ltr'>generis</span> <span class='ocrx_word' id='word_1_235' title='bbox 1718 2554 1846 2624; x_wconf 90' lang='lat' dir='ltr'>hoc</span> <span class='ocrx_word' id='word_1_236' title='bbox 1883 2554 2192 2645; x_wconf 74' lang='lat' dir='ltr'>jacerent</span> <span class='ocrx_word' id='word_1_237' title='bbox 2245 2555 2795 2625; x_wconf 86' lang='lat' dir='ltr'>fundamentum.</span> <span class='ocrx_word' id='word_1_238' title='bbox 2853 2559 3098 2643; x_wconf 87' lang='lat' dir='ltr'>Itaque</span> 
     </span>
     <span class='ocr_line' id='line_1_27' title="bbox 560 2642 3096 2733; baseline 0.002 -23"><span class='ocrx_word' id='word_1_239' title='bbox 560 2642 966 2724; x_wconf 87' lang='lat' dir='ltr'>studebant,</span> <span class='ocrx_word' id='word_1_240' title='bbox 1032 2656 1110 2713; x_wconf 88' lang='lat' dir='ltr'>ut</span> <span class='ocrx_word' id='word_1_241' title='bbox 1172 2655 1235 2713; x_wconf 87' lang='lat' dir='ltr'>et</span> <span class='ocrx_word' id='word_1_242' title='bbox 1302 2643 1486 2713; x_wconf 90' lang='lat' dir='ltr'>filius</span> <span class='ocrx_word' id='word_1_243' title='bbox 1546 2644 1826 2714; x_wconf 91' lang='lat' dir='ltr'>duceret</span> <span class='ocrx_word' id='word_1_244' title='bbox 1872 2664 2176 2725; x_wconf 86' lang='lat' dir='ltr'>uxorem,</span> <span class='ocrx_word' id='word_1_245' title='bbox 2233 2657 2298 2714; x_wconf 91' lang='lat' dir='ltr'>et</span> <span class='ocrx_word' id='word_1_246' title='bbox 2342 2642 2741 2733; x_wconf 87' lang='lat' dir='ltr'>alligaretur</span> <span class='ocrx_word' id='word_1_247' title='bbox 2794 2643 3096 2715; x_wconf 90' lang='lat' dir='ltr'>vinculis</span> 
     </span>
     <span class='ocr_line' id='line_1_28' title="bbox 558 2730 3095 2823; baseline 0.002 -26"><span class='ocrx_word' id='word_1_248' title='bbox 558 2731 1007 2812; x_wconf 88' lang='lat' dir='ltr'>matrimonii,</span> <span class='ocrx_word' id='word_1_249' title='bbox 1046 2744 1111 2801; x_wconf 84' lang='lat' dir='ltr'>et</span> <span class='ocrx_word' id='word_1_250' title='bbox 1157 2730 1240 2800; x_wconf 89' lang='lat' dir='ltr'>ad</span> <span class='ocrx_word' id='word_1_251' title='bbox 1286 2731 1693 2823; x_wconf 88' lang='lat' dir='ltr'>praecipuas</span> <span class='ocrx_word' id='word_1_252' title='bbox 1738 2744 1803 2800; x_wconf 91' lang='lat' dir='ltr'>et</span> <span class='ocrx_word' id='word_1_253' title='bbox 1850 2733 2147 2802; x_wconf 83' lang='lat' dir='ltr'>maxime</span> <span class='ocrx_word' id='word_1_254' title='bbox 2192 2731 2496 2802; x_wconf 89' lang='lat' dir='ltr'>illustres</span> <span class='ocrx_word' id='word_1_255' title='bbox 2546 2732 2790 2802; x_wconf 90' lang='lat' dir='ltr'>mundi</span> <span class='ocrx_word' id='word_1_256' title='bbox 2853 2754 3095 2823; x_wconf 88' lang='lat' dir='ltr'>prove-</span> 
     </span>
     <span class='ocr_line' id='line_1_29' title="bbox 558 2817 3090 2908; baseline 0.001 -20"><span class='ocrx_word' id='word_1_257' title='bbox 558 2817 837 2888; x_wconf 89' lang='lat' dir='ltr'>heretur</span> <span class='ocrx_word' id='word_1_258' title='bbox 865 2819 1255 2908; x_wconf 87' lang='lat' dir='ltr'>dignitates.</span> <span class='ocrx_word' id='word_1_259' title='bbox 1294 2820 1608 2891; x_wconf 82' lang='lat' dir='ltr'>Abramio</span> <span class='ocrx_word' id='word_1_260' title='bbox 1654 2832 1882 2889; x_wconf 89' lang='lat' dir='ltr'>autem</span> <span class='ocrx_word' id='word_1_261' title='bbox 1916 2820 2086 2889; x_wconf 91' lang='lat' dir='ltr'>nihil</span> <span class='ocrx_word' id='word_1_262' title='bbox 2138 2821 2385 2890; x_wconf 89' lang='lat' dir='ltr'>horum</span> <span class='ocrx_word' id='word_1_263' title='bbox 2434 2833 2577 2890; x_wconf 91' lang='lat' dir='ltr'>erat</span> <span class='ocrx_word' id='word_1_264' title='bbox 2624 2842 2853 2890; x_wconf 88' lang='lat' dir='ltr'>curae.</span> <span class='ocrx_word' id='word_1_265' title='bbox 2921 2827 3090 2891; x_wconf 88' lang='lat' dir='ltr'>Nam</span> 
     </span>
     <span class='ocr_line' id='line_1_30' title="bbox 556 2907 3086 2999; baseline 0.002 -23"><span class='ocrx_word' id='word_1_266' title='bbox 556 2928 637 2976; x_wconf 88' lang='lat' dir='ltr'>ea</span> <span class='ocrx_word' id='word_1_267' title='bbox 683 2907 1027 2996; x_wconf 86' lang='lat' dir='ltr'>delegerat</span> <span class='ocrx_word' id='word_1_268' title='bbox 1070 2930 1247 2995; x_wconf 87' lang='lat' dir='ltr'>quae</span> <span class='ocrx_word' id='word_1_269' title='bbox 1297 2920 1654 2999; x_wconf 84' lang='lat' dir='ltr'>parentum</span> <span class='ocrx_word' id='word_1_270' title='bbox 1706 2908 1938 2977; x_wconf 91' lang='lat' dir='ltr'>animo</span> <span class='ocrx_word' id='word_1_271' title='bbox 1988 2908 2191 2999; x_wconf 90' lang='lat' dir='ltr'>plane</span> <span class='ocrx_word' id='word_1_272' title='bbox 2249 2908 2824 2980; x_wconf 86' lang='lat' dir='ltr'>adversabantur:</span> <span class='ocrx_word' id='word_1_273' title='bbox 2876 2922 2942 2980; x_wconf 88' lang='lat' dir='ltr'>et</span> <span class='ocrx_word' id='word_1_274' title='bbox 2980 2931 3086 2980; x_wconf 85' lang='lat' dir='ltr'>ec-</span> 
     </span>
     <span class='ocr_line' id='line_1_31' title="bbox 555 2995 3086 3088; baseline 0.001 -24"><span class='ocrx_word' id='word_1_275' title='bbox 555 2995 834 3065; x_wconf 88' lang='lat' dir='ltr'>clesiam</span> <span class='ocrx_word' id='word_1_276' title='bbox 887 2995 1191 3081; x_wconf 87' lang='lat' dir='ltr'>quidem,</span> <span class='ocrx_word' id='word_1_277' title='bbox 1247 3010 1572 3084; x_wconf 88' lang='lat' dir='ltr'>tanquam</span> <span class='ocrx_word' id='word_1_278' title='bbox 1623 3019 1945 3087; x_wconf 80' lang='lat' dir='ltr'>sponsam</span> <span class='ocrx_word' id='word_1_279' title='bbox 1998 2996 2373 3085; x_wconf 90' lang='lat' dir='ltr'>quandam,</span> <span class='ocrx_word' id='word_1_280' title='bbox 2420 2998 2550 3067; x_wconf 89' lang='lat' dir='ltr'>sibi</span> <span class='ocrx_word' id='word_1_281' title='bbox 2605 2998 3086 3088; x_wconf 88' lang='lat' dir='ltr'>desponderat,</span> 
     </span>
     <span class='ocr_line' id='line_1_32' title="bbox 478 3083 3096 3175; baseline 0.002 -24"><span class='ocrx_word' id='word_1_282' title='bbox 478 3133 481 3138; x_wconf 86' lang='lat'>-</span> <span class='ocrx_word' id='word_1_283' title='bbox 557 3084 643 3164; x_wconf 87' lang='lat' dir='ltr'>ei,</span> <span class='ocrx_word' id='word_1_284' title='bbox 684 3094 758 3153; x_wconf 92' lang='lat' dir='ltr'>ut</span> <span class='ocrx_word' id='word_1_285' title='bbox 804 3083 1023 3154; x_wconf 88' lang='lat' dir='ltr'>solent</span> <span class='ocrx_word' id='word_1_286' title='bbox 1062 3087 1299 3175; x_wconf 89' lang='lat' dir='ltr'>sponsi</span> <span class='ocrx_word' id='word_1_287' title='bbox 1348 3086 1685 3167; x_wconf 83' lang='lat' dir='ltr'>ardenteS,</span> <span class='ocrx_word' id='word_1_288' title='bbox 1741 3097 1969 3165; x_wconf 90' lang='lat' dir='ltr'>noctu,</span> <span class='ocrx_word' id='word_1_289' title='bbox 2007 3097 2073 3156; x_wconf 89' lang='lat' dir='ltr'>et</span> <span class='ocrx_word' id='word_1_290' title='bbox 2118 3086 2421 3156; x_wconf 88' lang='lat' dir='ltr'>interdiu</span> <span class='ocrx_word' id='word_1_291' title='bbox 2464 3085 2796 3166; x_wconf 82' lang='lat' dir='ltr'>assidens,</span> <span class='ocrx_word' id='word_1_292' title='bbox 2852 3099 2918 3157; x_wconf 89' lang='lat' dir='ltr'>et</span> <span class='ocrx_word' id='word_1_293' title='bbox 2946 3088 3096 3157; x_wconf 89' lang='lat' dir='ltr'>ani·</span> 
     </span>
     <span class='ocr_line' id='line_1_33' title="bbox 557 3172 3089 3265; baseline 0.002 -25"><span class='ocrx_word' id='word_1_294' title='bbox 557 3194 752 3240; x_wconf 91' lang='lat' dir='ltr'>mum</span> <span class='ocrx_word' id='word_1_295' title='bbox 793 3172 1001 3242; x_wconf 92' lang='lat' dir='ltr'>simul</span> <span class='ocrx_word' id='word_1_296' title='bbox 1056 3187 1123 3242; x_wconf 87' lang='lat' dir='ltr'>et</span> <span class='ocrx_word' id='word_1_297' title='bbox 1166 3196 1368 3245; x_wconf 89' lang='lat' dir='ltr'>aures</span> <span class='ocrx_word' id='word_1_298' title='bbox 1415 3174 1816 3243; x_wconf 89' lang='lat' dir='ltr'>demulcens</span> <span class='ocrx_word' id='word_1_299' title='bbox 1871 3173 1956 3244; x_wconf 90' lang='lat' dir='ltr'>iis</span> <span class='ocrx_word' id='word_1_300' title='bbox 2004 3175 2125 3263; x_wconf 91' lang='lat' dir='ltr'>qui</span> <span class='ocrx_word' id='word_1_301' title='bbox 2173 3175 2243 3244; x_wconf 78' lang='lat' dir='ltr'>in</span> <span class='ocrx_word' id='word_1_302' title='bbox 2284 3175 2436 3265; x_wconf 89' lang='lat' dir='ltr'>ipsa</span> <span class='ocrx_word' id='word_1_303' title='bbox 2486 3175 2664 3245; x_wconf 87' lang='lat' dir='ltr'>fiunt</span> <span class='ocrx_word' id='word_1_304' title='bbox 2709 3175 2796 3244; x_wconf 89' lang='lat' dir='ltr'>ad</span> <span class='ocrx_word' id='word_1_305' title='bbox 2846 3180 3089 3258; x_wconf 90' lang='lat' dir='ltr'>Deum,</span> 
     </span>
     <span class='ocr_line' id='line_1_34' title="bbox 558 3260 3098 3350; baseline 0.002 -21"><span class='ocrx_word' id='word_1_306' title='bbox 558 3260 838 3350; x_wconf 83' lang='lat' dir='ltr'>hymnis</span> <span class='ocrx_word' id='word_1_307' title='bbox 886 3272 951 3329; x_wconf 91' lang='lat' dir='ltr'>et</span> <span class='ocrx_word' id='word_1_308' title='bbox 997 3261 1334 3334; x_wconf 87' lang='lat' dir='ltr'>melodiis.</span> <span class='ocrx_word' id='word_1_309' title='bbox 1373 3267 1596 3332; x_wconf 90' lang='lat' dir='ltr'>Unum</span> <span class='ocrx_word' id='word_1_310' title='bbox 1646 3284 1804 3333; x_wconf 92' lang='lat' dir='ltr'>vero</span> <span class='ocrx_word' id='word_1_311' title='bbox 1833 3285 2068 3332; x_wconf 88' lang='lat' dir='ltr'>verum</span> <span class='ocrx_word' id='word_1_312' title='bbox 2113 3264 2467 3344; x_wconf 91' lang='lat' dir='ltr'>honorem,</span> <span class='ocrx_word' id='word_1_313' title='bbox 2507 3264 2592 3333; x_wconf 90' lang='lat' dir='ltr'>ad</span> <span class='ocrx_word' id='word_1_314' title='bbox 2621 3269 2832 3333; x_wconf 91' lang='lat' dir='ltr'>Deum</span> <span class='ocrx_word' id='word_1_315' title='bbox 2867 3266 3098 3335; x_wconf 83' lang='lat' dir='ltr'>existi-</span> 
     </span>
     <span class='ocr_line' id='line_1_35' title="bbox 557 3348 3089 3443; baseline 0.002 -26"><span class='ocrx_word' id='word_1_316' title='bbox 557 3351 790 3419; x_wconf 88' lang='lat' dir='ltr'>mabat</span> <span class='ocrx_word' id='word_1_317' title='bbox 838 3348 1239 3440; x_wconf 84' lang='lat' dir='ltr'>profectum.</span> <span class='ocrx_word' id='word_1_318' title='bbox 1302 3352 1737 3442; x_wconf 85' lang='lat' dir='ltr'>Magistratus</span> <span class='ocrx_word' id='word_1_319' title='bbox 1801 3363 2026 3421; x_wconf 84' lang='lat' dir='ltr'>autem</span> <span class='ocrx_word' id='word_1_320' title='bbox 2093 3365 2159 3421; x_wconf 87' lang='lat' dir='ltr'>et</span> <span class='ocrx_word' id='word_1_321' title='bbox 2224 3363 2584 3443; x_wconf 88' lang='lat' dir='ltr'>potestates</span> <span class='ocrx_word' id='word_1_322' title='bbox 2630 3366 2695 3422; x_wconf 94' lang='lat' dir='ltr'>et</span> <span class='ocrx_word' id='word_1_323' title='bbox 2741 3352 3089 3423; x_wconf 89' lang='lat' dir='ltr'>honorum</span> 
     </span>
     <span class='ocr_line' id='line_1_36' title="bbox 558 3437 3097 3530; baseline 0.002 -25"><span class='ocrx_word' id='word_1_324' title='bbox 558 3437 1015 3520; x_wconf 85' lang='lat' dir='ltr'>altitudinem,</span> <span class='ocrx_word' id='word_1_325' title='bbox 1073 3450 1136 3509; x_wconf 92' lang='lat' dir='ltr'>et</span> <span class='ocrx_word' id='word_1_326' title='bbox 1180 3439 1589 3530; x_wconf 89' lang='lat' dir='ltr'>dignitatum</span> <span class='ocrx_word' id='word_1_327' title='bbox 1643 3462 1755 3510; x_wconf 90' lang='lat' dir='ltr'>ma</span> <span class='ocrx_word' id='word_1_328' title='bbox 1807 3440 2216 3520; x_wconf 91' lang='lat' dir='ltr'>nitudinem,</span> <span class='ocrx_word' id='word_1_329' title='bbox 2256 3453 2320 3509; x_wconf 93' lang='lat' dir='ltr'>et</span> <span class='ocrx_word' id='word_1_330' title='bbox 2367 3441 2425 3509; x_wconf 87' lang='lat' dir='ltr'>si</span> <span class='ocrx_word' id='word_1_331' title='bbox 2471 3440 2636 3528; x_wconf 89' lang='lat' dir='ltr'>quid</span> <span class='ocrx_word' id='word_1_332' title='bbox 2667 3441 2857 3511; x_wconf 90' lang='lat' dir='ltr'>aliud</span> <span class='ocrx_word' id='word_1_333' title='bbox 2886 3463 3097 3511; x_wconf 88' lang='lat' dir='ltr'>mun-</span> 
     </span>
     <span class='ocr_line' id='line_1_37' title="bbox 557 3464 3094 3610; baseline 0.003 -17"><span class='ocrx_word' id='word_1_334' title='bbox 557 3525 818 3596; x_wconf 89' lang='lat' dir='ltr'>danum</span> <span class='ocrx_word' id='word_1_335' title='bbox 878 3540 944 3598; x_wconf 90' lang='lat' dir='ltr'>et</span> <span class='ocrx_word' id='word_1_336' title='bbox 1011 3542 1391 3610; x_wconf 89' lang='lat' dir='ltr'>terrenum,</span> <span class='ocrx_word' id='word_1_337' title='bbox 1443 3464 1874 3599; x_wconf 44' lang='lat' dir='ltr'>existimabat</span> <span class='ocrx_word' id='word_1_338' title='bbox 1920 3530 2154 3598; x_wconf 90' lang='lat' dir='ltr'>omnia</span> <span class='ocrx_word' id='word_1_339' title='bbox 2204 3529 2582 3599; x_wconf 89' lang='lat' dir='ltr'>ludibrium</span> <span class='ocrx_word' id='word_1_340' title='bbox 2633 3541 2699 3599; x_wconf 89' lang='lat' dir='ltr'>et</span> <span class='ocrx_word' id='word_1_341' title='bbox 2744 3531 3094 3600; x_wconf 85' lang='lat' dir='ltr'>scenicam</span> 
     </span>
     <span class='ocr_line' id='line_1_38' title="bbox 558 3615 3093 3773; baseline 0.002 -90"><span class='ocrx_word' id='word_1_342' title='bbox 558 3615 894 3773; x_wconf 57' lang='lat' dir='ltr'>actifinem</span> <span class='ocrx_word' id='word_1_343' title='bbox 952 3639 1129 3704; x_wconf 89' lang='lat' dir='ltr'>quae</span> <span class='ocrx_word' id='word_1_344' title='bbox 1193 3617 1411 3687; x_wconf 88' lang='lat' dir='ltr'>nihilo</span> <span class='ocrx_word' id='word_1_345' title='bbox 1476 3617 1726 3688; x_wconf 89' lang='lat' dir='ltr'>melius</span> <span class='ocrx_word' id='word_1_346' title='bbox 1788 3619 2288 3700; x_wconf 82' lang='lat' dir='ltr'>suntaffecta,</span> <span class='ocrx_word' id='word_1_347' title='bbox 2359 3640 2568 3707; x_wconf 89' lang='lat' dir='ltr'>quam</span> <span class='ocrx_word' id='word_1_348' title='bbox 2624 3619 2974 3689; x_wconf 88' lang='lat' dir='ltr'>somnium</span> <span class='ocrx_word' id='word_1_349' title='bbox 3024 3630 3093 3689; x_wconf 89' lang='lat' dir='ltr'>et</span> 
     </span>
     <span class='ocr_line' id='line_1_39' title="bbox 555 3725 828 3774; baseline 0.004 -1"><span class='ocrx_word' id='word_1_350' title='bbox 555 3725 675 3773; x_wconf 92' lang='lat' dir='ltr'>um</span> <span class='ocrx_word' id='word_1_351' title='bbox 732 3727 828 3774; x_wconf 89' lang='lat' dir='ltr'>ra.</span> 
     </span>
    </p>

    <p class='ocr_par' dir='ltr' id='par_1_4' title="bbox 554 3794 3101 4508">
     <span class='ocr_line' id='line_1_40' title="bbox 644 3794 3097 3887; baseline 0 -23"><span class='ocrx_word' id='word_1_352' title='bbox 644 3794 682 3880; x_wconf 82' lang='lat'><strong>§</strong></span> <span class='ocrx_word' id='word_1_353' title='bbox 743 3798 836 3864; x_wconf 70' lang='grc'>3.</span> <span class='ocrx_word' id='word_1_354' title='bbox 888 3799 1055 3864; x_wconf 88' lang='lat' dir='ltr'>Cum</span> <span class='ocrx_word' id='word_1_355' title='bbox 1102 3804 1328 3864; x_wconf 90' lang='lat' dir='ltr'>autem</span> <span class='ocrx_word' id='word_1_356' title='bbox 1388 3807 1703 3885; x_wconf 89' lang='lat' dir='ltr'>parentes</span> <span class='ocrx_word' id='word_1_357' title='bbox 1757 3795 2092 3867; x_wconf 85' lang='lat' dir='ltr'>instarent</span> <span class='ocrx_word' id='word_1_358' title='bbox 2135 3807 2200 3866; x_wconf 90' lang='lat' dir='ltr'>et</span> <span class='ocrx_word' id='word_1_359' title='bbox 2247 3794 2840 3866; x_wconf 89' lang='lat' dir='ltr'>vehementissime</span> <span class='ocrx_word' id='word_1_360' title='bbox 2885 3798 3097 3887; x_wconf 81' lang='lat' dir='ltr'>urge-</span> 
     </span>
     <span class='ocr_line' id='line_1_41' title="bbox 555 3883 3098 3972; baseline 0.002 -23"><span class='ocrx_word' id='word_1_361' title='bbox 555 3892 729 3963; x_wconf 88' lang='lat' dir='ltr'>rent,</span> <span class='ocrx_word' id='word_1_362' title='bbox 782 3891 860 3951; x_wconf 90' lang='lat' dir='ltr'>ut</span> <span class='ocrx_word' id='word_1_363' title='bbox 906 3903 1185 3952; x_wconf 83' lang='lat' dir='ltr'>uxorem</span> <span class='ocrx_word' id='word_1_364' title='bbox 1229 3883 1527 3964; x_wconf 90' lang='lat' dir='ltr'>duceret,</span> <span class='ocrx_word' id='word_1_365' title='bbox 1580 3885 1960 3972; x_wconf 91' lang='lat' dir='ltr'>quinetiam</span> <span class='ocrx_word' id='word_1_366' title='bbox 2010 3897 2226 3954; x_wconf 88' lang='lat' dir='ltr'>mater</span> <span class='ocrx_word' id='word_1_367' title='bbox 2270 3885 2512 3954; x_wconf 89' lang='lat' dir='ltr'>videns</span> <span class='ocrx_word' id='word_1_368' title='bbox 2558 3904 2718 3954; x_wconf 91' lang='lat' dir='ltr'>eum</span> <span class='ocrx_word' id='word_1_369' title='bbox 2775 3884 3098 3955; x_wconf 82' lang='lat' dir='ltr'>differen-</span> 
     </span>
     <span class='ocr_line' id='line_1_42' title="bbox 556 3970 3099 4072; baseline 0.003 -34"><span class='ocrx_word' id='word_1_370' title='bbox 556 3982 733 4050; x_wconf 90' lang='lat' dir='ltr'>tem,</span> <span class='ocrx_word' id='word_1_371' title='bbox 802 3991 1005 4072; x_wconf 87' lang='lat' dir='ltr'>saepe</span> <span class='ocrx_word' id='word_1_372' title='bbox 1051 3970 1393 4062; x_wconf 81' lang='lat' dir='ltr'>lacrymas</span> <span class='ocrx_word' id='word_1_373' title='bbox 1438 3973 1776 4043; x_wconf 88' lang='lat' dir='ltr'>emitteret</span> <span class='ocrx_word' id='word_1_374' title='bbox 1819 3994 1899 4042; x_wconf 89' lang='lat' dir='ltr'>ex</span> <span class='ocrx_word' id='word_1_375' title='bbox 1945 3973 2165 4043; x_wconf 89' lang='lat' dir='ltr'>oculis</span> <span class='ocrx_word' id='word_1_376' title='bbox 2261 3995 2389 4043; x_wconf 90' lang='lat' dir='ltr'>uae</span> <span class='ocrx_word' id='word_1_377' title='bbox 2450 3983 2610 4043; x_wconf 90' lang='lat' dir='ltr'>sunt</span> <span class='ocrx_word' id='word_1_378' title='bbox 2657 3985 2839 4043; x_wconf 87' lang='lat' dir='ltr'>certa</span> <span class='ocrx_word' id='word_1_379' title='bbox 2894 3973 3099 4065; x_wconf 89' lang='lat' dir='ltr'>signa</span> 
     </span>
     <span class='ocr_line' id='line_1_43' title="bbox 554 4058 3095 4153; baseline 0.002 -26"><span class='ocrx_word' id='word_1_380' title='bbox 554 4058 878 4129; x_wconf 89' lang='lat' dir='ltr'>flammae</span> <span class='ocrx_word' id='word_1_381' title='bbox 925 4073 1254 4142; x_wconf 78' lang='lat' dir='ltr'>internae,</span> <span class='ocrx_word' id='word_1_382' title='bbox 1287 4075 1353 4132; x_wconf 87' lang='lat' dir='ltr'>et</span> <span class='ocrx_word' id='word_1_383' title='bbox 1397 4082 1596 4150; x_wconf 88' lang='lat' dir='ltr'>quae,</span> <span class='ocrx_word' id='word_1_384' title='bbox 1652 4062 1714 4131; x_wconf 90' lang='lat' dir='ltr'>si</span> <span class='ocrx_word' id='word_1_385' title='bbox 1757 4061 1924 4149; x_wconf 88' lang='lat' dir='ltr'>quid</span> <span class='ocrx_word' id='word_1_386' title='bbox 1972 4061 2187 4142; x_wconf 89' lang='lat' dir='ltr'>aliud,</span> <span class='ocrx_word' id='word_1_387' title='bbox 2277 4061 2350 4130; x_wconf 88' lang='lat' dir='ltr'>lii</span> <span class='ocrx_word' id='word_1_388' title='bbox 2380 4060 2578 4131; x_wconf 88' lang='lat' dir='ltr'>valde</span> <span class='ocrx_word' id='word_1_389' title='bbox 2609 4073 2898 4153; x_wconf 87' lang='lat' dir='ltr'>possunt</span> <span class='ocrx_word' id='word_1_390' title='bbox 2939 4064 3095 4132; x_wconf 86' lang='lat' dir='ltr'>ani-</span> 
     </span>
     <span class='ocr_line' id='line_1_44' title="bbox 558 4147 3092 4252; baseline 0.002 -36"><span class='ocrx_word' id='word_1_391' title='bbox 558 4167 752 4217; x_wconf 89' lang='lat' dir='ltr'>mum</span> <span class='ocrx_word' id='word_1_392' title='bbox 809 4147 1220 4242; x_wconf 87' lang='lat' dir='ltr'>infringere:</span> <span class='ocrx_word' id='word_1_393' title='bbox 1275 4150 1566 4221; x_wconf 86' lang='lat' dir='ltr'>nesciret</span> <span class='ocrx_word' id='word_1_394' title='bbox 1610 4172 1767 4220; x_wconf 93' lang='lat' dir='ltr'>vero</span> <span class='ocrx_word' id='word_1_395' title='bbox 1813 4150 2134 4252; x_wconf 84' lang='lat' dir='ltr'>egregius</span> <span class='ocrx_word' id='word_1_396' title='bbox 2179 4151 2547 4221; x_wconf 82' lang='lat' dir='ltr'>Abramius</span> <span class='ocrx_word' id='word_1_397' title='bbox 2591 4150 2761 4238; x_wconf 90' lang='lat' dir='ltr'>quid</span> <span class='ocrx_word' id='word_1_398' title='bbox 2815 4151 3092 4235; x_wconf 83' lang='lat' dir='ltr'>faceret,</span> 
     </span>
     <span class='ocr_line' id='line_1_45' title="bbox 559 4236 3096 4331; baseline 0.002 -26"><span class='ocrx_word' id='word_1_399' title='bbox 559 4236 739 4306; x_wconf 91' lang='lat' dir='ltr'>cedit</span> <span class='ocrx_word' id='word_1_400' title='bbox 785 4238 1024 4310; x_wconf 89' lang='lat' dir='ltr'>matris</span> <span class='ocrx_word' id='word_1_401' title='bbox 1073 4239 1394 4328; x_wconf 90' lang='lat' dir='ltr'>precibus</span> <span class='ocrx_word' id='word_1_402' title='bbox 1452 4251 1517 4308; x_wconf 90' lang='lat' dir='ltr'>et</span> <span class='ocrx_word' id='word_1_403' title='bbox 1553 4239 1775 4328; x_wconf 88' lang='lat' dir='ltr'>jussis</span> <span class='ocrx_word' id='word_1_404' title='bbox 1822 4253 2060 4331; x_wconf 79' lang='lat' dir='ltr'>patris,</span> <span class='ocrx_word' id='word_1_405' title='bbox 2129 4253 2197 4310; x_wconf 89' lang='lat' dir='ltr'>et</span> <span class='ocrx_word' id='word_1_406' title='bbox 2232 4239 2484 4331; x_wconf 81' lang='lat' dir='ltr'>jugum</span> <span class='ocrx_word' id='word_1_407' title='bbox 2549 4240 2800 4331; x_wconf 87' lang='lat' dir='ltr'>accipit</span> <span class='ocrx_word' id='word_1_408' title='bbox 2850 4240 3096 4320; x_wconf 79' lang='lat' dir='ltr'>matri-</span> 
     </span>
     <span class='ocr_line' id='line_1_46' title="bbox 560 4325 3100 4420; baseline 0.002 -26"><span class='ocrx_word' id='word_1_409' title='bbox 560 4325 800 4407; x_wconf 91' lang='lat' dir='ltr'>monii,</span> <span class='ocrx_word' id='word_1_410' title='bbox 837 4339 916 4396; x_wconf 91' lang='lat' dir='ltr'>ut</span> <span class='ocrx_word' id='word_1_411' title='bbox 959 4328 1080 4415; x_wconf 88' lang='lat' dir='ltr'>qui</span> <span class='ocrx_word' id='word_1_412' title='bbox 1127 4329 1329 4397; x_wconf 88' lang='lat' dir='ltr'>sciret</span> <span class='ocrx_word' id='word_1_413' title='bbox 1374 4327 1502 4396; x_wconf 90' lang='lat' dir='ltr'>hoc</span> <span class='ocrx_word' id='word_1_414' title='bbox 1548 4348 1697 4399; x_wconf 78' lang='lat' dir='ltr'>esse</span> <span class='ocrx_word' id='word_1_415' title='bbox 1743 4350 1963 4398; x_wconf 90' lang='lat' dir='ltr'>unum</span> <span class='ocrx_word' id='word_1_416' title='bbox 2012 4350 2093 4398; x_wconf 82' lang='lat' dir='ltr'>ex</span> <span class='ocrx_word' id='word_1_417' title='bbox 2131 4329 2399 4398; x_wconf 90' lang='lat' dir='ltr'>Domini</span> <span class='ocrx_word' id='word_1_418' title='bbox 2459 4329 2859 4420; x_wconf 79' lang='lat' dir='ltr'>praeceptiS,</span> <span class='ocrx_word' id='word_1_419' title='bbox 2907 4329 3100 4420; x_wconf 76' lang='lat' dir='ltr'>patri</span> 
     </span>
     <span class='ocr_line' id='line_1_47' title="bbox 560 4414 3101 4508; baseline 0.002 -25"><span class='ocrx_word' id='word_1_420' title='bbox 560 4426 627 4483; x_wconf 90' lang='lat' dir='ltr'>et</span> <span class='ocrx_word' id='word_1_421' title='bbox 673 4415 875 4486; x_wconf 87' lang='lat' dir='ltr'>matri</span> <span class='ocrx_word' id='word_1_422' title='bbox 907 4418 1167 4508; x_wconf 79' lang='lat' dir='ltr'>parere.</span> <span class='ocrx_word' id='word_1_423' title='bbox 1205 4421 1373 4487; x_wconf 88' lang='lat' dir='ltr'>Nam</span> <span class='ocrx_word' id='word_1_424' title='bbox 1413 4416 1497 4485; x_wconf 89' lang='lat' dir='ltr'>ad</span> <span class='ocrx_word' id='word_1_425' title='bbox 1530 4414 1731 4487; x_wconf 91' lang='lat' dir='ltr'>illum</span> <span class='ocrx_word' id='word_1_426' title='bbox 1778 4439 2051 4505; x_wconf 89' lang='lat' dir='ltr'>quoque</span> <span class='ocrx_word' id='word_1_427' title='bbox 2084 4417 2378 4490; x_wconf 86' lang='lat' dir='ltr'>transire</span> <span class='ocrx_word' id='word_1_428' title='bbox 2423 4416 2753 4488; x_wconf 89' lang='lat' dir='ltr'>honorem</span> <span class='ocrx_word' id='word_1_429' title='bbox 2802 4416 3101 4508; x_wconf 84' lang='lat' dir='ltr'>pulchre</span> 
     </span>
    </p>
   </div>
  </div>
 </body>
</html>
