3327 4999
681 271 810 337 382
1208 291 1288 338 nn
1335 293 1391 339 S.
1445 278 1808 339 curam-:nro
1855 290 2053 339 muse.
2107 285 2507 337 mesunn.
2748 270 2994 335 MART.
3055 272 3158 337 20

595 371 759 457 quia
807 371 1297 458 quaerentibus
1338 393 1627 461 regnum
1672 371 1784 439 Dei
1833 384 1898 441 et
1934 369 2278 461 justitiam
2330 370 2504 458 ejus,
2558 391 2635 438 ea
2682 391 2860 455 quae
2907 369 2992 437 ad
3045 370 3160 438 vi-

596 473 782 530 ctum
829 459 1167 550 pertinent
1214 460 1520 550 corporis
1551 515 1566 540 ,
1620 460 1954 530 beneficio
2001 459 2274 529 divinae
2306 458 2746 550 ‘provisionis
2794 458 3160 547 adiiciun-

595 561 728 619 tur.
784 548 1093 632 Quadam
1146 571 1443 636 namque
1483 548 1615 630 die,
1682 549 1846 618 dum
1891 550 2017 618 iter
2064 548 2252 617 solus
2315 559 2574 637 ageret,
2641 547 2913 616 divertit
2972 548 3158 617 hora

596 638 793 707 tertia
843 638 910 706 in
961 637 1192 706 villam
1242 660 1448 725 quam
1504 638 1779 707 eminus
1826 637 1995 707 forte
2045 639 2334 728 positam
2388 636 2669 726 reperit:
2728 635 3157 722 intravitque

595 726 881 795 domum
940 726 1302 812 cujusdam
1368 726 1723 817 religiosae
1776 726 2012 797 matris
2059 726 2358 795 familias
2391 780 2406 807 ,
2464 723 2827 815 paululum
2878 724 3151 794 ibidem

595 814 947 901 quiescere
993 815 1415 895 desideranS,
1459 829 1524 884 et
1543 817 1858 905 jumento
1907 817 2157 906 potius,
2199 816 2311 884 cui
2360 814 2716 883 insedebat
2746 836 2956 900 quam
3008 815 3156 884 sibi

598 902 1004 973 alimentum
1056 926 1329 994 poscere
1376 927 1654 984 curans;
1690 917 1832 973 erat
1869 905 2052 973 enirn
2089 916 2359 1005 tempus
2392 903 2526 971 inci
2588 903 2787 973 ientis
2816 902 3141 972 brumae.

596 991 920 1081 Suscepit
963 1014 1126 1083 ergo
1171 1015 1327 1062 eum
1369 993 1617 1062 mulier
1651 993 1968 1083 benigne,
2015 1005 2410 1083 rogavitque
2458 926 2753 1071 solicite,
2807 1004 2883 1060 ut
2933 1013 3153 1080 pran-

599 1080 796 1150 dium
833 1103 1077 1171 parare
1094 1095 1295 1168 atque
1324 1081 1520 1152 illum
1554 1082 1829 1151 reficere
1857 1081 2109 1151 liceret.
2141 1081 2415 1172 Negavit
2465 1082 2565 1149 vir
2599 1080 2910 1149 Domini:
2945 1086 3142 1149 «Non

598 1191 907 1259 possum,
960 1170 1303 1256 inquiens,
1357 1170 1585 1240 adhuc
1636 1171 2054 1241 manducare
2083 1170 2246 1256 quia
2294 1169 2441 1238 dies
2479 1169 2729 1259 jejunii
2777 1181 2951 1238 est.»
2983 1174 3150 1238 Erat

602 1279 900 1346 namque
938 1272 1123 1329 sexta
1171 1259 1436 1329 sabbati
1483 1282 1619 1346 qua
1661 1260 1966 1349 plerique
2025 1258 2332 1328 fidelium
2382 1257 2468 1326 ob
2517 1257 2960 1328 reverentiam
3019 1262 3149 1326 Do-

600 1347 897 1416 minicae
938 1348 1301 1437 passionis,
1354 1371 1573 1435 usque
1620 1349 1706 1417 ad
1743 1371 1994 1417 nonam
2043 1348 2281 1416 horam
2333 1346 2551 1417 solent
2581 1346 2915 1437 protelare
2953 1346 3146 1435 jeju-

601 1435 824 1504 nium.
880 1436 1174 1506 Perstitit
1221 1437 1291 1505 in
1345 1437 1988 1528 rogando'mulier,
2042 1435 2524 1527 hospitalitatis
2582 1435 2809 1505 studio
2850 1434 3141 1504 devota:

601 1529 833 1604 «Ecce,
891 1524 1235 1612 inquienS,
1274 1526 1514 1595 itinere
1550 1548 1688 1612 quo
1727 1525 1942 1607 vadis,
1963 1525 2258 1594 xnullum
2307 1524 2637 1603 viculum,
2671 1523 2865 1593 nulla
2913 1523 3174 1592 homi--

601 1635 766 1682 num
822 1613 1213 1684 habitacula
1260 1616 1581 1706 reperies;
1639 1626 1705 1683 et
1759 1614 2037 1701 quidem
2090 1613 2371 1703 longum
2427 1624 2631 1682 restat
2685 1614 2845 1693 iter,
2918 1635 3142 1699 neque

598 1716 755 1771 ante
789 1702 953 1772 solis
986 1703 1379 1772 occubitum
1430 1703 1604 1773 valet
1651 1704 2144 1772 consummari.
2202 1702 2391 1771 Unde
2439 1724 2713 1792 precor,
2768 1712 3142 1787 antequam

596 1791 972 1881 egrediaris
1010 1792 1311 1880 accipias
1340 1792 1552 1871 cibos,
1611 1813 1694 1860 ne
1742 1805 1877 1861 tota
1926 1791 2035 1860 die
2073 1792 2419 1881 jejunium
2471 1792 2833 1872 sustinere,
2889 1790 2992 1858 vel
3048 1805 3145 1859 et—

598 1879 737 1949 iam
790 1881 1289 1970 procrastinare
1327 1881 1667 1971 cogaris»
1708 1887 1783 1949 At
1809 1880 1945 1962 ille,
1977 1881 2292 1967 quamvis
2340 1879 2635 1949 multum
2690 1891 2972 1969 rogante
3001 1877 3141 1947 foe-

600 1968 816 2049 mina,
870 1970 1176 2059 rogantis
1223 1969 1619 2038 instantiam
1671 1968 2021 2059 religionis
2079 1991 2310 2038 amore
2369 1968 2780 2047 devincenS,
2847 1967 3138 2057 jejunus

598 2056 778 2126 viam
817 2058 1105 2147 repetiit,
1151 2058 1436 2148 jejunus
1483 2060 1663 2127 diem
1715 2058 1905 2127 duxit
1937 2057 2021 2126 ad
2070 2068 2448 2148 vesperam.
2485 2062 2790 2144 Cumque
2835 2057 3139 2125 instante

591 2145 737 2236 jam
789 2168 1090 2237 vespera,
1144 2160 1448 2216 cerneret
1497 2170 1567 2216 se
1618 2148 1743 2217 iter
1789 2146 1972 2233 quod
2023 2159 2491 2303 proposuerat,
2548 2145 2785 2215 eodem
2841 2145 2953 2213 die
3004 2167 3141 2213 non

599 2257 801 2325 posse
850 2234 1071 2316 finire,
1114 2258 1335 2323 neque
1383 2236 1526 2306 ulla
1561 2236 1626 2304 in
1677 2236 1984 2324 proximo
2077 2236 2386 2303 ominum
2440 2234 2758 2324 hospitia,
2813 2234 2938 2302 ubi
2995 2256 3141 2302 ma-

601 2345 765 2393 nere
813 2337 1061 2424 posset,
1106 2324 1380 2395 adesse:
1411 2347 1565 2395 ecce
1597 2325 1823 2394 subito
1864 2324 1989 2393 iter
2018 2323 2297 2404 faciens,
2339 2323 2502 2392 vidit
2542 2324 2735 2410 juxta
2784 2334 3140 2412 pastorum

602 2425 880 2503 tuguria
918 2407 1094 2498 q'uae
1140 2426 1390 2483 aestate
1439 2414 1803 2483 infirmiter
1833 2412 2074 2503 posita,
2115 2424 2277 2480 tunc
2300 2413 2448 2502 jam
2482 2412 2747 2481 deserta
2789 2410 3133 2501 patebant.

600 2507 749 2572 Huc
800 2517 1074 2593 propter
1122 2503 1542 2572 manendum
1577 2502 1995 2592 ingrediens,
2047 2523 2328 2588 equum,
2381 2501 2451 2570 in
2501 2524 2638 2588 quo
2685 2512 2982 2581 venerat,
3044 2498 3142 2566 al-

598 2590 836 2682 ligavit
880 2591 963 2660 ad
1032 2593 1381 2682 parietem,
1435 2590 1935 2677 collectumque
1990 2589 2168 2659 foeni
2227 2589 2633 2660 fasciculum
2698 2610 2904 2675 quern
2967 2600 3140 2656 tecto

596 2692 840 2750 ventus
888 2679 1285 2761 abstulerat,
1337 2679 1681 2749 edendum
1732 2679 1831 2747 illi
1880 2679 2285 2769 apposuit:i
2344 2701 2414 2748 se
2446 2678 2707 2748 orando
2740 2677 2979 2746 horam
3011 2676 3140 2745 du-

596 2791 750 2839 cere
796 2770 1040 2858 coepit.
1091 2773 1169 2837 At
1214 2767 1439 2838 subito
1488 2769 1666 2837 inter
1714 2767 2149 2858 psallendum
2201 2702 2368 2862 vidit
2412 2789 2702 2854 equum,
2753 2766 2931 2835 elato
2982 2786 3137 2833 sur-

597 2880 752 2927 sum
794 2859 1039 2946 capite,
1075 2869 1247 2926 tecta
1276 2879 1473 2926 casae
1519 2870 1909 2947 carpentem
1944 2878 2060 2926 ore
2095 2856 2455 2945 visumque
2487 2856 2890 2934 trahentem,
2929 2868 3133 2940 atque

596 2947 775 3015 inter
827 2946 1139 3015 cadentia
1186 2946 1384 3015 foena
1432 2947 1609 3027 tecti,
1685 2945 2068 3016 involutum
2121 2945 2373 3036 pariter
2419 2944 2730 3014 decidere
2779 2942 3066 3012 linteum
3109 2965 3125 3006 :

596 3034 967 3122 volensque
1025 3034 1381 3104 dinoscere
1437 3036 1692 3104 certius
1738 3034 1906 3121 quid
1955 3047 2152 3116 esset,
2222 3034 2416 3103 finita
2461 3033 2787 3112 oratione,
2844 3030 3132 3102 accessit

597 3135 664 3192 et
696 3123 956 3193 invenit
1003 3122 1382 3193 involutum
1420 3122 1627 3193 linteo
1657 3123 2025 3192 dimidium
2077 3123 2275 3213 panis
2308 3122 2511 3192 calidi
2549 3134 2614 3190 et
2643 3143 2922 3190 carnem
2961 3141 3137 3207 quae

596 3211 683 3282 ad
731 3234 942 3281 unam
1006 3212 1138 3281 sibi
1185 3212 1618 3283 refectionem
1673 3211 1986 3281 sufficere
2051 3224 2369 3301 possent,
2425 3209 2837 3295 laudemque
2884 3208 3139 3278 decan-

597 3313 752 3371 tans
799 3300 1152 3370 beneficiis
1199 3301 1641 3371 coelestibus:
1681 3306 1878 3382 «Deo,
1934 3300 2178 3387 inquit,
2219 3300 2473 3390 gratias
2505 3298 2625 3385 qui
2673 3311 2737 3367 et
2785 3297 2960 3367 mibi
3014 3318 3138 3386 pro

596 3391 748 3481 ejus
796 3411 1029 3474 amore
1070 3389 1417 3480 jejunanti
1482 3402 1547 3459 et
1593 3411 1745 3459 meo
1792 3389 2021 3459 comiti
2073 3410 2356 3470 coenam
2408 3386 2760 3476 providere
2807 3386 3138 3486 dignatus

596 3491 770 3549 est.»
802 3479 1039 3548 Divisit
1084 3501 1158 3548 er
1207 3502 1246 3549 o
1279 3478 1587 3570 fragmen
1622 3478 1822 3568 panis
1868 3477 2050 3565 quod
2092 3477 2371 3556 invenit,
2412 3489 2811 3567 partemque
2856 3473 3139 3573 (33113.ᾶί-

593 3567 881 3638 midiam
916 3590 1093 3655 equo
1196 3568 1367 3638 edit:
1424 3567 1766 3654 reliquum
1817 3589 1941 3635 suo
1987 3565 2136 3635 esui
2197 3564 2616 3662 reservavitt‘x
2645 3575 2848 3651 atque
2890 3585 2971 3632 ex
3019 3560 3138 3631 1110

584 3657 732 3748 jam
771 3657 882 3726 die
930 3679 1125 3748 prom
1188 3657 1314 3727 tior
1360 3657 1578 3726 factus
1633 3667 1737 3726 est
1782 3656 1866 3725 ad
1922 3654 2379 3743 jejunandum
2428 3653 2593 3741 quia
2640 3653 2974 3752 nimirum
3030 3650 3140 3750 in7

592 3747 872 3827 tellexit,
926 3747 1077 3837 ejus
1172 3768 1304 3816 ono
1337 3745 1470 3815 sibi
1504 3744 1936 3815 refectionem
2032 3754 2413 3814 rocuratam
2447 3743 2516 3812 in
2571 3740 2965 3820 solitudine,
3017 3761 3139 3839 qui

590 3836 963 3924 quondam.
992 3835 1207 3905 Eliam
1245 3834 1629 3904 solitarium
1680 3834 1842 3921 quia
1878 3855 1973 3902 nu
2006 3833 2113 3902 lus
2162 3831 2526 3901 hominum
2556 3830 2791 3900 aderat
2836 3830 2959 3916 qui
3004 3850 3137 3897 ml-

591 3925 939 4004 nistraret,
994 3924 1336 4014 ejusmodi
1367 3923 1521 3994 cibo
1579 3944 1702 4014 per
1747 3922 2056 3993 volucres
2103 3943 2236 3991 non
2287 3942 2510 4011 pauco
2572 3931 2875 4010 tempore
2923 3917 3133 4007 pavit,

591 4015 793 4106 cujus
840 4013 1025 4084 oculi
1073 4035 1280 4104 super
1312 4014 1628 4082 timentes
1675 4035 1859 4093 eum,
1897 4023 2248 4101 sperantes
2279 4021 2504 4078 autem
2556 4009 2626 4078 in
2662 4005 3141 4077 misericordia

591 4105 765 4195 ejuS,
822 4116 897 4172 ut
943 4102 1249 4192 eripiata
1300 4114 1515 4171 morte
1562 4101 1833 4169 animas
1878 4121 2112 4169 eorum
2145 4110 2210 4168 et
2255 4099 2393 4168 alat
2439 4120 2553 4167 eos
2593 4098 2664 4165 in
2716 4096 2916 4165 fame.
2957 4100 3139 4164 Haec

593 4193 766 4264 mihi
820 4191 1185 4282 religiosus
1234 4191 1450 4260 nostri
1500 4189 1899 4258 monasterii
1945 4188 2129 4276 quod
2180 4202 2281 4256 est
2327 4186 2414 4255 ad
2478 4186 2730 4257 ostium
2793 4184 2958 4266 Wiri
3005 4183 3138 4252 flu-

592 4282 826 4362 miniS,
875 4279 1227 4371 presbyter
1276 4280 1553 4349 nomine
1601 4278 1909 4369 Ingwald
1966 4278 2081 4364 qui
2134 4298 2320 4346 nunc
2371 4276 2611 4364 longae
2677 4275 2895 4364 gratia
2945 4293 3139 4342 sene-

591 4371 801 4442 ctutis
856 4368 1078 4459 magis
1144 4368 1347 4437 corde
1412 4367 1676 4438 mundo
1722 4365 2040 4437 coelestia
2112 4388 2320 4453 quam
2402 4376 2669 4434 terrena
2740 4361 3140 4432 carnalibus
