3327 4999
623 254 751 319 360
1237 271 1317 319 ΒΕ
1355 202 1456 321 ἐς.
1506 266 1874 320 LANnoALno
1919 271 1996 318 Er
2041 270 2320 319 amnuo
2678 252 2922 319 MART.
2980 255 3064 319 ⁴9

531 356 914 438 fastidiunt,
967 361 1039 425 B.
1093 355 1528 428 Landoaldus
1572 378 1734 427 cum
1786 378 1998 447 puero
2047 355 2424 436 Lamberto,
2459 354 2769 426 invocato
2810 355 3065 426 Christi

532 447 849 527 nomine,
900 466 1061 515 cum
1121 446 1350 516 crucis
1422 445 1857 536 protensione
1902 444 2155 514 fontem
2204 444 2776 545 limpidissimum
2825 445 3063 515 baculi

528 533 983 626 impressione
1030 534 1345 604 omnium
1390 535 1635 606 usibus
1684 532 1841 606 fecit
1886 533 2198 616 ebullire,
2232 555 2354 620 qul
2391 533 2601 604 fidem
2635 533 2837 604 dictis
2865 556 3067 624 prae-

526 623 640 695 bet
686 644 907 711 usque
953 622 1180 692 hodie.

610 716 646 801 ξ
693 718 779 786 4.
832 710 975 781 Alio
1024 712 1256 781 itidem
1308 723 1612 802 tempore
1649 733 1814 781 cum
1851 710 2016 784 usui
2052 710 2437 780 necessario
2478 710 2661 801 ignis
2692 710 2927 780 deesse
2957 710 3060 779 vi-

522 801 823 883 deretur,
876 803 1139 871 accitus
1186 824 1227 871 a
1274 800 1416 871 viro
1464 811 1701 871 sancto
1752 823 1946 891 puer,
1985 800 2217 891 ignem
2266 798 2518 869 inferre
2557 798 2862 891 jubetur.
2897 804 3063 869 Coe-

518 890 621 982 pit
668 889 852 958 idem
921 889 1212 980 imperio
1262 890 1506 972 reniti,
1558 899 1625 958 et
1673 911 1800 958 cur
1847 889 2072 959 statim
2114 888 2389 979 jubenti
2440 910 2573 958 non
2622 887 3055 970 satisfecerit,

520 977 753 1070 palam
805 976 1021 1049 fateri.
1057 984 1267 1061 «Vas,
1320 979 1568 1067 inquit,
1607 976 1910 1059 domine,
1965 999 2102 1065 quo
2143 977 2162 1045 i
2220 978 2326 1047 nis
2372 999 2460 1068 op
2513 990 2758 1047 ortune
2805 977 3067 1068 impor—

522 1078 725 1148 tetur,
777 1067 1013 1139 deesse
1060 1068 1274 1150 videS,
1325 1081 1390 1139 et
1435 1089 1571 1155 quo
1619 1067 1805 1136 hunc
1854 1066 2056 1136 modo
2108 1065 2173 1135 in
2207 1066 2343 1135 erri
2381 1067 2466 1156 ju
2517 1070 2644 1136 es?
2689 1072 3063 1157 Promptus

520 1155 800 1243 quidem
837 1156 961 1226 tibi
990 1156 1459 1247 obtemperare
1491 1155 1665 1224 mihi
1710 1166 1813 1224 est
1859 1156 2162 1224 animus:
2201 1154 2318 1224 sed
2370 1167 2448 1223 ut
2493 1155 2666 1224 votis
2714 1156 2853 1225 tuis
2893 1176 3067 1225 con-

522 1245 730 1314 traire
777 1244 1029 1325 videar,
1082 1245 1231 1336 ipse
1276 1247 1458 1316 vasis
1503 1245 1686 1335 cogit
1733 1243 2059 1313 defectus,
2095 1266 2130 1310 »
2170 1248 2247 1312 At
2285 1242 2446 1345 pius
2496 1257 2706 1333 pater,
2744 1243 2866 1312 ubi
2898 1243 3065 1313 bae-

523 1333 794 1405 sitantis
844 1335 1038 1425 pueri
1085 1336 1396 1404 animum
1449 1332 1807 1424 persensit:
1847 1332 2243 1413 «Placetne,
2279 1332 2527 1419 lnquit,
2580 1332 2682 1401 fili
2735 1343 3064 1422 paternae

516 1422 816 1510 jussioni
861 1444 1120 1492 moram
1170 1424 1341 1504 sieri,
1383 1443 1544 1491 cum
1593 1444 1673 1491 ea
1720 1443 1857 1509 qua
1909 1421 2152 1512 tegeris
2213 1433 2393 1490 veste
2440 1421 2624 1511 ignis
2673 1421 2840 1491 satis
2872 1443 3064 1492 com-

525 1511 727 1580 mode
760 1524 964 1597 queat
995 1510 1335 1581 inferrii»
1386 1516 1532 1593 Qua
1580 1531 1751 1601 puer
1800 1523 2028 1579 motus
2084 1510 2595 1601 increpatione,
2649 1532 3064 1599 cumprae-
3125 1559 3130 1564 -

525 1611 705 1670 terea
752 1599 1176 1670 obedientiae
1221 1600 1532 1690 exemplo
1580 1611 1958 1689 cogeretur,
2011 1598 2303 1689 imperio
2344 1599 2555 1689 patris
2586 1621 2761 1668 sane.
2790 1599 3060 1669 obtem-

526 1699 740 1790 perat,
773 1689 1115 1779 pauloque
1148 1711 1570 1780 progressuS,
1603 1687 1832 1778 ignem
1862 1688 2216 1774 requirens
2243 1699 2581 1777 properat.
2606 1691 2753 1770 Quo
2781 1688 3062 1757 tandem

524 1791 821 1858 invento,
875 1778 969 1845 nil
1028 1778 1266 1848 adesse
1308 1778 1565 1859 videns,
1619 1798 1757 1864 quo
1798 1798 1877 1845 eo
1920 1777 2378 1867 opportunius
2429 1775 2686 1856 ferret„
2763 1777 3066 1846 remium

525 1864 770 1967 prunis
804 1865 1205 1938 ardentibus
1237 1867 1440 1948 laxat,
1478 1887 1729 1952 easque
1775 1864 1951 1934 nibil
1999 1878 2360 1937 cunctatus
2409 1864 2588 1934 infra
2633 1886 2712 1933 co
2746 1866 2944 1946 locat,
3000 1877 3068 1934 et

526 1966 622 2024 lta
670 1965 847 2024 veste
896 1953 1130 2025 illaesa
1178 1955 1264 2025 ad
1315 1968 1574 2047 patrem
1610 1976 1831 2042 usque
1862 1954 2195 2044 deportat.
2233 1960 2422 2024 Tunc
2473 1954 2572 2023 vir
2619 1967 2902 2024 sanctus
2933 1974 3061 2022 no-

526 2044 801 2112 vitatem
852 2043 1171 2113 miraculi
1218 2066 1452 2114 secum
1500 2043 1708 2114 altius
1754 2042 2212 2124 considerare,
2258 2042 2611 2129 felicisque
2673 2043 2870 2133 pueri
2921 2064 3068 2111 me-

525 2132 738 2201 ritum
789 2132 1239 2223 perfectorum
1292 2133 1494 2203 etiam
1547 2155 1684 2202 non
1730 2132 2001 2202 dubitat
2047 2131 2415 2202 virtutibus
2461 2154 2615 2201 com
2667 2153 2885 2201 arare:
2925 2153 3064 2218 quo

526 2219 807 2308 quidem
870 2221 1119 2291 ardens
1166 2222 1580 2293 elementum
1633 2232 1949 2290 naturam
2000 2243 2197 2290 suam
2255 2220 2354 2289 vel
2399 2232 2586 2290 osten
2643 2242 2752 2290 ere
2803 2221 3058 2301 timuit,

528 2308 631 2379 vel
680 2309 960 2379 omnino
1007 2324 1320 2380 coactum
1387 2323 1488 2380 est
1548 2310 1914 2380 occultare.
1988 2313 2065 2378 At
2126 2308 2250 2379 ubi
2295 2309 2377 2378 ad
2445 2307 2810 2400 populares
2856 2330 3065 2378 aures

529 2419 767 2467 recens
815 2398 1043 2469 adhuc
1092 2398 1503 2469 miraculum
1556 2398 1986 2489 peraccessit.
2030 2410 2176 2467 tum
2225 2398 2539 2467 omnium
2586 2420 2701 2467 ore
2747 2420 2920 2490 puer
2949 2420 3066 2467 ex-

530 2486 837 2557 tollitur:
895 2502 1037 2558 tum
1087 2488 1289 2559 etiam
1343 2513 1448 2559 res
1495 2487 1829 2557 divinitus
1875 2501 2086 2578 gesta,
2142 2510 2301 2556 cum
2350 2486 2732 2558 obedientis
2782 2487 3054 2568 merit0,

520 2576 834 2667 jubentis
868 2577 1158 2668 imperio
1191 2578 1581 2648 ascribitur.
1613 2582 1849 2663 Itaque
1896 2599 1974 2645 ex
2020 2577 2383 2663 utriusque
2422 2577 2801 2658 sanctitate,
2842 2577 3065 2646 virtus

528 2666 765 2735 eadem
816 2678 965 2735 acta
1012 2666 1337 2737 creditur.
1376 2666 1793 2755 sperabatur
1837 2675 1903 2734 et
1948 2663 2084 2734 alia
2131 2664 2350 2735 multa
2399 2688 2520 2756 per
2565 2687 2804 2736 eorum
2855 2666 3064 2735 meri-

528 2765 673 2825 tum
725 2753 867 2823 illic
917 2755 1224 2825 Christus
1272 2754 1605 2824 miracula
1655 2754 1986 2823 facturus.

614 2845 651 2930 ἓ
696 2847 784 2915 ὅ.
838 2847 1140 2924 Quorum
1176 2865 1452 2914 rumore
1482 2843 1907 2914 childericus
1941 2865 2078 2923 rex,
2117 2854 2282 2913 tuno
2312 2842 2537 2913 sedem
2575 2842 2841 2912 habens
2872 2842 3063 2933 apud

525 2932 934 3020 Trajectum,
990 2943 1209 3001 tactus
1256 2932 1756 3022 compassione,
1810 2944 2133 3022 sumptus
2180 2931 2600 3003 necessarios
2650 2932 2968 3001 mittebat
2999 2931 3068 3001 ei

524 3018 856 3108 quotidie.
913 3019 1040 3089 Sed
1089 3022 1388 3108 quadam
1443 3021 1587 3090 vice
1633 3020 1995 3102 Adrianus,
2046 3019 2354 3111 ejusdem
2405 3020 2584 3090 beati
2633 3019 2758 3088 viri
2815 3021 2903 3091 ad
2944 3039 3067 3090 *re-

573 3129 681 3177 em
730 3106 1235 3192 internunciuS,
1276 3109 1492 3198 nimia
1537 3110 1690 3178 auri
1736 3121 1801 3178 et
1847 3110 2112 3200 argenti
2159 3108 2461 3199 pondera
2508 3109 2865 3199 deportare
2911 3130 3066 3178 cre-

524 3131 735 3278 §itus
780 3219 821 3266 a
854 3198 1236 3269 latronibus
1274 3210 1376 3268 est
1424 3199 1862 3289 interceptus,
1914 3211 1981 3268 et
2025 3198 2097 3266 in
2148 3198 2373 3267 rnedio
2422 3198 2570 3267 viae
2627 3198 2772 3267 loco
2833 3197 3065 3267 villari

523 3284 936 3374 martyrium
968 3301 1071 3357 est
1102 3298 1483 3357 assecutus.
1527 3292 1601 3357 B.
1638 3310 1794 3356 vero
1844 3286 2303 3369 Landoaldus,
2341 3308 2626 3356 cursum
2659 3287 2834 3356 vitae
2861 3308 3064 3377 prae-

524 3373 737 3446 sentis
783 3374 1104 3464 explens,
1158 3376 1226 3443 in
1279 3388 1623 3446 senectute
1684 3377 1865 3447 bona
1912 3375 2461 3467 repausationem
2513 3374 2880 3466 indeptus,
2933 3377 3061 3445 ho—

524 3461 783 3532 minem
830 3463 1034 3543 exuit,
1070 3464 1399 3564 ‘bravium
1449 3487 1742 3535 coronae
1790 3465 2112 3556 perennis
2160 3465 2445 3555 accepit,
2488 3463 2802 3554 sepultus
2842 3464 2912 3533 in
2947 3486 3062 3535 ec-

523 3550 755 3633 clesia,
805 3574 1011 3639 quarn
1046 3553 1193 3643 ipse
1223 3553 1719 3636 aedificaverat,
1753 3569 1819 3625 et
1850 3554 1921 3623 in
1952 3554 2208 3624 honore
2247 3559 2320 3622 Β.
2359 3553 2536 3622 Petri
2572 3575 2691 3642 per
2723 3552 3057 3623 Calendas

522 3640 914 3711 Decembris
984 3641 1432 3712 dedicaverat.
1508 3642 1804 3713 Decessit
1874 3655 2104 3713 autern
2150 3640 2666 3730 quartodecimo
2722 3641 3061 3712 Calendas

522 3728 794 3819 Aprilis.
864 3730 992 3799 Sed
1039 3742 1105 3800 et
1147 3732 1428 3801 comites
1475 3731 2047 3822 peregrinationis
2092 3732 2288 3822 ejuS,
2343 3753 2556 3822 supra
2601 3730 3053 3813 denominati,

521 3817 692 3900 suis,
747 3830 949 3909 prout
997 3819 1257 3890 Christo
1304 3820 1543 3903 libuit,
1599 3821 2047 3911 temporibuS,
2101 3821 2230 3890 hac
2276 3820 2430 3890 luce
2476 3821 2736 3908 quique
2764 3820 3053 3902 evocati,

521 3905 708 3976 circa
752 3928 910 3977 eum
962 3921 1127 3980 sunt
1168 3909 1240 3978 in
1288 3910 1523 3979 eadem
1591 3910 1879 3981 ecclesia
1939 3908 2285 3979 tumulati.
2369 3909 2566 3980 Solus
2626 3910 2866 3979 beatus
2931 3929 3060 3978 no-

520 3994 710 4065 mine
754 4008 819 4065 et
856 3997 1098 4068 merito
1143 3999 1496 4069 Amantius
1527 4054 1542 4080 ‚
1595 3999 1666 4067 in
1716 3999 1954 4068 eadem
2003 4020 2163 4067 cum
2213 3998 2365 4089 ipso
2415 3998 2630 4079 theca,
2693 3998 2860 4085 quia
2905 3996 3059 4088 ejus

520 4093 595 4153 ut
638 4082 822 4154 sama
863 4083 1010 4168 sert,
1049 4088 1121 4155 in
1161 4086 1572 4178 baptismate
1622 4087 1808 4158 filius
1851 4087 2182 4167 extiterat,
2218 4086 2495 4178 sepeliri
2531 4098 2630 4157 est
2663 4098 3052 4156 contentus.

434 4247 439 4253 ,
521 4170 852 4244 Plurimis
899 4174 1149 4244 deinde
1194 4175 1448 4267 elapsis
1480 4197 1822 4247 annorum
1857 4175 2248 4257 curriculis,
2284 4186 2566 4247 sanctus
2599 4174 3052 4258 FlorebertuS,

522 4262 724 4332 tertio
775 4262 921 4333 loco
970 4275 1122 4354 post
1169 4276 1479 4334 sanctum
1524 4266 1959 4335 Lambertum
2008 4286 2080 4335 re
2129 4286 2252 4335 ens
2299 4263 2723 4352 Trajectense
2753 4264 2855 4333 vel
2891 4269 3057 4334 Leo-

520 4349 757 4422 diense
805 4353 1262 4445 episcopium,
1318 4353 1555 4425 audita
1601 4353 1745 4424 illic
1793 4353 2075 4425 multitu
2128 4354 2242 4424 ine
2288 4354 2647 4446 signorum
2679 4407 2695 4435 ,
2749 4352 3056 4423 monitus
