3327 4999
647 306 776 370 550
1135 321 1215 367 nn
1264 321 1357 368 ss,
1411 319 1593 379 som,
1647 319 2028 369 BARAcmsm
2078 320 2153 367 m·
2201 318 2376 368 socc,
2429 320 2545 366 mr.
2732 300 2982 365 MART.
3036 300 3134 365 29

559 401 914 491 principes
972 399 1312 470 ministris
1377 400 1865 490 imperarunt,
1923 412 1999 469 ut
2044 400 2118 468 in
2167 398 2403 469 fauces
2451 398 2676 488 ipsius
2736 398 2960 487 picem
3012 420 3136 465 ar-

559 490 835 559 dentem
886 487 1330 574 conjicerent.
1385 494 1598 575 Atque
1647 490 1740 557 ita
1788 489 2032 557 beatus
2079 487 2521 557 Barachisius
2553 485 2861 555 animam
2888 486 3134 555 reddi-

558 577 682 657 dit,
736 590 802 647 et
849 576 935 646 ad
970 590 1363 645 sanctorum
1409 591 1793 664 martyrum
1840 598 2213 646 numerum
2263 576 2609 676 ascriptus
2654 586 2777 644 est.

645 669 682 752 ξ
746 671 895 737 12.
951 669 1120 734 Cum
1170 676 1399 733 autem
1438 666 1545 733 vir
1577 666 1864 752 quidam
1916 665 2162 755 pietate
2209 663 2531 754 insigms,
2568 662 2847 731 nomine
2874 663 3129 733 Abdis-

558 765 765 834 sotas,
823 765 1096 823 sanctos
1133 758 1378 823 Jonam
1430 765 1496 823 et
1542 753 2017 823 Barachisium
2073 753 2401 842 martyrio
2441 763 2803 821 coronatos
2852 751 3129 821 intelle-

556 842 788 920 xisset,
842 841 1152 922 accessit,
1206 853 1269 911 et
1320 855 1713 911 sanctorum
1769 841 2215 911 tabernacula
2276 839 2676 931 quingentis
2727 838 3118 909 miliarisiis

558 928 844 1009 DariciS,
884 942 948 998 et
999 929 1220 998 tribus
1267 931 1694 999 vestimentis
1757 931 2006 1001 Sericis
2052 930 2219 999 emit
2265 928 2352 998 ab
2402 929 2511 1009 iis,
2566 950 2606 996 a
2664 928 2924 1014 quibus
2974 950 3121 998 ser-

557 1018 922 1086 vabantur.
976 1023 1203 1104 Neque
1253 1040 1407 1087 vero
1455 1019 1599 1087 sola
1632 1032 2028 1088 sanctorum
2077 1020 2287 1087 ,lonae
2315 1030 2381 1086 et
2413 1015 2790 1085 Barachisii
2830 1038 3124 1106 corpora

557 1116 904 1175 mercatus
952 1118 1076 1185 est,
1131 1105 1249 1175 sed
1300 1106 1579 1176 illorum
1629 1108 1862 1187 etiam,
1903 1106 2020 1195 qui
2070 1119 2226 1175 ante
2274 1106 2463 1196 ipsos
2499 1103 2909 1192 martyrium
2965 1127 3124 1193 per-

558 1194 882 1263 tulerant.
932 1194 1195 1262 Juravit
1239 1206 1467 1263 autern
1503 1209 1794 1285 emptor,
1851 1195 2198 1265 neminem
2247 1215 2284 1263 e
2333 1193 2770 1284 principibus
2826 1193 3120 1263 rescitu-

557 1303 741 1361 rum,
779 1282 1101 1351 custodes
1149 1294 1541 1353 sanctorum
1580 1305 1869 1373 corpora
1914 1282 2337 1352 vendidisse:
2376 1282 2682 1368 dixitque
2730 1303 2801 1349 se
2836 1279 3119 1350 illorum

556 1369 677 1456 qui
728 1382 907 1438 mart
958 1370 1059 1439 rio
1105 1383 1333 1440 essent
1364 1370 1610 1451 affecti,
1669 1385 1961 1440 veterem
1995 1371 2298 1441 amicum
2334 1391 2505 1439 esse.
2554 1368 2880 1438 Custodes
2930 1369 3120 1438 enim

547 1457 875 1547 jusjuran
936 1480 1050 1526 um
1100 1479 1219 1527 exe
1270 1471 1466 1526 erant
1499 1514 1514 1540 ,
1559 1460 1806 1540 veriti,
1867 1481 1972 1540 ne,
2029 1459 2085 1529 si
2138 1480 2245 1527 res
2292 1458 2376 1527 ad
2433 1458 2827 1547 principum
2907 1478 3118 1526 aures

557 1545 1010 1634 pervenisset,
1064 1545 1134 1613 in
1199 1569 1237 1614 a
1271 1546 1478 1632 iquod
1560 1548 1946 1636 periculum
2026 1547 2430 1616 inciderent.
2510 1551 2915 1614 Sanctorum
2994 1544 3119 1632 qui

558 1633 871 1721 martyrii
909 1633 1212 1723 palmam
1266 1633 1593 1715 tulerunt,
1649 1636 1932 1704 nomina
1980 1636 2148 1704 haec
2182 1646 2376 1716 sunt,
2430 1647 2507 1703 ut
2555 1633 2879 1722 superius
2935 1633 3119 1702 dixi-

557 1742 743 1801 mus,
798 1727 1012 1790 Jonas
1059 1734 1123 1791 et
1154 1723 1612 1802 Barachisius,
1672 1724 1962 1803 Zanitas‚
2010 1729 2341 1805 Lazarus,
2398 1722 2774 1800 Mammas,
2830 1726 3110 1802 NerseS,

557 1808 763 1887 Elias,
823 1814 1061 1890 Mares,
1115 1809 1397 1890 Abibus,
1455 1811 1890 1882 Sembeethes
1937 1824 2003 1881 et
2034 1814 2269 1892 Sabas;
2314 1810 2637 1879 undecim
2694 1810 2762 1878 hi
2813 1810 3111 1899 pugiles,

557 1896 979 1985 gloriosique
1027 1903 1377 1988 Martyres,
1431 1902 1514 1967 ad
1575 1899 1787 1968 finem
1835 1922 2056 1987 usque
2120 1922 2240 1989 pro
2301 1899 2564 1969 Christo
2631 1898 3110 1978 decertarunt,

559 1984 888 2072 passique
938 1998 1100 2054 sunt
1147 2008 1218 2054 se
1267 1986 1474 2055 variis
1548 1988 1982 2057 cruciatuum
2065 1987 2436 2077 generibus
2510 1986 2854 2071 torqueri,
2920 2000 2997 2054 ut
3043 1986 3116 2053 in

558 2072 805 2142 Christi
839 2073 977 2142 fide
1001 2086 1391 2143 constantes
1420 2089 1831 2164 apparerent
1859 2089 1924 2145 et
2021 2076 2406 2144 raeclarum
2441 2075 2712 2143 virtutis
2761 2074 3115 2163 specimen

554 2171 622 2228 et
666 2162 1058 2250 exemplum
1109 2185 1189 2231 ac
1240 2162 1531 2231 formam
1575 2165 1864 2253 posteris
1906 2187 1976 2233 re
2011 2166 2397 2251 inquerent.
2451 2163 2536 2231 Hi
2585 2164 2804 2231 sancti
2855 2163 3111 2232 beatis-

555 2247 720 2316 simi
764 2261 830 2317 et
876 2249 1124 2319 Christi
1177 2251 1432 2319 milites
1481 2250 1740 2333 invicti,
1795 2266 2071 2321 strenue
2129 2273 2251 2341 pro
2300 2257 2483 2320 Duce
2539 2272 2664 2318 suo
2724 2262 3116 2340 pugnantes

555 2348 621 2404 et
667 2336 1021 2406 victoriam
1063 2338 1147 2409 de
1194 2339 1442 2408 Christi
1489 2338 1807 2410 hostibus
1842 2353 2288 2429 reportanteS,
2344 2339 2590 2410 stolam
2651 2337 2828 2407 lucis
2877 2338 3108 2406 induti

556 2437 742 2506 sunt,
795 2437 860 2494 et
907 2426 1378 2518 incorruptam
1440 2428 1527 2497 ab
1579 2428 1728 2519 ipso
1790 2429 2047 2520 gloriae
2117 2450 2442 2497 coronam
2492 2425 2997 2496 obtinuerunt:
3051 2438 3117 2495 et

554 2535 682 2584 nos
721 2536 961 2587 omnes
1007 2538 1244 2586 eorum
1283 2517 1607 2608 precibus
1639 2530 1707 2587 et
1744 2517 2372 2609 supplicationibus
2402 2516 2589 2606 apud
2643 2520 2859 2584 Deum
2907 2514 3115 2605 adju-

555 2623 824 2671 vamur.

643 2693 680 2776 §
732 2695 872 2762 m.
918 2690 1261 2760 Interfecti
1322 2704 1484 2761 sunt
1534 2715 1775 2762 novem
1825 2715 1906 2762 ex
1954 2694 2041 2763 iis
2090 2693 2339 2763 Christi
2388 2691 2805 2781 Martyribus
2854 2713 2919 2759 v1
2966 2689 3107 2759 Cal.

556 2777 831 2868 Aprilis,
887 2779 1135 2874 reliqui
1166 2793 1395 2848 autem
1445 2781 1584 2850 duo
1633 2804 1697 2849 ιν
1747 2781 2021 2850 Calend.
2074 2782 2386 2871 ejusdem
2421 2779 2701 2855 mensiS.
2758 2785 2949 2848 Hanc
2995 2801 3120 2847 au-

555 2877 689 2964 tem
766 2879 1162 2935 sanctorum
1241 2873 1615 2957 Martyrum
1670 2869 2028 2939 historiam
2100 2869 2514 2957 conscripsit
2579 2867 2795 2937 Isaias
2869 2867 3119 2935 Adami

555 2952 769 3033 filius,
821 2953 940 3039 qui
989 2974 1147 3023 cum
1184 2976 1393 3041 eques
1429 2968 1607 3027 esset
1655 2958 1860 3048 Regis
1917 2963 2279 3029 Persarum
2331 2956 2597 3027 Saborii
2644 2968 2710 3024 et
2757 2977 2921 3024 cum
2972 2960 3118 3022 Ma-

554 3062 802 3196 gorum
846 3041 1328 3131 principibus3
1384 3057 1462 3114 ut
1507 3045 1784 3115 auditor
1823 3058 2089 3116 tantum
2135 3059 2201 3116 et
2249 3056 2588 3136 spectator
2647 3065 2885 3113 eorum
2935 3064 3116 3129 quae

581 3130 836 3208 iebant,
891 3130 1269 3210 interesset,
1322 3145 1526 3219 atque
1573 3135 1668 3204 ita
1707 3135 1946 3205 omnia
1991 3157 2169 3221 quae
2219 3134 2286 3202 in
2336 3134 2463 3202 hoc
2521 3132 2900 3202 certamine
2946 3151 3114 3200 con-

559 3217 886 3373 ῑίἑζθωηῑ,
940 3220 1029 3288 ab
1090 3218 1286 3287 initio
1346 3222 1431 3289 ad
1484 3221 1690 3291 linem
1742 3245 1964 3311 usque
2012 3223 2320 3293 audisset
2367 3243 2447 3290 ac
2497 3220 2977 3311 perspexisset,
3035 3240 3117 3287 ea

555 3327 596 3373 a
674 3306 990 3374 omnium
1042 3307 1586 3379 aedificationem
1622 3323 1826 3398 atque
1874 3312 2236 3381 utilitatem
2272 3322 2339 3379 et
2377 3309 2692 3388 salutem,
2750 3307 3109 3376 literarum

553 3394 1027 3494 monumentis
1078 3396 1449 3477 mandavit,
1491 3412 1565 3468 ut
1614 3400 1816 3468 talem
1855 3423 1977 3501 pro
2012 3400 2277 3469 Christo
2316 3397 2634 3467 virtutem
2677 3417 2920 3466 omnes
2968 3408 3115 3464 stu-

554 3478 762 3566 deant
795 3483 1086 3553 imitari:
1132 3486 1252 3555 Cui
1285 3485 1505 3576 gloria
1529 3501 1594 3556 et
1624 3488 1995 3578 imperium
2046 3490 2115 3558 in
2149 3486 2382 3558 secula
2417 3484 2838 3567 seculorum,
2864 3488 3105 3553 Amen.
