3327 4999
186 351 430 429 MART.
489 351 571 415 »Π
1071 367 1150 413 na
1198 367 1254 413 S.
1308 366 1634 414 Gauranos
1684 367 1851 415 vrao.
2517 351 2645 416 339

190 452 271 522 de
317 475 547 539 rerum
608 450 1005 521 coelestium
1073 451 1696 541 contemplatione,
1770 452 2227 541 cupiebatque
2299 452 2449 522 sine
2496 475 2731 523 rerum

190 541 667 632 temporalium
721 553 854 610 stre
910 540 1009 609 itu
1056 540 1159 609 illi
1207 541 1330 609 uni
1383 562 1641 610 vacare.
1695 547 1930 629 Itaque
1977 540 2142 611 soris
2193 541 2471 627 quidem
2526 542 2728 611 bonis

187 643 251 700 et
299 630 617 699 fidelibus
666 563 1016 709 fratribus,
1071 629 1259 698 intus
1309 651 1461 698 vero
1495 630 1635 711 ‚dd
1683 643 1819 712 est,
1865 630 2042 700 intra
2093 630 2486 701 monasterii
2537 643 2730 720 septa

188 718 611 810 spiritalibus
659 719 1011 788 sororibus
1041 718 1136 787 rei
1183 717 1547 789 familiaris
1578 740 1816 789 curam
1866 719 2349 799 demandabat,
2394 730 2724 809 utposset

187 809 336 898 ipsa
382 807 670 876 liberius
718 807 828 875 die
857 830 938 876 ac
970 820 1166 876 nocte
1215 807 1281 876 in
1318 820 1553 877 sancto
1584 828 1802 898 agone
1830 808 2211 898 persistere,
2247 821 2312 877 et
2339 807 2714 898 vigilandO,

185 896 465 976 orand0‚
520 897 735 966 sacris
784 896 1249 964 incumbendo
1297 895 1710 966 lectionibus
1754 909 1819 965 et
1859 897 2171 987 jejuniis,
2211 896 2539 967 adversus
2578 896 2726 986 spi-

183 986 413 1056 ritales
462 985 806 1072 nequitias
853 985 1206 1054 dimicare.
1263 990 1340 1053 Et
1388 985 1515 1054 hac
1562 984 1839 1071 quidem
1894 987 2152 1055 ratione
2197 1007 2503 1072 eousque
2565 1007 2725 1075 pro-

184 1097 417 1167 gressa
448 1088 573 1155 est,
627 1086 701 1143 ut
750 1095 920 1163 pene
965 1095 1242 1143 omnem
1291 1075 1709 1164 scripturam
1747 1074 2052 1143 divinam
2115 1075 2488 1144 memoriae
2535 1096 2728 1143 com-

180 1163 524 1234 mendarit
569 1175 635 1231 et
667 1162 961 1232 obscura
1007 1162 1372 1253 allegoriae
1402 1163 1749 1253 mysteria,
1788 1175 2023 1233 sancto
2059 1163 2395 1232 revelante
2437 1163 2725 1253 Spiritu,

181 1252 570 1323 luculenter
617 1250 1047 1321 auditoribus
1094 1252 1496 1341 explanarit.
1551 1252 1915 1321 Extruebat
1945 1273 2100 1321 vero
2148 1251 2351 1321 etiam
2401 1251 2721 1321 divorum

179 1341 462 1442 templa,
503 1340 773 1426 aliaque
820 1340 1095 1430 egregia
1141 1341 1477 1422 aedificia,
1532 1339 1878 1428 simulque
1916 1341 2270 1431 orphaniS,
2313 1340 2563 1422 viduiS‚
2606 1362 2725 1409 ca-

178 1431 406 1520 ptivtS‚
466 1429 845 1519 peregrinis
891 1442 956 1498 et
1001 1429 1268 1499 clericis
1320 1431 1570 1499 victum
1620 1430 2101 1516 quotidianum
2135 1430 2506 1499 liberaliter
2552 1429 2723 1498 sub-

176 1518 640 1587 ministrabat.
696 1518 973 1586 Minime
1021 1536 1174 1587 vero
1208 1519 1336 1588 hoc
1388 1518 1531 1587 loco
1579 1518 1650 1587 id
1703 1518 2382 1609 praetermittendum
2432 1517 2724 1587 arbitra-

176 1629 337 1676 mur
385 1607 570 1693 quod
621 1607 772 1695 ipsa
801 1606 998 1675 nobis
1046 1607 1254 1676 veluti
1304 1620 1558 1676 terrore
1601 1620 1908 1697 correpta
1961 1606 2212 1676 retulit.
2267 1611 2434 1676 Cum
2485 1607 2570 1675 ad
2620 1605 2727 1675 al-

180 1707 324 1765 tare
374 1701 441 1765 S.
499 1696 666 1764 Sixti
714 1696 1036 1783 martyris
1088 1697 1416 1765 orationis
1481 1701 1692 1765 causa
1750 1697 2118 1776 assisteret,
2171 1695 2339 1765 vidit
2387 1717 2597 1786 super
2655 1716 2730 1765 se

178 1784 710 1853 descendentem
765 1785 1126 1873 sphaeram
1199 1785 1467 1873 igneam
1518 1807 1684 1854 sane
1737 1785 2184 1866 luculentam,
2247 1784 2416 1853 adeo
2466 1796 2544 1854 ut
2589 1795 2727 1853 tota

182 1871 474 1942 basilica
512 1873 662 1961 ejus
696 1896 727 1943 s
780 1872 1058 1942 lendore
1108 1873 1554 1943 irradiaretur
1610 1874 1941 1942 dimidiae
1980 1873 2191 1943 ferme
2223 1873 2430 1942 horae
2478 1872 2724 1964 spati0‚

187 1982 364 2046 quae
395 1963 649 2030 sensim
753 1962 1085 2052 isparenS‚
1138 1984 1216 2030 eo
1265 1962 1487 2043 rediit,
1540 1961 1728 2031 unde
1779 1973 2223 2053 processerat.
2278 1968 2511 2032 Postea
2557 1983 2729 2048 quo-

191 2070 349 2135 que,
406 2051 601 2119 etiam
654 2049 808 2121 aliis
858 2050 1209 2121 sororibus
1256 2051 1720 2133 cernentibus,
1776 2074 2018 2121 rursus
2065 2051 2303 2120 eodem
2364 2049 2564 2119 modo
2614 2072 2732 2119 su-

195 2159 319 2227 per
363 2138 582 2228 ipsam
617 2138 735 2207 lux
767 2139 880 2207 illa
932 2139 1277 2229 apparuit.

279 2229 315 2313 ξ
379 2232 468 2299 5.
520 2228 956 2318 Ablegaverat
1012 2228 1426 2315 quandoque
1473 2227 1848 2298 nonnullos
1895 2250 2019 2328 pro
2067 2228 2176 2299 sui
2229 2226 2539 2297 coenobii
2587 2226 2729 2296 uti-

184 2314 395 2384 litate.
450 2320 526 2385 At
573 2316 672 2385 illi
720 2339 882 2386 cum
938 2317 1083 2404 jam
1136 2338 1324 2386 mare
1386 2317 1827 2407 navigarent,
1899 2339 1969 2385 1n
2023 2326 2344 2406 praesens
2400 2316 2575 2384 vitae
2622 2315 2732 2384 di-

179 2404 481 2473 scrimen
545 2405 834 2507 conjecti
889 2418 1072 2475 sunt.
1126 2411 1293 2474 Tum
1346 2404 1448 2473 illi
1500 2406 1569 2474 in
1622 2411 1687 2475 S.
1743 2405 2097 2475 Gertrudis
2163 2405 2567 2474 memoriam
2620 2427 2730 2473 re-

174 2492 489 2576 deunte5‚
544 2494 933 2584 periculum
981 2517 1186 2564 omne
1235 2507 1621 2565 evaserunt.
1678 2494 2214 2583 Primoquidem
2253 2493 2356 2563 illi
2391 2492 2729 2580 tranquil-

172 2582 320 2651 lum
387 2586 662 2662 sensere
715 2583 1042 2674 pelagus:
1103 2585 1351 2653 deinde
1428 2597 1658 2655 autem
1728 2585 1970 2674 procul
2019 2583 2458 2673 conspiciunt
2521 2582 2726 2669 quasi

172 2673 398 2740 navim
443 2673 820 2758 quamdam
871 2673 1086 2742 mirae
1126 2673 1481 2755 vastitati5‚
1522 2696 1561 2742 a
1612 2673 1820 2743 latere
1859 2673 1944 2742 ad
1994 2673 2183 2763 ipsos
2229 2671 2711 2741 accedentem:

168 2783 471 2849 cumque
520 2761 605 2829 ad
654 2761 811 2829 illos
858 2761 1505 2852 appropinquasset,
1562 2762 1807 2852 ingens
1864 2774 2010 2831 orta
2060 2772 2426 2851 tempestas
2474 2771 2597 2841 est,
2652 2769 2724 2829 et

164 2849 556 2921 fervescens
588 2871 797 2930 mare,
851 2850 1214 2920 horrendis
1261 2851 1648 2941 agitabatur
1688 2852 2039 2921 fluctibuS.
2095 2855 2261 2920 Ecce
2308 2861 2536 2919 autem
2589 2848 2724 2917 im·-

160 2940 395 3009 manis
430 2937 769 3024 quaedam
811 2950 876 3009 et
926 2940 1248 3008 terribilis
1282 2940 1512 3008 bellua
1559 2940 1645 3010 ab
1697 2939 1834 3012 illis
1881 2939 2329 3029 conspicitur,
2376 2960 2512 3007 non
2564 2937 2724 3024 qui-

159 3028 315 3097 dem
371 3041 536 3105 tota,
577 3027 693 3095 sed
730 3027 874 3096 solo
920 3028 1123 3097 dorso
1169 3050 1207 3097 e
1241 3029 1416 3097 mari
1450 3028 1788 3098 eminens
1844 3034 1935 3098 Ea
1969 3051 2040 3097 re
2093 3027 2431 3118 perterriti
2471 3037 2725 3097 nautae

158 3118 401 3206 etjam
445 3115 737 3186 salutem
779 3137 1053 3185 omnem
1086 3117 1550 3217 desperantes,
1597 3116 1792 3187 falsis
1839 3117 1976 3186 diis
2012 3128 2160 3187 vota
2195 3124 2717 3207 nuncuparunt.

156 3211 368 3286 Porro
427 3204 528 3273 illi
576 3225 749 3291 quos
798 3210 863 3274 S.
919 3205 1273 3275 Gertrudis
1322 3206 1623 3292 miseratr,
1673 3228 1918 3277 nomen
1981 3206 2230 3276 Christi
2279 3205 2674 3275 invocantes
2706 3256 2721 3284 ‚

156 3295 507 3385 putabant
559 3293 817 3393 sejam
866 3294 952 3362 ad
1011 3315 1405 3384 supremam
1477 3294 1689 3384 hujus
1747 3295 1922 3364 vitae
1984 3294 2227 3363 horam
2278 3293 2713 3385 pervenisse:

151 3404 486 3470 unusque
532 3403 613 3452 ex
661 3382 799 3452 lllis
830 3382 1271 3452 exclamavit:
1328 3383 1749 3466 «Gertrudis,
1805 3384 2057 3474 adjuva
2090 3405 2240 3466 nos,-
2274 3383 2375 3452 uti
2402 3381 2718 3483 pollicita

153 3494 301 3543 es.»
346 3478 663 3557 Cumque
710 3470 776 3538 id
814 3471 926 3541 ille
975 3472 1168 3540 tertio
1215 3472 1491 3557 diceret,
1524 3484 1716 3542 cetus
1763 3472 1903 3541 ima
1956 3471 2178 3562 pelagi
2216 3472 2470 3560 petivit,
2510 3483 2576 3540 et
2608 3468 2724 3538 illi

152 3585 316 3631 cum
352 3557 579 3630 multo
626 3559 903 3650 gaudie,
958 3561 1222 3630 reddita
1271 3561 1485 3630 maris
1533 3561 2050 3647 tranquillitate,
2097 3559 2337 3631 eadem
2387 3571 2585 3628 nocte
2640 3558 2715 3627 in

152 3663 443 3742 portum
495 3649 936 3739 appulerunt.
992 3655 1092 3719 Ita
1140 3650 1449 3719 Christus
1497 3651 1818 3740 precibus
1859 3654 1922 3720 S.
1978 3648 2334 3720 Gertrudis
2374 3668 2716 3739 pauperes

152 3762 321 3810 suos
355 3763 392 3809 a
450 3737 1007 3830 praesentissimo
1058 3738 1297 3808 mortis
1348 3738 1651 3829 periculo
1682 3738 2017 3809 liberavit.
2053 3743 2235 3807 Haec
2284 3736 2566 3825 quidem
2599 3756 2726 3806 nos

154 3830 242 3899 ab
290 3829 417 3898 illo
468 3827 806 3896 habemus
866 3827 985 3913 qui
1081 3849 1353 3897 raesens
1401 3826 1731 3897 interfuit.

246 3921 283 4004 ξ
335 3923 434 3988 fl.
491 3921 658 3984 Cum
719 3938 919 4005 porro
992 3917 1254 4003 aiquot
1317 3917 1676 3986 fluxissent
1744 3914 1910 3983 anni
1957 3926 2022 3984 et
2097 3935 2371 3983 sacrum
2438 3922 2723 3983 sanctae

157 4005 455 4095 virginis
504 4004 1032 4094 corpusculum,
1087 4006 1304 4075 multa
1352 4004 1767 4076 abstinentia
1817 4003 2190 4089 multisque
2237 4001 2498 4093 vigiliis
2546 4013 2724 4072 atte-

162 4108 488 4173 nuatum,
540 4094 684 4162 acri
732 4095 1018 4183 insuper
1063 4094 1494 4184 aegritudine
1542 4094 1982 4184 fatigaretur,
2039 4091 2327 4161 Domino
2378 4091 2725 4160 revelante

166 4180 411 4251 didicit
461 4204 671 4272 prope
717 4182 959 4253 adesse
989 4205 1187 4251 suam
1218 4205 1254 4250 e
1294 4205 1579 4272 corpore
1629 4182 2134 4272 migrationem.
2169 4185 2405 4268 Itaque
2436 4202 2515 4249 ax
2554 4200 2724 4248 con-

172 4268 328 4337 silio
385 4293 736 4340 servorum
785 4284 851 4340 et
914 4271 1327 4341 ancillarum
1398 4272 1555 4352 Dei,
1628 4271 2023 4342 Abbatissae
2073 4270 2330 4339 honore
2378 4280 2443 4338 et
2490 4267 2732 4337 officio*

170 4378 321 4426 sese
363 4359 608 4428 Christi
656 4381 890 4429 amore
951 4359 1307 4436 abdicans,
1360 4373 1698 4446 quantum
1750 4359 2028 4446 quidem
2089 4359 2175 4428 ad
2226 4381 2455 4427 rerum
2507 4369 2726 4425 exter-

166 4467 424 4516 narum
469 4470 707 4519 curam
756 4449 1019 4530 attinet,
1074 4462 1345 4538 neptem
1397 4471 1594 4552 suam
1647 4448 2116 4520 Wilsetrudem
2185 4468 2361 4535 quae
2418 4444 2503 4514 ab
2552 4443 2723 4535 ipsis
