3327 4999
295 309 538 377 MART.
590 310 672 375 24
1021 331 1099 376 nn
1146 331 1203 378 s.
1258 286 1488 381 smofm
1534 333 1725 381 maner.
1777 331 2066 381 mnam.
2604 317 2738 381 459

294 411 694 493 effunderet,
731 412 847 481 alii
889 435 1046 483 vero
1083 437 1328 485 manus
1360 416 1703 516 pedesque
1743 417 2209 487 continebant.
2248 423 2435 487 Tunc
2464 418 2827 508 evaginato

294 506 556 586 Moyses
600 501 854 583 cultr0‚
914 525 1267 574 summum
1319 527 1547 598 virgae
1596 505 1961 606 perforavit
2009 504 2332 575 infantis:
2377 510 2827 597 correptaque

295 589 553 690 forfice,
590 591 814 680 coepit
862 591 1208 661 maxillam
1244 592 1546 664 dextram
1587 606 1786 694 Juxta
1826 606 2132 664 mentum
2167 593 2526 674 dilaniare,
2574 608 2641 665 et
2677 617 2830 685 par·

293 678 507 747 ucula
554 680 784 749 carnis
832 680 1158 761 abscissa,
1214 681 1283 749 in
1324 695 1558 773 parato
1589 683 1685 753 1bi
1733 685 1991 752 cratere
2040 683 2368 772 reposuit.
2405 683 2830 772 colligebant

294 750 596 868 astantes
643 789 914 839 sacrum
966 770 1399 858 sanguinem,
1457 784 1522 841 et
1576 771 1839 842 alterno
1898 771 2138 856 ordine
2204 770 2438 841 forfice
2488 784 2822 862 porrecta,

290 856 583 943 quillbet
630 857 762 926 sibi
810 857 1183 927 frustulum
1220 859 1407 929 vivae
1438 861 1667 931 carnis
1715 860 2139 930 excindebat.
2196 861 2304 930 Sic
2352 859 2834 930 feceruntom-

289 967 417 1017 nes
465 945 693 1036 primi,
748 946 960 1015 donec
1002 945 1257 1017 vulnus
1303 949 1412 1017 ovi
1450 948 1934 1018 rotunditatem
1988 947 2283 1017 multum
2335 947 2710 1019 excederet.
2755 954 2836 1018 Et

293 1033 355 1104 si
402 1033 679 1121 quando
727 1034 1005 1103 cedente
1035 1035 1278 1122 laqueo
1307 1059 1475 1128 puer
1521 1051 1794 1126 gutture
1831 1039 2317 1128 perstrepebat,
2355 1038 2438 1107 ad
2453 1038 2652 1112 motis
2681 1059 2836 1107 ere-

291 1123 420 1193 bro
470 1123 793 1193 manibus
840 1122 924 1193 ad
974 1146 1073 1204 os,
1118 1124 1316 1194 illurn
1364 1126 1733 1196 crudeliter
1779 1126 2229 1196 suffocabant.

380 1214 419 1297 ξ
481 1215 557 1282 ἵ.
612 1217 750 1280 Hoc
801 1217 1060 1301 Moyses
1109 1214 1201 1283 ita
1248 1227 1544 1304 peracto,
1590 1214 1935 1284 dexteram
1987 1215 2222 1284 tibiam
2268 1213 2627 1284 confestim
2681 1214 2822 1283 ele·

292 1299 475 1370 vavit
523 1299 826 1382 infantiS,
880 1323 1167 1389 eamque
1227 1304 1374 1374 suis
1423 1325 1631 1393 super
1696 1303 1990 1394 genibus
2036 1316 2363 1383 statuenS‚
2426 1325 2513 1392 ag
2565 1302 2829 1373 reditur

294 1388 695 1458 exteriorem
746 1400 1004 1478 partem
1067 1413 1241 1477 quae
1288 1392 1465 1461 inter
1509 1391 1824 1461 cavillam
1874 1404 1938 1461 et
1984 1391 2208 1461 cruris
2269 1413 2512 1460 muscu
2550 1414 2665 1461 um
2718 1392 2827 1459 in-

296 1478 597 1567 terJ'acet,
634 1478 951 1548 similiter
996 1479 1230 1548 eodem
1282 1480 1459 1551 ferro
1506 1480 1921 1550 convellere:
1974 1493 2038 1549 et
2083 1490 2283 1569 capta
2331 1478 2585 1560 forfice,
2630 1479 2826 1549 vicis·

294 1566 425 1636 sim
477 1588 751 1635 carnem
814 1567 1033 1636 vivam
1092 1568 1241 1636 vivo
1304 1592 1464 1639 cum
1517 1570 1855 1670 sanguine
1902 1569 2316 1639 lacerabant.
2377 1568 2824 1637 Postmodum

294 1654 738 1725 saevissimus
787 1677 989 1724 senex
1039 1656 1175 1736 ille,
1232 1658 1400 1727 tanti
1431 1658 1709 1728 sceleris
1739 1671 1967 1748 caput,
1999 1657 2520 1728 semimortuum
2555 1656 2827 1748 erigens

290 1742 647 1822 infantem,
708 1744 894 1833 petiit
944 1745 1328 1814 Samuelem
1378 1769 1417 1815 a
1465 1746 1764 1816 sinistris
1815 1746 2008 1836 pueri
2043 1767 2277 1815 secum
2313 1745 2710 1815 considere:
2765 1756 2830 1813 et

291 1844 580 1918 uterque
628 1832 1063 1901 sanctissima
1122 1834 1309 1903 illius
1359 1836 1641 1905 brachia
1694 1836 1909 1904 instar
1953 1834 2269 1911 crucifixi
2333 1834 2660 1903 violenter
2706 1855 2822 1902 ex-

296 1921 672 2001 tendenteS,
728 1921 1177 1990 hortabantur
1240 1922 1561 2009 reliquos,
1629 1936 1706 1992 ut
1752 1945 2023 1992 sacrum
2084 1922 2256 1991 illud
2318 1944 2569 2011 corpus
2625 1922 2822 1990 duris
2908 1974 2914 1987 ..

296 2010 563 2079 acubus
612 2008 1013 2078 infoderent.
1070 2009 1339 2081 Collecti
1378 2034 1539 2102 ergo
1585 2033 1826 2081 omnes
1853 2012 2142 2091 circum,
2181 2010 2585 2099 incipientes
2614 2033 2653 2078 a
2681 2031 2828 2078 ver-

299 2098 427 2167 tice
493 2120 711 2184 usque
772 2098 857 2166 ad
926 2097 1227 2187 plantas,
1293 2099 1488 2169 illum
1553 2100 1788 2169 densis
1843 2100 2095 2169 ictibus
2162 2099 2614 2188 perforabant.
2667 2103 2825 2166 Jam

299 2185 667 2276 plusquam
722 2209 841 2276 per
887 2186 1125 2255 horam
1168 2187 1601 2257 miserandus
1633 2210 1803 2277 puer
1834 2187 2119 2256 terribili
2159 2188 2520 2256 duraverat
2561 2187 2629 2255 in
2662 2207 2828 2274 sup-

301 2275 532 2364 plici0,
584 2287 649 2344 et
693 2275 1052 2344 interdicto
1101 2276 1347 2365 spiritu
1393 2276 1718 2366 collapsis
1773 2276 2036 2346 viribus
2084 2276 2463 2353 deficiebat,
2505 2273 2825 2344 attollens

299 2386 538 2453 graves
584 2364 820 2433 oculos
865 2364 935 2432 in
985 2364 1274 2445 coelum,
1340 2387 1624 2455 superos
1672 2364 2002 2434 advocare
2048 2364 2405 2434 videbatur
2453 2364 2525 2432 in
2585 2374 2815 2443 testeS,

295 2463 360 2523 et
403 2452 731 2524 inclinato
779 2453 1000 2544 capite
1032 2465 1345 2524 sanctum
1388 2454 1673 2524 Domino
1720 2453 2019 2524 reddidit
2068 2453 2415 2545 spiritum,

682 2608 1033 2686 Purpureus
1074 2609 1267 2671 veluti
1313 2626 1451 2671 cum
1498 2610 1605 2671 ssos
1645 2611 1908 2672 succisus
1948 2615 2174 2682 aratr0,

770 2687 1129 2763 Languescit
1170 2690 1463 2754 moriens,
1507 2689 1788 2769 lapsoque
1832 2704 2127 2767 papavera
2171 2687 2321 2750 collo

770 2767 1082 2829 Demisere
1124 2775 1323 2846 caput,
1355 2770 1565 2849 pluvia
1607 2786 1748 2832 cum
1790 2769 1945 2830 sorte
1990 2775 2344 2845 gravantur.

294 2909 482 2973 Tunc
542 2909 804 2994 Moyses
865 2916 929 2973 et
988 2926 1227 2975 omnes
1286 2906 1536 2993 reliqui
1590 2905 1827 2976 oculos
1891 2916 1958 2974 et
2012 2904 2278 2995 palmas
2337 2903 2679 2974 elevantes
2750 2903 2824 2972 in

294 2992 586 3072 coelum,
639 3015 834 3092 egere
892 2994 1145 3083 gratias
1195 2999 1325 3064 Deo
1372 2995 1554 3081 quod
1605 2994 1691 3063 de
1738 2994 2140 3064 Christianis
2187 2993 2559 3063 vindictam
2609 2992 2825 3062 simul

293 3093 361 3150 et
424 3081 840 3150 sacrificlum
888 3082 1337 3152 obtulissent:
1391 3084 1760 3170 relictoque
1808 3081 1949 3152 illic
1999 3104 2304 3172 corpore,
2357 3105 2517 3151 cum
2571 3083 2831 3172 plausu

293 3181 361 3238 et
406 3168 703 3239 clamore
768 3170 1065 3239 maximo
1112 3193 1386 3241 summa
1445 3193 1564 3261 per
1611 3182 1784 3240 tecta
1831 3170 2295 3240 discurrentes
2324 3226 2340 3252 ,
2402 3169 2828 3240 ineffabilem

293 3257 619 3327 laetitiam
671 3280 743 3327 se
790 3260 1174 3348 percepisse
1220 3259 1803 3330 demonstrarunt.
1858 3264 1935 3327 Et
1985 3259 2477 3328 descendentes
2533 3259 2617 3328 ad
2671 3280 2826 3327 coe-

294 3368 480 3426 nam,
536 3346 748 3417 servis
847 3348 1139 3438 raecepit
1178 3348 1474 3428 Samuel,
1528 3359 1604 3417 ut
1651 3348 1781 3416 sub
1828 3347 2018 3416 cadis
2066 3347 2352 3416 vinariis
2399 3347 2573 3416 illud
2623 3369 2830 3417 occu-

292 3434 531 3504 lerent.
597 3436 782 3504 Time
833 3447 949 3505 ant
994 3437 1178 3505 enim
1230 3435 1799 3527 proclamationes
1846 3437 2191 3516 antistitiS,
2245 3450 2310 3505 et
2357 3438 2833 3506 crebrescente

292 3524 365 3591 in
414 3544 530 3592 eos
578 3524 800 3615 magis
849 3525 1205 3615 magisque
1252 3524 1456 3607 fama,
1494 3546 1577 3593 ne
1624 3524 1841 3593 furori
1889 3524 2128 3614 populi
2175 3524 2359 3614 capti
2387 3536 2453 3593 et
2499 3526 2705 3607 caesi,
2740 3523 2831 3594 ad

298 3625 628 3681 torturam
682 3613 908 3682 subito
961 3614 1411 3683 traherentur.

378 3702 415 3786 ξ
472 3703 552 3771 8.
607 3701 825 3770 Altero
872 3702 983 3770 die
1021 3702 1141 3789 qui
1177 3703 1565 3792 passionem
1617 3699 1885 3771 Domini
1914 3699 2182 3769 cunctis
2213 3699 2281 3767 in
2313 3699 2658 3769 Christum
2688 3721 2836 3770 cre-

289 3787 611 3858 dentibus
666 3790 754 3858 ad
820 3791 1215 3859 memoriam
1266 3802 1555 3870 revocat,
1623 3788 1952 3860 restrictis
2002 3787 2392 3857 labentibus
2454 3788 2524 3855 in
2577 3789 2824 3859 urbem

288 3876 541 3958 ssuviiS,
604 3892 916 3968 parentes
966 3879 1245 3948 infantis
1293 3902 1435 3947 una
1480 3900 1639 3947 cum
1691 3877 1966 3946 cohorte
2024 3877 2362 3966 praetoria
2400 3877 2830 3964 ubicumque

290 3979 718 4052 quaerente5‚
767 3989 900 4036 non
952 3967 1359 4037 invenerunt
1404 3989 1588 4037 eum.
1624 3966 1740 4034 Die
1773 3979 2000 4034 autem
2037 3963 2303 4034 sabbati
2350 3965 2835 4034 convenientes

288 4053 536 4123 ,ludaei
586 4056 655 4123 in
708 4060 1089 4147 Synagoga,
1149 4057 1417 4126 cunctis
1476 4054 1940 4133 cernentibus,
2006 4052 2298 4122 cadaver
2357 4076 2566 4144 super
2617 4054 2838 4123 almo-

296 4163 449 4210 mor
475 4144 944 4214 extenderunt.
982 4151 1094 4216 Est
1139 4145 1324 4215 enim
1373 4145 1712 4214 almomor
1759 4163 1998 4211 mensa
2027 4141 2362 4228 quaedam
2392 4155 2548 4212 ante
2594 4142 2831 4222 altare,

295 4230 420 4300 ubi
486 4232 834 4321 psalmos,
905 4234 1366 4323 antiphonas,
1437 4233 1871 4322 hymnosque
1929 4229 2316 4301 decantant.
2386 4230 2839 4316 Perfectisque

298 4320 725 4390 orationibus
795 4322 987 4401 suis,
1057 4344 1298 4392 rursus
1369 4322 1607 4391 eodem
1683 4320 1756 4389 in
1819 4320 1965 4389 loco
2032 4334 2483 4409 reposuerunt
2551 4341 2830 4408 corpus,

298 4409 519 4479 Tertio
567 4432 722 4479 vero
759 4410 893 4493 die,
941 4412 1061 4499 qui
1090 4423 1407 4481 sanctum
1437 4410 1700 4480 Pascha
1746 4408 2317 4480 christifidelibus
2364 4407 2704 4494 attulerat,
2757 4418 2838 4476 ut
