3327 4999
196 339 446 404 MART.
500 340 585 405 20
818 358 900 405 m:
949 358 1004 404 s.
1059 357 1424 405 cumanam
1473 357 1677 405 muse.
1730 357 2139 405 mesrAnN.
2553 340 2674 404 411

199 441 499 531 genibus
531 440 725 510 flexis
763 441 952 510 dedit
1001 442 1278 511 laudem
1333 448 1461 511 Deo
1515 442 1800 511 Domino
1834 454 1898 510 et
1939 440 2269 510 Salvatori
2319 451 2552 511 nostro
2601 446 2771 510 Jesu

203 530 493 610 Christ0‚
556 530 702 618 jam
754 542 818 598 et
864 530 951 598 ab
1015 530 1230 599 hostis
1277 530 1558 599 verbere
1607 530 1964 609 liberatuS‚
2031 544 2097 598 et
2139 530 2210 596 in
2268 528 2404 597 fide
2461 529 2756 609 firmior,

204 640 431 704 quam.
468 616 711 696 fuerat,
749 618 1054 705 effectus,
1110 618 1197 686 ad
1252 619 1533 707 propria
1580 618 1805 686 rediit.
1862 617 2262 686 Ostenditur
2294 638 2514 702 usque
2566 616 2772 685 hodie
2836 664 2848 671 -

206 706 394 775 fossa
442 705 584 786 illa,
623 705 737 774 cui
780 706 1228 775 memorabile
1267 706 1575 776 infusum
1629 718 1733 774 est
1779 706 2163 785 lavacrum,
2204 704 2540 790 quadrato
2575 705 2771 772 sche-

209 806 395 863 mate
441 793 640 873 facta,
688 794 874 883 ligna
924 793 1232 880 undique
1288 793 1741 874 circumdata,
1795 803 1859 861 et
1909 792 2167 882 lapillis
2216 793 2406 861 intus
2457 792 2767 881 impleta.

208 887 327 951 Est
374 894 603 951 autem
643 882 840 971 juxta
888 882 1274 961 ecclesiam,
1345 883 1415 950 in
1474 904 1613 968 qua
1672 903 1925 970 corpus
1991 881 2143 970 ejus
2198 881 2615 967 requiescit,
2678 880 2766 949 ad

210 983 475 1060 partem
530 969 1011 1038 meridianam.
1083 975 1505 1056 Factumque
1565 980 1668 1038 est
1735 990 1814 1037 ex
1862 990 1940 1037 eo
1990 979 2298 1057 tempore
2331 1022 2348 1047 ‚
2404 979 2482 1037 ut
2531 967 2769 1058 plures

211 1059 589 1127 sanitatum
637 1059 1069 1147 operationes
1121 1080 1240 1148 per
1294 1059 1572 1128 eosdem
1623 1056 1890 1147 lapides
1949 1057 2052 1125 vel
2113 1057 2429 1126 eamdem
2483 1068 2760 1137 terram,

211 1147 505 1215 Domino
553 1146 876 1225 donante,
941 1146 1204 1214 fierent.

303 1235 507 1319 §41
546 1234 789 1319 volens
816 1244 1042 1303 autem
1080 1234 1286 1302 latius
1325 1244 1709 1302 monstrare
1765 1232 1999 1300 divina
2031 1231 2483 1322 dispensatiO,
2514 1244 2773 1316 quanta

212 1322 284 1390 in
378 1321 549 1390 loria
581 1323 681 1390 vir
713 1334 994 1391 sanctus
1030 1334 1180 1412 post
1225 1337 1513 1389 mortem
1553 1322 1800 1389 viveret
1863 1321 2066 1410 cujus
2111 1332 2267 1388 ante
2310 1332 2597 1387 mortem
2636 1320 2773 1387 vita

210 1409 347 1480 sub
381 1410 539 1479 imis
589 1410 850 1479 crebris
889 1410 1093 1478 etiam
1148 1409 1646 1479 miraculorum
1701 1408 1971 1498 patebat
2019 1408 2297 1476 indiciis
2329 1461 2344 1487 ,
2402 1408 2769 1478 transactis

210 1498 610 1653 sepulturae
658 1498 811 1585 ejus
860 1498 1064 1566 annis
1112 1497 1481 1578 undecim,
1538 1498 1829 1565 immisit
1880 1497 1946 1564 in
1999 1497 2238 1565 animo
2285 1494 2576 1563 fratrum
2612 1550 2627 1576 ,
2688 1506 2768 1564 ut

209 1586 529 1656 tolerent
584 1608 740 1655 ossa
808 1585 996 1653 illius
1033 1640 1047 1665 ,
1104 1607 1281 1673 quae
1350 1607 1537 1654 more
1598 1597 2029 1653 mortuorum
2069 1639 2083 1663 ,
2154 1595 2569 1672 consumpto
2619 1584 2768 1670 jam

211 1686 279 1744 et
328 1674 399 1742 in
449 1674 799 1763 pulverem
854 1674 1126 1741 redacto
1165 1695 1449 1763 corpore
1484 1673 1775 1759 reliquo,
1831 1673 2013 1742 sicca
2063 1671 2480 1740 invenienda
2523 1672 2769 1739 reban-

214 1775 352 1841 tur,
406 1776 609 1848 atque
659 1762 724 1829 in
780 1761 908 1830 levi
961 1784 1122 1829 arca
1186 1761 1559 1841 recondita,
1622 1764 1693 1829 in
1754 1761 1993 1830 eodem
2048 1760 2331 1845 quidem
2387 1759 2536 1827 loco
2571 1812 2586 1838 ,
2650 1756 2769 1827 sed

186 1854 432 1939 ‘supra
465 1850 934 1939 pavimentum
970 1850 1222 1939 dignae
1255 1849 1712 1918 venerationis
1744 1849 1966 1938 gratia
1998 1848 2323 1916 locarent.
2363 1846 2556 1929 Quod
2602 1847 2772 1915 dum

216 1938 353 2007 sibi
403 1938 784 2027 placuisse,
842 1938 1196 2018 EadbertO,
1258 1938 1545 2005 antistiti
1596 1958 1726 2005 suo
1777 1936 2003 2004 medio
2053 1934 2265 2004 ferme
2314 1934 2773 2025 Quadragesi-

213 2047 370 2095 mae
419 2040 720 2115 tempore
769 2027 1117 2107 referrent,
1171 2026 1419 2093 annuit
1465 2024 1756 2093 consilio
1804 2046 2078 2104 eorum,
2130 2023 2480 2112 jussitque
2527 2034 2605 2090 ut
2660 2020 2772 2090 die

214 2113 667 2205 depositionis
721 2114 917 2202 eJUS,
972 2136 1148 2200 quae
1194 2125 1295 2182 est
1350 2112 1819 2181 tertiadecima
1881 2111 2333 2179 Calendarum
2400 2109 2765 2198 Aprilium,

214 2201 347 2271 hoc
396 2202 616 2270 facere
667 2202 1164 2271 meminissent.
1220 2206 1550 2270 Fecerunt
1590 2211 1820 2267 autem
1870 2199 1964 2267 ita
2011 2211 2076 2267 et
2114 2198 2499 2288 aperientes
2534 2196 2768 2285 sepul-

215 2311 442 2369 crum,
501 2290 913 2358 invenerunt
950 2312 1202 2379 corpus
1241 2300 1485 2369 totum,
1538 2286 1738 2374 quasi
1789 2286 2022 2355 adbuc
2072 2287 2364 2363 viveret,
2415 2286 2767 2374 integrum

211 2391 279 2446 et
308 2378 727 2447 flexibilibus
758 2391 1031 2446 artuum
1084 2377 1564 2468 compagibuS,
1605 2375 1823 2443 multo
1855 2374 2227 2443 dormienti
2252 2395 2460 2459 quam
2499 2386 2768 2441 mortuo

214 2466 541 2536 similius.
619 2465 749 2535 Sed
796 2478 861 2536 et
913 2465 1315 2535 vestimenta
1364 2464 1623 2546 omnia,
1693 2464 1950 2550 quibus
2000 2462 2319 2531 indutum
2372 2471 2517 2530 erat
2553 2516 2568 2542 ,
2631 2482 2768 2529 non

212 2553 440 2622 solum
474 2554 878 2622 intemerata
911 2609 925 2634 ‚
963 2576 1200 2621 verum
1252 2554 1458 2632 etiam
1492 2553 1721 2643 prisca
1756 2552 2050 2621 novitate
2098 2563 2163 2619 et
2192 2549 2607 2619 claritudine
2644 2548 2772 2616 mi-

208 2641 428 2710 randa
464 2644 819 2731 parebant.
874 2642 1066 2724 Quod
1101 2643 1219 2710 ubi
1271 2642 1611 2721 viderunt,
1654 2641 1870 2708 nimio
1903 2661 2054 2707 mox
2088 2639 2329 2706 timore
2378 2649 2443 2705 et
2473 2650 2769 2705 tremore

209 2741 375 2798 sunt
402 2730 721 2818 perculsi.
754 2729 924 2798 adeo
955 2742 1031 2798 ut
1078 2730 1185 2798 vix
1234 2729 1493 2815 aliquid
1531 2729 1744 2814 loqui,
1773 2727 1881 2796 vix
1912 2727 2245 2795 auderent
2275 2725 2529 2793 intueri
2559 2725 2768 2793 mira-

209 2815 473 2897 culum,
528 2818 713 2903 quod
748 2818 1053 2906 parebat:
1091 2818 1202 2885 vix
1240 2818 1399 2907 ipsi,
1454 2817 1622 2903 quid
1673 2829 1978 2906 agerent,
2034 2826 2336 2884 nossent.
2378 2818 2765 2881 Extremam

208 2917 437 2973 autem
490 2905 1057 2974 indumentorum
1098 2906 1249 2994 ejus
1288 2917 1547 2994 partem
1651 2926 1725 2973 ro
1763 2899 2769 2990 ostendendo'incorruptionis

207 2992 410 3083 signo
452 2993 765 3062 tollentes
811 2995 1006 3082 (nam
1065 3015 1240 3078 quae
1295 2992 1489 3062 carni
1537 2926 1730 3060 illius
1771 2991 2084 3081 proxima
2130 2989 2439 3068 aderant,
2483 3011 2769 3078 prorsus

210 3092 493 3169 tangere
541 3080 904 3168 timebant)
951 3080 1363 3149 festinarunt
1412 3079 1662 3149 referre
1711 3078 2037 3158 antistiti,
2091 3077 2274 3165 quod
2328 3078 2762 3145 invenerant:

208 3168 327 3254 qui
394 3175 541 3237 tum
592 3168 760 3238 forte
806 3170 878 3237 in
929 3169 1292 3237 remotiore
1343 3191 1383 3237 a
1434 3168 1850 3237 monasterio
1900 3166 2096 3234 loco.
2167 3165 2407 3234 refluis
2457 3164 2770 3250 undique

208 3255 426 3324 maris
475 3256 805 3325 fluctibus
859 3256 1512 3337 cinc10,2s'olitarius
1560 3256 1886 3324 manebat
1929 3254 2032 3342 (in
2085 3253 2215 3323 hoc
2264 3252 2545 3333 etenim,
2584 3273 2770 3321 sem-

208 3364 335 3432 per
381 3344 962 3433 Quadragesimae
1012 3356 1293 3432 tempus
1334 3365 1560 3434 agere:
1622 3344 1694 3411 in
1751 3343 1879 3411 boc
1927 3340 2602 3430 quadragintaante
2638 3345 2768 3407 Do-

208 3431 551 3500 minicum
621 3432 916 3500 natalem
968 3432 1117 3500 dies
1176 3432 1247 3499 in
1309 3453 1561 3520 magna
1628 3429 2092 3499 continentiae
2142 3427 2475 3497 orationis
2539 3439 2604 3495 et
2664 3426 2768 3495 la·-

209 3540 608 3605 crymarum
642 3519 997 3589 devotione
1026 3519 1278 3588 ducere
1311 3531 1783 3588 consueverat:
1824 3517 1893 3586 in
1934 3538 2072 3602 quo
2109 3516 2317 3585 etiam
2355 3513 2769 3583 venerabilis

207 3606 697 3696 praedecessor
741 3608 893 3697 ejus
942 3607 1379 3688 CuthbertuS,
1426 3607 1838 3695 priusquam
1878 3610 2097 3672 Farne
2152 3614 2429 3693 peteret,
2473 3603 2654 3671 sicut
2706 3611 2774 3669 et

209 3716 428 3783 supra
476 3694 871 3775 docuimus,
925 3694 1362 3780 aliquamdiu
1393 3706 1698 3763 secretus
1749 3692 2037 3761 Domino
2085 3691 2551 3770 militaverat).
2584 3694 2771 3758 Attu-

206 3781 443 3850 lerunt
479 3796 711 3851 autem
741 3794 807 3852 et
844 3795 1105 3872 partem
1138 3779 1734 3861 indumentorum,
1770 3800 1948 3866 quae
1979 3800 2233 3867 corpus
2260 3790 2584 3847 sanctum
2618 3798 2769 3845 am-

205 3869 502 3939 bierant!
555 3875 742 3952 Quae
789 3893 950 3940 cum
987 3870 1101 3948 ille
1129 3882 1195 3939 et
1229 3892 1514 3938 munera
1552 3880 1904 3958 gratanter
1933 3867 2296 3956 acciperet,
2332 3878 2398 3934 et
2430 3863 2772 3934 miracula

205 3957 503 4027 libenter
549 3958 820 4027 audiret
864 3959 1084 4046 (nam
1164 3971 1229 4026 et
1302 3956 1452 4047 ipsa
1499 3956 1952 4034 indumenta,
2006 3954 2205 4040 quasi
2270 3953 2488 4041 patris
2540 3952 2774 4021 adhuc

206 4046 480 4135 corpori
528 4045 979 4125 circumdata,
1039 4044 1215 4114 miro
1253 4044 1789 4113 deosculabatur
1827 4040 2128 4128 affectu).
2183 4046 2465 4122 «Nova,
2517 4040 2768 4126 inquit,

206 4131 615 4203 indumenta
675 4133 947 4223 corpori
1000 4155 1125 4222 pro
1166 4128 1506 4218 bis‘quae
1567 4131 1847 4210 tulisti5‚
1901 4128 2351 4210 circumdate,
2403 4141 2469 4198 et
2528 4128 2629 4198 sic
2666 4149 2775 4196 re-

209 4222 446 4310 ponite
495 4221 566 4289 in
626 4221 921 4302 thecam,
986 4242 1194 4306 quam
1254 4219 1575 4310 parastis,
1639 4220 1791 4287 Scio
1845 4230 2078 4286 autern
2133 4217 2540 4296 certissime,
2601 4214 2773 4302 quia

209 4330 347 4377 non
406 4301 529 4379 d'iu
585 4331 847 4380 vacuus
908 4308 1289 4378 remanebit
1347 4307 1588 4387 locuS,
1653 4306 1776 4392 qui
1831 4315 2022 4373 tanta
2079 4304 2397 4374 coelestis
2443 4303 2767 4374 miraculi

206 4395 455 4467 virtute
505 4410 947 4468 consecratus
994 4408 1119 4468 est.
1178 4401 1256 4465 Et
1303 4395 1545 4465 beatus
1592 4406 1695 4463 est
1744 4393 2070 4480 multum,
2123 4393 2237 4464 cui
2290 4394 2362 4462 in
2411 4414 2492 4462 eo
2530 4391 2767 4463 sedem
