3327 4999
220 342 468 408 MART.
521 344 611 407 ΞΟ
852 361 931 406 ΒΕ
980 362 1036 407 s.
1091 358 1457 407 curunssnro
1505 359 1706 407 Emsc.
1762 360 2162 408 namsi-ARN.
2575 349 2704 412 397

226 445 541 515 sanitatis
591 443 932 513 miracula
981 449 1111 512 Deo
1168 443 1398 512 dilecti
1449 443 1666 533 patris
1726 445 2056 513 sanctitas
2104 459 2464 536 appareret
2503 449 2792 517 creden-

225 535 415 603 tibus
454 546 517 602 et
566 533 895 621 deinceps
945 531 1312 600 dubitandi
1360 532 1444 600 de
1494 531 1854 601 sanctitate
1890 532 2080 602 illius
2119 535 2388 604 occasio
2439 536 2795 607 tolleretur

222 621 631 691 incredulis,
688 621 755 689 Si
804 621 989 689 enim
1040 621 1277 689 eadem
1313 642 1487 689 zona
1536 642 1808 709 semper
1845 621 2134 703 adesset,
2176 645 2449 713 semper
2482 625 2569 693 ad
2611 625 2792 694 hanc

219 731 635 779 concurrere
684 708 1063 778 voluissent
1111 709 1404 798 aegroti:
1459 719 1525 776 et
1588 708 1759 777 dum
1810 708 1978 778 forte
2026 731 2106 779 ex
2174 710 2282 779 his
2331 713 2585 798 aliquis
2651 735 2806 783 non

219 810 600 867 mereretur
647 820 687 866 a
735 820 860 865 sua
936 797 1337 866 infirmitate
1407 797 1662 875 curari,
1735 796 1897 865 dero
1949 810 2093 867 aret
2140 799 2582 895 impotentiae
2653 824 2795 871 non

221 886 576 967 salvantiS,
631 908 795 955 cum
846 885 867 952 i
926 907 995 955 se
1030 885 1259 974 potius
1307 898 1484 953 esset
1532 885 1779 953 salutis
1813 885 1882 953 in'
1941 887 2172 975 ignus.
2233 886 2421 957 Unde
2470 889 2785 979 provida,

221 987 301 1044 ut
348 975 609 1044 dictum
661 985 785 1054 est,
902 973 1363 1063 ispensatione
1440 980 1782 1063 supernae
1831 975 2126 1064 pietatiS,
2203 990 2567 1065 postquam
2622 978 2795 1048 fides

221 1063 652 1131 credentium
707 1062 1113 1130 confirmata
1161 1074 1286 1141 est,
1343 1084 1499 1129 mox
1546 1061 1849 1130 invidiae
1883 1063 2306 1153 perfidorum
2360 1066 2646 1135 materia
2671 1066 2792 1135 de-

226 1151 544 1220 trahendi
586 1161 688 1219 est
737 1172 1023 1240 prorsus
1072 1150 1323 1218 ablata.

313 1242 351 1326 §
414 1243 556 1311 27.
612 1238 754 1307 Alio
822 1239 984 1306 item
1064 1251 1369 1337 tempore
1418 1237 1606 1307 misit
1672 1238 1912 1304 eadem
1972 1239 2550 1311 reverendissima
2599 1243 2795 1332 virgo

222 1339 293 1396 et
340 1338 558 1395 mater
605 1326 953 1415 virginum
985 1326 1233 1395 Christi
1281 1325 1519 1403 Emed,
1563 1325 1958 1415 rogavitque
2004 1327 2229 1395 virum
2283 1329 2420 1408 Dei,
2458 1330 2795 1415 adjurans

222 1416 298 1484 in
348 1417 628 1483 nomine
680 1414 997 1495 Domini,
1070 1426 1146 1482 ut
1192 1436 1350 1481 eum
1402 1414 1629 1481 videre
1678 1427 1740 1481 et
1788 1414 1872 1481 de
1922 1416 2333 1485 necessariis
2409 1432 2794 1488 mereretur

223 1503 508 1589 alloqui.
550 1503 677 1585 Qui
727 1525 1014 1572 ascensa
1044 1502 1224 1581 navi,
1279 1524 1440 1569 cum
1491 1501 1820 1570 fratribus
1882 1503 2067 1571 venit
2113 1503 2200 1570 ad
2261 1505 2569 1573 insulam
2613 1528 2792 1591 quae

226 1591 527 1679 Coquedi
578 1591 893 1659 fluminis
941 1590 1114 1659 ostio
1176 1591 1598 1689 praejacens,
1652 1591 1740 1658 ab
1788 1590 2026 1658 eodem
2097 1612 2348 1659 nomen
2400 1595 2665 1682 accepit
2725 1606 2791 1664 et

221 1681 381 1769 ipsa
432 1679 931 1748 monachorum
980 1678 1288 1748 coetibus
1336 1679 1657 1766 insignis.
1715 1684 1883 1748 Nam
1936 1678 2239 1769 praefata
2277 1680 2637 1750 Abbatissa
2671 1682 2793 1751 illo

222 1791 386 1838 eum
438 1768 569 1837 sibi
619 1788 977 1836 occurrere
1009 1779 1385 1857 rogaverat.
1424 1767 1632 1856 Cujus
1675 1766 1887 1856 potita
1935 1767 2323 1855 colloquiis,
2364 1790 2526 1837 cum
2569 1771 2795 1840 multa

222 1858 314 1926 ab
361 1877 440 1924 eo
478 1878 653 1941 quae
685 1855 1188 1934 sciscitabatur,
1228 1854 1522 1935 audiret,
1574 1876 1733 1924 ecce
1782 1868 2058 1944 repente
2091 1856 2160 1924 in
2199 1856 2425 1925 medio
2471 1879 2794 1927 sermone

220 1944 546 2015 advoluta
598 1945 887 2032 pedibus
935 1944 1108 2031 ejuS‚
1167 1942 1508 2031 adjuravit
1554 1964 1713 2012 eum
1765 1965 1887 2031 per
1936 1965 2184 2011 nomen
2250 1943 2426 2013 illud
2479 1947 2789 2016 terribile

222 2056 305 2102 ac
361 2033 749 2101 venerabile
825 2032 1109 2120 superni
1171 2031 1354 2119 regis
1399 2043 1465 2098 et
1512 2030 1918 2121 angelorum
1966 2032 2165 2120 ejus,
2221 2044 2298 2101 ut
2345 2033 2600 2101 diceret
2677 2035 2788 2103 illi

219 2143 433 2208 quam
476 2122 679 2209 longo
729 2132 1032 2209 tempore
1081 2119 1386 2187 victurus
1450 2133 1626 2188 esset
1683 2118 2004 2208 ngridus
2064 2118 2271 2187 frater
2319 2119 2510 2188 illius
2560 2132 2625 2190 et
2677 2143 2788 2190 re-

223 2231 443 2300 gnum
493 2210 1003 2299 gubernaturus
1052 2208 1451 2295 Anglorum.
1490 2206 1686 2274 «Scio
1733 2207 1944 2285 enim,
1988 2207 2233 2293 inquit,
2266 2208 2431 2291 quia
2482 2209 2787 2298 prophe—

222 2300 359 2367 tiae
392 2297 641 2387 spiritu
686 2319 823 2383 quo
866 2296 1102 2386 polleS‚
1158 2296 1286 2365 hoc
1336 2294 1563 2362 dicere
1611 2308 1827 2384 potes,
1869 2294 1927 2362 si
1955 2295 2128 2363 vis»
2161 2300 2236 2363 At
2280 2295 2395 2363 ille
2443 2300 2788 2386 expavens

224 2385 312 2454 ad
354 2386 853 2473 juramentum,
911 2406 1032 2451 nec
1082 2397 1309 2452 tamen
1361 2384 1595 2452 volens
1643 2395 1876 2471 aperte
1922 2383 2106 2469 quod
2160 2384 2538 2473 petebatur,
2596 2406 2787 2454 reve-

224 2474 371 2543 lare
411 2486 772 2557 secretum:
805 2472 1122 2555 «Mirum,
1178 2470 1426 2558 inquit,
1482 2492 1695 2557 quare
1737 2471 2015 2561 sapiens
2064 2470 2364 2540 foemina
2412 2485 2477 2542 et
2529 2473 2596 2542 in
2633 2495 2793 2543 san-

225 2563 355 2632 ctis
402 2563 670 2631 erudita
719 2561 1104 2651 scriptum,
1146 2560 1352 2650 longa
1382 2582 1624 2628 vocare
1656 2559 1826 2628 velis
1876 2560 2221 2628 humanae
2254 2571 2563 2650 tempora
2585 2562 2788 2644 vitae,

226 2651 499 2721 dicente
546 2651 907 2720 Psalmista
954 2649 1118 2734 quia
1166 2649 1331 2716 anni
1390 2649 1606 2718 nostri
1667 2648 1845 2717 sicut
1907 2670 2157 2716 aranea
2207 2648 2788 2719 meditabuntur:

225 2750 292 2807 et
338 2761 496 2807 cum
551 2751 822 2806 moneat
871 2737 1234 2805 Salomon:
1281 2737 1340 2804 si
1387 2737 1591 2805 annis
1625 2735 1864 2804 multis
1912 2736 2152 2804 vixerit
2185 2736 2392 2805 homo
2439 2749 2504 2806 et
2553 2738 2623 2806 in
2682 2738 2792 2806 his

227 2827 556 2897 omnibus
633 2827 851 2895 laetus
930 2825 1165 2905 fuerit,
1222 2825 1621 2894 meminisse
1679 2823 1880 2895 debet
1939 2825 2278 2894 tenebrosi
2330 2826 2659 2914 temporis
2727 2836 2794 2895 et

226 2916 498 2984 dierum
534 2915 938 2983 multorum:
992 2913 1114 2998 qui
1161 2935 1323 2981 cum
1384 2915 1724 2994 venerint,
1779 2913 2099 2982 vanitatis
2148 2925 2540 3003 arguuntur
2587 2935 2792 3003 prae-

228 3003 451 3074 terita.
530 3007 798 3083 Quanto
870 3002 1092 3091 magis
1142 3001 1240 3079 is,
1295 3001 1409 3069 cui
1469 3002 1683 3070 unius
1734 3001 1959 3071 solum
2009 3002 2176 3068 anni
2237 3002 2373 3069 vita
2420 3014 2735 3090 superest
2784 3056 2801 3083 ‚

227 3091 421 3162 brevi
469 3090 740 3159 videtur
786 3102 1094 3179 tempore
1136 3089 1544 3170 vixisse,ubi
1596 3110 1781 3159 mors
1820 3089 2109 3158 astiterit
2142 3090 2211 3157 in
2245 3090 2574 3180 januist»
2609 3095 2799 3160 Haec

229 3179 526 3248 audiens
565 3178 708 3258 illa,
764 3178 937 3248 fusis
988 3178 1338 3262 lacrymis,
1395 3177 1755 3267 praesagia
1796 3176 1948 3245 dira
1987 3177 2330 3246 deflebat:
2385 3182 2790 3264 extersaque

228 3267 427 3347 facie,
479 3288 727 3336 rursus
775 3266 1068 3334 audacia
1117 3265 1453 3334 foeminea
1483 3265 1826 3354 adjuravit
1860 3287 1982 3354 per
2013 3266 2436 3354 majestatem
2471 3288 2627 3335 sum
2642 3287 2792 3335 mae

229 3355 636 3435 divinitatis,
689 3365 766 3424 ut
812 3354 1067 3423 diceret
1096 3375 1300 3440 quem
1338 3353 1705 3422 habiturus
1753 3365 1931 3422 esset
1959 3353 2326 3422 haeredem
2374 3355 2596 3445 regni,
2632 3376 2797 3423 cum

228 3443 397 3514 filiis
430 3455 690 3512 careret
734 3453 799 3511 et
847 3443 1247 3511 fratribus»
1280 3443 1404 3524 Qui
1444 3463 1691 3532 parum
1732 3440 1982 3523 silens,
2039 3463 2075 3508 «
2109 3448 2201 3510 Ne
2230 3441 2466 3522 dicas,
2521 3443 2793 3528 inquit,

228 3532 398 3618 quia
444 3553 660 3601 cares.
714 3530 1014 3599 Habebis
1053 3530 1240 3599 enim
1304 3551 1775 3599 successorem
1807 3552 2016 3615 quem
2048 3551 2401 3618 germana,
2441 3541 2519 3600 ut
2559 3530 2797 3629 ipsum

228 3619 618 3709 Egsridum,
676 3619 1041 3688 dilectione
1090 3618 1644 3707 complectaris.»
1669 3622 1745 3686 At
1793 3617 1949 3686 illa:
1982 3621 2343 3697 «Obsecro,
2401 3617 2655 3703 inqua,
2690 3617 2798 3685 di-

229 3730 352 3778 cas
399 3706 657 3794 quibus
705 3708 776 3775 in
810 3707 978 3778 locis
1018 3707 1104 3775 sit
1155 3707 1339 3775 ille.»
1372 3706 1502 3788 Qui
1551 3707 1690 3774 ait:
1731 3705 2009 3774 «Cernis
2059 3706 2187 3774 hoc
2223 3727 2412 3774 mare
2463 3727 2802 3796 magnum

230 3806 298 3865 et
346 3796 726 3885 spatiosum
778 3807 944 3880 quot
992 3795 1297 3864 abundet
1337 3793 1638 3863 insulis?
1688 3793 1911 3861 Facile
1957 3804 2058 3863 est
2098 3798 2230 3861 Deo
2277 3793 2364 3862 de
2410 3793 2648 3880 aliqua
2685 3793 2809 3862 ha-

227 3906 387 3953 rum
434 3884 565 3953 sibi
615 3884 974 3973 providere
1021 3905 1225 3970 quem
1296 3905 1509 3972 regno
1554 3880 1908 3981 praeficiat
1957 3885 2048 3949 An
2106 3880 2400 3950 lorum.»
2466 3881 2809 3952 Intellexit

233 3994 401 4072 ergo
447 3971 613 4057 quia
651 3971 736 4040 de
783 3971 1088 4040 Aldfrido
1136 3971 1391 4040 diceret
1458 3992 1582 4056 qui
1645 3969 1992 4039 ferebatur
2057 3903 2247 4037 filius
2311 3969 2526 4041 fuisse
2638 3971 2810 4039 atris

232 4059 427 4130 illius
461 4072 526 4128 et
574 4071 738 4128 tunc
769 4060 840 4128 in
892 4060 1144 4130 insulis
1181 4065 1535 4128 Scotorum
1571 4059 1659 4126 ob
1709 4057 2019 4127 studium
2062 4057 2415 4127 literarum
2451 4081 2585 4129 exu
2617 4059 2802 4128 abat.

220 4148 505 4218 ‘Sciebat
552 4160 784 4217 autem
831 4148 995 4234 quia
1044 4146 1367 4237 ngridus
1416 4156 1828 4236 proponeret
1874 4167 2036 4215 eum
2070 4147 2488 4216 constituere
2536 4148 2808 4237 episco-

232 4258 432 4326 pum,
486 4236 860 4323 volensque
894 4237 1273 4313 dinoscere,
1316 4235 1374 4305 si
1423 4233 1856 4324 propositum
1897 4247 2299 4320 sequeretur
2345 4236 2653 4316 effectuS,
2708 4235 2806 4304 ita

236 4324 632 4411 quaerendo
703 4347 943 4395 exorsa
1021 4335 1172 4392 est:
1254 4327 1304 4394 Ο
1378 4344 1589 4409 quam
1670 4322 1861 4391 varia
1939 4317 2316 4392 inte'ntione
2393 4323 2808 4392 dividuntur

237 4412 446 4482 corda
496 4412 926 4483 mortalium!
981 4411 1276 4495 Quidam
1326 4411 1594 4501 adeptis
1642 4410 1949 4502 gaudent
1995 4410 2286 4482 divitiis:
2340 4411 2459 4481 alii
2491 4420 2806 4483 amantes
