3327 4999
598 330 729 401 570
1188 351 1269 398 nr.
1313 350 1459 399 vnn.
1509 305 1973 398 Eucnamsrmr.
2018 348 2289 398 sacam.
2804 330 3059 401 MART.

513 432 860 514 liberavit,
930 430 1640 518 resurrectionemque
1687 428 2089 517 auspicatus
2134 443 2259 511 est,
2299 452 2379 500 ac
2423 430 2731 521 seipsum
2788 431 2966 500 viam
3005 443 3079 501 et

513 545 829 592 normam
879 534 1086 607 atque
1134 519 1485 621 exemplar
1530 519 1911 600 constituit,
1969 531 2044 587 ut
2090 541 2215 590 nos
2260 540 2537 605 quoque
2595 520 2814 609 ipsius
2865 522 3073 590 vesti-

514 612 649 703 giis
696 612 1053 680 haerentes
1100 608 1282 695 quod
1334 630 1481 699 ipse
1532 612 1948 688 natura‘est,
1986 607 2114 677 hoc
2156 607 2548 698 adoptionis
2590 608 2922 679 beneficio
2972 611 3076 679 si-

514 722 697 780 mus,
754 699 881 768 filii
932 697 1261 767 nimirum
1313 711 1378 766 et
1426 696 1755 766 haeredes
1808 697 1944 776 Dei,
2001 695 2361 787 ipsiusque
2408 697 2846 766 cohaeredes.

606 791 643 876 ξ
702 793 793 859 3.
848 786 1055 856 Nobis
1104 787 1333 873 itaque
1381 785 1812 867 secundum,
1877 798 1954 855 ut
1990 785 2139 875 jam
2198 785 2363 864 dixi,
2426 800 2654 855 ortum
2706 786 2933 855 dedit:
2988 799 3072 855 ut

514 875 1100 965 quemadmodum
1135 896 1213 943 ex
1248 875 1502 944 Adamo
1552 874 1919 965 progeniti,
1976 873 2505 944 similitudinem
2545 875 2766 964 ipsius
2796 889 3075 945 contra-

515 967 768 1046 ximu5‚
820 986 901 1033 ac
950 962 1503 1033 maledictionem
1551 976 1616 1032 et
1679 963 2191 1052 corruptionem
2256 963 2670 1032 haereditate
2716 964 3077 1035 consecuti

516 1076 805 1125 sumus:
859 1053 945 1122 ad
977 1052 1294 1121 eumdem
1346 1074 1621 1140 quoque
1674 1051 1953 1120 modum
1990 1073 2070 1120 ex
2117 1052 2268 1152 ipso
2306 1052 2667 1142 progeniti,
2709 1053 2973 1123 similes
3002 1053 3073 1122 ei

514 1140 926 1222 efficiamur,
978 1154 1182 1227 atque
1231 1141 1768 1210 immortalitatis
1806 1152 1872 1210 et
1919 1140 2440 1221 benedictioni3‚
2510 1142 2870 1230 ipsiusque
2919 1141 3073 1233 glo-

514 1232 659 1301 riae
715 1230 1202 1300 haereditatem
1264 1230 1757 1320 percipiamus.
1828 1229 2164 1311 Quoniam
2219 1243 2446 1298 autem
2507 1230 2891 1320 spiritualis
2954 1231 3072 1300 hic

515 1319 819 1390 Adamus
865 1330 988 1393 est,
1039 1340 1162 1408 par
1201 1319 1461 1388 scilicet
1495 1330 1662 1398 erat,
1706 1330 1781 1386 ut
1821 1317 2140 1403 nativitas
2178 1339 2453 1404 quoque
2503 1319 2910 1408 spiritualiS,
2958 1334 3071 1388 at-

519 1431 654 1497 que
705 1409 863 1478 item
915 1408 1113 1477 cibus
1160 1420 1360 1478 esset.
1414 1413 1660 1476 Verum
1711 1406 1876 1493 quia
1941 1428 2021 1475 ex
2082 1406 2347 1496 duplici
2409 1420 2649 1477 natura
2702 1408 3072 1499 compositi

519 1511 723 1585 atque
745 1495 1052 1567 concreti
1103 1518 1372 1576 sumus,
1411 1495 1761 1586 duplicem
1804 1516 2077 1582 quoque
2127 1496 2415 1585 proinde
2465 1497 2911 1576 nativitatem,
2966 1510 3073 1567 at-

518 1609 653 1674 que
701 1587 859 1655 item
903 1586 1361 1675 compositum
1395 1585 1634 1655 cibum
1683 1605 1832 1652 esse
1875 1605 2150 1653 necesse
2180 1596 2345 1653 erat.
2382 1585 2715 1666 Quocirca
2745 1586 3071 1656 nativitas

523 1674 804 1761 quidem
857 1673 1055 1744 nobis
1098 1695 1220 1764 per
1265 1695 1516 1759 aquam
1567 1686 1631 1741 et
1690 1673 2045 1763 Spiritum,
2084 1673 2211 1741 hoc
2258 1686 2360 1742 est
2410 1695 2528 1764 per
2574 1688 2890 1744 sanctum
2944 1680 3075 1744 Ba—

524 1765 882 1855 ptismum,
926 1763 1085 1831 data
1131 1775 1270 1832 est:
1323 1761 1523 1832 cibus
1573 1773 1802 1830 autem
1856 1761 2056 1850 panis
2106 1761 2251 1851 ipse
2287 1762 2481 1843 vitae,
2522 1762 2649 1832 hoc
2688 1777 2790 1832 est
2838 1764 3075 1833 Domi-

523 1875 659 1921 nus
693 1863 919 1921 noster
947 1857 1152 1920 Jesus
1201 1850 1510 1920 Christus
1542 1850 1663 1937 qui
1714 1850 1798 1918 de
1844 1850 2032 1919 coelo
2080 1850 2455 1919 descendit.
2514 1855 2677 1920 Nam
2743 1874 2905 1921 cum
2957 1875 3075 1922 vo-

518 1941 896 2011 luntariam
935 1954 1220 2008 mortem
1275 1953 1505 2008 nostra
1553 1942 1765 2007 causa
1815 1952 2265 2028 suscepturus
2321 1951 2519 2019 esset,
2557 1963 2634 2009 ea
2671 1954 2890 2021 nocte,
2930 1963 3075 2028 qua

519 2031 823 2121 seipsum
872 2027 1203 2110 tradebat,
1240 2034 1746 2098 Testamentum
1786 2049 2042 2096 novum
2094 2029 2349 2098 sanctis
2399 2028 2544 2098 suis
2591 2029 2974 2120 discipulis
3009 2041 3077 2099 et

519 2118 876 2199 ApostoliS,
912 2138 992 2185 ac
1037 2139 1155 2208 per
1200 2139 1314 2186 eos
1362 2116 1690 2185 omnibus
1735 2116 1853 2202 qui
1903 2112 1972 2184 in
2022 2138 2181 2185 eum
2229 2116 2521 2185 credunt
2571 2117 2894 2187 instituit.
2934 2124 3073 2188 lta-

520 2230 655 2294 que
690 2207 755 2274 in
791 2219 1068 2275 sauctae
1113 2217 1177 2274 et
1228 2205 1515 2275 illustris
1551 2205 1707 2274 Sion
1759 2204 2155 2285 coenacuIO,
2200 2228 2357 2275 cum
2405 2218 2592 2275 vetus
2621 2208 2875 2296 pascha
2904 2230 3070 2277 cum

521 2295 888 2385 discipulis
937 2295 1083 2364 suis
1130 2294 1407 2376 edisset,
1460 2316 1539 2363 ac
1589 2307 1779 2362 vetus
1827 2298 2334 2363 Testamentum
2396 2294 2801 2385 explevisset
2848 2296 3066 2365 disci-

522 2385 846 2476 pulorum
903 2384 1109 2473 pedes
1157 2382 1342 2463 lavit,
1385 2404 1504 2473 per
1550 2381 1618 2450 id
1669 2382 1981 2452 videlicet
2035 2396 2351 2452 sanctum
2401 2384 2831 2472 Baptismum
2880 2385 3072 2455 desi·

523 2496 771 2566 gnane.
835 2477 925 2542 Ac
972 2494 1131 2542 cum
1182 2472 1474 2542 fractum
1542 2493 1789 2561 panem
1843 2471 2137 2562 porrexit
2190 2472 2312 2553 eis,
2358 2471 2596 2544 dicens
2657 2474 2958 2563 Accipite
3007 2485 3074 2545 et

523 2562 961 2643 manducate,
1017 2563 1146 2630 hoc
1194 2575 1294 2631 est
1341 2583 1594 2652 corpus
1654 2583 1882 2630 meum
1931 2561 2114 2648 quod
2183 2583 2305 2650 pro
2364 2562 2558 2632 vobis
2605 2561 2953 2653 frangitur
3002 2565 3077 2633 in

523 2652 1000 2721 remissionem
1059 2664 1520 2739 peccatorum.
1577 2649 2067 2735 Consimilique
2116 2649 2319 2718 modo
2368 2663 2724 2740 acceptum
2755 2651 3073 2734 calicem,

522 2763 601 2809 ex
652 2741 809 2809 vino
864 2751 930 2808 et
985 2741 1165 2825 aqua
1214 2750 1665 2819 constantem,
1737 2738 2110 2828 impertivit
2156 2738 2255 2809 eis
2287 2793 2302 2819 ‚
2379 2738 2660 2808 dicens:
2731 2741 2950 2810 Bibite
2999 2763 3082 2810 ex

523 2829 651 2898 hoc
701 2850 964 2898 omnes.
1012 2829 1136 2896 Hic
1183 2840 1284 2897 est
1322 2826 1610 2916 sanguis
1661 2849 1858 2895 meus
1917 2827 2070 2896 novi
2131 2829 2543 2898 Testamenti
2592 2828 2711 2915 qui
2774 2851 2898 2920 pro
2959 2852 3080 2899 vo-

523 2918 633 2986 bis
687 2916 1068 2986 effunditur
1118 2916 1185 2984 in
1239 2915 1714 2984 remissionem
1768 2929 2241 3005 peccatorum:
2297 2915 2425 2985 h'oc
2472 2916 2671 2987 facite
2727 2917 2795 2987 in
2849 2940 3077 2988 meam

521 3004 1275 3075 commemorationem.
1341 3005 1923 3090 Quotiescumque
1978 3005 2160 3073 enim
2236 3005 2750 3075 manducabitis
2822 3029 3081 3098 panem

522 3094 736 3174 hunc,
775 3107 840 3164 et
877 3093 1159 3162 calicem
1208 3093 1391 3162 hunc
1442 3092 1713 3173 bibetis,
1759 3105 2044 3161 mortem
2080 3093 2204 3162 filii
2256 3094 2560 3166 hominis
2607 3096 3074 3166 annunciabi-

526 3183 614 3253 tis
662 3181 1374 3269 resurrectionemque
1424 3181 1648 3271 ipsius
1696 3182 2222 3259 confitebimini,
2269 3181 2487 3253 donec
2534 3184 2784 3253 veniat.

615 3279 652 3352 ἓ
719 3276 804 3344 4.
859 3271 1319 3352 Quamobrem
1372 3271 1430 3338 si
1479 3292 1707 3339 sermo
1742 3270 1857 3339 Dei
1908 3271 2101 3339 vivus
2149 3283 2250 3339 est
2296 3283 2363 3341 et
2398 3271 2661 3355 efficax,
2714 3294 2794 3342 ac
2847 3273 3077 3342 Domi-

528 3382 662 3430 nus
709 3361 943 3429 omnia
990 3381 1471 3446 quaecumque
1520 3358 1736 3428 voluit
1785 3359 1973 3428 fecit:
2030 3359 2087 3429 si
2148 3359 2341 3441 dixit,
2405 3361 2550 3430 Fiat
2596 3361 2737 3442 lux,
2785 3376 2851 3431 et
2900 3362 3078 3431 sacta

523 3462 648 3528 est,
692 3450 832 3518 Fiat
882 3447 1425 3528 firmamentum,
1474 3461 1538 3517 et
1586 3447 1844 3517 sactum
1895 3461 2027 3517 est:
2068 3447 2126 3515 si
2178 3450 2380 3518 verbo
2434 3450 2704 3520 Domini
2751 3450 2927 3519 coeli
2957 3452 3078 3519 fir-

525 3538 920 3618 mati-sunt,
961 3551 1028 3607 et
1075 3538 1326 3627 spiritu
1373 3536 1513 3605 oris
1543 3537 1695 3627 ejus
1724 3536 1952 3607 omnis
2002 3536 2217 3607 virtus
2250 3560 2532 3608 eorum:
2587 3539 2647 3608 si
2693 3538 2963 3609 coelum
3014 3550 3081 3607 et

525 3638 726 3706 terra,
762 3649 939 3714 aqua
1002 3626 1163 3695 item
1214 3639 1279 3695 et
1325 3625 1512 3716 ignis
1570 3639 1635 3694 et
1683 3627 1821 3706 aer,
1888 3637 1955 3694 et
1999 3647 2204 3694 omne
2251 3649 2490 3696 eorum
2552 3642 3068 3706 ornamentum,

526 3715 794 3784 Domini
830 3716 1034 3785 verbo
1083 3737 1230 3785 com
1290 3713 1503 3784 letum
1553 3726 1617 3782 et
1673 3713 2068 3784 absolutum
2102 3725 2227 3796 est,
2265 3730 2470 3802 atque
2518 3716 2648 3785 hoc
2693 3717 2902 3785 etiam
2951 3738 3077 3785 no·

522 3803 944 3873 bilissimum
998 3739 1471 3890 animafquod
1526 3802 1734 3872 homo
1761 3815 2243 3892 nuncupatur:
2290 3804 2352 3873 si
2392 3804 2681 3894 ipsemet
2707 3810 2885 3874 Deus
2915 3809 3076 3873 Ver·

521 3892 716 3974 bum,
776 3905 1215 3982 posteaquam
1254 3892 1347 3961 ita
1393 3891 1712 3960 voluntas
1762 3891 1983 3981 ipsius
2033 3890 2210 3972 tulit,
2265 3892 2471 3962 homo
2531 3891 2753 3965 sactus
2800 3905 2926 3978 est,
2972 3905 3078 3963 at-

531 4003 666 4069 que
712 4002 793 4050 ex
845 3981 1036 4071 puris
1085 3994 1151 4051 et
1199 3979 1665 4049 immaculatis
1726 3993 1999 4050 sanctae
2048 4003 2323 4071 semper
2375 3981 2672 4072 Virginis
2714 3981 3081 4073 sanguini·

529 4070 664 4141 bus
713 4092 990 4139 carnem
1040 4069 1315 4160 sibiipsi
1389 4069 1539 4137 sine
1593 4068 1858 4138 semine
1903 4068 2237 4150 condidit,
2300 4070 2469 4157 quid
2522 4070 2799 4141 tandem
2849 4071 3080 4141 afferri

530 4171 774 4251 potest,
817 4159 985 4244 quin
1035 4179 1116 4228 ex
1176 4179 1353 4248 pane
1397 4179 1651 4257 corpus
1686 4179 1919 4238 suum,
1977 4179 2057 4227 ex
2110 4157 2269 4226 vino
2316 4170 2384 4227 et
2429 4179 2610 4246 aqua
2658 4161 3078 4251 sanguinem

528 4270 763 4329 suum,
801 4245 1070 4316 efficere
1114 4250 1364 4334 queat?
1400 4246 1574 4316 Dixit
1619 4246 2026 4332 antiquituS,
2067 4245 2407 4317 Producat
2431 4259 2610 4318 terra
2656 4247 2945 4319 herbam
2978 4249 3081 4316 vi-

528 4348 833 4406 rentem:
887 4351 1091 4424 atque
1128 4358 1205 4405 ea
1253 4336 1633 4405 etiamnum
1685 4349 1832 4404 orto
1872 4333 2344 4409 imbresoetus
2379 4358 2542 4407 suos
2590 4337 2935 4427 producit,
2970 4337 3080 4406 di-

530 4425 690 4494 vino
739 4437 1099 4517 praecepto
1147 4423 1454 4515 impulsa
1491 4446 1571 4494 ac
1616 4423 1960 4495 roborata.
2020 4423 2199 4494 Dixit
2245 4429 2448 4512 DeuS‚
2490 4429 2633 4496 Hoc
2677 4438 2781 4497 est
2817 4447 3076 4518 corpus
