3327 4999
153 352 401 420 MART.
457 353 541 417 ⁴7
2499 350 2626 416 337

642 568 883 669 VITA
947 568 1029 669 S.
1100 506 1687 725 comannis
1757 562 2222 669 vfflfflle

146 830 533 881 CONSCmP'rA
579 830 659 877 AB
707 828 992 878 AUCTORE
1023 796 1261 885 Qfilmffl
1291 827 1588 876 ANONYMO
1611 860 1625 887 ,
1663 828 1777 875 SED
1808 827 1916 883 QUI
1948 828 2264 876 TESTETUR
2296 829 2376 875 EA
2426 829 2498 877 SE
2532 828 2707 880 scm-

242 934 405 980 BE'RE
452 933 620 988 QUAE
670 932 902 1007 PARTm
955 932 1095 978 IPSE
1142 931 1414 989 vmssnrr,
1471 930 1703 976 PAnTm
1749 930 1829 975 AB
1875 928 2134 977 IDONEIS
2168 930 2464 977 TESTIBUS
2524 931 2710 979 Aum-

237 1040 428 1087 TIONE
485 1039 845 1087 ACCEPERIT.
900 1037 1103 1086 Polum
1170 1038 1399 1084 STYLUS
1432 1025 1513 1084 ἸΝ
1561 1035 1839 1083 (ἰΚΑΤῙΑΜ
1886 1036 2181 1084 LECTORIS
2256 1037 2548 1085 MUTATUS
2596 1039 2712 1086 EST

242 1148 366 1195 PER
414 1146 821 1194 LAURENTIUM
869 1144 1132 1193 sumum.

740 1323 936 1380 Vixit
974 1337 1016 1380 a
1056 1325 1183 1379 626
1225 1323 1315 1380 ad
1356 1324 1570 1379 659-
1597 1322 1707 1378 Ex
1745 1322 2138 1379 Brabantia.

243 1510 285 1596 ἓ
340 1511 414 1580 1.
471 1512 548 1576 Et
593 1506 875 1593 quidem
924 1505 1107 1594 quod
1158 1506 1244 1574 ad
1296 1504 1649 1575 Gertrudis
1681 1527 1902 1596 genus
1949 1516 2015 1574 et
2060 1504 2396 1574 familiam
2438 1506 2702 1588 attinet,

151 1597 448 1687 longum
513 1608 615 1665 est
678 1618 759 1664 ea
818 1593 931 1663 hic
991 1597 1383 1665 recensere:
1458 1595 1857 1683 praesertim
1909 1617 2068 1664 cum
2129 1593 2199 1662 in
2252 1607 2388 1664 tota
2437 1600 2711 1686 Europa

153 1685 350 1777 apud
384 1705 625 1755 omnes
667 1684 1068 1774 pervulgata
1123 1684 1260 1753 sint
1317 1682 1745 1754 clarissimae
1793 1684 2030 1773 stirpis
2078 1683 2290 1772 hujus
2336 1694 2401 1753 et
2450 1684 2599 1753 loca
2642 1695 2710 1755 et

156 1775 470 1844 nomina.
510 1773 603 1842 Ad
653 1774 788 1842 alia
837 1773 1050 1860 igitur
1095 1771 1550 1842 accedamus:
1606 1777 1774 1841 Cum
1810 1773 1880 1841 in
1914 1773 2218 1862 paternis
2244 1773 2531 1842 aedibus
2560 1796 2708 1842 ver-

158 1875 431 1934 saretur
477 1884 674 1931 sacra
715 1861 945 1953 puella
992 1862 1371 1942 Gertrudis,
1410 1862 1496 1928 ad
1548 1860 1756 1951 pedes
1790 1862 2026 1931 beatae
2059 1863 2427 1931 memoriae
2463 1883 2708 1951 paren-

159 1953 250 2022 tis
298 1972 463 2022 suae
518 1957 718 2032 Ittae,
786 1951 897 2019 die
953 1973 1033 2018 ac
1091 1963 1286 2020 nocte
1334 1950 1523 2018 verbi
1588 1951 1705 2019 Dei
1753 1950 2162 2039 sapientiam
2218 1950 2700 2031 meditabatur,

160 2046 437 2127 Deoque
481 2040 692 2109 chara
744 2052 808 2109 et
855 2039 1257 2108 hominibus
1304 2052 1498 2130 grata
1557 2061 1637 2107 ac
1695 2039 2038 2119 amabilis,
2092 2052 2493 2108 coaetaneas
2541 2061 2709 2110 suas

160 2131 370 2218 longe
417 2130 739 2198 anteibat.
796 2128 947 2197 Fuit
996 2150 1149 2197 vero
1209 2128 1339 2197 hoc
1400 2127 1706 2218 primum
1756 2126 1947 2197 illius
2006 2127 2077 2195 in
2137 2128 2385 2197 Christi
2433 2128 2706 2196 servitio

161 2219 469 2297 initium,
508 2217 1096 2304 quemadmodum
1139 2219 1227 2287 ab
1277 2217 1555 2285 homine
1597 2217 1820 2286 veraci
1869 2229 1935 2286 et
1971 2216 2162 2306 justo
2210 2218 2332 2303 qui
2380 2238 2709 2307 praesens

160 2307 309 2376 illic
366 2307 623 2387 aderat,
669 2305 996 2395 cognovi:
1050 2311 1217 2375 Cum
1271 2319 1461 2396 pater
1507 2304 1699 2374 illius
1747 2305 2034 2396 Pipinus
2084 2328 2310 2396 regem
2364 2306 2706 2397 Dagober-

164 2408 317 2464 tum
375 2396 446 2462 in
494 2417 656 2464 suas
710 2394 912 2463 aedes
959 2395 1044 2463 ad
1106 2394 1508 2486 splendidas
1557 2393 1800 2484 epulas
1861 2394 2237 2477 invitasset,
2283 2395 2570 2481 quidam
2624 2416 2704 2464 eo

170 2483 564 2554 adolescens
613 2483 909 2564 advenit,
949 2483 1137 2554 filius
1183 2484 1385 2554 ducis
1418 2483 1952 2565 Austrasiorum,
1992 2483 2188 2571 isque
2235 2494 2382 2554 tum
2432 2509 2473 2554 a
2519 2506 2701 2585 rege,

172 2585 323 2643 tum
371 2595 412 2640 a
460 2574 854 2659 parentibus
894 2577 958 2641 S.
1001 2574 1357 2643 Gertrudis
1422 2596 1574 2643 earn
1643 2573 1778 2643 sibi
1838 2574 2204 2663 conjugem
2269 2572 2420 2642 dari
2485 2574 2702 2663 pettit,

175 2682 374 2731 suam
418 2661 572 2743 illis,
609 2676 687 2731 ut
718 2674 818 2731 est
866 2662 1081 2733 seculi
1130 2663 1341 2753 hujus
1390 2685 1578 2733 more
1634 2675 2136 2763 comparatum,
2177 2661 2479 2732 vicissim
2532 2661 2709 2730 ami-

172 2749 406 2821 citiam
454 2762 517 2820 et
565 2751 871 2821 studium
912 2751 1339 2841 promittens.
1385 2757 1461 2819 Et
1512 2752 1655 2841 regi
1700 2750 1982 2838 quidem
2021 2750 2384 2840 jucundus
2422 2749 2553 2820 fuit
2600 2750 2715 2820 hic

168 2861 419 2919 sermo,
461 2840 1000 2926 hortabaturque
1049 2852 1315 2929 patrem
1370 2841 1662 2931 puellae.
1717 2850 1793 2910 ut
1851 2840 1935 2909 ad
1987 2839 2212 2929 ipsius
2260 2850 2712 2929 conspectum

165 2928 402 3020 puella
449 2950 588 2998 una
628 2951 784 2997 cum
821 2941 1037 2998 matre
1074 2929 1556 2998 adduceretur.
1615 2934 1955 2998 Venerunt
2000 2929 2181 3011 illae,
2218 2928 2540 2998 tametsii
2597 2950 2717 2997 no-

163 3028 423 3097 rarent‚
494 3039 702 3104 quam
755 3018 842 3087 ob
890 3039 1172 3087 causam
1235 3040 1349 3087 rex
1397 3017 1552 3088 illas
1600 3019 1808 3086 acciri
1855 3017 2222 3088 voluisset:
2280 3018 2457 3087 inter
2500 3040 2537 3086 e
2589 3038 2711 3086 en-

165 3106 339 3176 dum
389 3119 616 3175 autem
668 3128 826 3175 cum
869 3128 950 3175 ex
1002 3106 1233 3196 puella
1283 3128 1397 3176 rex
1454 3107 1940 3186 sciscitaretur,
2004 3129 2173 3175 num
2213 3105 2414 3175 illum
2471 3106 2708 3176 adole-

165 3207 472 3265 scentem
523 3216 693 3263 auro
725 3193 823 3263 ful
876 3207 1098 3264 entem
1132 3207 1196 3264 et
1223 3193 1459 3266 sericis
1484 3210 1837 3284 comptum
1874 3195 2201 3277 vestibus,
2238 3194 2437 3265 vellet
2465 3196 2718 3264 habere

167 3305 533 3374 sponsum,
573 3283 692 3352 illa
743 3284 809 3352 in
870 3283 1295 3375 ignabunda‚
1327 3285 1533 3354 etiam
1568 3284 1877 3354 adhibito
1915 3285 2398 3376 jurejurando,
2435 3305 2717 3375 respon-

170 3372 307 3442 dit:
371 3397 395 3430 ·
422 3377 559 3473 Ego
588 3394 808 3460 neque
834 3373 1047 3455 hunc,
1090 3395 1310 3459 neque
1347 3373 1661 3461 quemvis
1692 3373 1907 3442 aliurn
1945 3373 2299 3448 mortalem
2332 3372 2713 3454 hominem,

169 3462 294 3531 sed
344 3460 687 3532 Chrlstum
724 3468 933 3531 Deum
969 3484 1049 3532 ac
1098 3462 1465 3532 Dominum
1504 3484 1733 3533 meum
1787 3461 1936 3532 volo
1986 3482 2318 3552 sponsum
2362 3461 2636 3531 habere.
2677 3483 2715 3528 »

171 3555 362 3633 Quae
411 3571 570 3620 cum
621 3551 998 3620 audivisset
1032 3573 1146 3621 rex
1191 3563 1257 3620 et
1297 3554 1610 3640 proceres
1655 3552 1830 3642 ejuS,
1879 3550 2248 3640 stupebant
2294 3551 2377 3618 ad
2432 3562 2570 3620 tam
2622 3561 2724 3619 te-

169 3660 381 3707 nerae
416 3638 686 3728 puellae
726 3661 1141 3722 sermonem,
1186 3640 1419 3710 divino
1467 3641 1707 3728 utique
1737 3640 2071 3710 instinctu
2104 3637 2476 3730 prolatum:
2513 3659 2720 3730 porro

168 3727 577 3797 adolescens
625 3727 1059 3818 pudefactuS‚
1098 3730 1379 3800 recessit
1424 3751 1582 3799 cum
1616 3729 2112 3820 indignatione.
2151 3733 2227 3796 At
2272 3726 2391 3798 illo
2439 3728 2720 3819 postha-

168 3817 342 3896 bite,
386 3828 623 3885 sancta
672 3816 787 3885 Dei
839 3817 1069 3906 puella
1117 3818 1201 3885 ad
1240 3830 1525 3888 matrem
1576 3841 1647 3888 se
1695 3818 2009 3888 contulit.

267 3906 304 3993 ξ
373 3910 461 3976 2.
514 3907 610 3975 Ab
643 3905 763 3975 illo
797 3917 1023 3976 autem
1061 3906 1174 3975 die
1205 3907 1841 3977 animadverterunt
1888 3915 2206 3998 parentes
2238 3905 2411 3996 ejus,
2455 3906 2601 3998 regi
2637 3905 2723 3975 il·-

176 3994 319 4064 lam
373 4015 510 4062 non
562 3994 998 4064 mediocriter
1044 3995 1324 4065 charam
1391 4018 1563 4066 esse.
1622 3996 1891 4087 Elapsis
1941 3994 2100 4063 inde
2146 3995 2351 4064 annis
2395 4009 2724 4082 quatuor-

177 4083 433 4165 decim,
471 4082 760 4173 Pipinus
810 4084 947 4153 vita
994 4084 1275 4154 functus
1312 4097 1435 4154 est.
1479 4091 1649 4155 Tum
1687 4107 1840 4154 vero
1869 4084 2069 4153 matri
2096 4083 2340 4154 viduae
2370 4083 2724 4155 Gertrudis

177 4171 425 4243 sedula
473 4172 909 4255 adhaerebat,
963 4173 1246 4261 ejusque
1287 4174 1506 4262 jussis
1552 4173 1876 4254 officiose,
1932 4172 2157 4242 sobrie
2194 4185 2260 4242 et
2289 4185 2473 4243 caste
2504 4175 2727 4244 inser-

176 4261 431 4330 viebat.
469 4266 633 4331 Cum
684 4284 842 4331 vero
892 4273 1110 4331 mater
1141 4263 1291 4351 ejus
1338 4262 1776 4349 quotidianas
1826 4262 2206 4352 susciperet
2250 4284 2454 4332 curas
2501 4273 2566 4333 et
2611 4285 2726 4331 co-

173 4349 547 4440 gitationes
579 4350 663 4419 de
713 4349 976 4419 familia
1025 4363 1090 4420 ct
1138 4352 1282 4421 filia
1331 4353 1684 4434 Gertrude,
1723 4352 1826 4421 vir
1887 4351 1997 4421 Dei
2043 4351 2393 4421 Amandus
2440 4351 2721 4441 Episco-

168 4461 307 4531 pus
354 4439 441 4508 ad
483 4438 634 4529 ejus
664 4439 845 4509 venit
883 4440 1112 4523 aedes,
1151 4441 1438 4510 verbum
1494 4442 1611 4513 Dei
1662 4441 2095 4534 praedicans:
2149 4441 2433 4529 Rogavit
2491 4451 2719 4510 autem

334 4551 578 4607 surius
621 4580 642 4594 ·
692 4549 851 4611 Vitae
889 4550 998 4613 88.
1034 4582 1057 4595 ·
1085 4552 1210 4609 Vol.
1240 4551 1344 4611 111.
2484 4554 2562 4609 22
