3327 4999
725 360 856 425 434
1483 375 1563 422 nn
1611 375 1671 422 s,
1723 373 2070 423 amntem
2118 374 2361 421 Anum
2807 355 3056 420 MAR'I.
3113 357 3193 421 2⁴

628 457 794 544 quia
843 456 1030 525 idem
1078 476 1356 542 quoque
1402 454 1507 523 vir
1553 454 1870 524 doctrina
1918 454 2181 546 gratiae
2231 451 2548 523 coelestis
2616 452 2977 535 influebat,
3033 453 3201 524 dul-

625 546 737 614 cia
784 545 920 613 sibi
993 544 1287 612 invicem
1341 543 1514 613 vitae
1562 544 1768 613 verba
1817 541 2428 614 transfunderent.
2491 551 2556 609 et
2603 562 2887 610 suavem
2953 542 3200 612 cibum

619 633 938 703 coelestis
1011 631 1273 721 patriae
1308 686 1323 712 ‚
1377 631 1541 717 quia
1608 630 1839 701 adhuc
1888 630 2184 723 perfecte
2232 628 2604 720 gaudendo
2655 650 2792 698 non
2845 640 3191 719 poterant,

617 721 864 790 saltem
913 718 1328 806 suspirando
1362 731 1742 809 gustarent.
1789 724 2098 806 Cumque
2145 720 2315 788 hora
2352 718 2500 808 jam
2550 717 2806 803 quietis
2853 718 3185 808 exigeret,

614 808 687 878 in
743 808 947 897 cujus
1010 808 1221 877 turris
1273 807 1752 897 superioribus
1810 829 1883 877 se
1929 806 2346 876 venerabilis
2396 805 2812 874 Benedictus
2844 861 2859 887 ‚
2917 807 2988 873 in
3039 808 3192 896 ejus

608 918 883 982 quoque
914 894 1359 964 inferioribus
1386 918 1458 966 se
1492 895 1886 966 Servandus
1911 894 2251 965 diaconus
2277 894 2661 964 collocavit:
2698 915 2836 979 quo
2862 894 3186 965 videlicet

605 983 681 1052 in
732 984 881 1053 loco
921 982 1246 1052 inferiora
1279 983 1361 1052 ad
1413 984 1772 1063 superiora
1822 984 2100 1074 pervius
2132 983 2583 1052 continuabat
2609 1003 2971 1053 ascensus.
3019 989 3182 1052 Ante

604 1071 919 1140 eamdem
970 1094 1128 1141 vero
1177 1072 1426 1141 turrim
1477 1072 1742 1161 largius
1788 1085 1934 1141 erat
1972 1070 2476 1151 babitaculum,
2514 1070 2585 1137 in
2622 1091 2761 1157 quo
2809 1071 3178 1159 utriusque

605 1159 936 1248 discipuli
985 1160 1453 1246 quiescebant.
1488 1165 1796 1246 Cumque
1846 1161 1950 1228 vir
1999 1159 2114 1228 Dei
2160 1157 2596 1238 BenedictuS,
2651 1158 3173 1245 quiescentibus

607 1246 840 1317 adhuc
901 1247 1270 1330 fratribuS‚
1323 1248 1595 1317 instans
1640 1247 1946 1339 vigiliis,
2024 1260 2406 1317 nocturnae
2464 1246 2798 1315 orationis
2864 1258 3173 1338 tempora

605 1336 1096 1426 praevenisset,
1150 1336 1233 1404 ad
1287 1335 1656 1406 fenestram
1712 1348 1904 1406 stans
1950 1346 2016 1403 et
2063 1336 2610 1426 omnipotentem
2665 1338 2882 1403 Deum
2931 1335 3169 1426 depre-

605 1446 812 1504 cans,
852 1424 1080 1493 subito
1133 1424 1546 1513 intempesta
1597 1424 1818 1493 noctis
1867 1424 2039 1493 hora
2086 1423 2511 1579 respiciens,
2565 1421 2737 1490 vidit
2787 1422 3019 1492 susam
3070 1423 3170 1493 lu-

601 1533 752 1581 cem
804 1512 1126 1602 desuper,
1180 1524 1467 1584 cunctas
1516 1512 1738 1582 noctis
1791 1512 2106 1581 tenebras
2154 1533 2190 1579 e
2250 1532 2521 1602 ugasse,
2576 1522 2906 1597 tantoque
2935 1510 3168 1601 splen-

601 1599 769 1669 dore
788 1599 1186 1678 clarescere,
1213 1612 1288 1668 ut
1314 1598 1495 1670 diem
1526 1601 1829 1669 vinceret
1858 1600 1976 1669 lux
1998 1599 2121 1669 illa
2153 1621 2331 1685 quae
2362 1600 2433 1667 in
2467 1599 2772 1668 tenebris
2805 1600 3163 1669 radiasset.·

602 1688 775 1756 Mira
821 1700 1053 1758 autem
1107 1710 1215 1758 res
1263 1686 1461 1757 valde
1502 1687 1572 1755 in
1625 1689 1754 1757 hac
1795 1680 2268 1778 speculatione
2307 1699 2544 1756 secuta
2589 1699 2714 1755 est:
2755 1691 2948 1774 quia,
2993 1690 3167 1759 sicut

597 1787 754 1866 post
795 1777 817 1845 i
871 1798 942 1844 se
992 1775 1317 1856 narravit,
1356 1776 1586 1844 omnis
1633 1777 1843 1846 etiam
1886 1776 2216 1857 mundus,
2261 1774 2449 1845 velut
2498 1775 2629 1845 sub
2671 1797 2813 1844 uno
2856 1776 3027 1846 solis
3059 1799 3163 1846 ra-

596 1863 714 1933 dio
745 1886 825 1933 co
859 1864 1098 1945 lectuS,
1151 1877 1309 1934 ante
1355 1864 1593 1933 oculos
1639 1866 1792 1953 ejus
1839 1864 2185 1935 adductus
2231 1876 2354 1934 est.
2402 1864 2533 1946 Qui
2582 1863 3003 1934 venerabilis
3042 1888 3162 1955 pa-

597 1962 701 2021 ter
747 1952 917 2021 dum
980 1953 1313 2022 intentam
1375 1952 1738 2022 oculorum
1807 1953 2024 2022 aciem
2098 1953 2167 2021 in
2238 1953 2366 2021 hoc
2415 1952 2786 2042 splendore
2833 1974 3161 2023 coruscae

598 2039 778 2109 lucis
809 2040 1147 2130 infigeret,
1183 2040 1352 2109 vidit
1378 2041 1703 2110 Germani
1734 2041 2043 2131 Capuani
2071 2041 2380 2131 episcopi
2409 2039 2717 2109 animam
2757 2040 2828 2107 in
2864 2041 3159 2131 sphaera

596 2128 802 2218 ignea
847 2129 935 2199 ab
984 2128 1251 2218 angelis
1307 2129 1377 2196 in
1431 2127 1703 2197 coelum
1751 2128 1939 2198 ferri.
1990 2134 2179 2199 Tunc
2230 2129 2404 2198 tanti
2451 2129 2583 2197 sibi
2639 2140 2876 2198 testem
2928 2130 3162 2199 volens

594 2215 926 2285 adhibere
958 2215 1305 2297 miraculi,
1346 2215 1772 2285 Servandum
1816 2216 2189 2287 diaconum
2217 2271 2232 2297 ,
2272 2218 2511 2286 iterato
2560 2217 2669 2285 bis
2709 2228 2950 2302 terque
3011 2218 3163 2307 ejus

598 2305 882 2373 nomine
916 2359 931 2384 ‚
986 2327 1149 2374 cum
1197 2303 1524 2374 clamoris
1575 2305 2059 2395 magnitudine
2105 2305 2391 2373 vocavit.
2464 2309 2774 2391 Cumque
2823 2305 2942 2374 ille
2991 2304 3162 2377 suis-

593 2403 695 2461 set
741 2392 1019 2463 insolito
1080 2393 1251 2462 tanti
1300 2393 1427 2461 viri
1489 2393 1791 2462 clamore
1833 2392 2174 2473 turbatus,
2228 2393 2561 2473 ascendit,
2617 2394 2941 2482 respexit,
2997 2416 3159 2484 par-

594 2490 868 2568 temque
906 2480 1054 2571 jam
1106 2480 1283 2551 lucis
1346 2481 1671 2572 exiguam
1718 2480 1910 2551 vidit.
1966 2481 2088 2551 Cui
2139 2492 2404 2551 tantum
2457 2481 2587 2552 hoc
2636 2481 3157 2573 obstupescenti

591 2569 1038 2650 miraculum,
1095 2571 1198 2639 vir
1247 2570 1363 2639 Dei
1421 2593 1543 2660 per
1600 2570 1956 2646 ordinem,
2009 2592 2188 2656 quae
2235 2570 2508 2640 fuerant
2555 2583 2746 2660 gesta
2797 2572 3151 2640 narravit:

591 2658 963 2744 statimque
1011 2658 1084 2726 in
1135 2659 1456 2726 Casinum
1508 2670 1814 2727 castrum
1867 2657 2189 2747 religioso
2228 2659 2374 2728 viro
2405 2658 2810 2747 Theoprobo
2861 2659 3155 2729 manda-

588 2746 704 2826 vit,
749 2757 826 2814 ut
869 2746 956 2814 ad
1008 2751 1403 2835 Capuanam
1454 2748 1700 2816 urbem
1751 2746 1883 2815 sub
1939 2746 2181 2816 eadem
2246 2757 2445 2816 nocte
2495 2747 3014 2828 transmitteret,
3074 2759 3142 2819 et

583 2833 753 2920 quid
794 2833 879 2902 de
928 2838 1268 2902 Germano
1314 2833 1640 2924 episcopo
1687 2845 2029 2926 ageretur,
2068 2845 2473 2924 agnosceret
2519 2846 2583 2903 et
2631 2834 2992 2904 indicaret.
3026 2840 3151 2905 Fa-

582 2932 913 3008 ctumque
961 2932 1102 2989 est:
1155 2933 1220 2990 et
1267 2922 1898 2993 reverentissimum
1963 2922 2189 2991 virum
2252 2927 2675 2992 Germanum
2726 2923 3144 3014 episcopum

580 3009 665 3087 is,
721 3009 842 3095 qui
905 3008 1165 3079 missus
1213 3007 1456 3091 fuerat,
1500 3010 1646 3099 jam
1695 3009 2102 3079 defunctum
2154 3011 2428 3101 reperit,
2466 3022 2531 3079 et
2573 3011 2940 3097 requirens
2974 3012 3145 3083 sub-

581 3095 813 3197 tiliter,
847 3088 1145 3196 'agndvit
1192 3097 1430 3198 eodem
1482 3111 1831 3168 momento
1862 3097 2079 3170 fuisse
2110 3098 2303 3169 illius
2336 3099 2644 3180 obitum,
2687 3121 2826 3186 quo
2877 3099 2981 3168 vir
3013 3105 3148 3170 Do-

577 3207 754 3254 mint
801 3207 954 3274 ejus
1003 3197 1321 3274 cognovlt
1368 3207 1822 3255 ascensum...

665 3275 704 3360 ἓ
749 3278 893 3346 41.
948 3272 1297 3359 Siquidem
1349 3274 1624 3343 animae
1668 3273 1928 3344 videnti
1976 3286 2376 3356 creatorem,
2431 3285 2731 3365 angusta
2768 3286 2871 3345 est
2906 3276 3144 3348 omnis

576 3373 917 3431 creatura.
990 3361 1381 3444 Quamlibet
1439 3363 1695 3431 etenim
1745 3385 1990 3452 parum
2045 3363 2130 3432 de
2177 3363 2334 3433 luce
2387 3363 2717 3434 creatoris
2765 3365 3130 3455 aspexerit,

573 3448 779 3519 breve
834 3449 896 3519 ei
944 3450 1021 3519 fit
1091 3471 1295 3519 omne
1329 3505 1344 3531 ‚
1397 3450 1583 3537 quod
1632 3462 1939 3520 creatum
1988 3462 2142 3522 est:
2211 3451 2376 3537 quia
2434 3452 2588 3541 ipsa
2648 3452 2802 3522 luce
2850 3453 3139 3522 visionis

570 3537 859 3608 intimae
934 3539 1186 3609 mentis
1259 3538 1529 3608 laxatur
1603 3539 1826 3621 sinus,
1902 3550 2312 3625 tantumque
2366 3540 2786 3630 expanditur
2831 3542 2903 3609 in
2956 3546 3130 3622 Deo,

574 3638 654 3695 ut
712 3626 1029 3717 superior
1092 3628 1335 3697 existat
1384 3626 1673 3696 mundo.
1727 3628 1828 3696 Fit
1892 3648 2050 3697 vero
2098 3627 2250 3717 ipsa
2299 3626 2593 3697 videntis
2643 3629 2882 3698 anima
2929 3629 3135 3699 etiam

573 3736 785 3804 super
832 3715 1309 3805 semetipsum.
1367 3719 1677 3802 Cumque
1724 3715 1797 3783 in
1850 3715 1964 3783 Dei
2013 3715 2282 3785 lumine
2329 3716 2619 3805 rapitur,
2676 3739 2891 3807 super
2940 3740 3011 3787 se
3058 3718 3132 3786 in

570 3802 1020 3874 interioribus
1086 3805 1630 3895 ampliatur:.et
1694 3802 1863 3873 dum
1923 3825 1996 3872 se
2065 3803 2196 3874 sub
2257 3825 2330 3874 se
2402 3826 2570 3872 cons
2622 3804 2778 3885 icit,
2844 3804 3138 3875 exaltata

568 3893 1095 3981 comprehendit
1147 3914 1360 3978 quam
1416 3892 1621 3961 breve
1678 3891 1803 3974 sit,
1871 3891 2056 3980 quod
2115 3914 2270 3961 corn
2328 3892 2537 3962 rehen
2594 3914 2708 3962 ere
2767 3893 3135 3963 humiliata

566 3999 705 4048 non
757 3992 1040 4071 poterat.
1094 3981 1211 4049 Vir
1247 4003 1410 4072 ergo
1450 3980 1763 4066 Dei‚'qui
1818 3980 1888 4047 in
1940 3979 2116 4049 turri
2164 3979 2277 4069 glo
2331 4003 2449 4049 um
2502 3981 2520 4049 i
2577 4003 2810 4062 neum,
2851 3982 3133 4071 angelos

561 4088 839 4156 quoque
888 4068 975 4138 ad
1025 4069 1297 4138 coelum
1342 4068 1710 4138 redeuntes
1762 4068 2057 4149 videbat,
2113 4067 2284 4137 haec
2332 4091 2548 4159 procu
2583 4069 2798 4139 dubio
2847 4090 3127 4138 cernere

562 4177 702 4226 non
753 4157 889 4226 nisi
939 4157 1010 4226 in
1061 4157 1176 4226 Dei
1227 4158 1496 4227 lumine
1544 4167 1832 4247 poterat.
1871 4156 2048 4238 Quid
2086 4155 2321 4243 itaque
2355 4157 2641 4239 mirum,
2683 4159 2741 4229 si
2778 4157 3124 4228 mundum

560 4258 721 4315 ante
770 4266 841 4314 se
875 4245 1236 4314 collectum
1289 4246 1482 4326 vidit,
1527 4247 1649 4334 qui
1714 4244 2113 4315 sublevatus
2171 4245 2243 4313 in
2291 4246 2541 4317 mentis
2589 4245 2880 4327 lumine,
2937 4258 3128 4316 extra

558 4333 907 4403 mundum
972 4333 1151 4404 suit?
1197 4335 1388 4416 Quod
1454 4346 1687 4404 autem
1744 4333 2074 4404 collectus
2123 4333 2434 4403 mundus
2483 4345 2642 4404 ante
2688 4334 2839 4424 ejus
2887 4333 3124 4406 oculos

560 4421 841 4507 dicitur,
890 4445 1031 4495 non
1090 4423 1362 4493 coelum
1411 4434 1477 4493 et
1527 4433 1708 4494 terra
1754 4433 2112 4494 contracta·
2152 4435 2277 4505 est,
2332 4422 2453 4492 sed
2502 4421 2799 4493 videntis
2846 4424 3123 4493 animus
