3327 4999
678 309 809 373 4⁴8
1433 326 1513 372 nn
1560 327 1617 373 s.
1673 323 2017 373 annumero
2065 324 2310 372 Annun-
2753 305 3001 372 MART.
3061 307 3142 371 21

588 403 971 474 immobilis
1018 404 1433 494 permansit:
1470 405 1712 491 sicque
1743 404 2074 491 antiquus
2104 403 2321 473 hostis
2359 401 2707 471 dominari
2746 424 2882 471 non
2924 425 3153 473 ausus

589 506 693 563 est
738 494 810 562 in
857 493 1010 582 ejus
1041 492 1474 581 cogitatione,
1510 515 1589 561 ac
1639 493 1699 560 si
1746 493 1894 580 ipse
1944 512 2318 582 percussus
2365 489 2604 559 fuisset
2633 512 2713 558 ex
2747 489 3046 560 verbere.

680 583 716 666 ξ
780 585 862 652 S.
915 585 1008 649 Ex
1044 580 1165 649 his
1213 593 1442 649 autem
1508 580 1945 649 monasteriis
1993 600 2171 665 quae
2227 579 2296 647 in
2340 578 2581 647 eodem
2631 578 2780 647 loco
2826 591 3151 648 constru-

589 678 813 747 xerat,
875 668 1006 736 tria
1054 690 1337 736 sursum
1386 667 1455 734 in
1506 668 1803 755 rupibus
1854 667 2107 737 montis
2152 676 2395 735 erant:
2437 678 2504 734 et
2549 664 2749 734 valde
2809 677 2953 733 erat
3002 665 3148 735 sra-

589 755 814 826 tribus
862 754 1281 824 laboriosum
1317 754 1499 840 quod
1553 777 1826 844 semper
1871 754 1955 823 ad
2010 754 2236 824 lacum
2288 753 2643 842 oportebat
2689 752 3135 833 descendere,

588 856 669 912 ut
715 864 966 927 aquam
1017 843 1297 911 haurire
1344 842 1783 912 debuissent:
1839 843 2135 911 maxime
2181 842 2346 927 quia
2394 863 2431 909 e
2467 840 2720 909 devexo
2753 842 3008 909 montis
3041 840 3142 910 la-

593 941 731 999 tere
777 942 924 998 erat
972 952 1176 1019 grave
1209 930 1788 1000 descendentibus
1841 930 1913 998 in
1963 931 2205 999 timore
2237 928 2652 1018 periculum.
2707 933 2895 997 Tunc
2943 928 3150 998 colle-

590 1018 684 1086 cti
732 1015 976 1089 fratres
1023 1040 1104 1087 ex
1151 1017 1409 1086 eisdem
1464 1017 1686 1088 tribus
1736 1017 2194 1099 monasteriis,
2247 1016 2331 1085 ad
2390 1016 2505 1085 Dei
2545 1014 2887 1084 famulum
2929 1020 3146 1085 Bene-

592 1104 855 1173 dictum
892 1117 1250 1185 venerunt,
1285 1105 1625 1174 dicentes:
1666 1128 1701 1170 «
1725 1105 2172 1174 Laboriosum
2213 1104 2414 1173 nobis
2442 1115 2545 1172 est
2570 1114 2847 1193 propter
2879 1125 3136 1189 aquam

587 1192 896 1279 quotidie
942 1214 1163 1279 usque
1209 1192 1293 1260 ad
1348 1192 1573 1262 lacurn
1632 1192 2085 1272 descendere,
2147 1203 2213 1260 et
2271 1191 2530 1260 idcirco
2583 1212 2855 1259 necesse
2901 1202 3006 1259 est
3050 1211 3137 1260 ex

588 1280 827 1351 eodem
880 1280 1028 1349 loco
1078 1279 1493 1349 monasteria
1542 1280 1868 1348 mutari.»
1919 1284 2100 1361 Quos
2128 1278 2381 1348 blande
2408 1277 2799 1357 consolans,
2835 1277 3130 1347 dimisit:

587 1380 653 1435 et
702 1381 900 1436 nocte
946 1368 1183 1436 eadem
1235 1389 1394 1437 cum
1459 1388 1663 1456 parvo
1763 1368 2029 1447 uerulo,
2085 1365 2365 1436 nomine
2410 1365 2710 1446 Placid0,
2764 1365 2969 1454 cujus
3019 1388 3140 1435 su-

589 1455 825 1543 perius
879 1454 1281 1524 memoriam
1332 1455 1484 1533 feci,
1537 1390 1850 1541 ejusXem
1910 1454 2164 1524 montis
2225 1474 2467 1544 rupem
2527 1453 2860 1533 ascendit,
2899 1453 3137 1539 ibique

588 1542 857 1611 diutius
903 1543 1141 1611 oravit.
1205 1547 1283 1610 Et
1329 1543 1636 1611 oratione
1682 1541 2045 1630 completa,
2110 1555 2247 1610 tres
2297 1553 2522 1628 petras
2571 1541 2641 1607 in
2705 1540 2854 1609 loco
2891 1541 3151 1616 eodem,
3231 1603 3244 1614 .

586 1651 712 1719 pro
762 1629 961 1729 signo
1009 1630 1259 1719 posuit,
1295 1642 1498 1715 atque
1546 1629 1627 1697 ad
1663 1652 1895 1708 suum,
1931 1630 2202 1699 cunctis
2250 1628 2390 1698 illis
2439 1628 2931 1709 nescientibus,
2988 1649 3140 1697 mo-

589 1728 969 1785 nasterium
1025 1716 1248 1785 rediit.
1302 1722 1610 1802 Cumque
1658 1717 1770 1785 die
1817 1716 1954 1785 alia
1999 1716 2084 1785 ad
2126 1738 2283 1785 eum
2323 1738 2446 1805 pro
2482 1716 2885 1784 necessitate
2916 1737 3141 1801 aquae

589 1804 926 1893 praedicti
975 1803 1218 1873 fratres
1280 1804 1666 1884 rediissent,
1720 1804 1930 1872 dixit:
1984 1826 2019 1869 «
2053 1808 2171 1884 Ite,
2209 1816 2273 1873 et
2323 1825 2560 1903 rupem
2607 1803 2821 1883 illam,
2868 1803 2939 1870 in
2988 1825 3131 1890 qua

586 1903 724 1960 tres
774 1913 984 1980 super
1029 1892 1320 1960 invicem
1372 1892 1626 1981 positas
1661 1903 1888 1981 petras
1936 1891 2355 1971 inveneritis,
2410 1912 2478 1958 1n
2533 1890 2802 1959 modico
2849 1904 3123 1960 cavate:

585 1978 764 2047 valet
808 1980 991 2048 enim
1027 1979 1463 2067 omnipotens
1503 1984 1680 2048 Deus
1709 1980 1911 2047 etiam
1949 1979 2016 2045 in
2053 1978 2168 2048 illo
2203 1979 2456 2048 montis
2486 1979 2849 2046 cacumine
2876 1999 3131 2063 aquam

589 2066 989 2156 producere,
1042 2079 1119 2135 ut
1168 2067 1358 2136 vobis
1408 2066 1710 2135 laborem
1755 2065 1922 2134 tanti
1974 2066 2237 2136 itineris
2271 2066 2597 2155 dignetur
2626 2064 2968 2134 auferre.»
3002 2065 3135 2147 Qui

584 2165 850 2234 eunteS‚
895 2176 1140 2242 rupem
1193 2154 1467 2232 montis,
1521 2176 1733 2239 quam
1764 2153 2170 2224 Benedictus
2205 2153 2654 2242 praedixerat,
2684 2153 2830 2240 jam
2867 2153 3132 2222 sudan-

583 2253 719 2310 tem
770 2242 1201 2310 invenerunt.
1258 2246 1566 2328 Cumque
1615 2242 1686 2309 in
1734 2263 1814 2308 ea
1871 2263 2250 2310 concavum
2303 2240 2529 2309 locum
2593 2240 2937 2320 fecissent,
2996 2252 3131 2309 sta-

581 2328 706 2396 tim
756 2333 936 2415 aqua
983 2329 1283 2428 repletus
1329 2340 1469 2397 est:
1524 2350 1701 2414 quae
1750 2342 1887 2396 tam
1933 2328 2353 2397 sufficienter
2397 2328 2762 2408 emanavit,
2805 2340 2880 2396 ut
2913 2349 3135 2396 nunc-

580 2437 804 2501 usque
848 2417 1145 2486 ubertim
1187 2416 1468 2495 defluat,
1514 2428 1720 2502 atque
1767 2414 1853 2483 ab
1902 2415 2021 2483 illo
2070 2416 2325 2485 montis
2373 2416 2735 2484 cacumine
2777 2437 3000 2502 usque
3040 2413 3127 2484 ad

579 2503 907 2573 inferiora
937 2505 1302 2575 derivetur.

668 2594 706 2678 ξ
755 2598 848 2661 θ.
904 2592 1047 2661 Alio
1095 2613 1368 2679 quoque
1405 2604 1711 2679 tempore
1752 2590 2040 2659 Gotthus
2086 2591 2370 2677 quidam
2416 2612 2681 2680 pauper
2727 2590 3003 2680 spiritu,
3040 2590 3134 2658 ad

583 2679 1103 2763 conversionem
1134 2680 1337 2747 venit:
1369 2700 1573 2763 quem
1605 2677 1721 2745 Dei
1752 2678 1853 2746 vir
1879 2679 2290 2748 Benedictus
2322 2678 2775 2748 libentissime
2795 2678 3126 2767 suscepit.

582 2772 893 2848 Quadam
946 2788 1104 2835 vero
1151 2766 1263 2835 die
1310 2766 1372 2833 ei
1419 2765 1582 2833 dare
1624 2763 2118 2834 ferramentum
2158 2766 2392 2852 jussit,
2432 2765 2632 2852 .quod
2678 2765 2764 2834 ad
2810 2765 3007 2834 falcis
3040 2765 3133 2834 si-

577 2853 1042 2922 militudinem
1095 2853 1495 2921 falcastrum
1546 2865 1848 2933 vocatur,
1888 2863 1965 2921 ut
2019 2853 2104 2920 de
2162 2788 2309 2922 ioco
2365 2853 2665 2939 quodam
2717 2873 2957 2942 vepres
3001 2853 3126 2922 ab-

577 2941 940 3018 scinderet,
993 2953 1335 3026 quatenus
1387 2938 1525 3007 illic
1576 2939 1817 3008 hortus
1865 2938 2012 3008 fieri
2054 2939 2352 3010 deberet.
2410 2946 2630 3010 Locus
2686 2953 2917 3009 autem
2972 2941 3123 3029 ipse

576 3048 782 3112 quem
842 3027 1322 3098 mundandum
1375 3027 1662 3095 Gotthus
1711 3039 2127 3116 susceperat,
2182 3050 2391 3116 super
2439 3029 2662 3126 ipsam
2714 3027 2847 3097 laci
2897 3029 3127 3117 ripam

566 3114 865 3202 jacebat.
916 3118 1223 3200 Cumque
1270 3114 1559 3183 Gotthus
1607 3113 1787 3182 idem
1839 3113 2244 3184 densitatem
2295 3136 2609 3203 veprium
2659 3116 2866 3186 totius
2906 3115 3124 3184 virtu-

579 3202 666 3271 tis
714 3203 970 3270 annisu
1036 3201 1441 3282 succideret,
1500 3201 1760 3270 serrum
1817 3202 1902 3270 de
1946 3202 2314 3271 manubrio
2360 3202 2749 3289 prosiliens,
2787 3203 2856 3270 in
2895 3203 3128 3272 lacum

576 3289 846 3359 cecidit.
901 3289 1027 3358 Ubi
1076 3289 1338 3359 scilicet
1387 3301 1571 3358 tanta
1618 3300 1763 3357 erat
1804 3310 2143 3374 aquarum
2193 3288 2649 3378 profundita3‚
2687 3301 2768 3359 ut
2813 3312 2971 3379 spes
3019 3312 3126 3359 re-

575 3377 897 3463 quirendi
937 3377 1331 3445 ferramenti
1375 3376 1565 3444 nulla
1597 3378 1746 3464 jam
1777 3389 1974 3446 esset.
2030 3382 2264 3464 Itaque
2312 3376 2489 3446 ferro
2537 3377 2827 3467 perdit0,
2869 3391 3120 3446 treme-

577 3464 862 3533 bundus
910 3464 994 3533 ad
1046 3469 1360 3533 Maurum
1413 3464 1833 3533 monachum
1868 3465 2177 3534 cucurrit
2215 3465 2526 3536 Gotthus:
2565 3464 2903 3533 damnum
2934 3465 3126 3551 quod

577 3551 830 3621 fecerat
878 3551 1242 3631 nuntiavit,
1302 3564 1367 3620 et
1420 3563 1650 3622 reatus
1698 3552 1808 3621 sui
1867 3553 2353 3641 poenitentiam
2389 3553 2550 3642 egit.
2599 3553 2790 3634 Quod
2845 3558 3128 3622 Maurus

576 3660 852 3725 quoque
911 3639 1294 3708 monachus
1355 3660 1511 3707 mox
1559 3639 1924 3708 Benedicto
1989 3639 2252 3708 famulo
2310 3641 2426 3709 Dei
2473 3640 2739 3710 curavit
2788 3640 3118 3710 indicare.

572 3726 687 3794 Vir
743 3726 762 3794 i
820 3726 958 3794 itur
1015 3726 1283 3796 Domini
1325 3727 1734 3795 Benedictus
1782 3727 1950 3797 haec
1988 3726 2305 3806 audiens,
2361 3727 2650 3796 accessit
2697 3727 2781 3796 ad
2845 3727 3118 3796 lacum:

573 3813 728 3882 tulit
813 3836 849 3882 e
899 3834 1111 3882 manu
1172 3814 1399 3884 Gotthi
1457 3814 1954 3896 manubrium,
2017 3827 2084 3885 et
2143 3815 2332 3884 misit
2397 3816 2467 3884 in
2522 3814 2798 3884 lacum:
2851 3828 2916 3884 et
2965 3837 3124 3885 mox

568 3900 826 3970 ferrum
902 3923 943 3969 a
1001 3901 1343 3989 profundo
1403 3902 1653 3983 rediit,
1708 3915 1912 3989 atque
1967 3903 2038 3970 in
2107 3902 2553 3972 manubrium
2619 3903 2921 3971 intravit.
2989 3903 3120 3985 Qui

568 3989 795 4089 statim
829 3988 1319 4088 ferramentum
1355 3990 1596 4060 Gottlio
1639 3989 1961 4070 reddidit,
2000 3989 2281 4059 dicens:
2316 3995 2551 4071 «Ecce,
2586 3989 2847 4072 labora,
2878 4001 2945 4059 et
2977 3990 3121 4060 noli

564 4087 980 4147 contristari.
1015 4100 1051 4143 »

653 4167 690 4252 ξ
742 4170 895 4236 ss).
950 4165 1259 4247 Quadam
1309 4187 1466 4234 vero
1513 4164 1625 4234 die
1663 4165 1833 4233 dum
1885 4164 2067 4233 idem
2118 4164 2530 4236 venerabilis
2575 4164 2990 4234 Benedictus
3040 4164 3114 4233 in

568 4253 741 4322 cella
790 4253 1211 4335 consisteret,
1302 4253 1648 4322 raedictus
1697 4252 2019 4322 Placidus
2049 4274 2244 4341 puer,
2281 4253 2498 4321 sancti
2529 4253 2657 4321 viri
2702 4252 3114 4331 monachus,

559 4341 648 4410 ad
698 4340 1156 4411 hauriendam
1286 4363 1322 4410 e
1381 4340 1542 4410 lacu
1594 4361 1848 4427 aquam
1903 4360 2223 4430 egressus
2283 4351 2433 4410 est:
2505 4341 2627 4428 qui
2695 4362 2861 4420 vas,
2929 4338 3118 4426 quod
