3327 4999
611 314 743 381 522
1248 333 1330 381 nn
1373 334 1432 381 s.
1486 332 1859 381 nummio
1904 332 2119 381 tumn
2163 331 2357 380 mir.
2695 313 2945 379 MART.
2996 313 3090 379 27

525 411 886 502 suspendi,
922 421 990 481 et
1015 409 1174 499 ejus
1202 432 1448 481 carnes
1478 411 1752 480 laniari.
1788 416 1955 481 Cum
2007 431 2165 482 vero
2198 411 2619 491 laniaretur,
2656 429 2890 480 vocem
2924 409 3092 480 nul·
3136 455 3151 463 -

524 499 667 569 lam
733 499 1121 569 emittebat:
1175 500 1295 569 sed
1342 500 1619 589 erigens
1666 500 1909 569 oculos
1948 500 2020 568 in
2068 498 2341 569 coelum
2372 553 2388 580 ‚
2459 503 2589 567 Deo
2638 498 2776 588 ipsi
2873 498 3086 568 ratias

524 589 793 674 agebat.
859 588 1049 669 Quod
1100 609 1265 656 cum
1316 588 1603 657 vidisset
1647 587 2096 675 Tyberianus,
2160 587 2359 656 ’ussit
2407 586 2749 656 militibus
2795 591 2843 655 A
2874 607 3087 655 exan-

524 675 730 744 drum
779 697 819 744 e
866 675 1057 765 ligno
1106 674 1500 765 depositum
1548 687 1739 745 extra
1786 677 2032 746 urbem
2174 696 2409 755 ucere,
2460 674 2929 766 gravibusque
2971 696 3088 744 ca-

525 763 705 833 tenis
739 763 1049 833 vinctum
1088 763 1160 830 in
1212 763 1575 833 Thraciam
1627 764 2030 853 perducere.

613 854 650 937 ξ
712 856 808 920 θ.
861 850 1161 940 Angelus
1207 864 1436 920 autem
1503 851 1776 921 Domini
1822 852 1976 942 ejus
2026 850 2229 921 matri
2277 850 2605 940 apparuit
2651 850 2720 918 in
2786 849 3077 932 somn-ie,

526 950 592 1007 et
640 939 776 1007 ait:
831 961 868 1005 «
900 943 1140 1039 Surge,
1181 939 1541 1008 Poemenia
1573 961 1590 1005 ε
1627 962 1839 1026 quam
1869 938 2227 1009 celerrime
2276 959 2613 1028 praepara
2643 959 2898 1028 pueros
2925 950 3083 1007 tuos

526 1037 595 1095 et
615 1026 958 1115 jumenta,
998 1026 1176 1095 nihil
1226 1026 1578 1096 molestiae
1612 1026 1680 1096 in
1715 1027 1951 1096 animo
1998 1027 2286 1108 habens,
2339 1048 2421 1095 ac
2469 1026 2693 1094 filium
2730 1037 2929 1095 tuum
2973 1047 3083 1095 se·-

526 1135 767 1200 quere:
826 1115 1236 1203 martyrium
1293 1115 1482 1184 enim
1545 1136 1669 1203 pro
1719 1115 1968 1185 Christi
2016 1113 2449 1184 confessione
2512 1113 2618 1182 illi
2671 1113 3081 1183 obeundum

526 1214 651 1271 est.
689 1206 829 1273 Hoc
860 1202 1096 1293 igitur,
1151 1214 1228 1272 ut
1273 1202 1441 1283 dixi,
1478 1203 1602 1271 tibi
1637 1202 2005 1272 molestum
2058 1224 2193 1271 non
2228 1202 2340 1282 sit,
2396 1223 2622 1289 neque
2669 1202 2868 1291 prius
2898 1200 3085 1270 desi-

527 1301 692 1368 stas,
736 1312 948 1376 quam
990 1290 1077 1359 ad
1129 1290 1358 1359 locum
1406 1290 1470 1360 ei
1520 1292 1952 1381 propositum
2005 1290 2420 1379 perveneris,
2448 1313 2483 1356 »
2532 1288 2895 1360 Alexandri
2941 1310 3086 1357 ma·

528 1389 629 1446 ter
661 1399 822 1447 cum
861 1376 1030 1448 haec
1076 1378 1453 1449 audivisset
1499 1380 1588 1448 ab
1619 1379 1895 1478 Ange10,
1946 1399 2367 1468 magnopere
2415 1377 2663 1447 laetata
2709 1391 2843 1449 est:
2887 1398 3086 1445 cum-

525 1486 660 1621 que
708 1466 1141 1547 surrexisset,
1201 1466 1384 1536 sicut
1432 1466 1606 1535 dixit
1655 1466 1756 1536 illi
1807 1466 2129 1555 Angelus,
2185 1467 2314 1536 iter
2358 1465 2619 1535 faciens
2668 1464 3088 1552 sequebatur

554 1553 781 1622 ilium.
834 1557 1021 1635 Quae
1069 1554 1140 1622 in
1190 1554 1435 1624 urbem
1486 1554 1824 1644 ingressa,
1881 1556 1951 1621 in
1987 1575 2197 1641 quam
2250 1554 2628 1644 perductus
2656 1552 2903 1632 fuerat,
2939 1552 3121 1621 illic.

528 1663 686 1710 eum
723 1642 1006 1722 invenit,
1060 1663 1197 1729 quo
1259 1655 1564 1732 ternpore
1609 1665 1650 1711 a
1701 1642 2082 1732 Tyberiano
2132 1642 2451 1712 Praeside
2498 1641 3078 1731 interrogabatur.

531 1732 700 1798 Cum
735 1729 951 1818 igitur
995 1729 1258 1816 optima
1306 1729 1425 1799 illa
1464 1729 1768 1799 foemina
1792 1752 1951 1799 eum
1987 1729 2290 1809 vidisset,
2347 1730 2559 1799 missa
2589 1751 2752 1800 voce
2802 1749 3080 1828 magna:

528 1839 564 1882 «
602 1821 801 1897 DeuS,
858 1817 1105 1904 inquit,
1182 1816 1299 1886 ille
1347 1816 1736 1888 altissimus
1784 1830 2013 1903 pastor
2074 1819 2322 1896 bonus,
2387 1818 2501 1887 cui
2551 1828 2628 1886 tu
2693 1816 3077 1896 credidisti,

529 1903 809 2004 adjutor
856 1905 981 1974 tibi
1030 1906 1142 1986 sit,
1209 1905 1310 1973 fili
1360 1906 1482 1975 mi.
1534 1928 1571 1972 »
1639 1911 2006 1992 Postquam
2061 1927 2216 1975 vero
2263 1906 2692 1994 Tyberiauus
2739 1905 3085 1974 foeminae

528 1992 725 2062 illius
772 2013 1006 2062 vocem
1065 1993 1395 2073 audisset,
1450 1994 1791 2081 quaesivit
1834 2013 2179 2149 quaenam
2244 2005 2420 2063 esset
2469 2015 2591 2064 vox
2649 1992 2810 2062 illa:
2864 2012 3089 2079 neque

529 2080 906 2168 quisquam
954 2102 1036 2149 ex
1083 2081 1224 2149 illa‘
1253 2082 1456 2150 turba
1500 2103 1679 2169 quae
1728 2104 1848 2150 inu
1882 2094 1944 2150 ta
1974 2080 2118 2150 illic
2149 2081 2534 2162 assistebat,
2578 2081 2801 2171 potuit
2826 2080 3080 2159 dicere,

528 2168 885 2238 undenam
943 2191 1023 2238 ea
1071 2191 1195 2238 vox
1254 2169 1643 2238 advenerat.
1709 2174 1878 2238 Tum
1948 2168 2328 2238 Alexandro
2376 2169 2549 2238 dixit
2596 2169 3076 2257 Tyberianus:

530 2261 743 2412 «Age,
799 2258 1032 2337 miser,
1071 2257 1208 2326 diis
1255 2257 1591 2327 sacrifica.
1631 2280 1668 2324 »
1697 2298 1782 2309 —-
1811 2280 1847 2323 «
1874 2256 2223 2337 Sacrifico,
2276 2257 2503 2344 inquit
2548 2256 2948 2337 Alexander,
2980 2276 3090 2326 sa-

528 2345 627 2414 cri
661 2345 872 2413 icium
926 2343 1153 2414 laudis
1200 2344 1477 2415 coelesti
1543 2349 1677 2415 Deo
1727 2367 1900 2415 meo.
1950 2365 1986 2410 »
2035 2345 2129 2413 Ad
2184 2346 2349 2415 haec
2396 2344 2660 2415 Judex:
2717 2368 2754 2411 «
2787 2349 2883 2413 An
2947 2364 3086 2413 non

527 2432 760 2504 dixisti
812 2432 1008 2515 mihi,
1061 2432 1476 2516 Alexander,
1540 2445 1841 2503 vestrum
1891 2432 2091 2502 illum
2145 2436 2360 2502 Deum
2409 2432 2775 2504 sacrificiis
2825 2453 2963 2502 non
3013 2452 3089 2502 e-

530 2524 737 2612 gere?
778 2544 813 2587 »
863 2560 948 2574 -
993 2548 1018 2583 ιι
1077 2521 1381 2602 Talibus,
1441 2522 1667 2609 inquit
1706 2521 1845 2600 ille,
1903 2521 2291 2602 sacrificiiS,
2342 2522 2581 2609 qualia
2626 2544 2748 2591 vos
2794 2521 3085 2600 offertis,

529 2614 708 2678 Deus
750 2629 946 2677 meus
992 2631 1130 2677 non
1179 2623 1361 2699 eget:
1414 2610 1535 2680 sed
1586 2609 2009 2679 sacrificium
2042 2609 2355 2697 justitiae
2413 2632 2493 2679 ac
2532 2610 2920 2680 sanctitatis
2980 2631 3092 2679 re-

527 2697 765 2784 quirit,
818 2697 1151 2783 quoniam
1205 2703 1379 2768 Deus
1429 2708 1657 2767 noster
1705 2711 1989 2768 sanctus
2026 2708 2152 2766 est.
2183 2719 2219 2764 »
2269 2703 2459 2769 Tunc
2497 2699 2712 2788 jussit
2759 2697 3091 2786 Tyberia·

530 2807 666 2854 nus
715 2783 896 2853 faces
943 2806 1272 2854 accensas
1319 2785 1470 2874 ejus
1519 2784 1822 2855 maxillis
1866 2785 2242 2866 admoveri,
2287 2785 2567 2856 dicens:
2614 2809 2651 2853 «
2685 2785 3083 2866 Videamus,

527 2893 615 2941 an
666 2872 895 2942 veniat
944 2877 1074 2941 Deo
1124 2872 1368 2961 ipsius,
1404 2884 1469 2943 et
1516 2872 1760 2943 liberet
1803 2894 1964 2942 eum
2022 2872 2108 2942 de
2165 2874 2493 2945 manibus
2558 2873 2753 2945 meis.
2785 2896 2822 2940 »
2852 2878 3095 2959 Itaque

529 2960 833 3029 ministri
884 2973 1162 3029 satanae
1210 2960 1541 3040 fecerunt,
1596 2960 1782 3048 quod
1830 2960 2017 3050 jussi
2066 2959 2362 3043 fuerant,
2414 2974 2480 3031 et
2527 2961 2711 3032 faces
2757 2982 3092 3031 accensas

527 3046 908 3116 Alexandro
978 3047 1455 3119 admoverunt.
1510 3052 1586 3118 At
1643 3071 1806 3118 cum
1871 3049 2298 3136 Tyberianus
2359 3050 2687 3130 vidisset,
2743 3049 2980 3139 ignem
3033 3048 3094 3117 i-

530 3157 737 3225 psum
789 3133 1053 3204 nullam
1105 3136 1244 3204 vim
1313 3136 1567 3207 habere
1611 3149 1852 3206 contra
1899 3136 2386 3219 Alexandrum,
2420 3138 2722 3218 erubuit,
2756 3151 2823 3206 et
2871 3136 3091 3207 servis

441 3305 446 3320 Ι
530 3223 681 3292 suis
730 3222 1114 3314 praecepit,
1186 3236 1262 3293 ut
1321 3245 1481 3294 eum
1529 3225 1830 3294 vinculis
1878 3224 2240 3295 astrictum
2288 3226 2658 3296 ducerent:
2711 3225 2971 3312 quibus
3026 3234 3095 3295 et

530 3311 742 3380 dixit:
816 3334 852 3377 «
910 3311 1193 3408 Interim
1319 3312 1524 3382 raeite
1584 3334 1742 3383 vos:
1795 3334 1921 3403 ego
1970 3334 2129 3381 vero
2175 3334 2449 3401 sequar.
2507 3338 2543 3381 »
2595 3320 2807 3384 Mater
2854 3325 3094 3382 autem

530 3399 939 3477 Alexandri,
997 3420 1159 3469 cum
1211 3399 1254 3468 fi
1288 3399 1434 3469 ium
1486 3423 1528 3470 a
1583 3399 1856 3470 Judicis
1910 3414 2289 3490 conspectu
2335 3403 2719 3473 abductum
2767 3400 3082 3480 vidisset,

531 3487 792 3586 rogavit
827 3486 1101 3567 milites,
1137 3498 1215 3555 ut
1242 3509 1392 3557 eam
1442 3489 1749 3558 sinerent
1800 3488 2023 3558 filium
2074 3487 2267 3559 adire
2314 3502 2520 3577 atque
2575 3490 2863 3576 alloqui.
2920 3492 3096 3557 Cum

529 3575 745 3664 igitur
775 3574 894 3643 illa
925 3597 1138 3665 prope
1183 3576 1605 3656 accessisset,
1646 3589 1714 3646 et
1740 3576 2116 3645 Alexander
2151 3589 2439 3647 matrem
2477 3578 2798 3648 vidisset:
2835 3582 3088 3658 «Bene,

531 3663 781 3749 inquit,
837 3676 1054 3733 mater
1101 3664 1238 3733 huc
1286 3664 1569 3734 venisti:
1622 3667 1911 3751 sequere
1958 3684 2149 3733 me.»
2200 3665 2492 3748 Quidam
2524 3688 2682 3736 vero
2712 3688 2751 3734 e
2785 3664 3099 3735 militum

530 3771 822 3821 numero
870 3773 1032 3821 cum
1083 3751 1250 3821 haec
1297 3750 1627 3832 viderent,
1682 3752 2044 3822 dicebant:
2100 3757 2256 3822 «Tu
2316 3755 2623 3840 quidem,
2677 3752 3089 3833 Alexander,

526 3839 770 3910 beatus
815 3860 911 3919 es»,
946 3840 1280 3926 quoniam
1320 3861 1569 3931 magna
1616 3853 1720 3911 est
1766 3840 1941 3910 fides
1972 3853 2122 3910 tua:
2181 3862 2481 3933 magnus
2535 3841 2721 3912 enim
2774 3846 2955 3911 Deus
2988 3853 3102 3911 est

529 3926 1100 3996 Christianorum.
1155 3932 1250 3996 En
1295 3940 1374 3997 ut
1423 3928 1641 3997 multa
1689 3940 2025 3998 tormenta
2066 3949 2316 4018 passus
2351 3952 2473 4020 pro
2519 3931 2803 4000 nomine
2836 3929 3096 4019 ipsiuS,

527 4013 706 4116 nihil
754 4014 920 4083 mali
970 4014 1321 4107 accepisti.
1348 4039 1385 4083 »
1419 4020 1600 4086 Haec
1632 4015 1940 4088 dicentes
1972 4016 2102 4086 iter
2126 4015 2494 4100 faciebant,
2534 4031 2610 4089 ut
2635 4041 2677 4088 a
2706 4016 3096 4106 'tyberiano

529 4123 708 4192 Jusst
746 4102 1044 4172 fuerant.

621 4192 658 4277 ἕ
710 4194 872 4263 lo.
926 4196 1193 4260 Interea
1236 4190 1423 4259 venit
1467 4190 1893 4279 Tyberianus
1949 4214 2112 4262 cum
2176 4193 2589 4266 satellitibus
2656 4193 2830 4263 suis.
2885 4197 3105 4264 Erant

533 4291 762 4347 autem
812 4300 972 4348 cum
1024 4279 1143 4348 illo
1187 4290 1255 4348 et
1299 4278 1453 4368 ejus
1498 4279 1699 4350 urbis
1735 4280 2124 4370 optimates.
2179 4282 2531 4364 Quaesivit
2575 4279 3009 4370 'tyberianus
3055 4303 3107 4352 a

533 4366 874 4446 ministris
921 4367 1071 4439 suis
1116 4388 1255 4454 quo
1303 4367 1586 4437 nomine
1631 4366 1828 4439 locus
1875 4367 1994 4439 ille
2039 4370 2527 4461 appellaretur.
2565 4368 3107 4461 Responderunt
