3327 4999
228 384 330 449 EX
380 384 554 448 OCT.
608 386 647 448 5
932 402 1008 448 on
1057 402 1112 448 s.
1159 401 1522 448 mainubrno
1570 399 1738 448 mac.
1775 402 1849 448 ET
1896 400 2077 449 cour.
2555 383 2685 448 649

224 494 433 571 caput
480 502 683 551 suum
727 481 1049 551 reclinet:
1115 492 1179 550 et
1230 481 1513 567 quidam
1564 504 1642 551 ex
1697 481 1796 550 eis
1846 482 2307 571 responderet,
2376 480 2773 571 Meinulpho

225 570 585 640 audiente:
648 570 955 640 Christus
1003 569 1192 639 filius
1235 569 1562 651 hominis,
1615 570 1845 639 cordis
1894 570 2108 639 nostri
2156 570 2589 640 domicilium
2639 568 2776 639 sibi

223 660 496 749 expetit,
550 658 669 728 sed
730 670 1008 748 peccata
1058 670 1289 728 nostra
1344 680 1503 728 eum
1566 659 1731 727 inde
1776 658 2174 729 excludunt.
2244 659 2434 741 Quod
2488 679 2774 748 respon-

227 770 423 828 sum,
475 768 631 816 cum
702 748 1081 837 Episcopus
1144 746 1315 815 illud
1379 768 1533 817 mox
1595 747 2068 838 approbasset,
2123 747 2342 817 sancti
2392 747 2775 837 Meinulphi

224 837 537 906 animum
593 847 778 906 tanto
832 836 1173 905 Christum
1227 835 1296 904 in
1344 836 1643 936 pectoris
1693 836 1802 907 sui
1863 836 2160 926 hospitio
2228 835 2604 925 recipiendi
2662 857 2774 904 ac-

222 925 455 994 cendit
485 924 850 1005 desiderio,
905 937 982 994 ut
1037 946 1171 994 non
1232 937 1397 993 sans
1462 936 1735 1014 putaret
1781 947 1990 994 suum
2041 924 2143 994 illi
2194 945 2604 1015 praeparare
2701 946 2775 993 e-

222 1027 400 1096 ctus,
454 1013 573 1083 sed
601 1014 803 1082 etiam
844 1012 1177 1103 templum
1230 1013 1581 1082 materiale
1616 1014 1718 1084 illi
1753 1024 2151 1083 construere
2186 1013 2409 1083 modis
2448 1012 2639 1082 omni
2693 1034 2777 1082 us

222 1114 634 1192 peroptaret.
694 1106 1000 1188 Cumque
1065 1101 1150 1170 de
1207 1100 1354 1170 loco
1402 1114 1793 1192 opportuno
1844 1102 2061 1171 multa
2114 1102 2301 1191 apud
2345 1124 2416 1172 se
2464 1101 2776 1171 solicitus

221 1202 689 1290 pertractaret,
746 1190 1084 1260 subulcus
1124 1190 1274 1278 ejus
1381 1213 1455 1260 ro
1507 1212 1693 1260 more
1750 1212 2114 1282 porcorum
2159 1211 2433 1281 gregem
2489 1211 2777 1278 pascens

220 1303 292 1348 tn
355 1279 528 1349 valle
578 1278 972 1368 patrimonii
1035 1278 1247 1359 illius,
1351 1279 1794 1369 eimproviso
1856 1279 2069 1347 mirae
2104 1280 2283 1348 lucis
2331 1277 2771 1368 splendorem

222 1368 404 1438 inter
451 1368 734 1437 arbusta
773 1367 1149 1457 conspexit.
1188 1372 1276 1435 Ea
1314 1368 1572 1437 visione
1619 1368 2160 1457 obstupefactuS,
2201 1368 2267 1436 in
2302 1390 2460 1437 eum
2514 1367 2770 1448 locum,

221 1457 346 1526 ubi
397 1456 726 1546 splendor
782 1456 1128 1546 apparuit,
1182 1479 1339 1526 cum
1410 1458 1757 1527 curiosius
1806 1457 2220 1537 intenderet,
2285 1456 2542 1525 multas
2608 1456 2780 1525 vidit

222 1568 463 1615 cervas
511 1545 713 1615 modo
746 1546 1256 1615 circumeuntes
1306 1544 1534 1616 locum
1586 1546 1812 1628 illum,
1868 1546 2072 1615 modo
2129 1546 2198 1614 in
2241 1543 2360 1614 illo
2393 1544 2780 1614 subsisten-

222 1646 348 1705 tes.
387 1641 638 1704 Tantae
685 1634 899 1725 igitur
944 1634 1044 1702 rei
1093 1632 1387 1703 novitate
1450 1635 1852 1725 perculsus,
1916 1634 2153 1703 relicto
2206 1653 2434 1723 grege,
2488 1633 2632 1703 abit
2689 1632 2776 1702 ad

222 1722 717 1811 inquirendum
795 1722 1270 1822 Meinulphum
1332 1722 1692 1792 dominum
1745 1745 1976 1802 suum,
2042 1724 2453 1808 inventoque
2498 1721 2779 1812 exponit

221 1813 390 1898 quid
434 1812 699 1880 viderit.
740 1811 861 1881 His
908 1811 1187 1891 auditis,
1227 1812 1331 1879 vir
1385 1817 1511 1880 Deo
1544 1811 1829 1882 devotus
1863 1812 1995 1880 sibi
2048 1813 2156 1903 pie
2197 1809 2586 1900 persuadet,
2644 1810 2772 1878 hac

223 1900 503 1971 subulci
552 1899 811 1968 visione
863 1899 1158 1968 voluisse
1210 1900 1574 1969 Dominum
1621 1899 1847 1970 locum
1900 1900 2034 1990 ipsi
2083 1898 2527 1969 fabricandae
2559 1898 2778 1968 eccle-

224 1988 365 2058 siae
416 2000 885 2079 opportunum
927 1987 1254 2057 indicare.
1311 1988 1439 2056 Sed
1488 2011 1649 2057 cum
1694 1988 1868 2057 nihil
1919 2011 1998 2058 ea
2048 1989 2115 2057 in
2171 2009 2264 2069 re,
2318 1999 2392 2057 ut
2492 2009 2570 2055 ar
2601 1998 2768 2066 erat,

223 2078 486 2163 absque
538 2075 853 2167 Episcopi
894 2075 1186 2145 consilio
1234 2087 1530 2146 statuere
1563 2077 1870 2159 auderet,
1925 2078 2339 2169 Episcopum
2379 2098 2418 2144 a
2472 2076 2554 2146 it:
2608 2074 2777 2161 quid

224 2166 566 2236 subulcus
626 2164 894 2244 dixerit,
949 2164 1011 2233 ei
1058 2165 1357 2254 exponit.
1414 2166 1795 2255 Episcopus
1844 2186 2096 2257 magno
2144 2165 2430 2233 affectus
2489 2162 2769 2254 gaudio,

223 2254 345 2324 ait:
400 2260 585 2324 «Non
628 2253 829 2323 nobis
869 2252 1144 2323 subulci
1191 2275 1483 2343 persona
1525 2253 1826 2336 vilescat,
1880 2277 2041 2324 cum
2088 2266 2349 2323 constet
2386 2251 2778 2343 pastoribus

222 2355 381 2413 ante
428 2364 670 2412 ornnes
718 2342 1116 2411 nunciatam
1152 2363 1301 2411 esse
1334 2341 1700 2412 Salvatoris
1729 2343 2174 2413 nativitatem.
2210 2342 2492 2411 Interim
2546 2352 2775 2410 tamen

222 2432 558 2510 cooitans,
615 2452 1142 2518 nonnumquam
1179 2430 1505 2523 angelum
1557 2444 1836 2502 satanae
1867 2433 2362 2523 transfigurare
2410 2452 2482 2499 se
2531 2429 2778 2506 inan-

269 2544 304 2591 e
337 2545 457 2592 um
518 2521 717 2602 lucis,
781 2542 934 2590 mox
982 2520 1253 2609 adjecit.
1309 2521 1594 2612 Expedit
1642 2521 1868 2590 locum
1924 2521 2122 2590 illum
2173 2521 2401 2589 denuo
2457 2518 2659 2601 adiri,
2717 2518 2775 2587 si

250 2623 393 2680 orte
442 2610 665 2680 visum
718 2609 804 2679 sit
851 2613 1007 2688 Dee,
1047 2609 1418 2679 voluntatis
1465 2632 1631 2679 suae
1672 2609 1858 2679 aliud
1896 2611 2174 2700 signum
2227 2608 2640 2678 exhibere.»

311 2700 342 2788 ἓ
406 2704 492 2771 4.
545 2703 783 2798 Itaque
832 2711 1114 2768 sanctus
1163 2699 1607 2788 Meinulphus
1653 2721 1811 2767 cum
1857 2698 2149 2768 subulco
2198 2697 2362 2787 petit
2415 2697 2641 2766 locum
2685 2695 2771 2765 il-

225 2787 373 2857 lum
412 2799 476 2856 et
510 2799 728 2856 noctis
757 2786 1053 2875 caligine
1090 2791 1268 2855 terra
1314 2787 1764 2868 circumfusa,
1800 2787 1967 2856 dum
2019 2788 2091 2855 in
2128 2785 2481 2877 supplices
2538 2806 2773 2875 preces

223 2876 520 2966 genibus
570 2876 764 2944 flexis
814 2875 1195 2956 incumbit,
1257 2887 1322 2945 et
1378 2875 1815 2965 splendorem
1869 2876 2047 2946 lucis
2094 2888 2160 2943 et
2206 2895 2566 2943 cervarum
2617 2894 2774 2963 gre-

223 2987 405 3055 gem,
463 2963 745 3054 perinde
778 2976 854 3032 ut
883 2962 1247 3043 subulcuS,
1292 2964 1496 3032 videt.
1538 2964 1858 3033 Laudans
1885 2986 2046 3054 ergo
2089 2963 2200 3031 Dei
2254 2962 2410 3032 beni
2467 2961 2773 3041 nitatem,

225 3053 449 3142 surgit
498 3053 585 3122 ab
633 3052 960 3129 oratione,
1002 3053 1184 3121 venit
1234 3052 1452 3123 laetus
1500 3053 1583 3121 ad
1637 3053 2081 3154 Episcopum:
2125 3050 2294 3138 quid
2355 3051 2417 3119 vi
2470 3050 2621 3131 erit,
2673 3070 2781 3118 or-

224 3141 386 3209 dine
416 3152 933 3209 commemorat.
997 3140 1378 3231 Episcopus
1426 3141 1510 3209 de
1560 3153 1746 3211 tanto
1797 3147 1911 3210 Del
1962 3161 2248 3210 munere
2294 3139 2356 3208 ei
2405 3147 2780 3240 congratu-

224 3228 402 3307 lans,
452 3228 544 3295 ita
594 3229 980 3317 respondet:
1017 3233 1137 3297 «Ut
1183 3230 1605 3319 ambiguitas
1643 3231 1871 3300 omnis
1921 3229 2351 3309 excludatur,
2392 3227 2566 3296 mihi
2621 3227 2779 3313 qui-

224 3316 381 3384 dem
432 3315 823 3384 consultum
881 3315 1168 3396 videtur,
1215 3318 1481 3386 tertiam
1535 3340 1746 3407 super
1794 3318 1922 3387 hac
1974 3338 2043 3387 re
2091 3317 2429 3386 divinitus
2468 3327 2780 3405 expetere

224 3404 634 3473 visionem.»
656 3410 848 3473 Paret
884 3405 984 3473 vir
1031 3405 1343 3486 humilis,
1385 3406 1559 3474 redit
1597 3406 1682 3474 ad
1727 3405 1980 3487 locum,
2019 3406 2222 3475 offert·
2264 3405 2414 3496 pias
2464 3409 2596 3472 Deo
2632 3426 2783 3494 pre-

223 3515 390 3563 ces:
445 3491 698 3560 fruitur
730 3492 993 3572 eadem,
1029 3514 1166 3578 qua
1206 3493 1426 3582 prius,
1479 3494 1763 3563 visione.
1810 3500 1979 3562 Tum
2034 3515 2188 3564 vero
2240 3493 2506 3583 ingenti
2558 3492 2778 3584 reple-

225 3593 336 3652 tus
396 3580 675 3671 gaudi0,
729 3581 814 3648 ad
875 3581 1287 3680 Episcopum
1340 3584 1682 3672 properat,
1717 3583 1826 3651 sui
1882 3603 2039 3650 eum
2093 3581 2329 3672 gaudii
2373 3581 2776 3671 participem

223 3669 408 3739 facit.
449 3674 671 3758 Agunt
720 3669 924 3737 ambo
988 3680 1242 3758 pariter
1347 3669 1552 3738 ratias
1618 3692 1934 3739 summae
1983 3669 2294 3738 Trinitati
2358 3669 2542 3755 quod
2593 3668 2776 3738 idem

226 3758 632 3848 mysterium
686 3757 867 3825 trina
917 3757 1175 3825 visione
1224 3779 1306 3826 su
1411 3757 1649 3827 eadem
1693 3758 1912 3827 forma
1982 3757 2281 3826 revelare
2338 3756 2624 3847 dignata
2663 3757 2773 3827 sit.

225 3848 360 3917 Etsi
425 3868 580 3917 vero
629 3846 714 3914 de
771 3845 890 3914 illo
938 3845 1254 3935 eligendo
1306 3844 1451 3914 loco
1508 3846 1593 3914 ad
1644 3857 2062 3915 structuram
2116 3845 2355 3935 templi
2393 3846 2539 3936 jam
2588 3845 2782 3914 nulla

223 3936 408 4026 apud
482 3956 600 4004 eos
648 3934 881 4004 relicta
938 3946 1115 4003 esset
1163 3933 1607 4024 ambiguitas,
1659 3947 1729 4003 at
1782 3934 2051 4005 censuit
2098 3946 2324 4003 tamen
2389 3934 2777 4023 Episcopus

224 4024 354 4094 hac
403 4024 469 4092 in
512 4045 581 4092 re
613 4022 1058 4092 deferendum
1096 4022 1484 4091 auctoritati
1535 4023 1784 4113 regiae,
1830 4034 1905 4091 ut
1953 4022 2103 4091 sine
2155 4022 2273 4091 illa
2328 4021 2504 4090 nihil
2547 4021 2778 4111 operis

224 4112 480 4182 ibidem
514 4112 977 4181 inchoaretur.
1020 4116 1107 4178 Ea
1158 4123 1385 4180 autem
1447 4123 1842 4201 tempestate
1893 4111 2279 4180 Ludovicus
2329 4110 2519 4179 filius
2560 4108 2781 4179 Caroli

226 4201 474 4292 Magni,
532 4200 815 4291 Imperii
865 4200 1173 4269 habenas
1224 4199 1711 4268 moderabatur
1755 4212 1819 4268 et
1869 4200 1935 4267 in
1986 4198 2281 4268 coneilio
2331 4198 2768 4288 provinciali,

224 4289 411 4388 apud
462 4287 968 4380 Aquisgrahum
1000 4309 1184 4356 anno
1241 4289 1435 4357 tertio
1486 4287 1766 4380 Imperii
1806 4288 1957 4377 ejus
2010 4287 2279 4367 habito,
2335 4287 2515 4356 Ordo
2563 4290 2781 4355 Cano-

226 4400 567 4457 mearum,
608 4400 781 4464 quas
812 4376 1158 4447 seculares
1207 4388 1470 4458 vocant,
1515 4390 1659 4447 tum
1697 4398 1936 4446 recens
1970 4377 2387 4446 constitutus
2419 4388 2586 4444 erat.
2644 4379 2781 4443 Ita-

225 4487 358 4551 que
404 4489 562 4536 eum
619 4489 751 4536 non
808 4465 941 4536 nisi
990 4487 1191 4536 sexus
1257 4465 1575 4536 foeminei
1652 4464 1833 4535 ferae
1882 4465 1949 4533 in
2020 4488 2101 4534 ea
2145 4485 2354 4553 quam
2421 4463 2775 4544 diximuS,
