3327 4999
667 336 799 401 448
1264 349 1342 396 m:
1390 349 1446 396 s.
1498 345 1864 399 carnAnmA
1911 352 2080 400 vmc.
2133 353 2210 400 nr
2257 351 2452 399 vnum
2738 330 2985 401 MART.
3040 333 3139 399 22

582 438 946 507 verebatur
978 433 1161 526 apud
1193 444 1419 504 tantas
1451 445 1802 505 matronas
1834 436 1987 507 vilis
2020 446 2086 505 et
2122 436 2326 526 inops
2359 434 2600 504 videri.
2640 438 2877 520 ltaque
2903 446 3149 503 exten-

584 526 685 595 dit
730 525 1018 595 brachia
1050 536 1127 592 ut
1172 544 1344 591 uvas
1382 536 1733 612 carperet:
1785 536 1851 593 et
1895 547 2054 594 ecce
2103 537 2457 594 matronae
2504 523 2664 592 illae
2711 521 2941 591 videre
3001 522 3146 593 sibi

583 616 769 684 visae
817 624 980 683 sunt
1027 611 1311 680 brachia
1351 612 1505 699 ejus
1568 617 1878 702 purpura
1928 614 2165 703 magni
2215 612 2418 702 pretii
2473 633 2513 680 o
2610 624 2733 680 rta.
2792 609 3152 680 Accedunt

585 702 801 792 igitur
841 722 1004 790 prae
1039 700 1260 770 multa
1305 700 1787 780 admiratione,
1833 713 2265 791 tanguntque
2312 700 2418 769 sin
2478 633 2654 779 offe,
2708 710 3146 785 cernuntque

586 790 900 859 manicas
951 789 1209 877 insigni
1245 793 1555 878 purpura
1606 789 1993 869 rutilantes,
2035 790 2366 879 ajuntque
2392 722 2477 856 effi
2504 809 2700 856 eam:
2754 787 2968 886 «Quis
3013 809 3150 857 un·

584 899 798 963 quam
840 876 1166 956 crederet,
1205 876 1488 945 domina
1536 877 1926 958 catharina,
1964 878 2134 946 tanti
2176 876 2376 966 pretii
2425 875 2729 944 vestibus
2777 886 2880 943 uti
2933 887 2995 944 te
3026 897 3146 944 vo-

588 965 888 1035 luisset»
929 966 1350 1055 Ignorabant
1396 965 1582 1033 enim
1633 966 1983 1045 Christum
2031 966 2514 1036 cohonestasse
2545 984 2875 1053 sponsam
2908 985 3140 1034 suam.

587 1054 991 1123 Testabatur
1039 1053 1205 1122 haec
1254 1053 1519 1122 familia
1565 1054 1824 1140 quibis
1857 1052 2281 1133 interfuerat,
2319 1053 2623 1139 itemque
2669 1063 2948 1122 sanctae
2997 1073 3146 1121 me-

587 1142 849 1210 moriae
898 1141 1224 1230 magister
1255 1147 1515 1223 PetruS,
1551 1143 1703 1230 ejus
1750 1143 2239 1213 confessarius.

677 1231 714 1315 ὅ
768 1232 902 1300 12.
958 1230 1291 1298 Decubuit
1322 1230 1741 1316 quandoque
1788 1243 2025 1300 sancta
2081 1231 2295 1321 virgo,
2336 1238 2553 1297 matre
2600 1225 2830 1296 adhuc
2880 1232 3139 1295 Romae

589 1315 901 1407 degente.
942 1323 1100 1386 Erat
1130 1322 1274 1386 tum
1326 1318 1518 1407 gravi
1563 1332 1878 1407 correpta
1926 1318 2188 1399 morbo,
2228 1317 2559 1408 petiitque
2596 1317 2684 1387 ab
2722 1316 2875 1405 ejus
2922 1327 3143 1385 matre

589 1426 739 1473 eam
793 1405 1140 1475 invisendi
1187 1407 1459 1505 copiam
1508 1406 1793 1492 quidam
1845 1407 2099 1476 nobilis
2158 1409 2345 1485 baro,
2383 1404 2769 1475 Ludovicus
2827 1403 3132 1472 nomine.

592 1493 882 1564 Erubuit
932 1514 1087 1562 vero
1136 1493 1401 1562 familia
1449 1494 1630 1579 quod
1685 1494 1788 1562 vir
1833 1508 2066 1565 tantus
2114 1495 2202 1563 ad
2250 1514 2402 1563 eam
2452 1492 2523 1561 in
2572 1492 2691 1560 vili
2741 1490 2992 1560 lectulo
3029 1492 3144 1581 ja·
3193 1544 3199 1553 .

589 1594 856 1650 centem
906 1593 1084 1651 esset
1140 1603 1571 1653 accessurus,
1634 1587 1794 1651 Erat
1831 1582 1890 1652 is
1939 1583 2235 1653 lectulus
2282 1581 2734 1651 stramineus:
2788 1579 2879 1647 ad
2928 1591 3142 1670 caput

590 1669 879 1738 cervical
938 1670 1313 1759 exiguum:
1379 1691 1581 1760 porro
1639 1671 2148 1759 operimentum
2212 1680 2557 1738 vetustum
2603 1680 3004 1748 consutum,
3059 1688 3141 1738 ac

590 1756 859 1826 nullius
899 1779 1073 1847 pene
1121 1758 1344 1848 pretii.
1400 1758 1527 1827 Sed
1567 1759 1900 1828 Dominus
1944 1765 2149 1829 Jesus
2194 1759 2317 1845 qui
2363 1780 2490 1827 sua
2519 1757 2756 1845 inopia
2785 1777 3141 1826 servorum

592 1866 880 1915 suorum
933 1845 1385 1915 voluntariam
1427 1858 1899 1937 paupertatem
1950 1847 2247 1917 maxime
2272 1846 2616 1915 illustrem
2646 1844 2969 1925 reddidit,
3001 1866 3141 1914 non

591 1932 810 2003 defuit
850 1955 1143 2023 sponsae
1191 1956 1380 2004 suae.
1427 1939 1595 2005 Cum
1643 1935 1831 2004 enim
1884 1947 2122 2025 potens
2169 1935 2285 2005 ille
2331 1947 2396 2004 et
2425 1933 2795 2023 opulentus
2825 1933 2929 2002 vir
2958 1932 3145 2002 mul-

594 2020 681 2089 tis
730 2022 1024 2111 stipatus
1062 2021 1148 2091 ad
1197 2044 1349 2091 eam
1399 2024 1820 2105 accessisset,
1874 2023 2237 2093 videbatur
2282 2024 2344 2091 ei
2394 2022 2688 2091 lectulus
2718 2021 2908 2090 illius
2934 2043 3145 2090 aureo

591 2123 659 2178 et
697 2131 1047 2200 purpureo
1098 2123 1314 2180 tectus
1346 2111 1796 2201 operimento.
1838 2117 2135 2201 Stupens
2185 2113 2397 2201 igitur
2442 2110 2614 2179 dixit
2645 2110 2929 2180 famulis
2960 2110 3132 2179 suis:

593 2220 631 2263 «
679 2204 819 2267 Hae
883 2197 1205 2269 dominae
1254 2221 1592 2290 pauperes
1638 2200 1728 2268 ab
1775 2200 2104 2270 omnibus
2173 2212 2524 2290 putantur,
2578 2219 2740 2267 nam
2791 2219 2995 2288 saepe
3050 2197 3142 2268 ob

593 2306 702 2355 res
751 2287 1172 2356 necessarias
1205 2288 1533 2357 emendas
1581 2289 1951 2378 pecuniam
1986 2299 2226 2358 mutuo
2256 2287 2630 2377 accipiunt.
2661 2310 2699 2352 »
2735 2291 3134 2367 Praestaret,

592 2373 751 2442 illas
799 2374 970 2444 tanti
1021 2375 1217 2463 pretii
1270 2397 1691 2465 purpuram,
1746 2388 2153 2463 tantumque
2200 2388 2613 2466 apparatum
2644 2428 2666 2455 ,
2731 2395 2941 2461 quem
2992 2373 3139 2443 illic

592 2462 919 2536 vidimus.
956 2462 1361 2546 distrahere,
1399 2485 1609 2551 quam
1651 2465 1872 2555 premi
1901 2465 2161 2555 inopia.
2206 2470 2393 2535 Inter
2429 2464 2601 2534 alias
2633 2463 2939 2542 virtutes,
2974 2484 3147 2550 qua-

592 2574 750 2621 rum
799 2552 1050 2622 celebri
1083 2554 1408 2642 opinione
1454 2553 1640 2654 apud
1689 2575 1932 2623 omnes
1965 2554 2256 2624 mirifice
2286 2553 2654 2631 redolebat,
2688 2574 2855 2642 erga
2900 2552 3144 2622 dome-

594 2640 803 2710 sticos
834 2653 900 2710 et
945 2641 1067 2727 qui
1114 2663 1264 2710 eam
1298 2642 1556 2731 injuria
1589 2641 1962 2722 afficerent,
2002 2654 2240 2712 sancta
2272 2642 2464 2731 virgo
2489 2642 2837 2732 egregiam
2870 2661 3150 2730 semper

593 2729 813 2798 animi
865 2730 1261 2818 patientiam
1296 2729 1713 2799 declarabat.
1754 2735 2080 2800 Accurate
2126 2731 2313 2800 enim
2365 2752 2599 2799 secum
2698 2728 3036 2817 erpendit,
3082 2729 3152 2797 si

593 2817 762 2903 quid
811 2839 851 2886 a
901 2818 1100 2888 nobis
1148 2818 1321 2887 bene
1368 2830 1640 2907 gestum
1691 2817 1800 2899 sit,
1842 2818 1908 2887 id
1958 2818 2158 2889 facile
2207 2818 2428 2908 redigi
2475 2818 2547 2885 in
2584 2818 2653 2886 ni
2710 2817 2908 2898 ilum,
2947 2816 3005 2888 si
3054 2815 3152 2886 sit

595 2905 878 2973 animus
924 2905 1255 2995 patientia
1301 2905 1696 2977 destitutus.
1763 2912 1841 2976 Ut
1890 2906 2101 2997 igitur
2160 2906 2382 2977 solent
2438 2906 2686 2976 odores
2736 2918 2882 2975 tum
2933 2904 3152 2974 latius

594 2992 832 3081 spargi
879 3014 1043 3062 cum
1075 3006 1634 3064 commoventur:
1667 2994 1762 3063 ita
1790 2994 1956 3064 haec
1982 3006 2220 3065 sancta
2267 2995 2482 3094 virgo,
2521 2994 2798 3085 injuriis
2825 3004 2892 3062 et
2917 3014 3153 3082 perse-

594 3079 994 3149 cutionibus
1024 3081 1361 3162 infestata,
1396 3082 1842 3171 praecipuam
1873 3084 2236 3153 exhibebat
2265 3083 2689 3173 patientiam:
2728 3081 2913 3151 haud
2946 3081 3154 3152 aliter

593 3189 806 3323 quam
833 3169 951 3254 qui
977 3190 1129 3238 eam
1178 3169 1567 3239 affecissent
1612 3169 1973 3253 beneficio,
2011 3171 2310 3272 diligens
2344 3193 2461 3241 eos
2493 3193 2533 3240 a
2578 3170 2836 3257 quibus
2882 3169 3150 3240 offensa

627 3255 861 3326 uisset.
904 3262 1140 3327 Utrum
1189 3270 1418 3327 autem
1460 3280 1618 3327 vera
1649 3259 1809 3345 quis
1847 3259 1937 3329 sit
1982 3260 2372 3329 humilitate
2469 3258 2797 3340 raeditus,
2840 3267 2989 3327 tum
3017 3278 3147 3358 po-

597 3343 1088 3436 test-intelligi,
1149 3346 1209 3415 si
1259 3346 1529 3435 placide
1574 3346 1745 3416 ferat
1794 3347 2147 3438 injuriam.
2207 3281 2645 3418 Praeclarum
2699 3367 2866 3417 sane
2923 3346 3142 3436 hujus

594 3433 1006 3503 venerabilis
1055 3433 1343 3523 virginis
1394 3435 1760 3523 patientiae
1792 3436 2264 3506 testimonium
2296 3435 2597 3505 reddidit
2631 3434 2952 3525 religiosa
2978 3439 3149 3506 Deo·

592 3540 730 3607 que
777 3534 1044 3591 sacrata
1091 3522 1283 3622 virgo
1332 3523 1697 3613 Margarita
1745 3523 1966 3593 Caroli
2013 3524 2242 3594 fratris
2298 3524 2453 3611 ejus
2517 3523 2699 3592 filia:
2752 3545 2931 3610 quae
2976 3545 3144 3594 cum

592 3608 1073 3696 quinquennio
1103 3610 1165 3679 ei
1198 3611 1644 3693 mserviisset,
1681 3609 2071 3682 affirmabat
2116 3634 2190 3683 se
2222 3613 2490 3683 nullam
2551 3632 2866 3698 unquam
2916 3611 3147 3702 impa-

596 3696 872 3767 tientiae
918 3719 1178 3778 vocem,
1216 3697 1431 3768 immo
1483 3721 1568 3767 ne
1615 3699 1896 3789 signum
1946 3700 2228 3788 quidem
2273 3700 2602 3772 commoti
2633 3699 2856 3768 animi
2906 3700 2980 3769 in
3028 3722 3151 3772 eos

598 3784 724 3871 qui
759 3807 913 3856 eam
962 3786 1343 3867 laesissent,
1396 3787 1945 3858 animadvertere
1995 3788 2327 3880 potuisse.

682 3874 720 3960 ἓ
775 3878 913 3947 18.
967 3876 1181 3946 Annis
1229 3874 1473 3966 viginti
1519 3888 1586 3945 et
1650 3876 1964 3964 quinque
2014 3899 2178 3947 cum
2237 3874 2679 3950 sanctissima
2742 3887 2964 3947 matre
3029 3900 3162 3949 sua

595 3964 876 4042 Romae,
928 3973 995 4032 et
1040 3985 1480 4050 quocumque
1519 3964 1641 4032 illa
1671 3963 1970 4054 profecta
1999 3964 2263 4046 fuisset,
2305 3965 2727 4056 permansit:
2766 3987 2964 4035 sacra
2990 3988 3162 4037 cum

592 4047 717 4118 illa
764 4048 914 4119 loca
959 4051 1266 4122 invisens
1305 4053 1515 4122 etiam
1555 4052 1795 4142 procul
1848 4054 1916 4123 in
1955 4053 2248 4124 diversis
2294 4065 2360 4124 et
2409 4053 2811 4145 longinquis
2858 4054 3164 4145 regioni-

591 4136 750 4237 buS,
792 4138 1367 4297 Dominicumque
1392 4140 1635 4212 adiens
1666 4142 2066 4230 sepulcrum
2092 4143 2166 4211 in
2191 4142 2603 4215 Jerusalem.
2641 4147 2934 4213 Fervens
2965 4143 3161 4214 Chri-

594 4236 684 4295 sti
730 4247 926 4295 amor
974 4237 1197 4300 tantos
1272 4228 1516 4300 abores
1547 4227 1746 4299 facile
1793 4231 2166 4320 superavit.
2206 4234 2375 4301 Cum
2407 4231 3155 4320 essentJerosolymae,

597 4326 840 4384 sancta
871 4326 1087 4386 mater
1113 4316 1264 4406 ejus
1312 4316 1499 4386 febre
1545 4330 1863 4408 correpta
1892 4330 1995 4388 est
2024 4340 2203 4419 quae
2247 4319 2457 4388 etiam
2513 4319 2618 4389 illi
2665 4319 2990 4401 inhaesit,
3037 4321 3164 4393 do·-

601 4422 731 4473 nec
801 4407 1092 4474 Romam
1163 4416 1642 4476 reverteretur:
1720 4406 1845 4479 ubi
1911 4407 2222 4480 Christus
2290 4407 2525 4482 obitus
2596 4409 2749 4499 ejus
2821 4407 3011 4479 diem
3098 4421 3169 4482 et
