3327 4999
613 301 740 366 396
1135 319 1213 365 nn
1262 318 1317 365 s.
1371 316 1736 364 cumanam
1783 313 1983 363 Ense.
2037 312 2438 361 unmsFARN.
2701 292 2946 359 MART.
3003 291 3094 354 20

579 403 643 471 ia
689 402 1154 471 exhortatione
1202 400 1523 469 refovere:
1579 401 1838 470 sciebat
1885 397 2299 487 angustiatis
2349 393 2605 485 gaudia
2653 393 2827 462 vitae
2866 391 3095 460 coele-

526 491 649 560 stis
697 490 784 559 ad
822 490 1229 559 memoriam
1263 511 1605 568 revocare,
1665 488 1937 578 fragilia
1976 484 2192 555 seculi
2235 485 2445 573 hujus
2496 495 2560 551 et
2611 503 2939 571 prospera
2987 480 3090 549 si-

525 578 674 648 mul
724 590 788 647 et
836 579 1119 646 adversa
1156 590 1579 646 monstrare:
1633 577 1967 645 didicerat
2015 573 2290 642 tentatis
2349 570 2764 639 multifarias
2817 567 3097 653 antiqui

523 667 742 737 hostis
792 666 1092 755 p‘andere
1141 666 1501 744 versutia5‚
1555 666 1814 750 quibus
1864 662 2474 749 tacile'caperetur
2505 658 2786 726 animus
2815 656 2935 743 qui
2980 655 3086 723 vel

525 755 849 833 fraternO,
908 753 1008 822 vel
1043 753 1276 821 divino
1327 775 1559 821 amore
1607 753 1912 821 nudatus
1958 750 2294 818 existeret.
2347 753 2424 816 At
2455 747 2575 833 qui
2627 747 2893 834 integra
2946 743 3092 811 fide

529 843 892 912 roboratus
940 841 1307 921 incederet,
1348 841 1640 911 insidias
1678 838 2077 915 adversarii,
2135 836 2420 905 Domino
2469 834 2844 903 auxiliante
2890 832 3100 917 quasi

530 952 759 1000 casses
795 930 1112 998 transiret
1159 950 1472 997 araneae.
1533 931 1840 1010 QuotieS,
1895 927 2144 1011 inquit,
2202 925 2543 1023 meipsum
2595 923 2680 990 de
2728 920 2864 989 alta
2915 942 3095 1007 rupe

531 1040 657 1121 per
704 1040 1032 1107 praeceps
1083 1017 1371 1085 misere?
1405 1018 1674 1102 quoties
1720 1016 1921 1103 quasi
1952 1015 2038 1083 ad
2072 1011 2627 1080 interficlendum
2687 1032 2794 1077 me
2829 1008 3098 1098 lapides

527 1107 926 1195 Jactabant‘?
975 1105 1092 1175 sed
1125 1118 1190 1174 et
1237 1105 1392 1174 aliis
1440 1105 1736 1191 aliisque
1784 1101 2308 1194 phantasiarum
2353 1098 2793 1167 tentamentis
2825 1119 2934 1165 me
2967 1119 3097 1184 ap—

536 1206 841 1285 petentes
890 1194 1250 1272 deterrere,
1308 1215 1386 1262 ac
1436 1193 1520 1261 de
1569 1193 1717 1262 loco
1765 1193 1977 1282 hujus
2033 1187 2431 1258 certaminis
2479 1187 2913 1255 conabantur
2970 1184 3097 1253 eli-

537 1283 837 1351 minare:
895 1304 1016 1350 nec
1066 1296 1291 1349 tamen
1343 1281 1694 1350 ullatenus
1743 1280 1842 1350 vel
1893 1301 2145 1367 corpus
2197 1297 2427 1346 meum
2502 1276 2774 1344 laesura
2823 1272 3085 1359 aliqua,

540 1371 641 1440 vel
693 1383 993 1439 mentem
1046 1370 1289 1437 timore
1322 1370 1792 1439 contaminare
1841 1367 2180 1435 valebant.

621 1460 658 1545 ἓ
709 1464 869 1528 ²6.
927 1463 1151 1543 Neque
1200 1480 1355 1526 vero
1404 1458 1781 1527 sanitatum
1832 1455 2167 1524 miracula
2219 1475 2342 1543 per
2390 1451 2741 1520 hominem
2793 1450 2934 1528 Dei,
2992 1459 3100 1518 ta-

535 1546 735 1615 metsi
790 1545 989 1634 longe
1053 1545 1140 1613 ab
1208 1546 1609 1614 hominibus
1659 1545 1997 1633 positum,
2056 1542 2206 1611 fieri
2280 1541 2664 1610 cessabant.
2736 1536 3099 1623 Siquidem

534 1632 948 1703 venerabilis
986 1632 1238 1701 ancilla
1289 1633 1537 1703 Christi
1589 1633 1797 1700 Elssed
1830 1687 1844 1712 ‚
1912 1653 2088 1717 quae
2139 1631 2314 1698 inter
2363 1628 2617 1718 gaudia
2677 1626 3096 1715 virginitatis

536 1743 671 1791 non
725 1723 967 1810 paucis
998 1721 1418 1790 famularum
1452 1721 1697 1789 Christi
1732 1720 2131 1810 agminibus
2163 1731 2513 1785 maternae
2564 1714 2832 1804 pietatis
2853 1736 3099 1782 curam

536 1809 931 1889 adhibebat,
970 1832 1048 1878 ac
1083 1809 1335 1898 regalis
1370 1821 1732 1877 stemmata
1781 1807 2156 1877 nobilitatis
2217 1805 2463 1895 potiori
2508 1802 2861 1872 nobilitate
2905 1823 3103 1870 sum-

538 1920 689 1966 mae
738 1897 1012 1966 virtutis
1086 1897 1596 1977 accumulabat,
1656 1896 1872 1966 multo
1940 1896 2162 1963 virum
2242 1894 2354 1962 Dei
2418 1913 2688 1981 semper
2743 1889 3099 1959 excolebat

537 2006 793 2054 amore.
848 1990 1027 2054 Haec
1074 2006 1151 2053 eo
1217 1996 1543 2075 tempore,
1599 1985 1779 2055 sicut
1824 1986 1972 2073 ipsa
2028 1995 2259 2071 postea
2313 1979 2890 2050 reverendissimo
2942 1977 3094 2045 Lin-

537 2072 991 2143 dissarnensis
1039 2073 1368 2142 ecclesiae
1416 2074 1812 2163 presbytero
1861 2070 2238 2150 Heresrid0‚
2271 2081 2334 2137 et
2367 2068 2483 2136 ille
2532 2069 2705 2136 mihi
2735 2066 3089 2146 referebat,

539 2162 730 2253 gravi
780 2183 1108 2250 percussa
1141 2160 1498 2251 languore,
1553 2183 1632 2230 ac
1681 2161 1803 2230 diu
1848 2173 2107 2239 vexata,
2148 2180 2320 2248 pene
2359 2158 2506 2227 visa
2553 2170 2655 2225 est
2705 2155 3095 2245 pervenisse

540 2249 625 2318 ad
682 2260 988 2317 mortem.
1033 2249 1152 2318 Cui
1187 2272 1346 2318 cum
1398 2250 1494 2318 nil
1545 2248 1926 2319 curationis
1960 2260 2239 2338 possent
2269 2244 2596 2314 adhibere
2645 2244 2922 2322 medici,
2979 2266 3095 2312 su-

538 2337 681 2406 bito
728 2337 962 2406 divina
1012 2337 1430 2407 intrinsecus
1472 2338 1693 2427 gratia
1740 2349 2049 2413 curante,
2105 2334 2440 2424 paulatim
2493 2332 2696 2401 morti
2745 2331 3091 2399 subtracta

538 2439 665 2507 est,
721 2448 845 2494 nec
895 2438 1119 2494 tamen
1191 2426 1391 2516 plene
1447 2439 1711 2495 sanata.
1776 2432 1942 2493 Nam
1995 2424 2190 2492 dolor
2236 2422 2518 2510 quidem
2581 2421 3091 2488 interaneorum

541 2516 895 2596 abscessit,
952 2515 1423 2583 membrorum
1479 2515 1668 2605 vigor
1716 2515 1948 2583 rediit:
2005 2513 2120 2582 sed
2182 2511 2472 2581 facultas
2523 2509 2752 2579 standi
2806 2506 2908 2575 vel
2951 2529 3096 2575 am-

540 2603 837 2671 bulandi
888 2625 1171 2693 prorsus
1220 2602 1437 2670 defuit
1474 2604 1639 2688 quia
1674 2625 1799 2671 nec
1848 2602 1930 2670 ad
1985 2600 2308 2672 standum
2338 2598 2532 2688 erigi,
2589 2619 2715 2666 nec
2767 2596 2896 2665 nisi
2927 2617 3094 2681 qua·

541 2691 805 2781 drupes
852 2691 1119 2759 valebat
1168 2689 1463 2780 ingredi.
1520 2690 1750 2779 Coepit
1808 2712 1971 2780 ergo
2020 2689 2233 2758 tristis
2281 2700 2623 2756 aeternam
2697 2686 2934 2755 timere
2981 2683 3097 2752 de-

539 2779 904 2848 bilitatem:
958 2800 1121 2847 nam
1158 2791 1222 2846 et
1270 2779 1355 2846 de
1391 2778 1817 2846 medicorum
1870 2778 2127 2846 auxilio
2160 2777 2306 2864 jam
2353 2775 2615 2865 pridem
2669 2772 2845 2842 sacta
2881 2772 3099 2840 fuerat

541 2867 953 2957 desperatio.
1009 2866 1130 2934 Cui
1178 2888 1339 2934 cum
1389 2865 1501 2933 die
1546 2866 1845 2951 quadam
1888 2866 2065 2945 inter
2112 2864 2471 2954 angustias
2507 2862 2804 2931 tristium
2848 2860 3100 2946 cogita-

542 2956 808 3023 tionum
860 2954 1118 3021 veniret
1167 2954 1235 3020 in
1289 2965 1583 3022 mentem
1635 2954 1833 3023 beata
1880 2966 1945 3022 et
2000 2953 2233 3040 quieta
2294 2950 2716 3020 conversatio
2787 2969 3099 3016 reveren·

540 3042 813 3112 dissimi
867 3041 1080 3130 patris
1130 3041 1516 3110 Cuthberti:
1557 3043 1853 3122 Utinam,
1893 3042 2141 3127 inquit,
2179 3040 2501 3108 haberem
2554 3036 2813 3122 aliquid
2866 3036 2953 3106 de
3001 3058 3102 3104 re-

542 3132 677 3200 bus
727 3129 1077 3198 Cuthberti
1128 3130 1295 3197 mei:
1333 3130 1475 3199 scio
1514 3144 1696 3199 certe
1724 3142 1789 3199 et
1819 3130 2024 3216 credo
2071 3142 2136 3198 et
2182 3127 2455 3197 confido
2497 3126 2568 3194 in
2621 3125 2909 3194 Domino
2937 3124 3102 3209 quia

529 3219 676 3299 ‚cito
726 3239 1033 3286 sanarer.
1089 3222 1165 3285 Et
1214 3239 1348 3286 non
1401 3217 1620 3287 multo
1681 3229 1833 3308 post
1880 3218 2156 3286 advenit
2219 3215 2340 3302 qui
2396 3215 2457 3283 ei
2506 3234 2750 3282 zonam
2814 3211 3093 3290 lineam,

542 3308 631 3375 ab
680 3327 758 3374 eo
809 3305 1121 3385 missam,
1167 3304 1480 3374 deferret.
1535 3311 1724 3387 Quae
1773 3306 2072 3375 multum
2123 3305 2358 3396 gavisa
2406 3303 2492 3372 de
2542 3321 2829 3370 munere
2877 3313 2944 3369 et
2982 3299 3102 3368 de-

544 3393 876 3463 siderium
931 3415 1139 3464 suum
1193 3394 1337 3462 viro
1385 3404 1622 3463 sancto
1662 3394 1811 3482 jam
1860 3393 2146 3462 coelitus
2214 3390 2628 3481 patefactum
2677 3388 3096 3479 intellige11S‚

543 3482 887 3551 succinxit
934 3503 1006 3550 se
1057 3481 1175 3549 illa
1222 3493 1288 3550 et
1337 3503 1540 3550 mane
1575 3503 1732 3550 mox
1758 3493 1979 3549 erecta
2027 3481 2109 3549 ad
2156 3479 2505 3558 standum,
2562 3478 2756 3546 tertia
2803 3499 2963 3545 vero
2992 3475 3104 3544 die

542 3568 745 3659 plene
774 3582 897 3638 est
944 3569 1213 3637 reddita
1261 3569 1561 3638 sanitati.
1602 3575 1759 3640 Post
1810 3568 1957 3638 dies
2005 3583 2233 3637 autem
2286 3589 2546 3657 paucos
2592 3565 2816 3655 coepit
2861 3586 3106 3654 aegro-

542 3668 688 3726 tare
734 3658 1073 3742 quaedam
1126 3657 1213 3725 de
1260 3657 1654 3756 virginibus
1690 3657 2089 3726 monasterii
2139 3656 2387 3746 ipsiuS,
2424 3654 2656 3723 dolore
2701 3653 2949 3742 capitis
2995 3653 3104 3721 in·-

542 3744 906 3814 tolerabili.
961 3751 1148 3827 Quae
1181 3767 1343 3814 cum
1389 3757 1908 3835 lngravescente
1939 3745 2179 3814 morbo
2207 3766 2330 3834 per
2377 3743 2546 3821 dies,
2587 3742 2932 3809 videretur
2954 3761 3102 3812 esse

542 3834 903 3913 moritura,
940 3833 1218 3902 intravit
1256 3833 1341 3901 ad
1387 3833 1804 3902 visitandam
1856 3854 2005 3901 eam
2035 3832 2443 3902 venerabilis
2489 3829 2868 3899 Abbatissa.
2906 3833 3106 3896 Curn-

541 3943 675 4007 que
723 3943 875 3990 eam
925 3921 1222 4010 graviter
1259 3921 1583 3990 afflictam
1634 3944 1803 3990 cons
1858 3921 2086 4001 iceret,
2130 3920 2283 4008 tulit
2333 3931 2778 3988 memoratam
2832 3916 2961 3985 viri
2988 3916 3104 3984 Dei

544 4022 908 4090 zonam‚et
959 4008 1084 4078 hac
1134 4008 1238 4076 illi
1285 4022 1495 4099 caput
1544 4009 1807 4078 circum
1847 4010 2035 4100 igare
2082 4008 2370 4078 curavit.
2425 4012 2609 4089 Quae
2657 4005 2898 4074 eodem
2949 4025 3105 4072 mox

542 4096 677 4177 die,
735 4098 1032 4167 abeunte
1099 4096 1355 4178 dolore,
1405 4109 1644 4166 curata
1679 4109 1820 4167 est:
1876 4096 2260 4183 tollensque
2297 4117 2566 4174 zonam,
2624 4115 2750 4163 sua
2797 4091 3107 4162 condidit

545 4185 617 4254 in
670 4207 902 4275 capsa.
958 4192 1175 4269 Quam
1229 4207 1388 4254 curn
1440 4197 1593 4274 post
1640 4185 1788 4255 dies
1835 4185 2098 4272 aliquot
2142 4184 2499 4253 Abbatissa
2546 4182 2946 4268 requireret,
2985 4197 3106 4248 ne-

542 4295 678 4431 gue
726 4275 799 4342 in
850 4297 1060 4364 capsa
1106 4271 1346 4342 eadem
1394 4294 1618 4359 neque
1648 4272 1925 4362 uspiam
1977 4294 2262 4372 prorsus
2312 4271 2532 4361 potuit
2559 4269 2875 4339 inveniri.
2908 4267 3104 4350 Quod

595 4362 780 4431 ivina
828 4360 1342 4451 dispensatione
1390 4357 1648 4429 factum
1698 4361 2145 4450 intelligitur,
2200 4359 2514 4428 videlicet
2561 4369 2637 4427 ut
2695 4369 2761 4427 et
2809 4378 2930 4447 per
2964 4355 3106 4425 duo
