3327 4999
674 284 805 350 588
1418 301 1498 349 nn
1545 302 1601 349 s.
1654 299 1964 349 vanuco
2007 296 2307 349 nriscoro
2706 280 2814 349 Ex
2854 282 3038 350 1111..
3089 285 3136 352 ὅ

584 384 765 466 aliis,
802 395 879 454 ut
925 395 1082 455 ante
1128 384 1383 454 exitum
1436 384 1650 454 nostri
1686 384 2022 455 sermonis
2052 385 2218 455 satis
2266 383 2547 475 patebit,
2584 394 2651 455 et
2698 406 2955 455 arcana
3006 387 3136 457 Dei

584 474 756 543 vidit
810 487 874 543 et
921 473 1203 553 audivit,
1255 486 1321 542 et
1368 474 1812 543 salvationem
1864 495 2000 543 non
2051 486 2317 543 tantum
2366 495 2533 542 suae
2592 473 2838 563 gentis,
2891 474 3011 544 sed
3063 487 3142 548 et

586 562 963 633 multorum
1016 561 1429 652 populorum
1477 585 1557 632 co
1611 562 1819 632 novit.
1874 568 2053 631 Haec
2089 584 2221 632 non
2258 562 2516 651 passim
2569 575 2733 632 tunc
2782 562 2889 631 vul
2947 564 3140 633 iau·

588 650 787 721 ribus
845 672 918 720 se
974 650 1273 720 inaniter
1309 652 1538 740 jactan
1595 673 1634 720 o
1682 649 2082 741 divulgavit,
2149 651 2268 720 sed
2317 651 2584 741 paucis,
2636 673 2811 738 quos
2857 674 2897 720 a
2994 652 3138 724 hoc

583 739 834 830 dignos
879 739 1118 820 duxit,
1185 752 1442 809 secreto
1512 740 1990 809 manifestavit.
2044 744 2199 829 Ipse
2245 761 2402 809 vero
2451 739 2753 809 sentiens
2813 762 2888 809 se
2934 752 3136 812 tanto

583 828 860 897 divinae
928 828 1186 928 gratiae
1230 827 1412 897 dono
1462 822 1903 918 praeventu‘m
1936 882 1952 910 ,
2019 850 2156 897 non
2223 849 2297 897 se
2341 827 2645 918 erigebat
2706 829 2776 896 in
2845 827 3071 899 altum
3111 885 3129 913 ,

589 916 707 986 sed
756 936 990 985 omnia
1039 916 1368 986 referebat
1412 918 1495 986 ad
1550 917 1792 998 illum,
1854 939 1894 986 a
1952 939 2090 1004 quo
2155 930 2513 1007 acceperat
2575 917 2908 1003 quiequid
2959 919 3134 991 boni

588 1004 907 1083 habebat,
963 1004 1067 1075 vel
1113 1027 1262 1075 esse
1310 1018 1590 1096 poterat,
1643 1005 1885 1076 dicens
1915 1028 2074 1075 cum
2126 1006 2481 1096 Apostolo:
2536 1006 2766 1076 Gratia
2811 1006 2926 1076 Dei
2967 1029 3132 1078 sum

589 1094 686 1172 id,
741 1093 923 1181 quod
975 1116 1156 1163 sum.

680 1190 716 1263 ἓ
782 1184 941 1254 1⁰.
993 1183 1223 1271 Coepit
1270 1182 1482 1273 igitur
1527 1182 1877 1252 commissi
1912 1182 2047 1251 sibi
2095 1183 2323 1273 gregis
2369 1204 2607 1251 curam
2636 1204 2862 1273 agere,
2904 1184 3134 1253 talen-

590 1281 737 1340 tum
788 1270 921 1341 sibi
960 1268 1296 1341 creditum
1350 1292 1481 1339 non
1526 1270 1806 1342 sudario
1834 1271 1930 1340 illi
1987 1283 2173 1339 atum
2212 1284 2427 1341 terrae
2456 1271 2969 1353 commendare,
3005 1273 3130 1343 sed

589 1370 670 1429 ut
716 1359 940 1429 bonus
990 1359 1173 1430 verbi
1223 1360 1337 1428 Dei
1383 1359 1838 1450 dispensator,
1874 1295 1984 1428 adg
1993 1382 2279 1436 usuram
2329 1360 2875 1430 accommodare.
2933 1363 3131 1432 Unde

591 1470 758 1517 suae
804 1447 1177 1519 dioecesios
1216 1450 1543 1518 terminos
1583 1449 1858 1537 saepius
1909 1448 2244 1529 lustravit,
2297 1471 2377 1519 ac
2423 1450 2856 1539 congregatis
2889 1471 3131 1521 coram

591 1558 664 1608 se
711 1536 981 1606 clericis
1027 1558 1106 1606 ac
1155 1536 1370 1616 laicis,
1425 1537 1738 1627 pervigili
1780 1537 2045 1608 studuit
2101 1542 2269 1607 cura
2315 1537 2748 1628 investigare,
2797 1538 3132 1628 inprimis

590 1625 888 1712 qualiter
934 1625 1067 1715 ipsi
1106 1624 1552 1695 ecclesiarum
1604 1627 1983 1716 presbyteri
2016 1648 2176 1694 cum
2213 1627 2359 1696 suis
2394 1626 2729 1696 ministris
2780 1627 3121 1697 viverent:

589 1727 826 1783 utrum
869 1714 1205 1804 populum
1258 1729 1435 1784 recte
1480 1737 1559 1783 ac
1607 1715 1991 1784 secundum
2033 1714 2439 1784 catholicam
2482 1715 2869 1784 doctrinam
2919 1716 3125 1787 doce-

591 1815 766 1875 rent.
805 1824 883 1871 ac
930 1802 1111 1890 quod
1165 1803 1650 1903 praedicabant
1715 1826 1854 1883 ore,
1909 1815 1973 1872 et
2020 1825 2221 1892 opere
2266 1802 2656 1893 implerent.
2715 1805 2968 1873 Deinde
3011 1805 3123 1873 di·-

591 1891 950 1970 scutiebat,
991 1892 1047 1960 si
1100 1890 1252 1960 latei
1303 1912 1538 1960 eorum
1575 1891 1926 1961 doctrinae
1951 1891 2325 1971 obedirent,
2356 1894 2410 1961 si
2448 1893 2518 1961 in
2574 1894 2947 1963 Dominicis
2973 1892 3118 1962 die-

591 1980 725 2050 bus
757 1993 822 2049 et
867 1979 1022 2049 aliis
1064 1992 1454 2049 sanctorum
1507 1979 2058 2050 solemnitatibus
2105 1981 2191 2050 ab
2237 2003 2440 2071 opere
2486 1980 2726 2050 illicito
2775 1995 3117 2064 vacarent,

592 2068 651 2138 si
683 2068 1129 2138 ecclesiarum
1176 2068 1414 2136 limina
1463 2090 1564 2148 ea,
1619 2091 1759 2155 qua
1794 2070 2142 2147 deberent,
2183 2069 2539 2139 devotione
2585 2069 3120 2156 frequentarent,

593 2170 715 2227 aut
762 2158 1072 2227 Decimas
1117 2169 1297 2226 recte
1344 2157 1623 2227 darent:
1679 2158 2031 2245 multaque
2070 2159 2136 2227 id
2175 2182 2419 2249 genus.
2465 2158 2585 2227 His
2619 2159 2709 2228 ita
2749 2159 3124 2249 investiga-

593 2246 705 2325 tis,
759 2266 1072 2333 quaeque
1117 2257 1313 2315 erant
1360 2259 1500 2314 rata
1547 2259 1612 2316 et
1641 2246 1814 2316 bene
1859 2247 2196 2326 ordinata,
2233 2245 2537 2316 laudavit
2567 2260 2632 2316 et
2660 2248 3120 2318 confirmavit:

593 2357 772 2422 quae
822 2356 975 2403 vero
1022 2333 1238 2415 aliter,
1283 2334 1571 2405 correxit
1624 2349 1689 2405 et
1734 2336 2142 2405 emendavit.
2211 2336 2758 2405 simoniacorum
2809 2337 3124 2407 haeresin

514 2491 523 2494 ,
593 2423 794 2511 quasi
842 2422 1297 2515 perniciosam
1367 2436 1620 2514 pestem
1688 2423 2122 2493 devitandam
2178 2446 2326 2493 esse
2372 2425 2755 2507 admonuit,
2808 2448 3125 2496 asserens

592 2524 965 2604 perpetuae
1011 2512 1377 2582 tradendos
1428 2535 1685 2604 poenae
1718 2515 1836 2601 qui
1879 2514 2141 2584 haeresi
2176 2514 2338 2583 huic
2379 2515 2842 2601 nequissimae
2893 2516 3130 2587 stude-

591 2614 744 2670 rent
791 2602 1063 2671 animos
1109 2602 1468 2671 inclinare.
1527 2602 1716 2671 Unde
1763 2625 2143 2689 numquam
2196 2625 2319 2693 pro
2381 2603 2796 2672 Clericorum
2845 2605 3130 2673 ordina-

590 2691 796 2770 tione,
853 2690 953 2759 vel
1002 2690 1447 2760 ecclesiarum
1498 2692 2008 2761 consecratione
2054 2691 2414 2781 quippiam
2465 2692 2775 2760 muneris
2820 2695 3122 2782 accepit:

596 2779 713 2849 sed
768 2779 946 2848 sicut
994 2779 1063 2847 in
1109 2779 1287 2847 sacri
1332 2779 1729 2849 chrismatis
1769 2781 2090 2849 unctione
2149 2802 2271 2870 per
2314 2780 2828 2869 impositionem
2877 2803 3135 2851 manus

598 2868 930 2958 Spiritum
985 2872 1308 2936 Sanctum
1363 2866 1782 2957 paracletum
1836 2868 2048 2957 gratis
2094 2867 2304 2948 dedit,
2343 2868 2436 2937 ita
2477 2880 2541 2938 et
2590 2869 2717 2938 ista
2764 2870 3128 2952 concessit,

596 2957 825 3025 sciens
874 2979 913 3024 a
954 2955 1239 3024 Domino
1290 2972 1766 3045 praeceptum:
1821 2959 2042 3027 Gratis
2074 2957 2458 3048 accepistis,
2499 2959 2712 3048 gratis
2757 2958 2951 3027 date:
2988 2960 3128 3029 nisi

595 3043 765 3114 forte
805 3044 939 3133 ipsi
986 3043 1431 3114 ecclesiarum
1466 3044 1866 3115 fundatores
1912 3045 2170 3133 aliquid
2232 3067 2355 3135 pro
2404 3047 2582 3115 bona
2634 3046 2977 3129 voluntate
3024 3045 3130 3117 of-

597 3132 874 3213 ferrent,
928 3145 993 3201 et
1039 3132 1168 3201 hoc
1217 3131 1412 3202 illum
1470 3155 1590 3223 pro
1638 3135 2014 3224 gratiarum
2060 3135 2325 3203 actione
2373 3135 2723 3224 suscipere
2779 3148 3122 3226 rogarent.

681 3224 718 3308 ξ
784 3226 916 3294 11.
969 3221 1227 3290 Accidit
1275 3233 1437 3290 tunc
1470 3224 1821 3323 temporis,
1876 3235 1952 3293 ut
1997 3223 2174 3292 inter
2221 3223 2658 3324 Ludolphum
2697 3226 2958 3294 Ottonis
2987 3231 3130 3293 Ma·-

595 3311 710 3401 gni
766 3310 1206 3400 Imperatoris
1244 3310 1468 3379 silium
1516 3332 1636 3396 qui
1684 3312 2220 3382 Alamannorum
2269 3326 2457 3401 genti
2505 3326 2837 3413 praeerat,
2878 3326 2944 3382 et
2974 3313 3128 3402 ejus

592 3412 918 3499 patruum
969 3398 1340 3467 Henricum
1377 3400 1776 3469 Noricorum
1828 3406 2103 3480 Ducem,
2155 3400 2449 3470 oriretur
2474 3400 2559 3470 lis
2584 3402 2959 3488 odiumque
3010 3423 3131 3491 per

591 3487 1105 3578 tustigationem
1154 3500 1455 3569 satanae,
1507 3503 1573 3557 et
1616 3510 1697 3557 ex
1738 3488 2199 3580 malignorum
2251 3490 2611 3559 hominum
2648 3491 3119 3579 persuasione.

593 3580 778 3659 Quos
824 3598 982 3646 cum
1035 3582 1413 3666 Imperator
1458 3577 1544 3645 ad
1592 3578 2030 3646 concordiam
2068 3576 2354 3646 minime
2403 3600 2716 3648 revocare
2764 3579 3122 3669 potuisset,

593 3664 789 3734 fratri
842 3665 1181 3749 adjutorio
1226 3677 1464 3735 contra
1510 3664 1733 3734 filium
1783 3664 1937 3735 fuit.
1980 3672 2168 3736 Tunc
2215 3665 2497 3753 quidam
2548 3666 2948 3758 Arnulphus
3007 3671 3135 3736 Co-

595 3774 743 3822 mes
788 3753 1162 3834 Palatinus,
1195 3753 1529 3842 Arnulpbi
1562 3754 1914 3841 quondam
1953 3754 2155 3826 ducis
2203 3755 2393 3824 filius
2438 3756 2677 3837 extitit,
2730 3756 2934 3845 cujus
2963 3754 3132 3825 fidei

602 3841 995 3930 praedictus
1043 3846 1187 3911 Dux
1236 3841 1572 3912 Henricus
1617 3854 1825 3912 totam
1857 3846 2205 3913 Bavariam
2238 3865 2397 3913 cum
2435 3844 2584 3933 ipsa
2612 3843 2970 3935 metropoli
3001 3846 3136 3914 Ra-

593 3929 680 4000 tis
732 3952 864 3999 ona
908 3930 1437 4008 commendavit,
1489 3953 1569 4001 ac
1617 3931 1686 3999 in
1740 3931 2103 4002 Saxoniam
2151 3933 2236 4001 ad
2299 3937 2788 4023 Imperatorem
2842 3955 2913 4002 se
2960 3954 3135 4002 con-

599 4029 670 4088 tu
705 4018 778 4088 it.
817 4019 921 4088 lbi
966 4040 1047 4089 eo
1096 4041 1356 4089 moram
1390 4019 1701 4102 faciente,
1739 4019 1856 4089 ille
1904 4020 2087 4090 velut
2116 4019 2424 4111 perfidus
2457 4021 2836 4112 transfuga,
2870 4042 2943 4091 se
2965 4042 3137 4092 cum

594 4106 748 4196 ipsa
792 4107 1066 4178 civitate
1109 4118 1175 4177 et
1221 4108 1668 4180 multitudine
1725 4109 1989 4199 populi,
2051 4108 2392 4182 Ludolu·hi
2445 4110 2717 4200 subegit
2829 4110 3130 4181 otestati.

594 4198 777 4266 Haec
823 4217 980 4265 cum
1033 4208 1267 4266 sancto
1312 4196 1619 4267 Pontifici
1649 4211 2001 4288 comperta
2044 4196 2360 4280 fuissent,
2400 4197 2634 4268 relicta
2681 4198 2775 4267 mi
2811 4199 2980 4268 itum
3009 4220 3139 4269 cu-

596 4283 820 4355 stodia
867 4284 935 4354 in
986 4283 1257 4355 civitate
1295 4291 1620 4377 Augusta,
1675 4286 1746 4356 in
1796 4287 2212 4358 Noricorum·
2246 4286 2596 4381 regionem
2646 4288 2933 4378 propere
2969 4309 3139 4356 con-

601 4373 840 4455 tendit,
903 4371 1028 4444 ubi
1075 4385 1241 4444 tune
1286 4377 1775 4465 Imperatorem
1842 4398 2000 4446 cum
2068 4374 2369 4445 exercitu
2415 4374 2786 4447 consistere
2832 4374 3128 4446 audivit.
