3327 4999
678 281 807 349 656
1320 318 1321 325 κ
1383 300 1461 346 iii-2
1507 298 1563 347 s.
1616 298 1858 349 sommi
1907 296 2137 349 emon.
2190 298 2331 347 mic.
2668 277 2772 344 Ex
2817 276 2992 343 OCT.
3059 274 3162 340 to

590 378 990 450 monasterii
1025 380 1415 469 Praeposito
1449 379 1519 447 in
1559 379 1849 451 fratrum
1883 403 2135 450 manus
2181 400 2388 450 suum
2426 399 2685 447 munus
2716 376 3156 467 resignante,

590 483 746 540 vota
792 468 1133 547 omnium,
1175 472 1420 537 Sancto
1451 468 1516 536 id
1546 480 1789 559 agente
1823 469 2105 560 Spiritu,
2144 470 2211 538 in
2252 491 2410 538 eum
2445 465 2919 537 conferrentur
2950 462 3165 551 quod

590 580 671 627 ea
718 557 1071 627 functione
1117 555 1187 626 di
1244 578 1409 625 num
1468 578 1626 625 eum
1676 558 2169 628 existimarent.
2211 556 2338 627 Sed
2389 556 2527 638 ille,
2563 567 2640 625 ut
2685 566 2830 625 erat
2876 552 3166 623 humil-

590 645 828 727 limuS,
882 646 974 715 ita
1007 645 1170 714 aita
1252 667 1389 714 eos:
1448 650 1635 715 Itane
1686 668 1805 716 vos
1900 647 2173 739 ,ygmaei
2233 644 2617 714 imbecillas
2663 645 2842 713 vires
2889 643 2961 711 in
3020 646 3168 711 Ec-

588 734 840 805 clesiae
889 746 1235 803 structura
1306 733 1704 803 columnam
1757 737 1965 807 vutis
2039 734 2508 805 constituere?
2563 733 2917 803 hominem
2989 752 3168 800 cae-

589 846 751 894 cum
828 822 1111 892 hostiles
1179 821 1376 892 dolos
1423 833 1489 891 et
1535 823 1896 895 machinas
1973 846 2173 914 posse
2230 823 2585 924 pervidere
2657 822 2970 911 putatis?
3030 831 3166 889 aut

591 932 833 982 canem
886 922 1280 993 mortuum,
1334 911 1586 982 latratu
1635 932 1761 983 suo
1817 911 2022 1003 lupos
2067 934 2258 1003 gregi
2309 911 2664 981 Dominico
2731 908 3162 979 insidiantes

592 1000 868 1090 abigere
891 1004 922 1067 Τ
952 1003 1049 1068 An
1081 1021 1238 1069 vero
1277 999 1611 1090 ignoratis
1657 1000 1829 1071 dum
1879 1002 2071 1072 abest
2105 1000 2400 1071 maceria
2438 1010 2559 1068 aut
2603 998 2933 1068 idoneum
2985 1018 3158 1066 mu-

593 1089 1030 1169 nimentum,
1099 1090 1369 1158 vineam
1435 1089 1706 1157 Domini
1769 1088 2247 1160 fraudulentas
2313 1088 2716 1179 vulpeculas
2763 1083 3157 1156 demoliri?

591 1182 830 1264 Itaque
874 1199 1000 1268 ego
1060 1177 1277 1247 multa
1325 1176 1678 1247 involutus
1748 1178 2176 1268 ignorantiae
2241 1177 2564 1247 caecitate
2601 1231 2621 1258 ,
2703 1175 2978 1245 etiamsi
3059 1174 3147 1243 ad

592 1265 992 1336 columnam
1043 1264 1288 1356 alliger
1314 1277 1380 1335 et
1430 1266 1667 1337 multis
1713 1267 2045 1336 conficiar
2108 1266 2328 1358 plagis
2358 1322 2373 1349 ,
2428 1287 2565 1334 non
2618 1277 2844 1335 tamen
2923 1285 3147 1333 ausus

592 1377 709 1424 ero
757 1353 987 1425 isthuc
1036 1355 1104 1423 in
1143 1376 1253 1424 me
1299 1376 1477 1423 onus
1508 1355 1834 1445 recipere.
1884 1360 1986 1426 Ita
2033 1356 2151 1425 illo
2201 1378 2348 1426 sese
2394 1364 2786 1434 excusante,
2841 1351 3027 1423 alius
3073 1373 3148 1420 e—

591 1441 812 1514 lectus
842 1455 966 1513 est.
1019 1447 1095 1512 At
1131 1442 1248 1513 illo
1297 1443 1478 1512 intra
1507 1466 1728 1513 annos
1779 1466 1914 1514 non
1975 1444 2229 1515 multos
2279 1456 2464 1535 peste
2513 1442 2807 1523 sublato,
2864 1441 3145 1510 divinae

591 1532 969 1622 sapientiae
1019 1531 1447 1622 providentia
1484 1533 1718 1603 volens
1768 1533 2163 1614 lucernam,
2221 1544 2405 1603 tanta
2453 1532 2605 1602 luce
2653 1530 3135 1621 conspicuam,

593 1622 740 1691 suis
787 1620 999 1690 radiis
1028 1621 1233 1689 etiam
1282 1620 1438 1691 aliis
1480 1621 1897 1712 praelucere,
1951 1622 2020 1691 id
2054 1622 2297 1702 effecit,
2331 1633 2409 1691 ut
2455 1622 2683 1691 denuo
2732 1619 2969 1689 liberis
3005 1617 3144 1687 sra-

594 1721 778 1779 trum
828 1710 1178 1800 suffragiis
1226 1709 1481 1780 electus
1530 1712 1638 1780 sit.
1695 1716 1771 1780 Et
1820 1711 2140 1798 quamvis
2187 1709 2302 1779 ille
2358 1711 2587 1781 oneris
2637 1709 2787 1797 ejus
2837 1709 3145 1777 immane

597 1797 874 1888 pondus
939 1798 1297 1867 attendens
1354 1818 1555 1888 aegre
1609 1799 1697 1868 ad
1748 1811 2021 1891 tempus
2068 1798 2286 1869 animi
2339 1799 2443 1870 sui
2505 1811 2736 1869 aestus
2784 1796 3141 1876 tolerarit,

595 1886 874 1956 tandem
928 1899 1153 1956 tamen
1204 1886 1438 1955 divina
1485 1887 1954 1958 consolatione
1998 1888 2341 1980 perfusus,
2379 1899 2582 1974 atque
2630 1886 2875 2043 maiori
2925 1907 3008 1954 ex
3039 1906 3146 1954 ae·

598 1986 731 2045 tate
762 1976 1121 2045 maturiori
1156 1974 1519 2045 accedente
1543 1975 1834 2064 judicio,
1871 1977 2423 2048 animadvertens
2454 1991 2712 2063 quanto
2766 1975 3150 2045 aboriosior

594 2076 698 2134 est
731 2064 906 2134 vitae
939 2065 1152 2153 hujus
1202 2064 1683 2221 peregrinam),
1739 2077 1923 2135 tanto
1960 2088 2040 2135 ex
2070 2066 2186 2135 Dei
2220 2066 2439 2157 gratia
2477 2064 2924 2135 illustriorem
2972 2085 3147 2150 quo-

594 2172 731 2240 que
762 2151 902 2222 sore
937 2153 1196 2244 triump
1253 2176 1373 2222 um
1421 2175 1499 2223 ex
1533 2155 1724 2225 hoste
1775 2165 2087 2237 tartare0,
2143 2154 2508 2245 supposuit
2545 2154 2872 2224 humeros
2929 2151 3147 2222 sarci-

594 2263 748 2324 nae,
801 2241 1163 2311 considens
1211 2242 1281 2310 in
1314 2241 1676 2313 clementia
1715 2255 1777 2312 et
1824 2244 2163 2334 adjutorio
2206 2242 2592 2314 Salvatoris.

682 2332 718 2417 ξ
784 2335 871 2403 5.
929 2335 1019 2400 Eo
1068 2341 1297 2400 autem
1349 2331 1605 2400 honore
1652 2332 2101 2413 sublimatuS,
2154 2330 2742 2419 quemadmodum
2793 2352 2940 2402 sese
2989 2351 3147 2419 ges-

595 2417 784 2499 serit,
824 2418 1086 2511 ingenii
1136 2419 1345 2489 nostri
1401 2420 1698 2491 tenuitas
1760 2444 1881 2512 pro
1920 2421 2252 2514 dignitate
2311 2420 2654 2512 explicare
2705 2442 2840 2489 non
2895 2430 3139 2511 potest.

595 2509 989 2579 Esurientes
1037 2509 1243 2600 pavit,
1301 2509 1523 2579 nudos
1556 2510 1839 2592 vestivit,
1878 2511 2098 2602 frigus
2147 2510 2571 2602 temperavit,
2626 2508 2847 2579 dolori
2897 2529 3142 2579 conso-

595 2595 874 2666 lationis
920 2596 1220 2667 fomenta
1267 2597 1621 2679 adhibuit,
1693 2599 2037 2689 lacrymas
2096 2600 2434 2681 abstersit,
2488 2621 2854 2690 oppressos
2911 2596 3144 2666 suble·

594 2685 798 2767 vavit,
840 2707 1160 2756 ,carceres
1192 2687 1483 2776 aperuit,
1541 2709 1778 2777 pacem
1810 2688 2221 2770 conciliavit,
2262 2688 2642 2759 foederatos
2673 2686 3135 2767 confirmavit,

595 2774 978 2865 consopivit
1017 2774 1191 2854 lites,
1233 2787 1615 2844 remoratus
1662 2786 1763 2845 est
1795 2775 1976 2846 bella
2016 2776 2336 2867 produxit
2384 2776 2725 2857 inducias,
2759 2776 2988 2866 aegris
3034 2797 3146 2844 sa-

597 2862 850 2942 lutem,
936 2863 1149 2932 servis
1213 2861 1589 2933 libertatem
1666 2864 1980 2947 restituit,
2034 2865 2344 2936 dilatavit
2414 2866 2718 2944 moenia,
2775 2863 3144 2933 clementia

597 2950 989 3050 profligavit
1049 2950 1566 3032 crudelitatem,
1632 2952 1882 3023 detexit
1942 2953 2222 3025 fraudes
2278 2954 2579 3041 quodam
2632 2953 2934 3023 veritatis
2986 2950 3144 3022 suco

596 3038 833 3138 illitas,
870 3039 1225 3120 ‚destructa
1274 3039 1703 3122 instauravit,
1758 3064 1929 3112 nova
1959 3044 2339 3115 construxit
2385 3042 2721 3124 aedificia,
2774 3041 2962 3131 agris
3011 3041 3143 3110 soe-

596 3126 1016 3197 cunditatem
1071 3127 1332 3198 horreis
1379 3129 1761 3199 ubertatem
1802 3132 2052 3202 attulit.
2107 3137 2311 3203 Porro
2364 3154 2517 3202 vero
2562 3131 2775 3219 quieti
2833 3141 3142 3201 contem-

599 3214 923 3305 plationis
970 3215 1342 3288 ferventius
1389 3239 1669 3309 operam
1719 3219 1929 3300 dedit,
1974 3245 2134 3292 cum
2176 3221 2504 3293 fratribus
2550 3219 2905 3291 nocturnis
2957 3218 3140 3309 pari-

596 3316 702 3374 ter
744 3314 810 3374 et
863 3303 1143 3405 ‘diurnis
1194 3305 1378 3376 horis
1433 3328 1667 3397 preces
1717 3311 2091 3382 Canonicas
2140 3323 2278 3382 tam
2342 3320 2660 3381 accurate
2720 3307 3131 3399 persolvens,

596 3403 677 3463 ut
713 3393 950 3463 audito
999 3416 1376 3484 campanae
1406 3395 1603 3486 signo
1655 3399 1946 3489 negotiis
1979 3400 2407 3471 secularibus
2437 3409 2816 3490 occupatus
2865 3398 2925 3468 si
2968 3395 3137 3467 suis-

600 3494 723 3583 set,
775 3504 938 3552 voce
985 3482 1411 3584 lamentabili
1461 3485 1737 3575 saepius
1784 3486 2113 3560 fratribus
2160 3489 2435 3558 diceret:
2494 3493 2688 3558 Nunc
2736 3486 3018 3574 quidem
3071 3507 3139 3553 a·

603 3592 840 3670 nimus
900 3585 1094 3662 cupit
1160 3595 1322 3642 cum
1370 3574 1654 3644 caeteris
1717 3575 1815 3646 ire
1866 3577 1952 3646 ad
2028 3577 2424 3658 ecclesiam,
2479 3576 2594 3647 sed
2648 3576 2785 3646 heu
2861 3573 3138 3645 aliunde

597 3659 998 3761 impeditur.
1065 3666 1192 3760 Ita·
1230 3662 1564 3734 nimirum
1615 3665 1933 3735 Rachelis
1980 3677 2202 3736 castos
2256 3666 2617 3757 amplexus
2673 3674 3017 3756 expetens,
3067 3673 3139 3731 ut

592 3761 831 3818 ‘tamen
872 3753 1026 3818 Liae
1071 3749 1501 3839 diligentiam
1553 3752 1687 3821 sibi
1728 3754 2014 3824 minime
2049 3766 2318 3844 putaret
2348 3754 2825 3825 omittendam.

673 3837 725 3935 ⁴§
798 3842 891 3907 θ.
946 3837 1215 3908 Solebat
1261 3838 1465 3908 etiam
1515 3839 1990 3931 frigidissimis
2024 3844 2189 3913 anni
2240 3844 2692 3934 temporibuS,
2746 3843 2816 3911 in
2866 3861 3134 3919 aurora,

603 3929 846 4024 Missae
893 3925 1315 3997 sacrificium
1364 3927 1606 3998 facere.
1661 3934 1899 4017 Itaque
1931 3932 2122 4001 omni
2174 3933 2423 4004 otentis
2471 3933 2588 4002 Dei
2635 3952 2867 4001 amore
2906 3950 3142 4000 accen-

601 4034 721 4083 sus
749 4013 1242 4114 inexplicabili,
1278 4016 1364 4086 ob
1407 4015 1704 4087 nimium
1752 4019 1971 4089 animi
2018 4043 2096 4090 ar
2146 4043 2335 4091 orem
2382 4021 2723 4109 quaedam
2764 4018 3143 4109 deponebat

601 4111 1052 4203 vestimenta,
1114 4101 1199 4172 fri
1252 4104 1367 4206 ori·
1419 4105 1718 4176 arcendo
1783 4120 2195 4199 opportuna,
2262 4110 2437 4180 nihil
2512 4107 2787 4180 interim
2846 4107 3146 4178 sentiens

601 4212 1064 4281 asperrimum
1115 4215 1198 4282 ge
1228 4216 1276 4263 u
1350 4216 1564 4263 immo
1612 4217 1769 4265 vero
1817 4197 1904 4266 ab
1964 4198 2114 4288 ejus
2189 4199 2435 4269 vertice
2508 4198 2906 4270 visebantur
2949 4195 3145 4267 densi

602 4279 879 4380 prodire
924 4302 1229 4371 vaporeS,
1286 4281 1571 4372 perinde
1619 4295 1695 4353 ut
1742 4285 1911 4355 solet
1941 4308 2024 4356 ex
2072 4288 2367 4359 multum
2417 4289 2748 4360 bulliente
2796 4315 2998 4380 aqua.
3035 4298 3144 4362 In-

601 4380 801 4438 terim
861 4391 1390 4460 nonnumquam
1457 4372 1853 4462 rapiebatur
1897 4375 2185 4466 spiritus
2242 4377 2392 4468 ejus
2438 4378 2512 4447 in
2591 4384 2828 4464 Deum,
2894 4403 3141 4474 corpus
