3327 4999
208 318 455 384 MART.
509 320 596 385 29
2548 316 2665 380 55⁴

540 487 780 588 VITA
846 487 929 588 S.
1003 487 1472 590 EUSTASII
1540 485 1984 587 ABBATJS
2054 482 2422 585 LUXOV.

203 739 495 789 AUCTORE
540 741 699 788 JONA
761 716 979 802 SCOTO,
1031 742 1183 789 EJUS
1239 740 1591 789 DISCIPULO:
1649 741 1763 788 SED
1813 739 2042 787 STYLUS
2081 735 2431 786 OBSCURIOR
2469 735 2544 783 m·
2574 736 2767 783 ASPR-

291 844 462 902 mon,
517 844 861 899 PLERISQUE
892 841 1068 890 LOCIS
1099 843 1165 891 IN
1214 843 1493 890 GRATIAM
1540 841 1839 889 LECTORIS
1878 839 2111 887 nomen
2157 838 2450 885 MUTATUS
2480 837 2591 884 EST
2640 837 2759 884 PER

292 945 485 991 LAUR.
533 945 796 992 sunum.

854 1119 1043 1176 Obiit
1085 1134 1264 1176 anno
1295 1122 1421 1176 626
1449 1150 1521 1160 —
1554 1120 1665 1175 Ex
1704 1117 2128 1186 Bai-gandia.

291 1301 327 1386 ξ
404 1306 483 1372 1.
537 1298 960 1369 Venerabilis
1023 1297 1454 1368 Eustachii*
1501 1296 1779 1367 Abbatis
1842 1295 2284 1365 Luxoviensis
2358 1294 2763 1365 monasterii

202 1390 592 1478 scripturus
638 1387 873 1467 vitam,
916 1386 1365 1456 habitatorem
1413 1386 1565 1475 ejus
1601 1386 1841 1455 invoco
1892 1384 2225 1474 Spiritum
2279 1388 2631 1463 Sanctum,
2685 1392 2765 1452 ut

199 1476 322 1563 qui
368 1475 470 1544 illi
522 1475 803 1543 virtutes
855 1476 1142 1563 largitus
1208 1488 1346 1554 est,
1402 1474 1576 1543 mihi
1625 1474 1711 1542 ad
1764 1473 2150 1541 narrandas
2197 1494 2313 1541 eas
2362 1492 2756 1541 sermonem

205 1566 484 1644 tribuat,
524 1576 601 1632 ut
649 1562 825 1631 facta
871 1562 1075 1632 dictis
1137 1575 1625 1648 exaequentur.
1683 1563 1824 1631 Sub
1874 1562 2190 1631 Mauritio
2237 1577 2302 1628 et
2350 1561 2574 1629 Phoca
2623 1565 2761 1628 Im-

202 1652 658 1743 peratoribus‚
697 1674 835 1738 quo
884 1664 1188 1740 tempore
1236 1657 1586 1719 Romanae
1634 1650 1976 1719 Ecclesiae
2028 1648 2325 1738 pontifex
2387 1648 2759 1737 Gregorius

201 1740 433 1809 clarus
483 1740 888 1818 habebatur,
956 1761 1222 1809 necnon
1272 1751 1338 1807 et
1396 1738 1732 1808 Clotarius
1788 1738 2156 1828 Chilperici
2219 1736 2408 1805 filius
2483 1749 2763 1804 strenue

203 1833 497 1897 Francos
533 1829 830 1916 regebat,
886 1827 1391 1917 religiosissimi
1437 1827 1717 1896 extitere
1767 1827 1917 1907 viri,
1953 1825 2284 1915 discipuli
2335 1824 2501 1892 almi
2549 1822 2762 1913 patris

203 1916 633 1996 Columbani,
687 1915 905 1984 Attala
951 1927 1015 1984 et
1064 1915 1520 1994 Eustachius;
1573 1935 1872 2000 quorum
1939 1916 2125 2003 prior
2172 1914 2240 1981 in
2294 1912 2613 1981 Bobiensi
2659 1911 2755 1990 ⁴²⁴²,

201 2004 371 2073 alter
419 2005 489 2071 in
526 2004 931 2072 Luxoviensi
967 2003 1073 2039 *Ἣ
1110 2003 1464 2081 coenobio,
1517 2003 1668 2091 ejus
1699 2024 2131 2071 successores
2170 2000 2382 2079 fuere,
2423 2012 2488 2069 et
2537 1998 2763 2091 magi-

201 2093 325 2161 stri
375 2091 684 2161 instituta
733 2092 881 2162 suis
928 2092 1233 2160 alumnis
1274 2091 1610 2161 servanda
1653 2090 2106 2159 tradiderunt.
2146 2095 2219 2157 In
2268 2089 2611 2180 principio
2638 2113 2760 2160 au-

200 2194 336 2249 tem
375 2181 788 2249 narrationis
829 2192 1123 2259 nostrae,
1177 2179 1572 2268 exemplum
1622 2179 1966 2247 bonorum
2025 2178 2341 2247 omniurn
2395 2200 2760 2249 sumamus

204 2268 651 2338 Eustachium
683 2269 807 2354 qui
853 2268 1108 2337 sufficit
1156 2267 1513 2355 religiosas
1560 2289 1640 2335 ac
1670 2271 1801 2335 Deo
1850 2267 2127 2334 devotas
2168 2278 2455 2345 menteS,
2509 2266 2595 2335 ad
2641 2290 2763 2357 ap-

201 2356 490 2445 petenda
543 2357 870 2426 virtutum
906 2356 1218 2425 culmina
1249 2356 1513 2445 erigere
1571 2367 1637 2423 et
1693 2353 1776 2422 ad
1829 2354 2264 2440 perfectionis
2304 2356 2762 2443 comprehen-

202 2444 425 2514 denda
477 2444 748 2534 fastigia
798 2444 1106 2514 incitare.
1163 2450 1329 2513 Cum
1379 2464 1542 2534 ergo
1591 2442 2006 2512 venerabilis
2052 2456 2240 2532 pater
2288 2443 2760 2514 columbanus

199 2534 525 2604 vicesimo
572 2534 659 2602 ab
708 2534 922 2602 eremi
973 2533 1471 2602 inhabitatione
1528 2553 1712 2600 anno
1770 2531 2146 2600 Luxovium
2215 2532 2632 2617 reliquisset,
2687 2533 2760 2601 in

199 2643 279 2691 eo
328 2622 742 2692 monasterio
792 2621 1225 2692 venerandus
1276 2634 1464 2710 pater
1495 2620 1909 2689 Eustachius
1944 2619 2044 2687 illi
2094 2620 2424 2689 suffectus
2472 2633 2595 2689 est:
2635 2643 2762 2689 cu·

193 2710 313 2800 jus
409 2724 512 2778 ost
554 2710 965 2799 magistrum
1016 2710 1300 2778 virtutes
1332 2708 1515 2777 clare
1563 2707 1841 2777 fulsere.
1897 2713 1974 2777 Et
2020 2708 2081 2775 is
2127 2707 2407 2793 quidem
2458 2729 2539 2776 ex
2589 2713 2762 2777 Bur·

203 2733 640 2898 gungionum
678 2811 878 2898 gente
925 2796 1439 2898 ortu-&nobilis
1488 2795 1617 2864 fuit
1665 2817 1938 2886 genere,
1993 2793 2112 2864 sed
2165 2795 2459 2865 nobilior
2508 2797 2763 2866 sancti-

205 2899 363 2969 tate,
409 2909 518 2956 sui
566 2898 884 2976 magistri
931 2897 1238 2975 vestigiis
1287 2897 1638 2954 insistens,
1853 2892 1857 2896 ’

292 2977 328 3059 ξ
402 2979 484 3043 2.
538 2974 632 3043 Ad
682 2975 834 3042 e’us
898 2971 1154 3042 famam
1226 2973 1538 3059 undique
1607 2972 2053 3042 confluebant
2117 2993 2254 3040 non
2332 2972 2532 3060 pauci
2579 2984 2763 3041 etse

201 3062 558 3150 religionis
619 2996 842 3130 cuitui
919 3062 1435 3151 mancipabant,
1492 3062 1583 3129 ita
1621 3072 1700 3129 ut
1777 3082 1915 3129 non
1982 3082 2188 3150 parva
2260 3060 2762 3129 monachorum

202 3150 735 3239 congregatione
773 3149 1102 3228 adunata,
1157 3171 1315 3217 cum
1366 3148 1706 3218 sexcentis
1742 3147 1877 3217 fere
1911 3147 2271 3229 monachis
2322 3147 2465 3216 illic
2512 3148 2758 3237 degere

202 3238 551 3305 videretur
597 3238 670 3305 in
720 3237 839 3306 Dei
890 3236 1256 3306 laudibus:
1300 3237 1422 3323 qui
1470 3258 1611 3304 uno
1658 3236 1942 3325 regulae
1999 3236 2140 3304 sive
2187 3235 2476 3306 canonis
2522 3257 2764 3304 mona-

204 3324 360 3393 stici
394 3324 641 3412 spiritu
682 3346 988 3414 superna
1035 3324 1489 3414 inspiratione
1539 3324 1815 3404 imbuti,
1849 3323 2093 3393 laudes
2139 3324 2595 3414 omnipotenti
2629 3328 2765 3392 Deo

202 3411 319 3503 pio
366 3412 781 3481 exhibebant
826 3411 1192 3482 famulatu.
1231 3418 1435 3482 Porro
1486 3412 1601 3481 ille
1637 3425 1829 3502 pater
1868 3411 2278 3481 venerabilis
2329 3411 2585 3481 multae
2618 3422 2765 3481 erat

203 3500 663 3570 abstinentiae
710 3513 776 3570 et
818 3500 1194 3571 multarum
1251 3500 1675 3590 vigiliarum,
1729 3499 2132 3586 quotidiano
2193 3500 2463 3653 jef'unio
2509 3521 2764 3589 corpus

204 3610 610 3658 macerans:
665 3588 914 3657 orandi
960 3590 1163 3657 etiam
1215 3601 1360 3658 erat
1407 3589 1471 3657 ei
1520 3588 1895 3657 assiduitas
1944 3610 2198 3677 magna
2238 3611 2254 3653 ‹
2292 3588 2349 3655 ie
2404 3610 2487 3656 ac
2541 3601 2758 3656 nocte.

205 3683 339 3747 Nec
372 3676 608 3746 aberat
667 3678 754 3746 ab
802 3698 881 3745 eo
928 3676 1297 3746 solicitudo
1336 3677 1650 3746 omnium
1712 3676 2188 3755 ecclesiarum,
2262 3674 2765 3748 interveniendi

202 3767 412 3835 etiam
466 3787 719 3856 magna
792 3764 1167 3834 assiduitas
1214 3778 1278 3835 et
1326 3764 1736 3834 constantia.
1792 3768 1870 3833 In
1922 3764 2129 3833 rebus
2184 3785 2461 3850 quoque
2507 3763 2766 3832 divinis

205 3853 585 3943 implendis
631 3865 776 3923 erat
822 3852 1243 3922 fortissimus
1278 3907 1293 3933 ,
1349 3852 1660 3924 solicitus
1708 3872 1985 3939 quoque
2044 3873 2166 3940 pro
2263 3851 2641 3940 auperibus
2702 3861 2771 3920 et

203 3942 616 4043 peregrinis,
656 3942 1013 4013 Gaudebat
1042 3963 1199 4010 cuin
1232 3941 1725 4032 gaudentibuS,
1780 3941 1989 4009 flebat
2017 3960 2175 4008 cum
2207 3873 2555 4008 fientibus,
2596 3945 2766 4009 Nam

201 4043 469 4117 quoties
519 4030 622 4099 illi
656 4030 913 4117 aliquis
943 4029 1030 4100 ob
1079 4029 1552 4120 recipiendam
1605 4028 2095 4118 poenitentiam
2158 4027 2396 4117 lapsus
2444 4050 2608 4098 suos
2659 4048 2771 4096 es·

206 4131 308 4189 set
332 4117 715 4209 confessuS,
751 4120 847 4189 ita
873 4118 1102 4201 flebat,
1141 4132 1221 4189 ut
1266 4129 1332 4188 et
1365 4117 1569 4187 illum
1604 4118 1769 4186 flere
1795 4115 2258 4206 compelleret.
2297 4121 2452 4186 Erat
2496 4136 2771 4203 quoque

257 4263 285 4289 ¹¹¹
313 4262 450 4312 Lege,
470 4264 658 4312 quoties
680 4264 900 4308 occurrit.
924 4262 1214 4303 Eut-tastum.

259 4316 314 4343 *⁸
344 4317 400 4355 In
422 4317 642 4378 Ligurino
660 4318 859 4366 Alpibus
880 4318 930 4356 ln
950 4317 1104 4356 Italia.

204 4368 429 4463 ngugn
448 4370 632 4421 vosago
653 4372 814 4412 monto
835 4370 895 4411 ad
916 4370 1171 4411 hodiernae
1191 4367 1528 4418 Lothiirtngiae
1550 4368 1694 4411 anesi
1720 4367 1917 4417 vulgare
1936 4366 2032 4406 1001
2051 4366 2101 4406 εἰ
2115 4366 2335 4407 Coenobss
2351 4375 2521 4406 nomen
2537 4366 2689 4404 ΜΝ
2698 4364 2778 4405 ΥΘ)
