3327 4999
626 346 758 412 566
869 394 874 411 ,
1386 363 1590 414 smum
1637 366 1718 414 nn
1762 365 1965 415 coam
2010 366 2234 415 nomm
2827 348 3080 417 MART.

625 453 665 528 9
713 449 806 516 8.
859 448 951 514 De
995 467 1134 532 quo
1182 444 1515 515 nimirum
1575 445 1725 516 oleo
1774 447 2110 537 Propheta
2170 444 2369 515 dicit:
2422 448 2919 538 computrescit
2961 449 3086 540 ju·-

536 556 705 627 gum
756 556 797 602 a
844 532 1018 603 facie
1064 533 1218 605 olei.
1274 538 1437 604 Nam
1488 556 1646 605 cum
1703 557 1822 625 per
1858 535 1982 606 hoc
2015 535 2229 605 divini
2263 534 2658 607 chrismatis
2689 559 3086 608 sacramen-

537 637 686 693 tum
735 622 1072 693 libertatis
1120 623 1319 694 nobis
1368 623 1656 715 spiritus
1706 623 2038 694 redditur.
2080 624 2428 694 servitutis
2476 626 2800 712 antiquae
2826 626 3085 717 jugum

536 713 609 781 in
644 712 1078 802 putredinem
1129 734 1405 781 necesse
1452 725 1555 783 est
1622 712 1997 802 redigatur.
2037 718 2178 782 Hoc
2229 713 2631 802 mysterium
2684 715 3086 785 chrismatis

535 801 873 901 Propheta
908 799 1113 870 David
1153 800 1626 872 indubitanter
1673 802 1972 903 agnovit,
2017 824 2175 871 cum
2227 801 2461 873 vultus
2509 815 2776 873 nostros
2816 804 2885 871 in
2932 803 3084 874 oleo

535 889 1022 960 exhilarandos
1067 911 1216 960 esse
1262 890 1583 960 cantavit.
1622 896 1980 961 Enimvero
2011 912 2167 959 cum
2205 890 2448 959 mundi
2484 891 2778 961 crimina
2819 891 3083 963 diluvio

533 978 890 1065 quondam
939 978 1379 1070 expiarentur
1426 979 1643 1053 effuso
1680 1034 1695 1062 ,
1778 977 1995 1049 futuri
2065 978 2380 1049 muneris
2445 979 2771 1050 columba
2830 982 3085 1051 simiti-

536 1066 847 1137 tudinem
902 1067 1247 1157 praetulit,
1282 1090 1440 1137 cum
1479 1067 1697 1138 olivae
1746 1090 1937 1137 ramo
1988 1091 2226 1159 pacem
2278 1068 2475 1137 terris
2529 1069 2861 1139 redditam
2899 1092 3083 1140 nun-

537 1154 749 1225 tiavit.
780 1155 884 1224 Ait
930 1156 1113 1225 enim
1167 1157 1547 1247 Scriptura:
1586 1158 1967 1246 Expectatis
2013 1172 2241 1226 autem
2293 1157 2471 1226 ultra
2521 1171 2778 1248 septem
2831 1158 3084 1230 diebus

534 1243 717 1325 aliis,
752 1266 1026 1313 rursum
1079 1244 1345 1315 dimisit
1371 1249 1526 1315 -Noe
1569 1246 1965 1316 columbam
1999 1268 2074 1315 ex
2108 1267 2289 1314 arca.
2328 1250 2404 1315 At
2434 1245 2548 1314 illa
2583 1246 2766 1315 venit
2803 1248 2889 1316 ad
2918 1269 3082 1317 eum

533 1333 623 1402 ad
674 1352 1027 1423 vesperam
1083 1348 1364 1424 portans
1412 1356 1682 1404 ramum
1735 1330 1953 1404 olivae
1990 1334 2373 1403 virentibus
2420 1332 2603 1405 soliis
2642 1336 2710 1405 in
2759 1357 2875 1405 ore
2923 1357 3076 1406 suo.

534 1426 614 1492 In
665 1421 1074 1492 remissione
1120 1445 1200 1492 ac
1250 1424 1634 1493 reversione
1682 1424 2044 1493 columbae
2091 1423 2525 1513 septenarius
2573 1444 2907 1497 numerus
2958 1447 3085 1516 po-

535 1511 768 1592 nitur,
813 1510 981 1599 quia
1045 1524 1300 1601 septem
1366 1534 1515 1581 esse
1578 1512 2039 1603 proculdubio
2088 1512 2315 1582 Sancti
2386 1511 2683 1603 Spiritus
2729 1514 2910 1582 dona
2959 1536 3086 1584 no-

534 1613 853 1669 scuntur.
894 1600 1292 1691 vespertina
1331 1623 1490 1670 vero
1525 1601 1689 1670 hora
1722 1601 1806 1670 ad
1859 1624 2087 1670 arcam
2125 1601 2448 1670 columba
2496 1602 2878 1684 revertitur,
2914 1604 3079 1690 quia
3133 1637 3139 1641 ·

537 1689 842 1777 Spiritus
880 1693 1195 1768 Sanctus,
1233 1689 1353 1776 qui
1402 1690 1468 1783 in
1522 1691 1771 1758 mundi
1822 1689 2162 1780 principio
2210 1689 2557 1759 serebatur
2601 1714 2811 1782 super
2838 1714 3076 1779 aquaS‚

525 1777 676 1868 jam
726 1792 1245 1869 vesperascente
1295 1777 1529 1849 seculo
1579 1792 1885 1849 sanctam
1939 1778 2222 1869 replevit
2270 1778 2668 1849 Ecclesiam.

624 1868 661 1953 ἓ
710 1868 796 1936 4.
878 1866 969 1934 Ad
1035 1866 1166 1936 hoc
1229 1866 1435 1936 etiam
1487 1866 1707 1936 divini
1753 1867 2151 1937 chrismatis
2201 1868 2491 1958 pertinet
2538 1880 3072 1948 sacramentum,

533 1954 720 2041 quod
780 1955 1220 2046 omnipotens
1287 1961 1463 2025 Deus
1526 1957 1740 2046 Moysi
1792 1956 2051 2026 famulo
2100 1979 2227 2026 suo
2275 1956 2678 2026 mandatum
2730 1957 2955 2037 dedit,
3000 1970 3081 2026 ut

517 2048 753 2113 ‘Aaron
807 2044 1084 2114 fratrent
1140 2067 1343 2114 suum
1397 2049 1573 2132 aqua
1630 2045 1825 2135 prius
1855 2044 2185 2127 ablueret,
2222 2044 2472 2116 deinde
2513 2067 2632 2134 per
2663 2045 3079 2115 infusionem

525 2131 752 2223 'hujus
797 2133 1138 2224 unguenti
1185 2133 1630 2204 constitueret
1686 2134 2131 2206 sacerdotem.
2184 2140 2426 2216 Aaron,
2483 2134 2738 2221 inquit,
2790 2149 2856 2206 et
2901 2134 3086 2204 filios

523 2222 684 2311 ejus
726 2243 969 2313 unges,
1027 2221 1634 2309 sanctificabisque
1699 2244 1855 2304 eos,
1909 2235 1986 2293 ut
2034 2223 2411 2293 sacerdotio
2450 2224 2831 2313 fungantur
2879 2223 3079 2293 mihi.

533 2309 728 2380 Filiis
774 2332 1050 2398 quoque
1100 2310 1309 2380 lsrael
1360 2311 1580 2381 dices:
1635 2316 1777 2381 Hoc
1825 2311 2050 2381 oleum
2100 2311 2451 2382 unctionis
2500 2325 2811 2381 sanctum
2849 2313 2979 2381 erit
3009 2313 3083 2382 in

532 2399 1012 2490 generationes
1044 2413 1326 2473 vestras.
1363 2406 1569 2469 Porro
1599 2415 1829 2470 autem
1872 2401 2052 2470 sicut
2102 2401 2233 2469 'am
2285 2400 2520 2470 abluto
2568 2424 2689 2491 per
2734 2400 3085 2472 diluvium

523 2487 824 2569 ‘mund0‚
879 2511 1036 2559 cum
1091 2488 1309 2559 olivae
1357 2512 1549 2559 ramo
1597 2489 1684 2559 ad
1734 2512 1964 2560 arcam
2015 2423 2338 2560 columba
2387 2491 2769 2561 revertitur:
2823 2489 2921 2561 sie
2980 2502 3083 2560 et-

538 2576 674 2647 iam
727 2582 944 2648 Aaron
996 2582 1177 2665 aqua
1225 2579 1423 2668 prius
1470 2578 1752 2648 ablutus
1798 2592 1922 2657 est,
1961 2578 2211 2648 deinde
2256 2579 2626 2649 chrismate
2721 2593 3079 2660 erunctuS,

531 2679 610 2736 ut
658 2665 742 2735 ad
795 2666 1257 2736 sacerdotium
1305 2680 1840 2758 promoveretur.
1881 2669 1990 2738 Sic
2021 2668 2225 2737 etiam
2270 2665 2458 2737 nunc
2504 2667 2679 2755 quili
2732 2682 2795 2737 et
2842 2669 2924 2737 ad
2979 2691 3088 2738 re-

510 2756 994 2849 generationis
1041 2756 1331 2847 gratiam
1385 2756 1691 2837 veniens,
1731 2757 1927 2856 prius
1977 2757 2156 2826 sacri
2209 2756 2644 2847 baptismatis
2692 2757 2902 2827 undis
2948 2758 3082 2826 im-

531 2844 909 2934 mergitur,
954 2857 1033 2913 ut
1096 2843 1534 2933 postmodum
1606 2844 1821 2913 divini
1892 2845 2288 2917 chrismatis
2338 2845 2664 2934 mysterio
2712 2847 3080 2937 consigne-

529 2944 665 3001 tur.
726 2931 909 3001 Illud
964 2944 1312 3022 praeterea
1373 2932 1655 3014 oleum,
1709 2933 1891 3021 quod
1943 2947 2009 3002 et
2071 2933 2595 3003 tabernaculum
2645 2934 2959 3016 foederiS‚
3013 2947 3083 3005 et

527 3033 782 3090 cuncta
846 3021 999 3111 ejus
1046 3021 1371 3092 utensilia
1437 3023 1901 3104 consecravit,
1956 3022 2085 3092 hoc
2132 3022 2348 3091 divini
2397 3022 2793 3094 chrismatis
2849 3045 3082 3092 sacra-

528 3121 841 3179 mentum
909 3110 1275 3200 perspicue
1345 3110 1687 3200 figuravit.
1755 3111 1860 3180 Ait
1914 3112 2099 3181 enim
2168 3113 2501 3182 Dominus
2549 3112 2804 3202 Moysi:
2860 3110 3084 3181 Tolles

524 3197 755 3267 oleum
798 3197 883 3265 de
931 3198 1218 3281 olivetis,
1275 3221 1599 3268 mensura
1649 3199 1808 3282 Hin,
1856 3199 2201 3287 faciesque
2241 3200 2589 3270 unctionis
2638 3201 2866 3271 oleum
2922 3223 3084 3271 san-

525 3297 743 3357 ctum:
790 3298 1227 3377 unguentum
1275 3288 1734 3379 compositum
1808 3310 2012 3379 opere
2061 3289 2556 3379 unguentarii,
2613 3301 2678 3359 et
2731 3311 2952 3380 unges
2998 3311 3084 3358 ex

528 3396 608 3444 eo
657 3374 1184 3446 tabernaculum
1248 3377 1668 3458 testimonii,
1721 3389 1786 3447 et
1847 3400 2075 3447 arcam
2130 3378 2564 3459 testamenti,
2623 3400 3082 3464 mensamque

509 3485 685 3536 ‘cum
725 3464 1009 3535 basibus
1059 3465 1228 3545 suis,
1275 3465 1771 3535 candelabrum
1820 3479 1885 3536 et
1932 3465 2255 3535 utensilia
2301 3467 2476 3557 ejuS,
2515 3466 2756 3535 altaria
2803 3467 3085 3536 thimia-

526 3551 756 3634 matiS,
809 3564 876 3622 et
923 3553 1333 3634 holocausti,
1368 3566 1433 3623 et
1465 3554 1859 3624 universam
1911 3554 2436 3647 supellectilem,
2473 3576 2651 3642 quae
2682 3555 2768 3624 ad
2808 3555 3081 3626 cultum

522 3661 765 3711 eorum
819 3642 1135 3732 pertinet,
1190 3642 1797 3730 sanctificabisque
1845 3645 2102 3725 omnia,
2155 3656 2221 3713 et
2266 3656 2470 3714 erunt
2516 3657 2752 3714 sancta
2807 3656 3082 3714 sancto-

515 3752 708 3798 rum:
762 3730 884 3816 qui
935 3731 1231 3821 tetigerit
1269 3754 1372 3813 ea,
1428 3731 1998 3803 sanctificabitur.
2054 3733 2417 3822 Mysticum
2466 3733 2698 3819 itaque
2743 3732 3073 3813 chrisma,

503 3817 709 3905 quod
753 3830 919 3888 tunc
959 3820 1406 3891 consecrabat
1443 3820 1964 3890 tabernaculum
2016 3821 2087 3890 in
2138 3821 2439 3902 deserte,
2478 3842 2666 3891 nunc
2699 3819 3078 3891 Ecclesiam

523 3908 597 3977 in
658 3928 833 3977 novo
882 3908 1267 3980 sanctificat
1332 3922 1762 3980 testamento.
1828 3909 2023 3993 Quod
2076 3910 2283 3979 etiam
2347 3923 2857 3979 sacramentum
2911 3923 3081 3979 tunc

522 3994 838 4077 uberiuS,
891 4011 957 4068 et
994 4020 1074 4068 co
1127 3998 1346 4069 iosius
1401 3997 1675 4068 videtur
1719 3998 2109 4090 impletum,
2174 4020 2333 4069 cum
2389 3998 2802 4090 Redemptor
2850 4010 3083 4068 noster

522 4084 611 4155 de
639 4084 930 4154 Jordani
957 4109 1052 4156 un
1109 4088 1168 4157 is
1192 4086 1579 4178 baptizatus
1610 4086 1797 4166 exiit,
1832 4100 1897 4157 et
1927 4087 2184 4178 apertis
2218 4086 2428 4159 coelis
2459 4088 2778 4178 protinus
2813 4087 2880 4156 in
2915 4107 3078 4156 eum

513 4172 823 4265 Spiritus
872 4179 1162 4245 Sanctus
1199 4175 1268 4245 in
1302 4175 1668 4247 columbae
1696 4175 1924 4266 specie
1965 4175 2328 4247 manifesta
2374 4175 2640 4246 visione
2686 4175 3073 4258 descendit,

505 4283 818 4350 ‘moxque
863 4286 988 4334 vox
1038 4263 1257 4335 Patris
1303 4265 1628 4336 intonans
1676 4264 1795 4334 ait:
1848 4266 1974 4334 Hic
2019 4277 2115 4336 est
2168 4268 2389 4336 Filius
2418 4288 2604 4334 meus
2651 4266 2961 4345 dilectu&
3004 4266 3077 4334 in

517 4373 653 4509 guo
699 4352 876 4421 mihi
924 4355 1308 4444 complacui
1350 4353 1619 4444 (Matth.
1673 4353 1819 4443 111):
1884 4353 2073 4423 hunc
2136 4375 2286 4425 esse
2336 4354 2698 4444 perspicue
2746 4374 3076 4454 compro-

567 4461 718 4523 anS,
795 4441 913 4511 cui
958 4441 1170 4512 David
1241 4441 1407 4512 olim
1457 4441 1700 4528 eodem
1766 4441 2028 4534 Spiritu
2083 4443 2365 4514 edoctus
2421 4442 2683 4533 ajebat:
2741 4446 2952 4511 Πηωιι
3006 4451 3074 4512 te
