3327 4999
656 336 785 401 302
1351 352 1439 401 nn
1486 354 1542 402 5.
1594 353 1873 402 ummo
1920 353 2313 403 conressonss
2710 333 2955 401 MART.
3019 334 3101 399 ⁴6

560 437 976 527 Episcopum
1024 434 1383 508 advenisse
1430 460 1632 529 aegre
1681 438 1965 510 tulisset.
2011 450 2086 507 ut
2130 438 2249 524 qui
2300 448 2564 527 putaret
2610 457 2683 506 56
2729 458 2877 508 6556
2916 435 3103 508 indi-

563 548 807 616 gnum,
851 525 934 595 ad
986 546 1191 612 quern
1242 538 1473 596 tantus
1523 527 1623 596 vir
1670 526 2052 597 accederet:
2089 526 2335 595 deinde
2360 526 2565 598 etiam
2599 547 2774 613 quae
2806 525 3093 607 dixerat,

560 614 857 705 graviter
902 614 1298 704 accepisset,
1355 628 1628 706 propter
1676 636 2001 706 magnam
2050 615 2241 683 illam
2289 614 2518 684 cordis
2562 614 3102 684 contrititionem

558 716 626 775 et
672 702 1230 773 moderationem.
1285 716 1352 772 et
1395 705 1574 791 quod
1628 726 1702 775 se
1748 705 1942 774 nulla
1989 725 2062 773 re
2109 716 2378 794 putaret
2422 724 2571 771 6556
2618 702 2908 794 dignum
2948 758 2962 784 ,
3017 724 3102 773 ea

557 791 935 882 respondit,
987 812 1164 878 quae
1209 803 1275 861 et
1322 792 1438 862 tali
1489 794 1663 862 vitae
1710 792 2227 872 conveniebant,
2288 804 2353 861 et
2402 803 2625 861 tantae
2687 791 3094 861 humilitati:

563 880 775 963 «Quis
820 900 946 970 ego
994 901 1175 963 sum,
1214 881 1498 951 Domine
1529 882 1646 963 mi,
1687 881 1948 963 dicens,
1991 895 2066 950 ut
2097 881 2457 950 sacerdotii
2505 893 2762 950 tantam
2812 882 3105 950 subeam

562 968 1159 1059 magnitudinem,
1209 982 1275 1039 et
1321 970 1548 1061 gravis
1597 970 1896 1062 populus
1951 970 2123 1040 mihi
2180 970 2650 1039 committatur
2696 968 3104 1038 docendus?

561 1056 743 1138 Sine,
798 1079 920 1149 per
966 1056 1334 1140 Christum,
1388 1059 1539 1129 sine
1587 1081 1696 1128 me
1742 1060 1983 1129 acerbe
2034 1079 2185 1128 mea
2231 1058 2483 1127 deflere
2534 1069 2833 1149 peccata.
2865 1079 2901 1127 »

650 1152 688 1227 ἓ
736 1149 817 1217 8.
872 1145 993 1217 Cui
1041 1168 1285 1218 rursus
1323 1148 1701 1248 Episcopus
1749 1147 2464 1238 respondens:«Recte
2512 1147 2677 1229 scio,
2715 1158 2894 1216 recte
2924 1145 3093 1227 scio,

558 1233 806 1321 inquit,
842 1256 882 1306 o
910 1235 1115 1304 chare
1164 1235 1265 1305 fili
1311 1237 1609 1316 Abrami,
1644 1236 1827 1324 quod
1862 1237 2103 1328 gratia,
2138 1258 2316 1324 quae
2364 1235 2487 1305 tibi
2536 1236 2696 1305 data
2741 1247 2843 1305 est
2871 1258 2912 1305 a
2943 1235 3099 1325 Spi-

557 1322 722 1404 ritu,
774 1336 1016 1414 potens
1062 1346 1136 1393 es
1181 1335 1246 1394 et
1293 1325 1515 1395 verbis
1561 1337 1628 1395 et
1673 1324 1891 1395 factis.
1945 1330 2038 1396 Ne
2068 1347 2230 1416 ergo
2263 1325 2685 1396 dubitaveris
2719 1323 2806 1393 ad
2840 1345 3102 1394 munus

558 1411 906 1493 accedere,
936 1412 1120 1500 quod
1156 1413 1283 1483 erit
1310 1413 1591 1501 quidem
1623 1435 1872 1484 causae
1900 1425 2123 1484 tantae
2148 1413 2543 1484 animarum
2578 1412 2918 1493 utilitatis,
2949 1434 3104 1482 ma-

559 1522 732 1591 gnas
779 1514 1006 1571 autem
1040 1501 1225 1591 apud
1266 1507 1471 1572 Deum
1506 1502 1629 1573 tibi
1660 1502 2055 1573 conciliabit
2085 1502 2743 1572 remunerationes»
2779 1501 2903 1570 Illo
2934 1522 3095 1570 vero

558 1592 1000 1679 perseverans
1030 1590 1099 1659 in
1134 1590 1501 1680 prioribus:
1539 1591 1742 1661 «Sine
1772 1613 1959 1682 rog0‚
1996 1613 2238 1661 rursus
2269 1591 2559 1662 dicebat.
2593 1590 2743 1660 sine
2773 1611 2883 1659 me
2915 1589 3111 1660 mala·

558 1678 840 1778 propria
886 1678 1206 1748 deflere.»
1240 1679 1362 1749 Ille
1408 1700 1566 1750 vero
1612 1680 2058 1770 respondenS,
2094 1680 2474 1751 acrioribus
2520 1701 2680 1749 eum
2729 1677 2953 1749 verbis
2985 1701 3103 1748 ex-

558 1787 636 1836 ce
690 1778 761 1835 lt:
797 1773 1022 1848 «Ecce,
1076 1768 1337 1850 dicens,
1390 1790 1548 1838 cum
1601 1769 1969 1850 mundum,
2022 1780 2088 1838 et
2132 1791 2308 1857 quae
2360 1768 2602 1838 mundi
2652 1780 2814 1840 sunt
2858 1768 3100 1836 omnia

559 1876 632 1924 re
664 1856 957 1942 lqueriS,
1010 1869 1074 1926 et
1119 1857 1287 1944 quid
1336 1878 1471 1926 non
1525 1857 1870 1927 laudabile
1916 1858 2195 1944 quidem
2253 1857 2638 1927 exercueris
2667 1911 2685 1937 ,
2742 1855 3100 1943 quodnam

557 1955 797 2016 autem
837 1945 952 2014 Dei
1002 1955 1445 2035 praeceptum
1483 1968 1613 2015 non
1653 1958 1969 2016 accurate
2002 1946 2407 2017 servaveris?
2441 1945 2507 2014 id
2542 1944 2723 2032 quod
2759 1956 2861 2015 est
2890 1966 3094 2034 prae-

557 2032 870 2122 cipuum,
926 2034 1159 2105 nescio
1205 2034 1550 2122 quomodo
1600 2034 1690 2103 im
1752 2036 2008 2105 rudens
2056 2034 2598 2126 praetermisisti,
2643 2055 2890 2123 nempe
2932 2035 3103 2103 obe—

559 2121 964 2192 dientiam.»
999 2126 1178 2192 Haec
1228 2145 1387 2193 cum
1425 2123 1540 2192 ille
1586 2146 1677 2193 au
1732 2124 1921 2195 iisset
1967 2129 2038 2193 B.
2075 2125 2461 2205 AbramiuS,
2498 2123 2734 2192 oculos
2783 2123 3099 2192 suffusus

558 2208 909 2300 lacrymis.
949 2223 1015 2280 et
1064 2232 1144 2282 ex
1191 2211 1331 2282 imo
1379 2212 1675 2303 graviter
1721 2214 2107 2304 suspirans:
2140 2213 2367 2295 «Quis
2396 2234 2521 2302 ego
2561 2233 2742 2291 sum,
2785 2210 3095 2291 Domine,

559 2299 843 2368 Domine
874 2300 1013 2383 mi,
1067 2300 1294 2389 inquit
1335 2300 1445 2390 (ut
1490 2323 1735 2372 rursus
1784 2314 2085 2392 repetam
2133 2324 2252 2383 ea,
2294 2323 2471 2388 quae
2519 2300 2703 2369 dicta
2769 2299 2978 2388 sunt)
3023 2311 3106 2369 ut

556 2387 644 2456 de
692 2408 801 2456 me
847 2388 1052 2458 talem
1100 2391 1488 2480 susceperis
1534 2390 2015 2480 cogitationem
2046 2444 2066 2470 ,
2121 2401 2186 2459 et
2233 2412 2386 2472 me,
2440 2389 2563 2477 qui
2611 2410 2763 2459 sum
2823 2388 2978 2456 vilis
3028 2400 3100 2457 et

557 2475 889 2567 abjectuS‚
943 2478 1042 2548 sic
1093 2489 1225 2549 tota
1275 2501 1489 2549 manu
1536 2479 1910 2550 contendas
1970 2478 2309 2550 attrahere
2355 2478 2442 2548 ad
2494 2490 2749 2548 tantam
2814 2477 3096 2548 virtutis

557 2565 1066 2636 altitudinemt»
1095 2567 1475 2658 Episcopus
1522 2579 1799 2637 autem:
1860 2568 2259 2650 «Quoniam,
2312 2568 2558 2654 inquit,
2593 2566 2713 2655 qui
2763 2566 2896 2636 sibi
2942 2566 3105 2653 qui-

556 2654 713 2728 dem
766 2655 894 2726 soli
933 2656 1115 2734 vivit,
1168 2668 1234 2725 et
1281 2656 1507 2727 solum
1540 2667 1757 2736 curat,
1793 2668 1873 2726 ut
1919 2678 2026 2726 res
2073 2679 2237 2727 suae
2278 2668 2456 2726 recte
2486 2678 2558 2726 se
2599 2655 2917 2732 habeant,
2953 2653 3095 2724 sibi

553 2743 682 2812 soli
744 2755 940 2833 parat
1010 2744 1396 2814 utilitatem.
1461 2744 1639 2815 Alios
1695 2756 1923 2814 autem
1981 2746 2323 2836 corrigere
2376 2757 2440 2815 et
2494 2744 2891 2814 animarum
2955 2744 3097 2814 sibi

550 2831 879 2902 creditam
930 2854 1168 2905 curam
1202 2854 1458 2923 gerere,
1511 2845 1845 2920 quantum
1908 2834 2112 2904 habet
2160 2834 2730 2913 emolumentum,
2773 2846 2838 2902 et
2868 2854 3096 2919 quan-

551 2930 696 2989 tum
746 2921 1099 2993 charitatis
1146 2921 1217 2990 in
1272 2926 1481 2990 Deum
1528 2921 1901 2991 indicium?
1931 2923 2132 3004 Quod
2160 2936 2387 2992 autem
2424 2922 2493 2991 id
2530 2922 2618 2992 sit
2647 2921 2879 3009 majus
2912 2940 3086 3009 quo-

551 3008 653 3078 vis
692 3009 828 3078 alio
866 3009 1059 3079 cultu
1107 3011 1437 3080 Creatoris
1483 3024 1550 3080 et
1594 3011 1885 3093 Domini,
1922 3011 2265 3081 addilcam
2313 3011 2438 3082 tibi
2492 3011 2682 3080 illius
2733 3009 2959 3100 ipsius
3002 3021 3098 3080 te-

554 3096 983 3168 stimonium:
1039 3098 1104 3168 Si
1144 3099 1329 3168 enim
1379 3098 1614 3191 diligis
1663 3122 1795 3181 me,
1853 3105 2064 3181 Petre‚
2102 3100 2348 3187 inquit,
2403 3121 2607 3189 pasce
2655 3121 2813 3168 oves
2863 3119 3084 3170 meas.

553 3188 1012 3268 Quamobrem
1060 3191 1192 3257 Deo
1241 3199 1466 3258 tantae
1514 3199 1675 3258 sunt
1718 3211 1924 3258 curae
1962 3211 2226 3280 gregeS,
2265 3202 2342 3259 ut
2388 3189 2769 3258 maximum
2804 3186 3093 3277 signum

551 3274 622 3343 in
675 3274 902 3365 ipsum
952 3275 1359 3359 dilectionis,
1412 3299 1652 3348 eorum
1699 3300 1940 3348 curam
1978 3300 2126 3348 esse
2174 3289 2498 3347 statuat.»
2525 3277 2804 3346 Talibus
2862 3275 3099 3346 consi-

552 3362 689 3445 liis,
745 3364 1025 3434 monitis
1069 3376 1135 3434 et
1181 3367 1618 3438 sermonibus
1670 3388 2045 3457 persuasus
2093 3367 2479 3446 AbramiuS,
2538 3365 2956 3456 Episcopum
3008 3364 3102 3434 ad

550 3452 794 3522 urbem
844 3464 945 3523 est
990 3464 1290 3524 secutus.
1347 3459 1651 3544 Cumque
1697 3455 1815 3526 ille
1843 3456 1915 3524 in
1959 3456 2131 3546 ipso,
2171 3477 2348 3541 quae
2397 3476 2523 3544 par
2569 3465 2735 3532 erat,
2792 3451 3102 3543 peregis-

553 3553 696 3623 set,
748 3552 815 3610 et
878 3542 977 3612 sic
1023 3565 1182 3612 eum
1232 3543 1610 3634 perfectum
1658 3556 1956 3614 creasset
2018 3544 2466 3624 sacerdotem,
2520 3556 2585 3612 et
2634 3541 2883 3613 deinde
2930 3563 3100 3609 cum

551 3639 689 3700 toto
753 3629 935 3701 clero
998 3643 1063 3701 et
1120 3633 1376 3722 populo
1436 3655 1595 3703 eum
1662 3632 2101 3715 deduxisset,
2170 3633 2591 3724 propositam
2657 3631 2850 3700 illinc
2908 3630 3100 3698 viam

550 3717 742 3799 iniit,
797 3720 1052 3792 multas
1098 3720 1376 3792 interim
1422 3721 1723 3794 fundens
1772 3722 2117 3811 lacrymas
2151 3777 2166 3805 ‚
2219 3733 2285 3792 et
2330 3743 2715 3812 supernum
2763 3719 3101 3790 invocans

557 3807 923 3878 auxilium.

639 3899 676 3985 ξ
723 3902 818 3967 9.
892 3902 1060 3969 Cum
1124 3909 1353 3969 autem
1413 3900 1708 3970 venisset
1765 3900 1836 3970 in
1903 3899 2175 3980 vicum,
2229 3911 2293 3969 et
2337 3920 2498 3969 eum
2559 3896 2931 3968 invenisset
2989 3897 3102 3987 ja-

550 3999 815 4057 centem
882 3986 952 4056 in
1026 3987 1388 4079 profundis
1447 3989 1746 4060 tenebris
1817 3988 2237 4079 impietatiS,
2290 4000 2356 4058 et
2425 3998 2505 4056 ut
2578 3986 2744 4057 dicit
2812 3985 3097 4055 divinus

548 4076 835 4158 PauluS‚
888 4076 1177 4167 gloriam
1231 4077 1575 4168 Unigeniti
1624 4089 1959 4147 mutatam
2007 4076 2077 4145 in
2129 4075 2657 4148 similitudinem
2707 4072 3083 4164 sculptilis,

549 4164 649 4235 sic
702 4170 909 4235 Deum
961 4167 1372 4256 precabatur
1416 4166 1489 4235 in
1548 4166 1955 4237 contritione
1999 4166 2250 4236 cordis:
2289 4165 2633 4256 «Benigne
2678 4178 2744 4234 et
2789 4162 3096 4262 clemens

550 4254 835 4325 Domine
900 4260 1077 4327 Deus
1114 4309 1130 4336 ‚
1182 4254 1441 4342 quique
1499 4276 1573 4326 es
1633 4254 1821 4327 solus
1884 4255 2150 4336 bonuS,
2202 4256 2323 4343 qui
2387 4276 2461 4325 es
2528 4253 2718 4324 solus
2779 4264 3087 4342 patienS,

595 4344 668 4412 ui
715 4365 791 4416 es
836 4343 1025 4415 solus
1073 4342 1511 4424 misericors;
1563 4344 1684 4431 qui
1731 4345 1975 4414 creasti
2043 4344 2394 4414 hominem
2444 4342 2604 4413 beni
2657 4342 2864 4412 nitate
2911 4338 3090 4408 inef-

575 4432 767 4514 abili,
817 4432 939 4521 qui
996 4431 1326 4523 intelligis
1394 4432 1465 4502 in
1519 4432 1754 4503 omnia
1818 4455 2024 4524 opera
2089 4434 2290 4525 eJuS,
2358 4443 2425 4503 et
2481 4454 2601 4502 cor
2650 4453 2692 4501 a
2762 4442 2827 4500 et
2894 4449 3093 4499 renes
