<?xml version="1.0" encoding="UTF-8"?>
<!DOCTYPE html PUBLIC "-//W3C//DTD XHTML 1.0 Transitional//EN"
    "http://www.w3.org/TR/xhtml1/DTD/xhtml1-transitional.dtd">
<html xmlns="http://www.w3.org/1999/xhtml" xml:lang="en" lang="en">
 <head>
  <title>
</title>
<meta http-equiv="Content-Type" content="text/html;charset=utf-8" />
  <meta name='ocr-system' content='tesseract 3.04.00' />
  <meta name='ocr-capabilities' content='ocr_page ocr_carea ocr_par ocr_line ocrx_word'/>
</head>
<body>
  <div class='ocr_page' id='page_1' title='image "./historiaeseuvit04lippgoog_0282.png"; bbox 0 0 3327 4999; ppageno 0'>
   <div class='ocr_carea' id='block_1_1' title="bbox 522 308 3163 4244">
    <p class='ocr_par' dir='ltr' id='par_1_1' title="bbox 524 308 3163 1817">
     <span class='ocr_line' id='line_1_1' title="bbox 618 308 3068 376; baseline -0 -1"><span class='ocrx_word' id='word_1_1' title='bbox 618 312 748 376; x_wconf 80' lang='grc'><strong>268</strong></span> <span class='ocrx_word' id='word_1_2' title='bbox 1390 328 1469 375; x_wconf 69' lang='lat' dir='ltr'><strong>m:</strong></span> <span class='ocrx_word' id='word_1_3' title='bbox 1517 329 1571 375; x_wconf 91' lang='lat' dir='ltr'><strong>s.</strong></span> <span class='ocrx_word' id='word_1_4' title='bbox 1628 326 1856 375; x_wconf 55' lang='lat' dir='ltr'><strong>samo</strong></span> <span class='ocrx_word' id='word_1_5' title='bbox 1917 327 2205 375; x_wconf 65' lang='lat' dir='ltr'><strong>marvan</strong></span> <span class='ocrx_word' id='word_1_6' title='bbox 2683 308 2927 374; x_wconf 81' lang='lat' dir='ltr'><strong>MART.</strong></span> <span class='ocrx_word' id='word_1_7' title='bbox 2985 309 3068 374; x_wconf 73' lang='lat'><strong>⁴3</strong></span> 
     </span>
     <span class='ocr_line' id='line_1_2' title="bbox 526 403 3072 498; baseline -0.001 -20"><span class='ocrx_word' id='word_1_8' title='bbox 526 408 811 478; x_wconf 86' lang='lat' dir='ltr'><strong>minis.»</strong></span> <span class='ocrx_word' id='word_1_9' title='bbox 839 447 931 481; x_wconf 86' lang='lat'><strong>—.</strong></span> <span class='ocrx_word' id='word_1_10' title='bbox 977 431 1013 474; x_wconf 87' lang='lat'>«</span> <span class='ocrx_word' id='word_1_11' title='bbox 1047 407 1327 488; x_wconf 87' lang='lat' dir='ltr'>Divinis,</span> <span class='ocrx_word' id='word_1_12' title='bbox 1381 406 1604 495; x_wconf 88' lang='lat' dir='ltr'><strong>inquit</strong></span> <span class='ocrx_word' id='word_1_13' title='bbox 1650 406 2061 488; x_wconf 87' lang='lat' dir='ltr'><strong>Praefectus,</strong></span> <span class='ocrx_word' id='word_1_14' title='bbox 2118 405 2570 497; x_wconf 77' lang='lat' dir='ltr'><strong>augustisque</strong></span> <span class='ocrx_word' id='word_1_15' title='bbox 2616 403 2887 498; x_wconf 89' lang='lat' dir='ltr'><strong>legibus</strong></span> <span class='ocrx_word' id='word_1_16' title='bbox 2933 418 3072 475; x_wconf 86' lang='lat' dir='ltr'><strong>tor-</strong></span> 
     </span>
     <span class='ocr_line' id='line_1_3' title="bbox 528 494 3071 596; baseline 0.001 -32"><span class='ocrx_word' id='word_1_17' title='bbox 528 509 758 566; x_wconf 90' lang='lat' dir='ltr'><strong>menta</strong></span> <span class='ocrx_word' id='word_1_18' title='bbox 800 497 984 566; x_wconf 89' lang='lat' dir='ltr'><strong>varia</strong></span> <span class='ocrx_word' id='word_1_19' title='bbox 1033 495 1453 588; x_wconf 87' lang='lat' dir='ltr'><strong>praescripta</strong></span> <span class='ocrx_word' id='word_1_20' title='bbox 1495 508 1681 576; x_wconf 89' lang='lat' dir='ltr'><strong>sunt,</strong></span> <span class='ocrx_word' id='word_1_21' title='bbox 1734 496 1992 596; x_wconf 87' lang='lat' dir='ltr'><strong>quibus</strong></span> <span class='ocrx_word' id='word_1_22' title='bbox 2029 494 2555 575; x_wconf 85' lang='lat' dir='ltr'><strong>excruciaberis,</strong></span> <span class='ocrx_word' id='word_1_23' title='bbox 2594 494 2652 563; x_wconf 90' lang='lat' dir='ltr'><strong>si</strong></span> <span class='ocrx_word' id='word_1_24' title='bbox 2700 507 3071 566; x_wconf 83' lang='lat' dir='ltr'><strong>contumax</strong></span> 
     </span>
     <span class='ocr_line' id='line_1_4' title="bbox 527 584 3068 676; baseline 0 -22"><span class='ocrx_word' id='word_1_25' title='bbox 527 587 1063 676; x_wconf 66' lang='lat' dir='ltr'><strong>permanseris»</strong></span> <span class='ocrx_word' id='word_1_26' title='bbox 1095 626 1185 635; x_wconf 91' lang='lat'><strong>—-</strong></span> <span class='ocrx_word' id='word_1_27' title='bbox 1238 612 1259 645; x_wconf 66' lang='grc' dir='ltr'><strong>α</strong></span> <span class='ocrx_word' id='word_1_28' title='bbox 1307 585 1373 654; x_wconf 90' lang='lat' dir='ltr'><strong>Si</strong></span> <span class='ocrx_word' id='word_1_29' title='bbox 1409 597 1698 664; x_wconf 88' lang='lat' dir='ltr'><strong>terrena,</strong></span> <span class='ocrx_word' id='word_1_30' title='bbox 1752 584 1977 672; x_wconf 83' lang='lat' dir='ltr'><strong>lnquit</strong></span> <span class='ocrx_word' id='word_1_31' title='bbox 2026 584 2356 664; x_wconf 82' lang='lat' dir='ltr'><strong>SabinuS,</strong></span> <span class='ocrx_word' id='word_1_32' title='bbox 2413 596 2749 653; x_wconf 87' lang='lat' dir='ltr'><strong>tormenta</strong></span> <span class='ocrx_word' id='word_1_33' title='bbox 2795 597 2860 652; x_wconf 89' lang='lat' dir='ltr'><strong>et</strong></span> <span class='ocrx_word' id='word_1_34' title='bbox 2906 606 3068 654; x_wconf 89' lang='lat' dir='ltr'><strong>cru-</strong></span> 
     </span>
     <span class='ocr_line' id='line_1_5' title="bbox 525 670 3071 760; baseline -0.001 -16"><span class='ocrx_word' id='word_1_35' title='bbox 525 674 748 745; x_wconf 87' lang='lat' dir='ltr'><strong>ciatus</strong></span> <span class='ocrx_word' id='word_1_36' title='bbox 797 675 895 744; x_wconf 90' lang='lat' dir='ltr'><strong>sic</strong></span> <span class='ocrx_word' id='word_1_37' title='bbox 934 674 1467 754; x_wconf 75' lang='lat' dir='ltr'><strong>extimescimus,</strong></span> <span class='ocrx_word' id='word_1_38' title='bbox 1520 685 1853 759; x_wconf 79' lang='lat' dir='ltr'><strong>quotquot</strong></span> <span class='ocrx_word' id='word_1_39' title='bbox 1883 673 2001 742; x_wconf 86' lang='lat' dir='ltr'><strong>illa</strong></span> <span class='ocrx_word' id='word_1_40' title='bbox 2036 673 2172 743; x_wconf 89' lang='lat' dir='ltr'><strong>sint</strong></span> <span class='ocrx_word' id='word_1_41' title='bbox 2219 694 2394 760; x_wconf 90' lang='lat' dir='ltr'><strong>quae</strong></span> <span class='ocrx_word' id='word_1_42' title='bbox 2442 670 2665 753; x_wconf 79' lang='lat' dir='ltr'><strong>nobiS,</strong></span> <span class='ocrx_word' id='word_1_43' title='bbox 2706 672 2840 742; x_wconf 91' lang='lat' dir='ltr'><strong>nisi</strong></span> <span class='ocrx_word' id='word_1_44' title='bbox 2874 674 3071 742; x_wconf 89' lang='lat' dir='ltr'><strong>vanis</strong></span> 
     </span>
     <span class='ocr_line' id='line_1_6' title="bbox 526 762 3065 853; baseline -0 -20"><span class='ocrx_word' id='word_1_45' title='bbox 526 763 662 835; x_wconf 90' lang='lat' dir='ltr'><strong>diis</strong></span> <span class='ocrx_word' id='word_1_46' title='bbox 712 763 1206 844; x_wconf 82' lang='lat' dir='ltr'><strong>sacrificemuS,</strong></span> <span class='ocrx_word' id='word_1_47' title='bbox 1262 762 1606 853; x_wconf 88' lang='lat' dir='ltr'><strong>proposita</strong></span> <span class='ocrx_word' id='word_1_48' title='bbox 1640 774 1825 838; x_wconf 82' lang='lat' dir='ltr'><strong>sunt.</strong></span> <span class='ocrx_word' id='word_1_49' title='bbox 1863 783 2023 831; x_wconf 92' lang='lat' dir='ltr'><strong>cum</strong></span> <span class='ocrx_word' id='word_1_50' title='bbox 2076 783 2199 830; x_wconf 92' lang='lat' dir='ltr'><strong>nec</strong></span> <span class='ocrx_word' id='word_1_51' title='bbox 2226 775 2551 852; x_wconf 88' lang='lat' dir='ltr'><strong>perpetua</strong></span> <span class='ocrx_word' id='word_1_52' title='bbox 2589 783 2738 831; x_wconf 84' lang='lat' dir='ltr'><strong>esse</strong></span> <span class='ocrx_word' id='word_1_53' title='bbox 2784 773 3065 849; x_wconf 80' lang='lat' dir='ltr'><strong>queant,</strong></span> 
     </span>
     <span class='ocr_line' id='line_1_7' title="bbox 524 850 3074 942; baseline 0 -22"><span class='ocrx_word' id='word_1_54' title='bbox 524 874 653 921; x_wconf 89' lang='lat' dir='ltr'><strong>nec</strong></span> <span class='ocrx_word' id='word_1_55' title='bbox 688 852 837 922; x_wconf 88' lang='lat' dir='ltr'><strong>sine</strong></span> <span class='ocrx_word' id='word_1_56' title='bbox 876 853 1012 921; x_wconf 89' lang='lat' dir='ltr'><strong>fine</strong></span> <span class='ocrx_word' id='word_1_57' title='bbox 1050 852 1398 920; x_wconf 85' lang='lat' dir='ltr'><strong>hominem</strong></span> <span class='ocrx_word' id='word_1_58' title='bbox 1434 850 1574 919; x_wconf 89' lang='lat' dir='ltr'><strong>illis</strong></span> <span class='ocrx_word' id='word_1_59' title='bbox 1614 851 1933 920; x_wconf 79' lang='lat' dir='ltr'><strong>affectum</strong></span> <span class='ocrx_word' id='word_1_60' title='bbox 1984 851 2330 920; x_wconf 79' lang='lat' dir='ltr'><strong>cruciare:</strong></span> <span class='ocrx_word' id='word_1_61' title='bbox 2366 862 2624 937; x_wconf 90' lang='lat' dir='ltr'><strong>quanto</strong></span> <span class='ocrx_word' id='word_1_62' title='bbox 2677 850 2897 942; x_wconf 89' lang='lat' dir='ltr'><strong>magis</strong></span> <span class='ocrx_word' id='word_1_63' title='bbox 2927 873 3074 920; x_wconf 92' lang='lat' dir='ltr'><strong>me-</strong></span> 
     </span>
     <span class='ocr_line' id='line_1_8' title="bbox 524 938 3071 1030; baseline -0 -20"><span class='ocrx_word' id='word_1_64' title='bbox 524 941 827 1011; x_wconf 86' lang='lat' dir='ltr'><strong>tuendus</strong></span> <span class='ocrx_word' id='word_1_65' title='bbox 860 953 961 1010; x_wconf 90' lang='lat' dir='ltr'><strong>est</strong></span> <span class='ocrx_word' id='word_1_66' title='bbox 1008 941 1208 1011; x_wconf 85' lang='lat' dir='ltr'><strong>nobis</strong></span> <span class='ocrx_word' id='word_1_67' title='bbox 1254 940 1566 1010; x_wconf 88' lang='lat' dir='ltr'><strong>Christus</strong></span> <span class='ocrx_word' id='word_1_68' title='bbox 1611 944 1814 1009; x_wconf 87' lang='lat' dir='ltr'><strong>Jesus</strong></span> <span class='ocrx_word' id='word_1_69' title='bbox 1861 939 1981 1026; x_wconf 92' lang='lat' dir='ltr'><strong>qui</strong></span> <span class='ocrx_word' id='word_1_70' title='bbox 2032 938 2395 1030; x_wconf 81' lang='lat' dir='ltr'><strong>suppliciis</strong></span> <span class='ocrx_word' id='word_1_71' title='bbox 2442 938 2770 1010; x_wconf 85' lang='lat' dir='ltr'><strong>adversus</strong></span> <span class='ocrx_word' id='word_1_72' title='bbox 2819 940 3071 1029; x_wconf 89' lang='lat' dir='ltr'><strong>impios</strong></span> 
     </span>
     <span class='ocr_line' id='line_1_9' title="bbox 526 1026 3069 1121; baseline -0.001 -22"><span class='ocrx_word' id='word_1_73' title='bbox 526 1029 787 1121; x_wconf 85' lang='lat' dir='ltr'><strong>paratis</strong></span> <span class='ocrx_word' id='word_1_74' title='bbox 837 1042 1053 1118; x_wconf 88' lang='lat' dir='ltr'><strong>potest</strong></span> <span class='ocrx_word' id='word_1_75' title='bbox 1099 1052 1238 1109; x_wconf 67' lang='grc' dir='ltr'><strong>ρος,</strong></span> <span class='ocrx_word' id='word_1_76' title='bbox 1276 1029 1396 1114; x_wconf 92' lang='lat' dir='ltr'><strong>qui</strong></span> <span class='ocrx_word' id='word_1_77' title='bbox 1446 1028 1575 1097; x_wconf 89' lang='lat' dir='ltr'><strong>sibi</strong></span> <span class='ocrx_word' id='word_1_78' title='bbox 1629 1048 1763 1096; x_wconf 89' lang='lat' dir='ltr'><strong>non</strong></span> <span class='ocrx_word' id='word_1_79' title='bbox 1815 1028 2260 1108; x_wconf 79' lang='lat' dir='ltr'><strong>obediverint,</strong></span> <span class='ocrx_word' id='word_1_80' title='bbox 2296 1026 2564 1096; x_wconf 85' lang='lat' dir='ltr'><strong>afficere</strong></span> <span class='ocrx_word' id='word_1_81' title='bbox 2606 1027 2671 1095; x_wconf 92' lang='lat' dir='ltr'><strong>in</strong></span> <span class='ocrx_word' id='word_1_82' title='bbox 2708 1029 3069 1117; x_wconf 88' lang='lat' dir='ltr'><strong>sempiter-</strong></span> 
     </span>
     <span class='ocr_line' id='line_1_10' title="bbox 528 1116 3068 1208; baseline 0 -22"><span class='ocrx_word' id='word_1_83' title='bbox 528 1121 753 1187; x_wconf 74' lang='lat' dir='ltr'><strong>num?</strong></span> <span class='ocrx_word' id='word_1_84' title='bbox 799 1122 1071 1208; x_wconf 78' lang='lat' dir='ltr'><strong>Oportet</strong></span> <span class='ocrx_word' id='word_1_85' title='bbox 1119 1118 1333 1208; x_wconf 83' lang='lat' dir='ltr'><strong>igitur</strong></span> <span class='ocrx_word' id='word_1_86' title='bbox 1380 1117 1609 1207; x_wconf 90' lang='lat' dir='ltr'><strong>potius</strong></span> <span class='ocrx_word' id='word_1_87' title='bbox 1677 1117 1916 1185; x_wconf 86' lang='lat' dir='ltr'><strong>timere</strong></span> <span class='ocrx_word' id='word_1_88' title='bbox 1966 1122 2171 1184; x_wconf 85' lang='lat' dir='ltr'><strong>Deum</strong></span> <span class='ocrx_word' id='word_1_89' title='bbox 2225 1127 2288 1184; x_wconf 87' lang='lat' dir='ltr'><strong>et</strong></span> <span class='ocrx_word' id='word_1_90' title='bbox 2336 1116 2702 1184; x_wconf 88' lang='lat' dir='ltr'><strong>Dominum</strong></span> <span class='ocrx_word' id='word_1_91' title='bbox 2758 1130 3068 1186; x_wconf 88' lang='lat' dir='ltr'><strong>nostrum</strong></span> 
     </span>
     <span class='ocr_line' id='line_1_11' title="bbox 525 1204 3066 1292; baseline -0.001 -15"><span class='ocrx_word' id='word_1_92' title='bbox 525 1212 762 1277; x_wconf 88' lang='lat' dir='ltr'><strong>Jesum</strong></span> <span class='ocrx_word' id='word_1_93' title='bbox 799 1208 1166 1286; x_wconf 81' lang='lat' dir='ltr'><strong>Christum,</strong></span> <span class='ocrx_word' id='word_1_94' title='bbox 1219 1228 1425 1292; x_wconf 83' lang='lat' dir='ltr'><strong>quam</strong></span> <span class='ocrx_word' id='word_1_95' title='bbox 1462 1227 1599 1283; x_wconf 78' lang='lat' dir='ltr'><strong>eOS,</strong></span> <span class='ocrx_word' id='word_1_96' title='bbox 1634 1226 1810 1292; x_wconf 90' lang='lat' dir='ltr'><strong>quos</strong></span> <span class='ocrx_word' id='word_1_97' title='bbox 1839 1205 2003 1273; x_wconf 89' lang='lat' dir='ltr'><strong>deos</strong></span> <span class='ocrx_word' id='word_1_98' title='bbox 2034 1204 2285 1285; x_wconf 81' lang='lat' dir='ltr'><strong>dicitis,</strong></span> <span class='ocrx_word' id='word_1_99' title='bbox 2323 1205 2439 1291; x_wconf 89' lang='lat' dir='ltr'><strong>qui</strong></span> <span class='ocrx_word' id='word_1_100' title='bbox 2471 1219 2630 1274; x_wconf 87' lang='lat' dir='ltr'><strong>sunt</strong></span> <span class='ocrx_word' id='word_1_101' title='bbox 2680 1204 2905 1273; x_wconf 80' lang='lat' dir='ltr'><strong>vani.»</strong></span> <span class='ocrx_word' id='word_1_102' title='bbox 2941 1205 3066 1275; x_wconf 85' lang='lat' dir='ltr'><strong>His</strong></span> 
     </span>
     <span class='ocr_line' id='line_1_12' title="bbox 527 1292 3071 1385; baseline -0 -20"><span class='ocrx_word' id='word_1_103' title='bbox 527 1295 805 1375; x_wconf 90' lang='lat' dir='ltr'><strong>auditis,</strong></span> <span class='ocrx_word' id='word_1_104' title='bbox 863 1321 899 1363; x_wconf 89' lang='lat'>«</span> <span class='ocrx_word' id='word_1_105' title='bbox 936 1302 1093 1385; x_wconf 82' lang='lat' dir='ltr'><strong>Ego,</strong></span> <span class='ocrx_word' id='word_1_106' title='bbox 1152 1295 1376 1381; x_wconf 87' lang='lat' dir='ltr'><strong>inquit</strong></span> <span class='ocrx_word' id='word_1_107' title='bbox 1424 1292 1832 1372; x_wconf 80' lang='lat' dir='ltr'><strong>PraefectuS,</strong></span> <span class='ocrx_word' id='word_1_108' title='bbox 1886 1294 2214 1363; x_wconf 89' lang='lat' dir='ltr'><strong>admonui</strong></span> <span class='ocrx_word' id='word_1_109' title='bbox 2257 1306 2341 1372; x_wconf 91' lang='lat' dir='ltr'><strong>te,</strong></span> <span class='ocrx_word' id='word_1_110' title='bbox 2396 1306 2470 1362; x_wconf 87' lang='lat' dir='ltr'><strong>ut</strong></span> <span class='ocrx_word' id='word_1_111' title='bbox 2519 1294 2957 1382; x_wconf 79' lang='lat' dir='ltr'><strong>resipisceres</strong></span> <span class='ocrx_word' id='word_1_112' title='bbox 3003 1308 3071 1364; x_wconf 85' lang='lat' dir='ltr'><strong>et</strong></span> 
     </span>
     <span class='ocr_line' id='line_1_13' title="bbox 528 1381 3071 1472; baseline 0 -20"><span class='ocrx_word' id='word_1_113' title='bbox 528 1384 691 1454; x_wconf 83' lang='lat' dir='ltr'><strong>deos</strong></span> <span class='ocrx_word' id='word_1_114' title='bbox 721 1407 869 1454; x_wconf 84' lang='lat' dir='ltr'><strong>esse</strong></span> <span class='ocrx_word' id='word_1_115' title='bbox 901 1384 1227 1454; x_wconf 76' lang='lat' dir='ltr'><strong>fatereris:</strong></span> <span class='ocrx_word' id='word_1_116' title='bbox 1272 1382 1452 1469; x_wconf 91' lang='lat' dir='ltr'><strong>quod</strong></span> <span class='ocrx_word' id='word_1_117' title='bbox 1503 1383 1558 1452; x_wconf 84' lang='lat' dir='ltr'><strong>si</strong></span> <span class='ocrx_word' id='word_1_118' title='bbox 1611 1383 2054 1462; x_wconf 80' lang='lat' dir='ltr'><strong>recusaveris,</strong></span> <span class='ocrx_word' id='word_1_119' title='bbox 2111 1394 2174 1451; x_wconf 86' lang='lat' dir='ltr'><strong>te</strong></span> <span class='ocrx_word' id='word_1_120' title='bbox 2223 1381 2323 1451; x_wconf 90' lang='lat' dir='ltr'><strong>vel</strong></span> <span class='ocrx_word' id='word_1_121' title='bbox 2376 1381 2664 1450; x_wconf 85' lang='lat' dir='ltr'><strong>invitum</strong></span> <span class='ocrx_word' id='word_1_122' title='bbox 2715 1404 2954 1472; x_wconf 89' lang='lat' dir='ltr'><strong>cogam</strong></span> <span class='ocrx_word' id='word_1_123' title='bbox 2997 1383 3071 1452; x_wconf 93' lang='lat' dir='ltr'><strong>id</strong></span> 
     </span>
     <span class='ocr_line' id='line_1_14' title="bbox 530 1470 3067 1562; baseline 0 -21"><span class='ocrx_word' id='word_1_124' title='bbox 530 1472 774 1543; x_wconf 86' lang='lat' dir='ltr'><strong>facere.</strong></span> <span class='ocrx_word' id='word_1_125' title='bbox 830 1472 1159 1541; x_wconf 84' lang='lat' dir='ltr'><strong>Confitere</strong></span> <span class='ocrx_word' id='word_1_126' title='bbox 1206 1471 1419 1562; x_wconf 87' lang='lat' dir='ltr'><strong>igitur</strong></span> <span class='ocrx_word' id='word_1_127' title='bbox 1464 1484 1529 1540; x_wconf 91' lang='lat' dir='ltr'><strong>et</strong></span> <span class='ocrx_word' id='word_1_128' title='bbox 1579 1470 1718 1539; x_wconf 88' lang='lat' dir='ltr'><strong>noli</strong></span> <span class='ocrx_word' id='word_1_129' title='bbox 1769 1471 1901 1539; x_wconf 84' lang='lat' dir='ltr'><strong>vim</strong></span> <span class='ocrx_word' id='word_1_130' title='bbox 1965 1485 2340 1561; x_wconf 83' lang='lat' dir='ltr'><strong>expectare.</strong></span> <span class='ocrx_word' id='word_1_131' title='bbox 2382 1494 2416 1537; x_wconf 81' lang='lat'>»</span> <span class='ocrx_word' id='word_1_132' title='bbox 2463 1510 2552 1519; x_wconf 91' lang='lat'><strong>—</strong></span> <span class='ocrx_word' id='word_1_133' title='bbox 2584 1495 2620 1537; x_wconf 87' lang='lat'>«</span> <span class='ocrx_word' id='word_1_134' title='bbox 2655 1477 2752 1539; x_wconf 89' lang='lat' dir='ltr'><strong>Tu</strong></span> <span class='ocrx_word' id='word_1_135' title='bbox 2801 1493 2885 1541; x_wconf 87' lang='lat' dir='ltr'><strong>ne</strong></span> <span class='ocrx_word' id='word_1_136' title='bbox 2932 1493 3067 1555; x_wconf 89' lang='lat' dir='ltr'><strong>me,</strong></span> 
     </span>
     <span class='ocr_line' id='line_1_15' title="bbox 531 1558 3163 1652; baseline -0.001 -22"><span class='ocrx_word' id='word_1_137' title='bbox 531 1560 887 1652; x_wconf 83' lang='lat' dir='ltr'><strong>respondit</strong></span> <span class='ocrx_word' id='word_1_138' title='bbox 938 1561 1234 1630; x_wconf 89' lang='lat' dir='ltr'><strong>Sabinus</strong></span> <span class='ocrx_word' id='word_1_139' title='bbox 1265 1615 1280 1639; x_wconf 93' lang='lat'><strong>,</strong></span> <span class='ocrx_word' id='word_1_140' title='bbox 1333 1582 1534 1649; x_wconf 84' lang='lat' dir='ltr'><strong>coges</strong></span> <span class='ocrx_word' id='word_1_141' title='bbox 1606 1558 1798 1627; x_wconf 87' lang='lat' dir='ltr'><strong>fateri</strong></span> <span class='ocrx_word' id='word_1_142' title='bbox 1870 1558 2032 1628; x_wconf 88' lang='lat' dir='ltr'><strong>deos</strong></span> <span class='ocrx_word' id='word_1_143' title='bbox 2101 1581 2274 1645; x_wconf 89' lang='lat' dir='ltr'><strong>quos</strong></span> <span class='ocrx_word' id='word_1_144' title='bbox 2323 1559 2621 1629; x_wconf 74' lang='lat' dir='ltr'><strong>asseris?</strong></span> <span class='ocrx_word' id='word_1_145' title='bbox 2667 1565 2805 1651; x_wconf 87' lang='lat' dir='ltr'><strong>Ego</strong></span> <span class='ocrx_word' id='word_1_146' title='bbox 2844 1561 3076 1651; x_wconf 89' lang='lat' dir='ltr'><strong>potius</strong></span> <span class='ocrx_word' id='word_1_147' title='bbox 3159 1623 3163 1628; x_wconf 86' lang='lat'><strong>.</strong></span> 
     </span>
     <span class='ocr_line' id='line_1_16' title="bbox 530 1646 3064 1740; baseline 0 -22"><span class='ocrx_word' id='word_1_148' title='bbox 530 1672 769 1740; x_wconf 80' lang='lat' dir='ltr'><strong>cogam</strong></span> <span class='ocrx_word' id='word_1_149' title='bbox 808 1662 867 1718; x_wconf 88' lang='lat' dir='ltr'><strong>te</strong></span> <span class='ocrx_word' id='word_1_150' title='bbox 889 1671 1118 1719; x_wconf 88' lang='lat' dir='ltr'><strong>coram</strong></span> <span class='ocrx_word' id='word_1_151' title='bbox 1153 1648 1473 1718; x_wconf 90' lang='lat' dir='ltr'><strong>universo</strong></span> <span class='ocrx_word' id='word_1_152' title='bbox 1506 1646 1632 1716; x_wconf 80' lang='lat' dir='ltr'><strong>hoc</strong></span> <span class='ocrx_word' id='word_1_153' title='bbox 1667 1647 1919 1738; x_wconf 89' lang='lat' dir='ltr'><strong>populo</strong></span> <span class='ocrx_word' id='word_1_154' title='bbox 1947 1647 2281 1728; x_wconf 84' lang='lat' dir='ltr'><strong>confiteri,</strong></span> <span class='ocrx_word' id='word_1_155' title='bbox 2316 1670 2462 1716; x_wconf 85' lang='lat' dir='ltr'><strong>esse</strong></span> <span class='ocrx_word' id='word_1_156' title='bbox 2503 1653 2714 1716; x_wconf 88' lang='lat' dir='ltr'><strong>Deum</strong></span> <span class='ocrx_word' id='word_1_157' title='bbox 2748 1650 2816 1717; x_wconf 88' lang='lat' dir='ltr'><strong>in</strong></span> <span class='ocrx_word' id='word_1_158' title='bbox 2849 1650 3064 1732; x_wconf 85' lang='lat' dir='ltr'><strong>coelO,</strong></span> 
     </span>
     <span class='ocr_line' id='line_1_17' title="bbox 529 1736 2819 1817; baseline -0.002 -10"><span class='ocrx_word' id='word_1_159' title='bbox 529 1761 655 1807; x_wconf 89' lang='lat' dir='ltr'><strong>nec</strong></span> <span class='ocrx_word' id='word_1_160' title='bbox 686 1738 906 1807; x_wconf 89' lang='lat' dir='ltr'><strong>ullum</strong></span> <span class='ocrx_word' id='word_1_161' title='bbox 957 1760 1103 1807; x_wconf 84' lang='lat' dir='ltr'><strong>esse</strong></span> <span class='ocrx_word' id='word_1_162' title='bbox 1134 1737 1374 1817; x_wconf 88' lang='lat' dir='ltr'><strong>alium,</strong></span> <span class='ocrx_word' id='word_1_163' title='bbox 1413 1736 1544 1805; x_wconf 90' lang='lat' dir='ltr'><strong>nisi</strong></span> <span class='ocrx_word' id='word_1_164' title='bbox 1595 1736 1939 1806; x_wconf 88' lang='lat' dir='ltr'><strong>Christum</strong></span> <span class='ocrx_word' id='word_1_165' title='bbox 1976 1742 2209 1806; x_wconf 90' lang='lat' dir='ltr'><strong>Jesum</strong></span> <span class='ocrx_word' id='word_1_166' title='bbox 2250 1737 2483 1805; x_wconf 88' lang='lat' dir='ltr'><strong>Sabini</strong></span> <span class='ocrx_word' id='word_1_167' title='bbox 2535 1742 2819 1806; x_wconf 83' lang='lat' dir='ltr'><strong>Deum.»</strong></span> 
     </span>
    </p>

    <p class='ocr_par' dir='ltr' id='par_1_2' title="bbox 527 1824 3078 3050">
     <span class='ocr_line' id='line_1_18' title="bbox 618 1824 3073 1913; baseline -0.002 -13"><span class='ocrx_word' id='word_1_168' title='bbox 618 1830 655 1913; x_wconf 67' lang='grc' dir='ltr'>ἓ</span> <span class='ocrx_word' id='word_1_169' title='bbox 703 1833 788 1900; x_wconf 67' lang='grc'><strong>4.</strong></span> <span class='ocrx_word' id='word_1_170' title='bbox 842 1832 1030 1896; x_wconf 89' lang='lat' dir='ltr'><strong>Tunc</strong></span> <span class='ocrx_word' id='word_1_171' title='bbox 1082 1824 1464 1896; x_wconf 73' lang='lat' dir='ltr'><strong>Praefectus</strong></span> <span class='ocrx_word' id='word_1_172' title='bbox 1518 1825 1950 1894; x_wconf 85' lang='lat' dir='ltr'><strong>vehementer</strong></span> <span class='ocrx_word' id='word_1_173' title='bbox 2015 1839 2401 1897; x_wconf 90' lang='lat' dir='ltr'><strong>commotus</strong></span> <span class='ocrx_word' id='word_1_174' title='bbox 2436 1881 2450 1907; x_wconf 93' lang='lat'><strong>,</strong></span> <span class='ocrx_word' id='word_1_175' title='bbox 2521 1826 2733 1910; x_wconf 83' lang='lat' dir='ltr'><strong>jussit</strong></span> <span class='ocrx_word' id='word_1_176' title='bbox 2788 1848 2944 1895; x_wconf 89' lang='lat' dir='ltr'><strong>eum</strong></span> <span class='ocrx_word' id='word_1_177' title='bbox 3001 1826 3073 1895; x_wconf 89' lang='lat' dir='ltr'><strong>in</strong></span> 
     </span>
     <span class='ocr_line' id='line_1_19' title="bbox 528 1913 3075 2004; baseline 0 -20"><span class='ocrx_word' id='word_1_178' title='bbox 528 1916 1064 1984; x_wconf 80' lang='lat' dir='ltr'><strong>armamentario</strong></span> <span class='ocrx_word' id='word_1_179' title='bbox 1112 1914 1443 2004; x_wconf 88' lang='lat' dir='ltr'><strong>suspendi</strong></span> <span class='ocrx_word' id='word_1_180' title='bbox 1490 1925 1554 1982; x_wconf 92' lang='lat' dir='ltr'><strong>et</strong></span> <span class='ocrx_word' id='word_1_181' title='bbox 1600 1914 1952 1983; x_wconf 82' lang='lat' dir='ltr'><strong>dissecari.</strong></span> <span class='ocrx_word' id='word_1_182' title='bbox 2021 1918 2167 1996; x_wconf 90' lang='lat' dir='ltr'><strong>Quo</strong></span> <span class='ocrx_word' id='word_1_183' title='bbox 2218 1913 2497 2001; x_wconf 88' lang='lat' dir='ltr'><strong>quidem</strong></span> <span class='ocrx_word' id='word_1_184' title='bbox 2557 1915 2760 1984; x_wconf 90' lang='lat' dir='ltr'><strong>modo</strong></span> <span class='ocrx_word' id='word_1_185' title='bbox 2809 1915 2909 1984; x_wconf 89' lang='lat' dir='ltr'><strong>sic</strong></span> <span class='ocrx_word' id='word_1_186' title='bbox 2955 1937 3075 1984; x_wconf 84' lang='lat' dir='ltr'><strong>ex-</strong></span> 
     </span>
     <span class='ocr_line' id='line_1_20' title="bbox 532 2003 3071 2091; baseline 0 -19"><span class='ocrx_word' id='word_1_187' title='bbox 532 2004 880 2073; x_wconf 88' lang='lat' dir='ltr'><strong>cruciatus</strong></span> <span class='ocrx_word' id='word_1_188' title='bbox 928 2016 1028 2074; x_wconf 84' lang='lat' dir='ltr'><strong>est</strong></span> <span class='ocrx_word' id='word_1_189' title='bbox 1077 2015 1356 2074; x_wconf 87' lang='lat' dir='ltr'><strong>sanctus</strong></span> <span class='ocrx_word' id='word_1_190' title='bbox 1406 2003 1519 2071; x_wconf 90' lang='lat' dir='ltr'><strong>Dei</strong></span> <span class='ocrx_word' id='word_1_191' title='bbox 1570 2013 1851 2091; x_wconf 70' lang='lat' dir='ltr'><strong>martyr,</strong></span> <span class='ocrx_word' id='word_1_192' title='bbox 1905 2013 1980 2072; x_wconf 91' lang='lat' dir='ltr'><strong>ut</strong></span> <span class='ocrx_word' id='word_1_193' title='bbox 2026 2025 2268 2072; x_wconf 86' lang='lat' dir='ltr'><strong>carnes</strong></span> <span class='ocrx_word' id='word_1_194' title='bbox 2314 2003 2467 2091; x_wconf 87' lang='lat' dir='ltr'><strong>ejus</strong></span> <span class='ocrx_word' id='word_1_195' title='bbox 2518 2003 2585 2071; x_wconf 87' lang='lat' dir='ltr'><strong>in</strong></span> <span class='ocrx_word' id='word_1_196' title='bbox 2628 2003 2853 2072; x_wconf 88' lang='lat' dir='ltr'><strong>solum</strong></span> <span class='ocrx_word' id='word_1_197' title='bbox 2902 2025 3071 2074; x_wconf 87' lang='lat' dir='ltr'><strong>con-</strong></span> 
     </span>
     <span class='ocr_line' id='line_1_21' title="bbox 527 2091 3073 2178; baseline -0.001 -17"><span class='ocrx_word' id='word_1_198' title='bbox 527 2092 858 2162; x_wconf 82' lang='lat' dir='ltr'><strong>ciderent.</strong></span> <span class='ocrx_word' id='word_1_199' title='bbox 913 2098 987 2161; x_wconf 90' lang='lat' dir='ltr'><strong>Et</strong></span> <span class='ocrx_word' id='word_1_200' title='bbox 1037 2091 1443 2172; x_wconf 84' lang='lat' dir='ltr'><strong>Praefectus,</strong></span> <span class='ocrx_word' id='word_1_201' title='bbox 1498 2091 1883 2171; x_wconf 78' lang='lat' dir='ltr'><strong>«Nondum,</strong></span> <span class='ocrx_word' id='word_1_202' title='bbox 1921 2091 2166 2178; x_wconf 86' lang='lat' dir='ltr'><strong>inquit,</strong></span> <span class='ocrx_word' id='word_1_203' title='bbox 2202 2091 2560 2161; x_wconf 89' lang='lat' dir='ltr'><strong>immolare</strong></span> <span class='ocrx_word' id='word_1_204' title='bbox 2590 2091 2688 2161; x_wconf 90' lang='lat' dir='ltr'><strong>vis</strong></span> <span class='ocrx_word' id='word_1_205' title='bbox 2726 2092 3073 2162; x_wconf 58' lang='lat' dir='ltr'><strong>deisb—</strong></span> 
     </span>
     <span class='ocr_line' id='line_1_22' title="bbox 534 2180 3066 2268; baseline 0.001 -21"><span class='ocrx_word' id='word_1_206' title='bbox 534 2204 569 2247; x_wconf 85' lang='lat'>«</span> <span class='ocrx_word' id='word_1_207' title='bbox 607 2182 882 2250; x_wconf 85' lang='lat' dir='ltr'><strong>Minime</strong></span> <span class='ocrx_word' id='word_1_208' title='bbox 930 2203 1087 2251; x_wconf 89' lang='lat' dir='ltr'><strong>vero</strong></span> <span class='ocrx_word' id='word_1_209' title='bbox 1122 2237 1136 2260; x_wconf 95' lang='lat'><strong>,</strong></span> <span class='ocrx_word' id='word_1_210' title='bbox 1213 2180 1561 2268; x_wconf 86' lang='lat' dir='ltr'><strong>respondit</strong></span> <span class='ocrx_word' id='word_1_211' title='bbox 1613 2181 1931 2251; x_wconf 91' lang='lat' dir='ltr'><strong>Sabinus.</strong></span> <span class='ocrx_word' id='word_1_212' title='bbox 1972 2203 2007 2246; x_wconf 83' lang='lat'>»</span> <span class='ocrx_word' id='word_1_213' title='bbox 2051 2186 2238 2250; x_wconf 91' lang='lat' dir='ltr'><strong>Unus</strong></span> <span class='ocrx_word' id='word_1_214' title='bbox 2287 2193 2511 2249; x_wconf 88' lang='lat' dir='ltr'><strong>autem</strong></span> <span class='ocrx_word' id='word_1_215' title='bbox 2569 2202 2647 2249; x_wconf 81' lang='lat' dir='ltr'><strong>ex</strong></span> <span class='ocrx_word' id='word_1_216' title='bbox 2695 2181 3066 2259; x_wconf 80' lang='lat' dir='ltr'><strong>advocatiS,</strong></span> 
     </span>
     <span class='ocr_line' id='line_1_23' title="bbox 528 2269 3073 2356; baseline 0 -19"><span class='ocrx_word' id='word_1_217' title='bbox 528 2270 650 2356; x_wconf 91' lang='lat' dir='ltr'><strong>qui</strong></span> <span class='ocrx_word' id='word_1_218' title='bbox 698 2270 1033 2349; x_wconf 81' lang='lat' dir='ltr'><strong>astabant,</strong></span> <span class='ocrx_word' id='word_1_219' title='bbox 1089 2270 1366 2339; x_wconf 88' lang='lat' dir='ltr'><strong>nomine</strong></span> <span class='ocrx_word' id='word_1_220' title='bbox 1425 2269 1782 2338; x_wconf 83' lang='lat' dir='ltr'><strong>Bisambo:</strong></span> <span class='ocrx_word' id='word_1_221' title='bbox 1837 2293 1871 2335; x_wconf 56' lang='lat' dir='ltr'><strong>a</strong></span> <span class='ocrx_word' id='word_1_222' title='bbox 1911 2270 2215 2347; x_wconf 86' lang='lat' dir='ltr'><strong>Domine,</strong></span> <span class='ocrx_word' id='word_1_223' title='bbox 2271 2270 2514 2356; x_wconf 86' lang='lat' dir='ltr'><strong>inquit,</strong></span> <span class='ocrx_word' id='word_1_224' title='bbox 2580 2292 2714 2338; x_wconf 87' lang='lat' dir='ltr'><strong>non</strong></span> <span class='ocrx_word' id='word_1_225' title='bbox 2776 2283 2876 2340; x_wconf 85' lang='lat' dir='ltr'><strong>est</strong></span> <span class='ocrx_word' id='word_1_226' title='bbox 2921 2291 3073 2337; x_wconf 87' lang='lat' dir='ltr'><strong>am-</strong></span> 
     </span>
     <span class='ocr_line' id='line_1_24' title="bbox 532 2358 3078 2449; baseline 0 -22"><span class='ocrx_word' id='word_1_227' title='bbox 532 2359 718 2447; x_wconf 90' lang='lat' dir='ltr'><strong>plius</strong></span> <span class='ocrx_word' id='word_1_228' title='bbox 770 2360 1017 2428; x_wconf 89' lang='lat' dir='ltr'><strong>mentis</strong></span> <span class='ocrx_word' id='word_1_229' title='bbox 1066 2380 1385 2449; x_wconf 83' lang='lat' dir='ltr'><strong>compOS,</strong></span> <span class='ocrx_word' id='word_1_230' title='bbox 1454 2358 1567 2427; x_wconf 89' lang='lat' dir='ltr'><strong>sed</strong></span> <span class='ocrx_word' id='word_1_231' title='bbox 1620 2359 1921 2426; x_wconf 86' lang='lat' dir='ltr'><strong>animam</strong></span> <span class='ocrx_word' id='word_1_232' title='bbox 1996 2359 2137 2448; x_wconf 88' lang='lat' dir='ltr'><strong>agit</strong></span> <span class='ocrx_word' id='word_1_233' title='bbox 2198 2380 2276 2426; x_wconf 88' lang='lat' dir='ltr'><strong>ac</strong></span> <span class='ocrx_word' id='word_1_234' title='bbox 2339 2360 2648 2427; x_wconf 87' lang='lat' dir='ltr'><strong>moritur.</strong></span> <span class='ocrx_word' id='word_1_235' title='bbox 2703 2381 2737 2424; x_wconf 85' lang='lat'>»</span> <span class='ocrx_word' id='word_1_236' title='bbox 2777 2359 3078 2429; x_wconf 89' lang='lat' dir='ltr'><strong>Sabinus</strong></span> 
     </span>
     <span class='ocr_line' id='line_1_25' title="bbox 532 2445 3077 2539; baseline 0 -21"><span class='ocrx_word' id='word_1_237' title='bbox 532 2448 758 2518; x_wconf 90' lang='lat' dir='ltr'><strong>statim</strong></span> <span class='ocrx_word' id='word_1_238' title='bbox 802 2470 1055 2539; x_wconf 84' lang='lat' dir='ltr'><strong>magna</strong></span> <span class='ocrx_word' id='word_1_239' title='bbox 1103 2470 1283 2518; x_wconf 90' lang='lat' dir='ltr'><strong>voce:</strong></span> <span class='ocrx_word' id='word_1_240' title='bbox 1339 2471 1373 2513; x_wconf 82' lang='lat'>«</span> <span class='ocrx_word' id='word_1_241' title='bbox 1406 2451 1596 2527; x_wconf 90' lang='lat' dir='ltr'><strong>Sum,</strong></span> <span class='ocrx_word' id='word_1_242' title='bbox 1632 2445 1881 2533; x_wconf 88' lang='lat' dir='ltr'><strong>inquit,</strong></span> <span class='ocrx_word' id='word_1_243' title='bbox 1923 2446 2123 2538; x_wconf 83' lang='lat' dir='ltr'><strong>plane</strong></span> <span class='ocrx_word' id='word_1_244' title='bbox 2155 2448 2403 2517; x_wconf 88' lang='lat' dir='ltr'><strong>mentis</strong></span> <span class='ocrx_word' id='word_1_245' title='bbox 2434 2468 2739 2538; x_wconf 79' lang='lat' dir='ltr'><strong>compOS,</strong></span> <span class='ocrx_word' id='word_1_246' title='bbox 2776 2469 2902 2517; x_wconf 90' lang='lat' dir='ltr'><strong>nec</strong></span> <span class='ocrx_word' id='word_1_247' title='bbox 2931 2446 3077 2518; x_wconf 92' lang='lat' dir='ltr'><strong>ullo</strong></span> 
     </span>
     <span class='ocr_line' id='line_1_26' title="bbox 531 2535 3072 2628; baseline 0 -22"><span class='ocrx_word' id='word_1_248' title='bbox 531 2537 732 2608; x_wconf 88' lang='lat' dir='ltr'><strong>modo</strong></span> <span class='ocrx_word' id='word_1_249' title='bbox 782 2561 1059 2607; x_wconf 87' lang='lat' dir='ltr'><strong>sensum</strong></span> <span class='ocrx_word' id='word_1_250' title='bbox 1094 2536 1297 2606; x_wconf 90' lang='lat' dir='ltr'><strong>amisi</strong></span> <span class='ocrx_word' id='word_1_251' title='bbox 1342 2535 1469 2625; x_wconf 85' lang='lat' dir='ltr'><strong>(a).</strong></span> <span class='ocrx_word' id='word_1_252' title='bbox 1524 2536 1978 2617; x_wconf 86' lang='lat' dir='ltr'><strong>Quamobrem</strong></span> <span class='ocrx_word' id='word_1_253' title='bbox 2014 2537 2213 2616; x_wconf 85' lang='lat' dir='ltr'><strong>absit,</strong></span> <span class='ocrx_word' id='word_1_254' title='bbox 2253 2550 2329 2606; x_wconf 91' lang='lat' dir='ltr'><strong>ut</strong></span> <span class='ocrx_word' id='word_1_255' title='bbox 2356 2559 2397 2605; x_wconf 90' lang='lat' dir='ltr'><strong>a</strong></span> <span class='ocrx_word' id='word_1_256' title='bbox 2437 2542 2567 2605; x_wconf 89' lang='lat' dir='ltr'><strong>Deo</strong></span> <span class='ocrx_word' id='word_1_257' title='bbox 2599 2536 2721 2624; x_wconf 88' lang='lat' dir='ltr'><strong>qui</strong></span> <span class='ocrx_word' id='word_1_258' title='bbox 2772 2559 2878 2606; x_wconf 89' lang='lat' dir='ltr'><strong>me</strong></span> <span class='ocrx_word' id='word_1_259' title='bbox 2911 2559 3072 2628; x_wconf 90' lang='lat' dir='ltr'><strong>pro-</strong></span> 
     </span>
     <span class='ocr_line' id='line_1_27' title="bbox 529 2623 3072 2706; baseline -0.001 -11"><span class='ocrx_word' id='word_1_260' title='bbox 529 2627 802 2706; x_wconf 88' lang='lat' dir='ltr'><strong>creavit,</strong></span> <span class='ocrx_word' id='word_1_261' title='bbox 857 2625 1459 2695; x_wconf 83' lang='lat' dir='ltr'><strong>abaliener.»—«</strong></span> <span class='ocrx_word' id='word_1_262' title='bbox 1508 2624 1767 2705; x_wconf 80' lang='lat' dir='ltr'><strong>Adhuc,</strong></span> <span class='ocrx_word' id='word_1_263' title='bbox 1822 2623 1888 2692; x_wconf 88' lang='lat' dir='ltr'><strong>in</strong></span> <span class='ocrx_word' id='word_1_264' title='bbox 1945 2625 2047 2693; x_wconf 91' lang='lat' dir='ltr'><strong>uit</strong></span> <span class='ocrx_word' id='word_1_265' title='bbox 2109 2625 2420 2704; x_wconf 55' lang='lat' dir='ltr'><strong>Amanus,</strong></span> <span class='ocrx_word' id='word_1_266' title='bbox 2474 2625 2697 2694; x_wconf 83' lang='lat' dir='ltr'><strong>audax</strong></span> <span class='ocrx_word' id='word_1_267' title='bbox 2728 2648 2802 2696; x_wconf 91' lang='lat' dir='ltr'><strong>es</strong></span> <span class='ocrx_word' id='word_1_268' title='bbox 2841 2639 2904 2694; x_wconf 88' lang='lat' dir='ltr'><strong>et</strong></span> <span class='ocrx_word' id='word_1_269' title='bbox 2951 2624 3072 2692; x_wconf 91' lang='lat' dir='ltr'><strong>ob-</strong></span> 
     </span>
     <span class='ocr_line' id='line_1_28' title="bbox 530 2711 3073 2805; baseline -0.001 -21"><span class='ocrx_word' id='word_1_270' title='bbox 530 2716 874 2784; x_wconf 79' lang='lat' dir='ltr'><strong>stinatus?</strong></span> <span class='ocrx_word' id='word_1_271' title='bbox 920 2720 1165 2782; x_wconf 84' lang='lat' dir='ltr'><strong>Verum</strong></span> <span class='ocrx_word' id='word_1_272' title='bbox 1217 2735 1342 2802; x_wconf 86' lang='lat' dir='ltr'><strong>ego</strong></span> <span class='ocrx_word' id='word_1_273' title='bbox 1392 2723 1453 2781; x_wconf 91' lang='lat' dir='ltr'><strong>te</strong></span> <span class='ocrx_word' id='word_1_274' title='bbox 1486 2711 1597 2780; x_wconf 90' lang='lat' dir='ltr'><strong>hic</strong></span> <span class='ocrx_word' id='word_1_275' title='bbox 1647 2734 1784 2781; x_wconf 85' lang='lat' dir='ltr'><strong>non</strong></span> <span class='ocrx_word' id='word_1_276' title='bbox 1833 2735 1868 2779; x_wconf 88' lang='lat' dir='ltr'><strong>a</strong></span> <span class='ocrx_word' id='word_1_277' title='bbox 1927 2712 2127 2782; x_wconf 76' lang='lat' dir='ltr'><strong>iciam</strong></span> <span class='ocrx_word' id='word_1_278' title='bbox 2179 2713 2556 2804; x_wconf 91' lang='lat' dir='ltr'><strong>supplicio,</strong></span> <span class='ocrx_word' id='word_1_279' title='bbox 2609 2713 3073 2805; x_wconf 76' lang='lat' dir='ltr'><strong>Antinopolim</strong></span> 
     </span>
     <span class='ocr_line' id='line_1_29' title="bbox 531 2801 3077 2894; baseline -0.001 -22"><span class='ocrx_word' id='word_1_280' title='bbox 531 2816 870 2894; x_wconf 89' lang='lat' dir='ltr'><strong>petamus,</strong></span> <span class='ocrx_word' id='word_1_281' title='bbox 902 2815 966 2872; x_wconf 89' lang='lat' dir='ltr'><strong>et</strong></span> <span class='ocrx_word' id='word_1_282' title='bbox 1012 2802 1155 2870; x_wconf 92' lang='lat' dir='ltr'><strong>illic</strong></span> <span class='ocrx_word' id='word_1_283' title='bbox 1202 2802 1427 2871; x_wconf 88' lang='lat' dir='ltr'><strong>disces</strong></span> <span class='ocrx_word' id='word_1_284' title='bbox 1472 2822 1621 2871; x_wconf 83' lang='lat' dir='ltr'><strong>esse</strong></span> <span class='ocrx_word' id='word_1_285' title='bbox 1678 2823 1869 2870; x_wconf 90' lang='lat' dir='ltr'><strong>veros</strong></span> <span class='ocrx_word' id='word_1_286' title='bbox 1916 2801 2102 2880; x_wconf 81' lang='lat' dir='ltr'><strong>deos,</strong></span> <span class='ocrx_word' id='word_1_287' title='bbox 2155 2803 2410 2888; x_wconf 86' lang='lat' dir='ltr'><strong>quibus</strong></span> <span class='ocrx_word' id='word_1_288' title='bbox 2461 2808 2914 2892; x_wconf 86' lang='lat' dir='ltr'><strong>Imperatores</strong></span> <span class='ocrx_word' id='word_1_289' title='bbox 2964 2825 3077 2872; x_wconf 88' lang='lat' dir='ltr'><strong>sa-</strong></span> 
     </span>
     <span class='ocr_line' id='line_1_30' title="bbox 528 2889 3075 2983; baseline -0.001 -22"><span class='ocrx_word' id='word_1_290' title='bbox 528 2892 841 2961; x_wconf 81' lang='lat' dir='ltr'><strong>crificare</strong></span> <span class='ocrx_word' id='word_1_291' title='bbox 889 2913 1015 2961; x_wconf 88' lang='lat' dir='ltr'><strong>nos</strong></span> <span class='ocrx_word' id='word_1_292' title='bbox 1063 2890 1373 2961; x_wconf 88' lang='lat' dir='ltr'><strong>volunt.»</strong></span> <span class='ocrx_word' id='word_1_293' title='bbox 1406 2889 1705 2959; x_wconf 87' lang='lat' dir='ltr'><strong>Sabinus</strong></span> <span class='ocrx_word' id='word_1_294' title='bbox 1735 2891 1946 2980; x_wconf 88' lang='lat' dir='ltr'><strong>igitur</strong></span> <span class='ocrx_word' id='word_1_295' title='bbox 1978 2906 2135 2961; x_wconf 89' lang='lat' dir='ltr'><strong>ante</strong></span> <span class='ocrx_word' id='word_1_296' title='bbox 2160 2891 2578 2961; x_wconf 86' lang='lat' dir='ltr'><strong>Praefectum</strong></span> <span class='ocrx_word' id='word_1_297' title='bbox 2610 2890 3075 2983; x_wconf 77' lang='lat' dir='ltr'><strong>Antinopolim</strong></span> 
     </span>
     <span class='ocr_line' id='line_1_31' title="bbox 528 2979 1021 3050; baseline 0 -1"><span class='ocrx_word' id='word_1_298' title='bbox 528 2979 929 3050; x_wconf 88' lang='lat' dir='ltr'><strong>ducebatur.</strong></span> <span class='ocrx_word' id='word_1_299' title='bbox 948 3035 961 3048; x_wconf 92' lang='lat'><strong>.</strong></span> <span class='ocrx_word' id='word_1_300' title='bbox 977 3033 1021 3049; x_wconf 88' lang='lat'><strong>..</strong></span> 
     </span>
    </p>

    <p class='ocr_par' dir='ltr' id='par_1_3' title="bbox 522 3065 3081 4244">
     <span class='ocr_line' id='line_1_32' title="bbox 621 3065 3080 3158; baseline -0.002 -18"><span class='ocrx_word' id='word_1_301' title='bbox 621 3072 658 3156; x_wconf 66' lang='grc' dir='ltr'><strong>ξ</strong></span> <span class='ocrx_word' id='word_1_302' title='bbox 704 3073 788 3140; x_wconf 74' lang='grc' dir='ltr'><strong>ὅ.</strong></span> <span class='ocrx_word' id='word_1_303' title='bbox 847 3072 1012 3137; x_wconf 89' lang='lat' dir='ltr'><strong>Cum</strong></span> <span class='ocrx_word' id='word_1_304' title='bbox 1066 3067 1276 3158; x_wconf 88' lang='lat' dir='ltr'><strong>igitur</strong></span> <span class='ocrx_word' id='word_1_305' title='bbox 1322 3065 1708 3136; x_wconf 85' lang='lat' dir='ltr'><strong>Praefectus</strong></span> <span class='ocrx_word' id='word_1_306' title='bbox 1754 3065 1825 3135; x_wconf 89' lang='lat' dir='ltr'><strong>in</strong></span> <span class='ocrx_word' id='word_1_307' title='bbox 1878 3067 2207 3137; x_wconf 86' lang='lat' dir='ltr'><strong>tribunali</strong></span> <span class='ocrx_word' id='word_1_308' title='bbox 2257 3068 2554 3150; x_wconf 89' lang='lat' dir='ltr'><strong>sederet,</strong></span> <span class='ocrx_word' id='word_1_309' title='bbox 2598 3067 2810 3158; x_wconf 89' lang='lat' dir='ltr'><strong>jussit</strong></span> <span class='ocrx_word' id='word_1_310' title='bbox 2868 3067 2954 3138; x_wconf 90' lang='lat' dir='ltr'><strong>ad</strong></span> <span class='ocrx_word' id='word_1_311' title='bbox 3005 3089 3080 3137; x_wconf 90' lang='lat' dir='ltr'><strong>se</strong></span> 
     </span>
     <span class='ocr_line' id='line_1_33' title="bbox 533 3156 3080 3243; baseline -0 -18"><span class='ocrx_word' id='word_1_312' title='bbox 533 3170 849 3226; x_wconf 87' lang='lat' dir='ltr'><strong>sanctum</strong></span> <span class='ocrx_word' id='word_1_313' title='bbox 905 3156 1234 3225; x_wconf 90' lang='lat' dir='ltr'><strong>Sabinum</strong></span> <span class='ocrx_word' id='word_1_314' title='bbox 1288 3156 1564 3237; x_wconf 90' lang='lat' dir='ltr'><strong>adduci,</strong></span> <span class='ocrx_word' id='word_1_315' title='bbox 1617 3168 1683 3224; x_wconf 86' lang='lat' dir='ltr'><strong>et</strong></span> <span class='ocrx_word' id='word_1_316' title='bbox 1729 3156 1827 3224; x_wconf 90' lang='lat' dir='ltr'><strong>sic</strong></span> <span class='ocrx_word' id='word_1_317' title='bbox 1876 3179 2036 3226; x_wconf 84' lang='lat' dir='ltr'><strong>eum</strong></span> <span class='ocrx_word' id='word_1_318' title='bbox 2085 3170 2186 3226; x_wconf 86' lang='lat' dir='ltr'><strong>est</strong></span> <span class='ocrx_word' id='word_1_319' title='bbox 2231 3157 2616 3227; x_wconf 91' lang='lat' dir='ltr'><strong>allocutus:</strong></span> <span class='ocrx_word' id='word_1_320' title='bbox 2687 3184 2712 3220; x_wconf 68' lang='grc' dir='ltr'><strong>α</strong></span> <span class='ocrx_word' id='word_1_321' title='bbox 2767 3163 2866 3225; x_wconf 89' lang='lat' dir='ltr'><strong>Tu</strong></span> <span class='ocrx_word' id='word_1_322' title='bbox 2924 3156 3080 3243; x_wconf 89' lang='lat' dir='ltr'><strong>qui-</strong></span> 
     </span>
     <span class='ocr_line' id='line_1_34' title="bbox 533 3243 3076 3346; baseline -0.001 -31"><span class='ocrx_word' id='word_1_323' title='bbox 533 3246 688 3315; x_wconf 90' lang='lat' dir='ltr'><strong>dem</strong></span> <span class='ocrx_word' id='word_1_324' title='bbox 742 3244 1013 3314; x_wconf 87' lang='lat' dir='ltr'><strong>facinus</strong></span> <span class='ocrx_word' id='word_1_325' title='bbox 1060 3256 1126 3314; x_wconf 90' lang='lat' dir='ltr'><strong>et</strong></span> <span class='ocrx_word' id='word_1_326' title='bbox 1174 3243 1308 3314; x_wconf 89' lang='lat' dir='ltr'><strong>diis</strong></span> <span class='ocrx_word' id='word_1_327' title='bbox 1353 3256 1419 3313; x_wconf 92' lang='lat' dir='ltr'><strong>et</strong></span> <span class='ocrx_word' id='word_1_328' title='bbox 1466 3245 2004 3335; x_wconf 87' lang='lat' dir='ltr'><strong>Imperatoribus</strong></span> <span class='ocrx_word' id='word_1_329' title='bbox 2038 3246 2332 3316; x_wconf 84' lang='lat' dir='ltr'><strong>invisum</strong></span> <span class='ocrx_word' id='word_1_330' title='bbox 2369 3257 2434 3314; x_wconf 91' lang='lat' dir='ltr'><strong>et</strong></span> <span class='ocrx_word' id='word_1_331' title='bbox 2462 3245 2919 3315; x_wconf 85' lang='lat' dir='ltr'><strong>execrandum</strong></span> <span class='ocrx_word' id='word_1_332' title='bbox 2954 3267 3076 3346; x_wconf 82' lang='lat' dir='ltr'><strong>ag·</strong></span> 
     </span>
     <span class='ocr_line' id='line_1_35' title="bbox 531 3332 3077 3434; baseline 0 -31"><span class='ocrx_word' id='word_1_333' title='bbox 531 3354 816 3425; x_wconf 85' lang='lat' dir='ltr'><strong>gressus</strong></span> <span class='ocrx_word' id='word_1_334' title='bbox 863 3355 959 3415; x_wconf 82' lang='lat' dir='ltr'><strong>eS,</strong></span> <span class='ocrx_word' id='word_1_335' title='bbox 1013 3334 1269 3434; x_wconf 88' lang='lat' dir='ltr'><strong>quippe</strong></span> <span class='ocrx_word' id='word_1_336' title='bbox 1315 3332 1460 3419; x_wconf 92' lang='lat' dir='ltr'><strong>qui,</strong></span> <span class='ocrx_word' id='word_1_337' title='bbox 1507 3333 1737 3423; x_wconf 71' lang='lat' dir='ltr'><strong>magia</strong></span> <span class='ocrx_word' id='word_1_338' title='bbox 1785 3333 2138 3416; x_wconf 83' lang='lat' dir='ltr'><strong>adhibita,</strong></span> <span class='ocrx_word' id='word_1_339' title='bbox 2192 3356 2317 3403; x_wconf 88' lang='lat' dir='ltr'><strong>nos</strong></span> <span class='ocrx_word' id='word_1_340' title='bbox 2365 3334 2434 3403; x_wconf 89' lang='lat' dir='ltr'><strong>in</strong></span> <span class='ocrx_word' id='word_1_341' title='bbox 2485 3333 2712 3403; x_wconf 86' lang='lat' dir='ltr'><strong>medio</strong></span> <span class='ocrx_word' id='word_1_342' title='bbox 2761 3333 3077 3403; x_wconf 78' lang='lat' dir='ltr'><strong>fluminis</strong></span> 
     </span>
     <span class='ocr_line' id='line_1_36' title="bbox 532 3421 3078 3509; baseline 0 -17"><span class='ocrx_word' id='word_1_343' title='bbox 532 3422 932 3502; x_wconf 87' lang='lat' dir='ltr'><strong>cohibuisti,</strong></span> <span class='ocrx_word' id='word_1_344' title='bbox 976 3435 1041 3491; x_wconf 89' lang='lat' dir='ltr'><strong>et</strong></span> <span class='ocrx_word' id='word_1_345' title='bbox 1090 3422 1352 3491; x_wconf 76' lang='lat' dir='ltr'><strong>viribus</strong></span> <span class='ocrx_word' id='word_1_346' title='bbox 1400 3421 1539 3491; x_wconf 89' lang='lat' dir='ltr'><strong>tuis</strong></span> <span class='ocrx_word' id='word_1_347' title='bbox 1579 3422 1843 3492; x_wconf 86' lang='lat' dir='ltr'><strong>abusus</strong></span> <span class='ocrx_word' id='word_1_348' title='bbox 1889 3446 1961 3492; x_wconf 89' lang='lat' dir='ltr'><strong>es</strong></span> <span class='ocrx_word' id='word_1_349' title='bbox 2011 3423 2077 3491; x_wconf 92' lang='lat' dir='ltr'><strong>in</strong></span> <span class='ocrx_word' id='word_1_350' title='bbox 2132 3444 2264 3504; x_wconf 88' lang='lat' dir='ltr'><strong>me,</strong></span> <span class='ocrx_word' id='word_1_351' title='bbox 2324 3438 2662 3509; x_wconf 86' lang='lat' dir='ltr'><strong>quantum</strong></span> <span class='ocrx_word' id='word_1_352' title='bbox 2713 3422 2838 3492; x_wconf 90' lang='lat' dir='ltr'><strong>tibi</strong></span> <span class='ocrx_word' id='word_1_353' title='bbox 2884 3421 3078 3492; x_wconf 86' lang='lat' dir='ltr'><strong>colli-</strong></span> 
     </span>
     <span class='ocr_line' id='line_1_37' title="bbox 531 3510 3077 3602; baseline 0 -21"><span class='ocrx_word' id='word_1_354' title='bbox 531 3511 708 3582; x_wconf 90' lang='lat' dir='ltr'><strong>buit.</strong></span> <span class='ocrx_word' id='word_1_355' title='bbox 763 3516 985 3594; x_wconf 85' lang='lat' dir='ltr'><strong>Quare</strong></span> <span class='ocrx_word' id='word_1_356' title='bbox 1023 3510 1081 3580; x_wconf 90' lang='lat' dir='ltr'><strong>si</strong></span> <span class='ocrx_word' id='word_1_357' title='bbox 1114 3510 1280 3598; x_wconf 92' lang='lat' dir='ltr'><strong>quid</strong></span> <span class='ocrx_word' id='word_1_358' title='bbox 1331 3533 1457 3601; x_wconf 90' lang='lat' dir='ltr'><strong>ego</strong></span> <span class='ocrx_word' id='word_1_359' title='bbox 1503 3532 1778 3599; x_wconf 91' lang='lat' dir='ltr'><strong>quoque</strong></span> <span class='ocrx_word' id='word_1_360' title='bbox 1830 3534 2134 3602; x_wconf 90' lang='lat' dir='ltr'><strong>possum,</strong></span> <span class='ocrx_word' id='word_1_361' title='bbox 2177 3511 2245 3580; x_wconf 89' lang='lat' dir='ltr'><strong>in</strong></span> <span class='ocrx_word' id='word_1_362' title='bbox 2280 3524 2341 3580; x_wconf 89' lang='lat' dir='ltr'><strong>tc</strong></span> <span class='ocrx_word' id='word_1_363' title='bbox 2373 3512 2436 3580; x_wconf 91' lang='lat' dir='ltr'><strong>id</strong></span> <span class='ocrx_word' id='word_1_364' title='bbox 2472 3511 2867 3581; x_wconf 81' lang='lat' dir='ltr'><strong>exercebo.»</strong></span> <span class='ocrx_word' id='word_1_365' title='bbox 2902 3516 3077 3581; x_wconf 90' lang='lat' dir='ltr'><strong>Tum</strong></span> 
     </span>
     <span class='ocr_line' id='line_1_38' title="bbox 529 3598 3077 3687; baseline -0 -18"><span class='ocrx_word' id='word_1_366' title='bbox 529 3612 905 3687; x_wconf 89' lang='lat' dir='ltr'><strong>quaternas</strong></span> <span class='ocrx_word' id='word_1_367' title='bbox 959 3599 1157 3670; x_wconf 87' lang='lat' dir='ltr'><strong>&#39;ussit</strong></span> <span class='ocrx_word' id='word_1_368' title='bbox 1202 3598 1384 3670; x_wconf 88' lang='lat' dir='ltr'><strong>faces</strong></span> <span class='ocrx_word' id='word_1_369' title='bbox 1432 3621 1762 3669; x_wconf 88' lang='lat' dir='ltr'><strong>accensas</strong></span> <span class='ocrx_word' id='word_1_370' title='bbox 1810 3600 2069 3681; x_wconf 84' lang='lat' dir='ltr'><strong>inferri,</strong></span> <span class='ocrx_word' id='word_1_371' title='bbox 2123 3613 2187 3669; x_wconf 88' lang='lat' dir='ltr'><strong>et</strong></span> <span class='ocrx_word' id='word_1_372' title='bbox 2234 3600 2556 3670; x_wconf 87' lang='lat' dir='ltr'><strong>athletam</strong></span> <span class='ocrx_word' id='word_1_373' title='bbox 2610 3599 2855 3669; x_wconf 84' lang='lat' dir='ltr'><strong>Christi</strong></span> <span class='ocrx_word' id='word_1_374' title='bbox 2901 3620 3077 3686; x_wconf 90' lang='lat' dir='ltr'><strong>qua-</strong></span> 
     </span>
     <span class='ocr_line' id='line_1_39' title="bbox 531 3688 3081 3780; baseline 0 -23"><span class='ocrx_word' id='word_1_375' title='bbox 531 3689 745 3758; x_wconf 85' lang='lat' dir='ltr'><strong>ternis</strong></span> <span class='ocrx_word' id='word_1_376' title='bbox 794 3688 940 3757; x_wconf 88' lang='lat' dir='ltr'><strong>funi</strong></span> <span class='ocrx_word' id='word_1_377' title='bbox 998 3711 1081 3758; x_wconf 84' lang='lat' dir='ltr'><strong>us</strong></span> <span class='ocrx_word' id='word_1_378' title='bbox 1127 3701 1480 3757; x_wconf 86' lang='lat' dir='ltr'><strong>extensum</strong></span> <span class='ocrx_word' id='word_1_379' title='bbox 1533 3688 1618 3757; x_wconf 89' lang='lat' dir='ltr'><strong>ad</strong></span> <span class='ocrx_word' id='word_1_380' title='bbox 1669 3701 1964 3777; x_wconf 88' lang='lat' dir='ltr'><strong>quatuor</strong></span> <span class='ocrx_word' id='word_1_381' title='bbox 2001 3689 2196 3779; x_wconf 91' lang='lat' dir='ltr'><strong>palos</strong></span> <span class='ocrx_word' id='word_1_382' title='bbox 2233 3688 2528 3780; x_wconf 88' lang='lat' dir='ltr'><strong>alligari,</strong></span> <span class='ocrx_word' id='word_1_383' title='bbox 2568 3688 2886 3776; x_wconf 88' lang='lat' dir='ltr'><strong>facesque</strong></span> <span class='ocrx_word' id='word_1_384' title='bbox 2914 3709 3081 3757; x_wconf 78' lang='lat' dir='ltr'><strong>ven·</strong></span> 
     </span>
     <span class='ocr_line' id='line_1_40' title="bbox 525 3777 3080 3869; baseline 0 -23"><span class='ocrx_word' id='word_1_385' title='bbox 525 3778 611 3847; x_wconf 89' lang='lat' dir='ltr'><strong>tri</strong></span> <span class='ocrx_word' id='word_1_386' title='bbox 660 3789 725 3846; x_wconf 86' lang='lat' dir='ltr'><strong>et</strong></span> <span class='ocrx_word' id='word_1_387' title='bbox 774 3777 1105 3847; x_wconf 88' lang='lat' dir='ltr'><strong>lateribus</strong></span> <span class='ocrx_word' id='word_1_388' title='bbox 1170 3778 1321 3866; x_wconf 87' lang='lat' dir='ltr'><strong>ejus</strong></span> <span class='ocrx_word' id='word_1_389' title='bbox 1370 3777 1657 3867; x_wconf 84' lang='lat' dir='ltr'><strong>subjici,</strong></span> <span class='ocrx_word' id='word_1_390' title='bbox 1726 3778 1943 3848; x_wconf 88' lang='lat' dir='ltr'><strong>donec</strong></span> <span class='ocrx_word' id='word_1_391' title='bbox 1991 3800 2233 3848; x_wconf 88' lang='lat' dir='ltr'><strong>carnes</strong></span> <span class='ocrx_word' id='word_1_392' title='bbox 2283 3778 2549 3869; x_wconf 83' lang='lat' dir='ltr'><strong>ipsiuS‚</strong></span> <span class='ocrx_word' id='word_1_393' title='bbox 2606 3777 2822 3847; x_wconf 90' lang='lat' dir='ltr'><strong>instar</strong></span> <span class='ocrx_word' id='word_1_394' title='bbox 2880 3797 3080 3846; x_wconf 89' lang='lat' dir='ltr'><strong>cerae</strong></span> 
     </span>
     <span class='ocr_line' id='line_1_41' title="bbox 531 3864 3071 3953; baseline -0.001 -17"><span class='ocrx_word' id='word_1_395' title='bbox 531 3865 960 3953; x_wconf 89' lang='lat' dir='ltr'><strong>liquefactae,</strong></span> <span class='ocrx_word' id='word_1_396' title='bbox 1017 3865 1422 3935; x_wconf 85' lang='lat' dir='ltr'><strong>defluerent.</strong></span> <span class='ocrx_word' id='word_1_397' title='bbox 1482 3867 1749 3949; x_wconf 85' lang='lat' dir='ltr'><strong>Quibus</strong></span> <span class='ocrx_word' id='word_1_398' title='bbox 1814 3866 1928 3935; x_wconf 91' lang='lat' dir='ltr'><strong>ille</strong></span> <span class='ocrx_word' id='word_1_399' title='bbox 1991 3867 2414 3937; x_wconf 87' lang='lat' dir='ltr'><strong>cruciatibus</strong></span> <span class='ocrx_word' id='word_1_400' title='bbox 2462 3867 2744 3936; x_wconf 85' lang='lat' dir='ltr'><strong>affectus</strong></span> <span class='ocrx_word' id='word_1_401' title='bbox 2803 3864 3071 3934; x_wconf 87' lang='lat' dir='ltr'><strong>nullam</strong></span> 
     </span>
     <span class='ocr_line' id='line_1_42' title="bbox 531 3953 3078 4046; baseline -0.001 -22"><span class='ocrx_word' id='word_1_402' title='bbox 531 3976 761 4025; x_wconf 87' lang='lat' dir='ltr'><strong>vocem</strong></span> <span class='ocrx_word' id='word_1_403' title='bbox 812 3955 1064 4034; x_wconf 89' lang='lat' dir='ltr'><strong>emisit,</strong></span> <span class='ocrx_word' id='word_1_404' title='bbox 1123 3954 1238 4026; x_wconf 87' lang='lat' dir='ltr'><strong>sed</strong></span> <span class='ocrx_word' id='word_1_405' title='bbox 1290 3955 1574 4046; x_wconf 88' lang='lat' dir='ltr'><strong>perinde</strong></span> <span class='ocrx_word' id='word_1_406' title='bbox 1633 3955 1965 4024; x_wconf 89' lang='lat' dir='ltr'><strong>sustinuit</strong></span> <span class='ocrx_word' id='word_1_407' title='bbox 2011 3978 2285 4025; x_wconf 85' lang='lat' dir='ltr'><strong>omnem</strong></span> <span class='ocrx_word' id='word_1_408' title='bbox 2350 3956 2831 4034; x_wconf 85' lang='lat' dir='ltr'><strong>acerbitatem,</strong></span> <span class='ocrx_word' id='word_1_409' title='bbox 2885 3975 2965 4022; x_wconf 89' lang='lat' dir='ltr'><strong>ac</strong></span> <span class='ocrx_word' id='word_1_410' title='bbox 3015 3953 3078 4022; x_wconf 90' lang='lat' dir='ltr'><strong>si</strong></span> 
     </span>
     <span class='ocr_line' id='line_1_43' title="bbox 530 4041 3071 4133; baseline -0.001 -20"><span class='ocrx_word' id='word_1_411' title='bbox 530 4063 667 4113; x_wconf 88' lang='lat' dir='ltr'><strong>non</strong></span> <span class='ocrx_word' id='word_1_412' title='bbox 718 4043 888 4133; x_wconf 90' lang='lat' dir='ltr'><strong>ipse,</strong></span> <span class='ocrx_word' id='word_1_413' title='bbox 929 4043 1045 4112; x_wconf 90' lang='lat' dir='ltr'><strong>sed</strong></span> <span class='ocrx_word' id='word_1_414' title='bbox 1087 4042 1267 4112; x_wconf 90' lang='lat' dir='ltr'><strong>alius</strong></span> <span class='ocrx_word' id='word_1_415' title='bbox 1319 4057 1685 4133; x_wconf 83' lang='lat' dir='ltr'><strong>pateretur.</strong></span> <span class='ocrx_word' id='word_1_416' title='bbox 1723 4045 2012 4114; x_wconf 75' lang='lat' dir='ltr'><strong>Asianus</strong></span> <span class='ocrx_word' id='word_1_417' title='bbox 2061 4043 2495 4115; x_wconf 81' lang='lat' dir='ltr'><strong>Praefectus:</strong></span> <span class='ocrx_word' id='word_1_418' title='bbox 2543 4073 2574 4105; x_wconf 81' lang='grc' dir='ltr'><em>α</em></span> <span class='ocrx_word' id='word_1_419' title='bbox 2609 4045 2749 4124; x_wconf 89' lang='lat' dir='ltr'><strong>Dic,</strong></span> <span class='ocrx_word' id='word_1_420' title='bbox 2819 4041 3071 4128; x_wconf 88' lang='lat' dir='ltr'><strong>inquit,</strong></span> 
     </span>
     <span class='ocr_line' id='line_1_44' title="bbox 522 4131 3077 4244; baseline -0.001 -42"><span class='ocrx_word' id='word_1_421' title='bbox 522 4131 738 4214; x_wconf 87' lang='lat' dir='ltr'><strong>mihi,</strong></span> <span class='ocrx_word' id='word_1_422' title='bbox 793 4131 1038 4213; x_wconf 90' lang='lat' dir='ltr'><strong>stulte,</strong></span> <span class='ocrx_word' id='word_1_423' title='bbox 1091 4132 1259 4220; x_wconf 90' lang='lat' dir='ltr'><strong>quid</strong></span> <span class='ocrx_word' id='word_1_424' title='bbox 1302 4132 1435 4202; x_wconf 90' lang='lat' dir='ltr'><strong>sibi</strong></span> <span class='ocrx_word' id='word_1_425' title='bbox 1484 4131 1630 4202; x_wconf 88' lang='lat' dir='ltr'><strong>vult</strong></span> <span class='ocrx_word' id='word_1_426' title='bbox 1678 4133 1805 4244; x_wconf 55' lang='lat' dir='ltr'><strong>hec</strong></span> <span class='ocrx_word' id='word_1_427' title='bbox 1837 4189 1854 4216; x_wconf 96' lang='lat'><strong>,</strong></span> <span class='ocrx_word' id='word_1_428' title='bbox 1906 4134 2092 4221; x_wconf 91' lang='lat' dir='ltr'><strong>quod</strong></span> <span class='ocrx_word' id='word_1_429' title='bbox 2144 4132 2319 4203; x_wconf 90' lang='lat' dir='ltr'><strong>nihil</strong></span> <span class='ocrx_word' id='word_1_430' title='bbox 2379 4132 2636 4214; x_wconf 80' lang='lat' dir='ltr'><strong>sentiS,</strong></span> <span class='ocrx_word' id='word_1_431' title='bbox 2705 4153 2867 4200; x_wconf 89' lang='lat' dir='ltr'><strong>cum</strong></span> <span class='ocrx_word' id='word_1_432' title='bbox 2934 4141 3077 4200; x_wconf 88' lang='lat' dir='ltr'><strong>tam</strong></span> 
     </span>
    </p>
   </div>
   <div class='ocr_carea' id='block_1_2' title="bbox 518 4274 3084 4489">
    <p class='ocr_par' dir='ltr' id='par_1_4' title="bbox 518 4274 3084 4489">
     <span class='ocr_line' id='line_1_45' title="bbox 572 4274 3084 4328; baseline -0.002 -11"><span class='ocrx_word' id='word_1_433' title='bbox 572 4278 631 4326; x_wconf 82' lang='lat' dir='ltr'><strong>(a)</strong></span> <span class='ocrx_word' id='word_1_434' title='bbox 658 4278 783 4317; x_wconf 65' lang='lat' dir='ltr'><strong>Haec</strong></span> <span class='ocrx_word' id='word_1_435' title='bbox 801 4287 1045 4327; x_wconf 68' lang='lat' dir='ltr'><strong>perperam</strong></span> <span class='ocrx_word' id='word_1_436' title='bbox 1066 4278 1410 4326; x_wconf 63' lang='lat' dir='ltr'><strong>Memphi-astes</strong></span> <span class='ocrx_word' id='word_1_437' title='bbox 1429 4288 1485 4317; x_wconf 80' lang='lat' dir='ltr'><strong>ex</strong></span> <span class='ocrx_word' id='word_1_438' title='bbox 1505 4277 1708 4319; x_wconf 72' lang='lat' dir='ltr'><strong>historia</strong></span> <span class='ocrx_word' id='word_1_439' title='bbox 1739 4279 1977 4318; x_wconf 67' lang='lat' dir='ltr'><strong>mutuavst</strong></span> <span class='ocrx_word' id='word_1_440' title='bbox 2014 4280 2153 4328; x_wconf 85' lang='lat' dir='ltr'><strong>(quod</strong></span> <span class='ocrx_word' id='word_1_441' title='bbox 2180 4290 2274 4320; x_wconf 85' lang='lat' dir='ltr'><strong>non</strong></span> <span class='ocrx_word' id='word_1_442' title='bbox 2307 4289 2414 4319; x_wconf 63' lang='lat' dir='ltr'><strong>raro</strong></span> <span class='ocrx_word' id='word_1_443' title='bbox 2447 4277 2741 4318; x_wconf 63' lang='lat' dir='ltr'><strong>factitantem</strong></span> <span class='ocrx_word' id='word_1_444' title='bbox 2770 4274 3084 4324; x_wconf 75' lang='lat' dir='ltr'><strong>deprehendi·</strong></span> 
     </span>
     <span class='ocr_line' id='line_1_46' title="bbox 518 4329 3081 4381; baseline -0.002 -9"><span class='ocrx_word' id='word_1_445' title='bbox 518 4331 641 4378; x_wconf 76' lang='lat' dir='ltr'><strong>mus)</strong></span> <span class='ocrx_word' id='word_1_446' title='bbox 670 4332 711 4371; x_wconf 83' lang='lat' dir='ltr'><strong>S.</strong></span> <span class='ocrx_word' id='word_1_447' title='bbox 732 4332 918 4375; x_wconf 50' lang='lat' dir='ltr'><strong>Ascla&amp;</strong></span> <span class='ocrx_word' id='word_1_448' title='bbox 950 4331 1056 4370; x_wconf 76' lang='lat' dir='ltr'><strong>vide</strong></span> <span class='ocrx_word' id='word_1_449' title='bbox 1082 4332 1364 4371; x_wconf 54' lang='lat' dir='ltr'><strong>Mam-raon.</strong></span> <span class='ocrx_word' id='word_1_450' title='bbox 1396 4331 1611 4371; x_wconf 68' lang='lat' dir='ltr'><strong>Innnsrn.</strong></span> <span class='ocrx_word' id='word_1_451' title='bbox 1641 4333 1698 4371; x_wconf 69' lang='lat' dir='ltr'><strong>ad</strong></span> <span class='ocrx_word' id='word_1_452' title='bbox 1727 4333 1850 4372; x_wconf 80' lang='lat' dir='ltr'><strong>diem</strong></span> <span class='ocrx_word' id='word_1_453' title='bbox 1884 4342 2003 4372; x_wconf 65' lang='lat' dir='ltr'><strong>xxm</strong></span> <span class='ocrx_word' id='word_1_454' title='bbox 2030 4334 2125 4381; x_wconf 76' lang='lat' dir='ltr'><strong>jan.</strong></span> <span class='ocrx_word' id='word_1_455' title='bbox 2154 4334 2391 4381; x_wconf 67' lang='lat' dir='ltr'><strong>Quaedam</strong></span> <span class='ocrx_word' id='word_1_456' title='bbox 2425 4335 2585 4372; x_wconf 67' lang='lat' dir='ltr'><strong>tutem</strong></span> <span class='ocrx_word' id='word_1_457' title='bbox 2615 4336 2667 4371; x_wconf 85' lang='lat' dir='ltr'><strong>ut</strong></span> <span class='ocrx_word' id='word_1_458' title='bbox 2693 4329 3081 4378; x_wconf 77' lang='lat' dir='ltr'><strong>interpunctione</strong></span> 
     </span>
     <span class='ocr_line' id='line_1_47' title="bbox 518 4382 3074 4435; baseline -0.002 -11"><span class='ocrx_word' id='word_1_459' title='bbox 518 4385 797 4430; x_wconf 68' lang='lat' dir='ltr'><strong>indicamus,</strong></span> <span class='ocrx_word' id='word_1_460' title='bbox 816 4386 898 4423; x_wconf 86' lang='lat' dir='ltr'><strong>hin</strong></span> <span class='ocrx_word' id='word_1_461' title='bbox 959 4386 1015 4424; x_wconf 68' lang='lat' dir='ltr'><strong>ab</strong></span> <span class='ocrx_word' id='word_1_462' title='bbox 1039 4385 1200 4423; x_wconf 72' lang='lat' dir='ltr'><strong>eodem</strong></span> <span class='ocrx_word' id='word_1_463' title='bbox 1231 4384 1548 4432; x_wconf 65' lang='lat' dir='ltr'><strong>metaphraste</strong></span> <span class='ocrx_word' id='word_1_464' title='bbox 1577 4387 1859 4435; x_wconf 68' lang='lat' dir='ltr'><strong>excogitata,</strong></span> <span class='ocrx_word' id='word_1_465' title='bbox 1893 4387 2203 4427; x_wconf 62' lang='lat' dir='ltr'><strong>suadentibus</strong></span> <span class='ocrx_word' id='word_1_466' title='bbox 2230 4386 2568 4432; x_wconf 71' lang='lat' dir='ltr'><strong>Bollandiants,</strong></span> <span class='ocrx_word' id='word_1_467' title='bbox 2589 4386 2670 4435; x_wconf 74' lang='lat' dir='ltr'><strong>qul</strong></span> <span class='ocrx_word' id='word_1_468' title='bbox 2693 4387 2809 4423; x_wconf 66' lang='lat' dir='ltr'><strong>Acts</strong></span> <span class='ocrx_word' id='word_1_469' title='bbox 2834 4382 2950 4422; x_wconf 70' lang='lat' dir='ltr'><strong>haec</strong></span> <span class='ocrx_word' id='word_1_470' title='bbox 2984 4391 3074 4430; x_wconf 80' lang='lat' dir='ltr'><strong>per</strong></span> 
     </span>
     <span class='ocr_line' id='line_1_48' title="bbox 523 4438 1605 4489; baseline -0.002 -10"><span class='ocrx_word' id='word_1_471' title='bbox 523 4439 762 4489; x_wconf 68' lang='lat' dir='ltr'><strong>integrum</strong></span> <span class='ocrx_word' id='word_1_472' title='bbox 782 4450 857 4479; x_wconf 72' lang='lat' dir='ltr'><strong>ren</strong></span> <span class='ocrx_word' id='word_1_473' title='bbox 961 4441 1031 4484; x_wconf 84' lang='lat' dir='ltr'><strong>nt,</strong></span> <span class='ocrx_word' id='word_1_474' title='bbox 1048 4438 1321 4478; x_wconf 75' lang='lat' dir='ltr'><strong>exscindere</strong></span> <span class='ocrx_word' id='word_1_475' title='bbox 1342 4438 1498 4477; x_wconf 72' lang='lat' dir='ltr'><strong>visum</strong></span> <span class='ocrx_word' id='word_1_476' title='bbox 1517 4440 1605 4478; x_wconf 72' lang='lat' dir='ltr'><strong>est.</strong></span> 
     </span>
    </p>
   </div>
  </div>
 </body>
</html>
