3327 4999
187 340 292 404 Ex
342 337 518 406 DEC.
574 341 656 404 ⁴0
988 358 1065 406 nn
1114 358 1205 407 ss.
1259 358 1428 407 unm
1476 358 1554 406 m
1600 333 1801 407 socils
1848 357 1961 406 uu.
2518 339 2646 405 745

182 443 661 534 impediretur.
700 446 991 513 Sanctus
1020 454 1275 526 autem,
1308 466 1468 514 cum
1504 444 1565 513 ei
1608 442 2248 514 immisericorditer
2285 464 2442 512 caro
2483 442 2734 533 gladiis

184 531 638 614 scinderetur,
692 543 757 600 et
819 532 1177 603 universae
1223 553 1400 620 quae
1462 532 1916 602 circumcirca
1964 531 2133 601 sitae
2190 542 2385 601 erant
2416 552 2625 600 venae
2673 531 2735 600 ei

185 632 670 709 rumperentur
725 632 789 689 et
835 620 1257 707 quicumque
1299 622 1488 688 nervi
1541 632 1805 689 motum
1866 619 2430 689 administrantes
2480 641 2732 708 conge·

186 710 401 779 nerati
449 719 665 788 erant,
734 709 1242 789 divellerentur,
1342 731 1537 779 arum
1597 708 1877 796 quidem
1932 709 2449 799 ingemiscebat,
2509 707 2731 798 gratia

184 796 694 883 quodammodo
743 798 1022 866 cedente
1069 811 1134 867 et
1171 799 1284 867 ath
1319 810 1494 867 etam
1568 799 1923 886 probante,
1979 797 2360 884 quinetiam
2422 796 2485 864 ei
2533 817 2730 865 coro-

186 907 431 955 narum
518 885 835 956 raebente
866 887 1294 957 occasionem
1349 889 1608 976 (aperte
1640 887 1824 954 enim
1863 885 2128 956 fructus
2177 885 2518 966 laborum,
2569 896 2736 955 sunt

181 995 525 1044 coronae.
582 979 662 1044 Se
725 975 910 1043 enim
977 974 1237 1044 fortiter
1284 975 1561 1063 gerebat
1607 974 1939 1045 adversus
2009 973 2325 1055 doloreS,
2397 985 2728 1061 tanquam

181 1062 335 1152 ipsa
384 1064 607 1153 magis
657 1062 922 1134 adesset
955 1075 1018 1132 et
1067 1064 1294 1154 ipsum
1351 1074 1786 1143 sustentaret,
1848 1075 1912 1131 et
1961 1062 2212 1132 levaret
2260 1083 2539 1132 sensum
2606 1061 2731 1130 do-

181 1151 432 1221 lorum.
489 1157 850 1239 Postquam
885 1163 1112 1222 autem
1150 1152 1279 1223 fuit
1324 1151 1659 1221 dimissus
1713 1174 1750 1220 e
1784 1151 2165 1232 tormentiS,
2220 1151 2538 1241 protinus
2589 1151 2732 1219 exi-

183 1239 357 1309 liens
391 1252 697 1319 sanctus,
738 1241 920 1309 stetit
961 1253 1186 1310 rectus
1235 1262 1446 1330 super
1506 1240 1649 1312 sola
1699 1262 1878 1310 ossa.
1932 1244 2055 1310 Pes
2104 1261 2325 1321 meus,
2394 1238 2726 1329 psallenS‚

183 1327 366 1398 stetit
414 1329 484 1396 in
535 1328 966 1398 rectitudine:
1015 1330 1084 1397 in
1134 1327 1444 1398 ecclesiis
1502 1328 1903 1397 benedicam
1948 1340 2010 1396 te
2059 1328 2367 1397 Domine.
2401 1327 2736 1397 Effluebat

181 1429 413 1486 autem
474 1416 784 1503 undique
838 1438 918 1487 ex
965 1417 1113 1506 ejus
1176 1417 1482 1507 vestigiis
1534 1439 1784 1507 magna
1849 1416 1949 1485 vis
1998 1417 2385 1507 sanguinis:
2439 1429 2505 1486 et
2578 1416 2599 1484 i
2656 1438 2731 1486 se

183 1505 468 1592 quidem
505 1504 756 1575 laetum
799 1505 1093 1575 habebat
1136 1505 1432 1575 vultum:
1488 1506 1845 1581 florentem
1887 1527 2042 1575 vero
2081 1518 2146 1574 et
2200 1505 2534 1595 vigentem
2654 1525 2731 1572 a·

184 1595 389 1663 behat
421 1594 725 1662 animam
762 1594 1090 1665 adversus
1139 1594 1478 1684 pericula:
1536 1594 1822 1663 liberam
1872 1604 2100 1663 autem
2136 1593 2448 1683 linguam
2491 1591 2578 1661 ad
2615 1613 2729 1666 ve·

180 1682 574 1751 hementius
621 1682 1055 1773 arguendum
1106 1703 1313 1769 quam
1369 1683 1586 1772 prius.
1634 1681 1912 1752 Nullum
1955 1693 2182 1752 autem
2233 1703 2393 1751 eum
2442 1681 2729 1751 omnino

182 1770 478 1840 terrebat
510 1771 1048 1841 instrumentum
1086 1782 1606 1840 tormentorum.
1667 1771 1904 1840 Statim
1953 1792 2115 1860 ergo
2167 1771 2491 1841 manibus
2535 1768 2734 1859 plau-

183 1860 271 1929 sit
321 1859 691 1937 theatrum,
748 1872 1071 1947 tanquam
1127 1871 1320 1950 parta
1371 1859 1676 1929 victoria.

272 1950 308 2035 ἓ
383 1951 533 2020 18.
578 1947 964 2018 Praefectus
1011 1961 1238 2017 autem
1275 1948 1598 2018 simul-et
1645 1948 1955 2038 cogitans
1997 1949 2205 2016 vitare
2250 1946 2734 2036 reprehensio-

180 2058 327 2117 nes,
370 2048 436 2107 et
482 2037 953 2107 adversarium
993 2036 1272 2106 reddere
1322 2037 1530 2108 veluti
1566 2038 1900 2106 inermem
1936 2047 2002 2106 et
2050 2034 2391 2117 inutilem,
2422 2036 2625 2126 jubet
2670 2034 2733 2105 ei

182 2125 412 2195 statim
455 2126 802 2215 amputari
836 2126 1145 2216 linguam
1189 2147 1268 2196 ex
1303 2124 1453 2216 ipso
1485 2137 1783 2216 gutture.
1832 2129 2122 2195 Sanctus
2153 2146 2334 2205 vero,
2372 2123 2728 2204 «Etiamsi,

181 2212 430 2300 inquit,
474 2214 841 2285 extinxeris
894 2214 1194 2305 pupillas
1229 2213 1541 2284 meorum
1578 2214 1966 2294 oculorum,
2009 2235 2092 2282 ne
2142 2212 2240 2281 sic
2285 2212 2569 2299 quidem
2606 2235 2730 2369 ego

179 2302 548 2371 offendam.
612 2307 725 2372 Est
779 2304 964 2372 enim
1041 2303 1321 2373 lucerna
1376 2303 1545 2373 meis
1604 2302 1897 2392 pedibus
1960 2301 2063 2371 lex
2120 2300 2391 2370 Christi.
2453 2301 2643 2371 Confi
2695 2323 2734 2370 o

180 2401 437 2471 autem,
499 2391 761 2472 dicens,
816 2391 999 2478 quod
1050 2402 1410 2482 postquam
1466 2391 1611 2481 ipse
1687 2390 1998 2477 linguam
2056 2389 2377 2469 amisere,
2446 2401 2612 2459 tunc
2665 2399 2736 2458 tu

183 2478 495 2570 linguam
534 2480 897 2570 suscipieS,
950 2479 1136 2550 clara
1182 2501 1344 2549 voce
1384 2490 1742 2550 canentem
1777 2478 2024 2550 Christi
2088 2477 2510 2569 magnalia.»
2541 2482 2736 2549 Post-

179 2589 388 2654 quam
440 2589 597 2636 vero
644 2569 947 2655 quadam
992 2567 1316 2637 machina
1348 2580 1413 2636 et
1464 2568 1694 2639 studio
1763 2568 2104 2649 lictorum,
2145 2566 2388 2658 lingua
2445 2566 2734 2656 martyri

179 2654 552 2725 crudeliter
583 2657 821 2726 evulsa
866 2656 997 2725 fuit
1044 2679 1122 2725 ex
1169 2678 1285 2725 ore
1332 2678 1550 2738 sacro,
1614 2667 1679 2725 et
1721 2656 1852 2745 ipsi
1909 2656 2070 2725 ferri
2124 2656 2343 2725 aciem
2404 2653 2730 2725 deorsum

178 2743 589 2834 injicienteS,
642 2766 791 2814 eam
827 2747 974 2835 jam
1006 2744 1481 2827 excindebant,
1524 2744 1911 2835 patiebatur
1942 2745 2046 2814 vir
2097 2765 2474 2834 generosus
2507 2754 2572 2813 et
2606 2765 2734 2811 an-

176 2855 341 2924 gore
380 2832 630 2923 plenus
678 2845 822 2903 erat
869 2834 1021 2923 ejus
1067 2833 1367 2903 animus.
1408 2838 1671 2903 Fortem
1711 2844 1936 2902 tamen
1997 2855 2068 2901 se
2110 2832 2481 2922 praebebat
2537 2842 2603 2901 et
2642 2830 2724 2899 ad

179 2922 523 2992 Christum
575 2934 781 2992 totam
845 2944 1045 2992 suam
1100 2922 1441 3013 dirigebat
1497 2921 2006 3013 cogitationem.
2073 2926 2440 3007 Postquam
2497 2931 2725 2989 autem
2800 2955 2805 2959 ·

176 3009 386 3080 finem
445 3012 706 3101 accepit
749 3023 1207 3090 tormentum,
1261 3010 1608 3081 defessum
1675 3009 1955 3097 quidem
2012 3022 2158 3080 erat
2214 3019 2450 3079 sancto
2506 3008 2727 3079 robur

142 3099 506 3187 ·corporis:
559 3100 709 3190 ipse
750 3122 902 3169 vero
942 3098 1189 3168 Christi
1239 3098 1580 3169 desiderio
1638 3098 1871 3167 animo
1925 3098 2401 3180 confirmatuS,
2463 3096 2726 3166 sensim

178 3186 449 3256 sublato
496 3188 717 3276 capite
764 3201 830 3257 et
878 3188 1172 3257 multum
1225 3188 1638 3278 sanguinem
1695 3209 2043 3276 expuenS‚
2097 3199 2162 3256 et
2211 3184 2732 3255 defluxionibus

180 3285 360 3344 totus
412 3275 694 3346 effectus
751 3297 1199 3365 purpureus,
1280 3276 1706 3346 confidenter
1777 3297 2018 3345 omnes
2089 3275 2243 3344 fixis
2309 3273 2737 3364 adspiciebat

175 3362 420 3433 oculis:
459 3374 523 3432 et
556 3376 731 3433 nutu
778 3363 1118 3433 Praefecto
1180 3386 1384 3435 suum
1445 3364 1512 3433 in
1580 3364 1785 3434 rebus
1826 3364 2090 3454 asperis
2122 3364 2463 3447 animum,
2508 3373 2575 3433 et
2618 3383 2735 3453 po·

176 3450 339 3542 pulo
388 3473 586 3522 suam
623 3451 1058 3543 significabat
1106 3451 1604 3522 fortitudinem:
1645 3464 1710 3522 et
1749 3474 1821 3522 se
1873 3474 2009 3522 non
2046 3452 2252 3521 modo
2287 3474 2421 3520 non
2458 3451 2728 3531 cedere,

172 3539 289 3609 sed
331 3561 483 3609 eam
541 3562 682 3631 rem
718 3540 921 3610 etiam
974 3540 1258 3611 delicias
1295 3553 1535 3631 putare
1582 3552 1647 3610 et
1712 3553 1996 3611 mortem
2059 3541 2268 3611 sitire.
2337 3538 2732 3609 Praefectus

171 3640 400 3698 autem
438 3628 668 3698 furore
697 3640 1076 3719 correptuS‚
1108 3630 1292 3716 qnod
1342 3631 1550 3699 etiam
1585 3629 1959 3699 ludificans
1992 3630 2450 3719 supplicium,
2508 3650 2734 3720 popu·

175 3717 317 3787 lum
352 3717 500 3787 suis
535 3717 820 3788 nutibus
864 3730 1095 3787 testem
1140 3717 1390 3789 faceret
1430 3740 1597 3787 suae
1636 3718 1869 3808 magni
1921 3718 2138 3787 animi
2193 3717 2489 3797 virtutiS‚
2521 3716 2739 3807 jussit

223 3805 493 3875 rotinus
530 3806 680 3895 ejus
730 3828 1006 3893 quoque
1034 3806 1306 3875 excindi
1366 3806 1628 3876 oculos,
1685 3811 2053 3893 Postquam
2099 3828 2253 3877 vero
2313 3805 2615 3874 ministri
2648 3804 2736 3873 ad

172 3829 303 3963 iioc
355 3915 679 3985 magnam
747 3894 1126 3963 adhibuere
1172 3895 1601 3985 diligentiam
1655 3906 1721 3963 et
1755 3895 2010 3973 statim,
2081 3894 2273 3963 nulla
2337 3892 2739 3963 communis

174 3994 461 4052 naturae
498 3984 661 4052 moti
706 3982 1201 4063 misericordia,
1256 3995 1565 4052 tenentes
1617 3982 1971 4062 athletam,
2023 3982 2395 4051 crudeliter
2433 3982 2584 4070 ejus
2630 4003 2738 4052 sa-

171 4093 325 4140 cros
363 4071 777 4140 effodiebant
822 4071 1085 4150 oculos,
1131 4071 1428 4141 dolentis
1473 4071 1753 4159 quidem
1796 4069 2086 4159 (Quidni
2136 4070 2387 4159 enim)?
2418 4081 2485 4139 et
2516 4069 2739 4159 signi-

174 4160 444 4229 ficantis
495 4160 841 4229 humanae
892 4172 1177 4229 naturae
1211 4159 1780 4230 imbecillitatem:
1821 4159 2101 4227 ferentis
2141 4169 2370 4228 autem
2409 4159 2538 4228 hoc
2569 4180 2741 4245 quo-

171 4270 305 4335 que
361 4246 640 4329 sortiter,
681 4262 746 4317 et
783 4260 1017 4339 caput,
1057 4250 1324 4335 quoties
1360 4248 1425 4317 id
1485 4248 1571 4318 ab
1630 4248 1732 4317 eis
1780 4247 2279 4328 remittebatur,
2330 4246 2735 4316 inclinantis

174 4349 241 4406 et
290 4336 801 4422 quodammodo
886 4337 1176 4406 Domino
1245 4338 1501 4428 gratias
1579 4336 1895 4427 agentis»,
1950 4335 2131 4423 quod
2202 4336 2362 4405 talia
2417 4335 2506 4404 sit
2557 4334 2739 4404 bona

178 4425 509 4512 consequi
566 4425 825 4515 dignus
884 4425 1202 4495 habitus:
1264 4425 1650 4497 Praefectus
1701 4437 1978 4515 repente
2035 4424 2270 4494 animo
2331 4424 2628 4493 affectus
2675 4435 2739 4492 et
