3327 4999
168 340 417 405 MART.
470 340 556 404 20
782 359 863 404 im
912 359 967 406 s.
1023 357 1389 405 cummium
1436 357 1636 405 muse.
1691 356 2090 404 LinnisrAnN.
2239 336 2242 345 “
2502 342 2632 406 387

169 436 524 506 montibus
594 436 836 527 procul
909 438 1161 528 positi,
1215 437 1374 506 aliis
1440 437 1712 506 horrori
1772 447 1967 505 erant
2031 435 2118 504 ad
2170 435 2582 518 visendum,
2668 451 2733 509 et

163 537 569 616 paupertate
624 526 879 615 pariter
935 548 1014 595 ac
1083 526 1464 595 rusticitate
1531 547 1658 594 sua
1700 524 2062 594 doctorum
2114 524 2574 613 prohibebant
2618 549 2731 598 ac-

162 634 467 684 cessum:
521 634 698 699 quos
745 625 973 682 tamen
1025 613 1165 694 ille,
1222 615 1333 703 pio
1385 612 1678 682 libenter
1737 612 2178 712 mancipatus
2229 613 2470 694 labori,
2536 627 2731 685 tanta

163 701 519 770 doctrinae
565 701 916 770 excolebat
952 701 1322 782 industria,
1362 713 1441 770 ut
1484 701 1570 770 de
1626 714 2043 771 monasterio
2095 700 2481 791 egrediens,
2515 724 2725 794 saepe

160 789 603 859 hebdomada
662 790 953 880 integra,
993 789 1371 876 aliquando
1411 789 1686 858 duabus
1734 788 1838 857 vel
1890 788 2135 867 tribuS,
2185 810 2726 876 nonnumquam

160 878 371 948 etiam
423 899 657 948 mense
696 877 901 968 pleno
950 877 1237 948 domum
1287 898 1425 947 non
1476 877 1751 947 rediret:
1791 876 1908 945 sed
1959 876 2358 946 demoratus
2399 879 2470 946 in
2528 901 2726 947 mon-

166 966 349 1035 tanis
384 1020 399 1047 ,
453 966 722 1056 plebem
774 966 1107 1035 rusticam
1156 965 1363 1034 verbo
1435 965 1968 1056 praedicationis
2020 952 2254 1061 simul·
2284 977 2350 1035 et
2402 966 2761 1057 exemplo,

160 1054 461 1132 virtutiS,
520 1053 604 1122 ad
655 1053 972 1123 coelestia
1021 1066 1313 1124 vocaret.

204 1145 290 1242 ,ξ
333 1148 487 1241 32.
555 1146 725 1211 Cum
779 1164 937 1211 vero
1002 1154 1284 1212 sanctus
1331 1142 1436 1211 vir
1482 1142 1554 1209 in
1600 1139 1842 1210 eodem
1892 1140 2310 1211 monasterio
2356 1141 2730 1212 virtutibus

162 1251 525 1321 signisque
573 1243 1055 1311 succresceret,
1093 1230 1418 1317 famaque
1457 1251 1746 1320 operum
1797 1228 1948 1318 ejus
1988 1229 2536 1316 circumquaque
2576 1252 2726 1299 cre-

160 1318 530 1397 bresceret,
568 1329 712 1385 erat
761 1318 1308 1388 sanctimonialis
1355 1316 1657 1386 foemina
1704 1328 1769 1386 et
1818 1328 2036 1386 mater
2083 1317 2497 1386 ancillarum
2533 1318 2729 1386 Chri-

160 1405 273 1485 sti,
329 1405 609 1473 nomine
647 1405 855 1485 Ebbe,
910 1428 1156 1495 regens
1204 1407 1728 1485 monasterium,
1781 1404 1967 1491 quod
2018 1416 2119 1474 cst
2169 1406 2236 1471 in
2291 1403 2461 1485 loco,
2508 1427 2719 1492 quem

162 1493 403 1562 Coludi
444 1493 690 1563 urbem
743 1507 1188 1584 nuncupant,
1244 1493 1575 1584 religione
1626 1492 1881 1579 pariter
1927 1504 1992 1562 et
2041 1492 2398 1562 nobilitate
2445 1495 2720 1563 cunctis

164 1579 641 1650 honorabilis:
697 1603 994 1669 namque
1042 1593 1186 1652 erat
1233 1603 1426 1652 soror
1474 1581 1746 1652 uterina
1816 1581 1998 1671 regis
2059 1580 2339 1649 Oswini.
2408 1586 2588 1651 Haec
2634 1582 2723 1651 ad

158 1668 392 1738 virum
414 1669 548 1759 ,Dei
596 1669 897 1750 mittenS,
957 1671 1238 1760 rogavit,
1292 1683 1369 1739 ut
1416 1692 1489 1739 se
1536 1691 1884 1756 suumque
1946 1668 2445 1738 monasterium
2495 1671 2719 1760 gratia

161 1757 654 1826 exhortationis
726 1757 1017 1828 invisere
1074 1758 1502 1848 dignaretur.
1556 1764 1688 1827 Nec
1738 1779 1988 1846 negare
2050 1757 2318 1846 potuit,
2383 1759 2569 1843 quod
2629 1761 2717 1828 ab

161 1866 244 1913 eo
292 1846 591 1913 charitas
638 1866 717 1914 ex
766 1846 1058 1915 ancillae
1097 1848 1215 1915 Dei
1253 1845 1458 1915 corde
1507 1846 1844 1936 poposcit.
1899 1847 2093 1913 Venit
2123 1845 2337 1934 igitur
2366 1845 2449 1913 ad
2487 1845 2720 1916 locum

158 1933 447 2020 diesque
493 1933 754 2020 aliquot
808 1934 905 2003 ibi
930 1940 1391 2024 permanens,
1437 1935 1619 2002 viam
1660 1933 1980 2011 ’ustitiae,
2037 1954 2248 2019 quam
2281 1933 2714 2022 precabatur,

158 2022 489 2091 omnibus
516 2034 676 2092 actu
708 2022 959 2111 pariter
984 2035 1047 2091 et
1077 2043 1392 2091 sermone
1426 2022 1650 2111 pande
1703 2033 1794 2090 at.
1840 2022 1969 2103 Qui
2003 2043 2162 2089 cum
2200 2042 2389 2089 more
2431 2020 2563 2089 sibi
2598 2043 2723 2117 ‘so-
2797 2054 2804 2063 ·

61 2156 67 2159 -
155 2108 323 2189 litor
354 2110 874 2196 quiescentibus
924 2124 1132 2180 noctu
1183 2111 1492 2189 caeteriS,
1549 2110 1635 2178 ad
1687 2109 2067 2178 orationem
2117 2108 2308 2178 solus
2354 2108 2603 2189 exiret,
2657 2119 2723 2178 et

157 2209 318 2288 post
388 2198 629 2288 longas
695 2197 1143 2288 intempestae
1215 2199 1435 2267 noctis
1492 2197 1809 2288 vigiliaS,
1867 2196 2144 2265 tandem
2195 2196 2493 2265 instante
2545 2197 2719 2266 hora

154 2287 553 2355 communis
600 2307 935 2373 synaxeos
982 2286 1268 2356 domum
1316 2286 1591 2367 rediret,
1645 2286 1949 2372 quadam
2002 2296 2198 2353 nocte
2247 2306 2432 2353 unus
2481 2307 2518 2354 e
2567 2285 2706 2353 fra-

154 2373 383 2443 tribus
415 2374 724 2463 ejusdem
778 2376 1198 2455 monasterii,
1253 2398 1414 2445 cum
1463 2375 1926 2464 egredientem
1976 2372 2175 2440 illum
2241 2372 2513 2443 silentio
2563 2396 2712 2443 cer-

153 2472 372 2540 neret,
442 2461 761 2532 clanculo
811 2475 1086 2533 secutus
1132 2463 1283 2553 ejus
1330 2463 1640 2554 vestigia,
1695 2485 1833 2551 quo
1882 2462 2004 2541 ire,
2044 2461 2296 2547 quidve
2329 2483 2531 2551 agere
2567 2461 2702 2531 vel-

154 2550 273 2630 let,
329 2550 685 2619 dinoscere
732 2552 1125 2636 quaerebat.
1179 2558 1256 2620 At
1304 2551 1420 2620 ille
1473 2574 1795 2642 egressus
1845 2550 2261 2619 monasterio
2293 2603 2308 2627 ‚
2382 2563 2707 2638 sequente

155 2638 609 2727 exploratore,
664 2638 1018 2708 descendit
1064 2640 1151 2709 ad
1200 2661 1414 2720 mare,
1469 2641 1672 2740 cujus
1723 2640 1912 2728 ripae
1974 2637 2471 2707 monasterium
2522 2638 2709 2707 idem

153 2727 669 2816 superpositum
721 2739 888 2795 erat:
929 2727 1422 2817 ingressusque
1455 2727 1891 2797 altitudinem
1927 2724 2162 2806 mariS,
2199 2725 2416 2795 donec
2448 2725 2534 2794 ad
2570 2726 2713 2795 col-

150 2813 302 2883 lum
351 2837 572 2901 usque
619 2826 683 2882 et
742 2815 1027 2884 brachia
1090 2816 1283 2884 unda
1331 2828 1605 2886 tumens
1654 2826 2088 2904 assurgeret,
2153 2813 2521 2904 pervigiles
2570 2837 2704 2883 un-

150 2900 422 2973 disonis
471 2903 541 2970 in
593 2901 922 2972 laudibus
972 2904 1289 2975 tenebras
1339 2905 1560 2973 noctis
1607 2926 1726 2973 exe
1781 2903 1852 2972 it.

242 2991 279 3076 §
327 2995 475 3063 123.
540 2991 1155 3081 Appropinquante
1204 3004 1434 3062 autem
1486 2990 1729 3062 dilucu
1761 3015 1824 3072 0,
1878 2990 2257 3062 ascendens
2297 2990 2371 3058 in
2427 3003 2705 3072 terram,

147 3076 382 3147 denuo
432 3079 656 3167 coepit
703 3080 775 3166 in
826 3079 1022 3148 litore
1070 3080 1264 3149 flexis
1313 3080 1609 3170 genibus
1657 3102 1878 3149 orare.
1956 3078 2148 3161 Quod
2216 3078 2384 3146 dum
2452 3091 2706 3169 ageret,

148 3168 400 3235 venere
461 3168 789 3236 continuo
856 3167 996 3237 duo
1056 3167 1143 3237 de
1213 3166 1558 3258 profundo
1636 3168 1849 3237 maris
1926 3166 2458 3255 quadrupedia,
2537 3188 2716 3254 quae

147 3253 362 3343 vulgo
412 3258 656 3324 Lutrae
719 3268 1074 3324 vocantur.
1129 3260 1310 3325 Haec
1359 3268 1515 3325 ante
1559 3255 1759 3324 illuni
1808 3267 2021 3326 strata
2069 3254 2140 3322 in
2192 3276 2423 3334 arena,
2498 3256 2714 3324 anhe-

149 3342 282 3411 litu
331 3364 457 3412 suo
510 3343 715 3433 pedes
762 3344 914 3432 ejus
960 3343 1186 3412 fovere
1232 3357 1633 3435 coeperunt,
1699 3366 1779 3413 ac
1838 3343 2002 3411 villo
2052 3345 2454 3431 satagebant
2500 3356 2715 3412 exter·
2775 3412 2780 3417 .

146 3451 334 3520 gere.
404 3430 888 3519 Completoque
949 3432 1356 3512 ministeriO,
1417 3443 1737 3522 percepta
1785 3432 1872 3500 ab
1921 3453 1999 3500 eo
2046 3429 2548 3512 benedictione,
2588 3453 2714 3520 pa-

148 3518 319 3588 trias
368 3530 532 3587 sunt
578 3519 851 3608 relapsa
899 3518 1029 3588 sub
1063 3520 1313 3590 undas.
1354 3526 1510 3612 Ipse
1539 3541 1817 3606 quoque
1849 3540 2006 3587 mox
2039 3518 2323 3588 domum
2359 3540 2702 3599 reversuS,

144 3606 520 3676 canonicos
566 3628 727 3676 cum
777 3606 1108 3677 fratribus
1156 3609 1450 3696 hymnos
1507 3609 1679 3677 hora
1728 3610 2158 3696 competente
2205 3605 2596 3694 complevit.
2635 3612 2714 3675 At

142 3693 377 3774 frater,
434 3694 555 3781 qui
588 3715 750 3763 eum
799 3694 885 3765 de
934 3696 1238 3786 speculis
1287 3695 1862 3786 praestolabatur,
1901 3693 2269 3784 perculsus
2315 3715 2565 3783 pavore
2595 3694 2708 3762 in-

143 3783 357 3874 genti,
410 3782 521 3851 vix
573 3804 734 3873 prae
782 3784 1105 3873 angustia
1155 3796 1507 3875 premente
1557 3783 1844 3852 domum
1895 3794 2183 3850 nutante
2242 3803 2491 3870 gressu
2549 3804 2709 3871 per-

140 3872 352 3940 venit:
406 3871 774 3962 primoque
822 3893 1028 3941 mane
1076 3871 1410 3942 accedens
1459 3871 1543 3941 ad
1590 3893 1753 3940 eum
1803 3892 1952 3940 sese
2003 3870 2073 3936 in
2129 3881 2382 3937 teri-am
2439 3870 2703 3951 stravit,

138 3962 413 4030 veniam
465 3959 550 4028 de
597 3971 792 4029 reatu
842 3960 1036 4029 stulti
1088 3982 1304 4029 ausus
1338 3983 1502 4029 cum
1552 3958 1878 4046 lacrymis
1926 3956 2281 4046 flagitavit,
2352 3955 2450 4024 nil
2500 3956 2708 4025 dubi-

138 4060 295 4119 tans
343 4047 546 4117 illum
590 4068 817 4129 nosset
873 4048 1040 4135 quid
1094 4048 1245 4137 ipse
1284 4059 1493 4117 noctu
1553 4047 1792 4146 egerit,
1858 4045 2110 4131 quidve
2163 4056 2534 4134 pateretur.
2583 4045 2709 4114 Cui

135 4136 305 4206 ille:
352 4158 388 4201 «
445 4136 623 4219 Quid
675 4135 912 4216 habeS‚
950 4136 1220 4205 frater?
1267 4134 1446 4217 Quid
1496 4134 1751 4204 fecisti?
1813 4139 1990 4202 Num
2049 4145 2362 4202 nostrum
2413 4133 2541 4201 iter
2588 4154 2709 4200 no-

134 4236 468 4302 cturnum
521 4224 885 4297 lustrando
934 4224 1289 4315 explorare
1339 4223 1649 4292 tentasti?
1714 4220 1838 4289 Sed
1890 4242 1969 4289 ea
2033 4220 2257 4290 solum
2313 4221 2707 4302 conditione

136 4312 264 4388 tibi
330 4314 459 4382 hoc
537 4312 868 4403 indulgeo
945 4311 1444 4390 commissum,
1522 4310 1580 4378 si
1652 4309 2055 4399 promiseris
2106 4323 2212 4392 te,
2283 4331 2460 4397 quae
2534 4307 2707 4376 vidi-

136 4401 251 4482 sti,
309 4400 484 4470 nulli
535 4412 693 4471 ante
743 4422 975 4470 meum
1027 4400 1294 4471 obitum
1346 4420 1495 4468 esse
1546 4398 1925 4468 dicturum.
1965 4421 1999 4466 »
2037 4403 2114 4467 In
2173 4420 2310 4485 quo
2369 4397 2700 4466 nimirum
