3327 4999
757 357 886 423 676
1404 375 1483 421 nn
1532 375 1587 422 s.
1644 374 1938 423 Baunonia
1985 373 2208 423 conon.
2261 372 2461 420 muse.
2745 354 2850 418 Ex
2900 352 3088 419 OCT.
3153 355 3227 418 Μ

666 465 875 524 totam
922 452 1198 522 infudit.
1253 456 1330 521 In
1391 452 1521 522 hac
1569 453 1715 523 acie
1763 459 1975 534 Cun0,
2037 454 2158 541 qui
2216 454 2413 544 prius
2464 456 2610 521 Dux
2653 462 2802 520 erat
2849 451 3226 542 egregiuS,

664 565 826 613 cum
878 541 1025 611 suis
1073 540 1488 628 sequacibus
1537 541 1879 613 militavit:
1931 553 2168 612 utrum
2218 542 2306 611 ad
2353 541 2506 622 hoc,
2536 551 2614 610 ut
2641 539 2799 612 odio
2841 561 2995 622 su0,
3028 539 3234 626 quod

665 632 737 700 in
786 631 1010 700 virum
1062 630 1176 698 Dei
1205 628 1625 712 Brunonem,
1665 631 1865 703 bonis
1912 643 2091 701 certe
2140 629 2821 709 mansuetissimum,
2879 650 3236 719 concepe-
3269 649 3316 658 ‘¹

663 730 790 800 rat,
845 719 973 787 hac
1023 718 1165 787 fera
1239 716 1643 789 crudelitate
1715 718 2157 799 satisfaceret,
2211 742 2300 789 an
2349 728 2426 787 ut
2486 716 2742 805 quibus
2857 727 3097 798 osset,
3155 717 3231 784 in
3315 731 3316 788 ἶ

664 818 849 877 tanto
884 805 1191 896 periculo
1240 806 1657 889 subveniret,
1726 807 2091 878 incertum:
2139 807 2255 877 sed
2306 805 2478 875 illud
2531 805 2750 896 priuS,
2832 806 3015 875 atius
3075 805 3232 894 opi·
3315 827 3316 830 ¹

663 896 866 965 nione
913 893 1443 964 disseminatum
1483 908 1606 965 est.
1660 900 1829 965 Nam
1877 908 1942 966 ct
1989 908 2146 966 ante
2193 907 2432 965 contra
2464 916 2625 964 eum
2673 894 2852 962 dura
2898 914 3226 981 quaeque
3315 913 3316 978 j

661 982 1156 1062 fraudulenter,
1209 982 1374 1070 quia
1408 984 1584 1055 vires
1616 983 2026 1063 defecerant,
2081 985 2383 1065 tentavit,
2424 983 2519 1053 ita
2565 993 2644 1051 ut
2691 982 2919 1051 Metim
2968 981 3218 1051 urbem
3315 1005 3316 1010 ¹

661 1069 1260 1160 opulentissimam
1309 1070 1466 1141 dolo
1540 1071 1927 1154 invaderet,
1998 1073 2133 1163 ipsi
2182 1072 2498 1143 Coloniae
2558 1084 2623 1139 et
2681 1069 2971 1139 caeteris
3019 1070 3218 1160 regni

662 1158 1170 1229 munitionibus
1230 1172 1629 1250 suspectum
1686 1183 1758 1230 se
1806 1160 2091 1243 faceret,
2146 1162 2397 1251 probra
2452 1160 2781 1250 jactaret,
2840 1158 3073 1226 minas
3125 1157 3217 1226 ef·

660 1246 1000 1316 funderet.
1054 1252 1133 1316 Et
1182 1261 1413 1338 postea
1446 1247 1884 1335 aliquantum
1926 1249 2253 1339 temporis
2302 1249 2371 1316 in
2423 1247 2554 1317 hac
2600 1245 2841 1316 eadem
2891 1268 3034 1333 qua
3084 1246 3214 1314 du-

660 1334 831 1404 dum
880 1347 1045 1418 erat,
1098 1335 1528 1406 immanitate
1569 1336 1981 1426 permansit:
2044 1336 2220 1406 nihil
2268 1336 2549 1422 reliquit
2581 1335 3019 1414 intentatum,
3079 1354 3213 1420 quo

659 1422 900 1493 foedus
948 1425 1018 1493 in
1071 1424 1325 1515 populo
1361 1437 1591 1495 nostro
1623 1448 1744 1515 per
1791 1425 2199 1515 sapientiam
2250 1424 2559 1495 ductoris
2594 1423 2702 1493 sui
2735 1434 3018 1513 pactum
3070 1422 3214 1490 dis·
3315 1465 3316 1468 =

660 1511 919 1581 solvere
968 1534 1040 1582 se
1088 1535 1289 1602 posse
1336 1525 1627 1603 putaret.
1684 1518 1901 1583 Homo
1951 1535 2253 1601 namque
2289 1523 2435 1583 erat
2481 1510 2691 1601 paulo
2743 1523 2901 1580 ante
2932 1532 3214 1579 summa

706 1600 981 1682 otentia,
1022 1604 1435 1688 summaque
1482 1602 1781 1682 fortuna,
1832 1601 1948 1672 sed
1999 1602 2289 1692 ignarus
2337 1599 2685 1689 quomodo
2733 1599 3065 1670 secundis
3113 1620 3213 1666 re-

657 1623 792 1759 bus
824 1690 926 1758 uti
956 1688 1369 1759 conveniret.
1424 1695 1561 1760 Has
1608 1690 1965 1777 quoniam,
2008 1701 2371 1780 postquam
2399 1688 2661 1759 abusus
2708 1699 2832 1768 est,
2880 1686 3206 1777 perdidit,

656 1776 726 1845 in
780 1777 997 1847 bonos
1028 1778 1210 1847 ultra
1250 1777 1534 1847 modum
1584 1778 1951 1868 impatiens
2001 1779 2262 1849 saeviit:
2320 1776 2435 1848 sed
2486 1799 2525 1845 a
2575 1774 2859 1845 nefariis
2908 1776 3063 1845 suis
3098 1797 3212 1844 co-

660 1866 939 1936 natibus
989 1887 1259 1954 semper
1305 1866 1421 1946 ita,
1480 1872 1608 1936 Deo
1649 1867 2115 1957 dispensante,
2173 1866 2497 1956 repulsus
2549 1876 2692 1944 est,
2747 1875 2823 1932 ut
2871 1863 3002 1933 hoc
3053 1884 3208 1931 eum

660 1976 798 2023 non
841 1953 1076 2023 leviter
1134 1954 1527 2043 poeniteret,
1580 1954 1767 2042 quod
1814 1976 2147 2046 magnum
2201 1955 2471 2024 facinus
2522 1963 2710 2023 tanta
2769 1951 3043 2021 levitate
3095 1974 3211 2041 ag·

655 2063 937 2132 gressus
986 2053 1110 2110 est.

741 2133 777 2216 ξ
823 2133 961 2202 18.
1016 2130 1321 2219 Pepercit
1368 2142 1598 2200 autem
1649 2131 1719 2200 in
1769 2131 2097 2200 omnibus
2147 2129 2484 2202 sacerdoti
2531 2151 2658 2200 suo
2705 2138 2771 2197 et
2803 2128 2919 2218 pio
2977 2127 3203 2218 provi-

657 2218 793 2286 sori
845 2216 1085 2317 populi
1154 2219 1265 2288 sui
1331 2218 1723 2289 misericors
1768 2231 1833 2289 et
1883 2219 2241 2290 miserator
2303 2218 2655 2298 Dominus,
2708 2228 2774 2285 et
2819 2216 2914 2285 ita
2976 2217 3208 2286 omnia

656 2304 1020 2387 ordinavit,
1074 2317 1151 2374 ut
1205 2307 1465 2394 absque
1529 2307 1708 2376 bello
1756 2308 2178 2386 et,humana
2248 2306 2591 2397 pernicie,
2655 2305 2959 2374 maxima
3006 2327 3211 2395 saepe

660 2393 966 2483 pericula
1036 2393 1463 2465 sedarentur.
1539 2399 1726 2465 Inter
1770 2418 1944 2483 quae
1992 2395 2383 2484 frequenter
2428 2395 2580 2485 ipse
2629 2394 3035 2473 interritus,
3093 2405 3212 2492 aut
3315 2407 3316 2482 ᾖ

657 2505 892 2552 secum
945 2482 1250 2555 intentus
1299 2483 1505 2574 legit,
1559 2496 1679 2554 aut
1725 2484 1810 2554 de
1869 2485 2191 2555 maximis
2265 2485 2658 2572 quibusque
2708 2481 2952 2564 rebuS,
3006 2504 3211 2570 quasi

655 2592 985 2640 curarum
1035 2570 1440 2641 instantium
1479 2573 1777 2654 nescius,
1818 2572 2215 2665 disputavit.
2270 2578 2412 2643 Hoc
2456 2572 2639 2663 apud
2675 2570 3045 2652 Treverim,
3079 2571 3208 2640 hoc

655 2658 724 2726 in
774 2658 1051 2728 Alisatio
1099 2660 1423 2749 gentibus
1455 2671 1520 2730 ct
1568 2661 1845 2751 populis
1895 2662 2216 2742 innotuit,
2259 2673 2517 2748 quanta
2549 2660 2940 2730 constantia
2976 2670 3043 2728 et
3095 2681 3207 2728 se·

652 2747 940 2816 curitate
972 2747 1190 2817 animi
1238 2748 1371 2827 sui,
1426 2749 1893 2820 inconstantes
1920 2762 1986 2819 et
2035 2748 3022 2821 temerarios'adversariorum
3060 2769 3209 2817 mo-

651 2849 762 2907 tus
813 2836 1204 2924 redarguit:
1270 2858 1431 2905 cum
1479 2858 1595 2906 eos
1642 2837 1765 2925 qui
1812 2839 1882 2906 in
1941 2837 2188 2909 alienis
2237 2860 2309 2907 se
2369 2837 2781 2909 fortissimos
2819 2835 3204 2926 jactabant,

651 2923 720 2991 in
766 2923 1064 3012 propriis
1114 2935 1251 2992 tam
1301 2923 1683 2994 imbecilles
1729 2946 1876 2994 esse
1916 2926 2364 2997 monstrabat.
2407 2931 2486 2995 Et
2532 2947 2764 2995 revera
2796 2946 2974 3011 quos
3007 2923 3205 2993 nulla

646 3032 960 3165 unquam
1009 3010 1211 3091 acieS,
1269 3011 1462 3081 nulla
1509 3012 1772 3082 inflexit
1818 3036 1895 3082 as
1949 3014 2178 3094 eritaS,
2213 3014 2337 3084 hos
2372 3013 2584 3103 hujus
2632 3013 2754 3082 viri
2810 3014 3031 3104 pietas
3072 3011 3206 3080 im-

650 3099 755 3167 bel
787 3120 859 3168 es
907 3109 972 3166 et
1020 3098 1297 3168 timidos
1329 3099 1640 3171 faciebat.
1687 3101 1887 3172 Consi
1923 3103 1983 3171 io
2012 3125 2314 3190 namque
2360 3113 2424 3172 et
2453 3103 2795 3171 bonorum
2832 3100 3202 3170 hominum
3315 3114 3316 3157 l

649 3185 1114 3267 multitudine,
1167 3209 1301 3257 non
1352 3189 1654 3271 saevitia,
1713 3189 2063 3260 timendus
2109 3190 2240 3260 fuit
2284 3202 2350 3259 et
2400 3190 2583 3277 quod
2638 3211 2839 3259 nemo
2889 3189 3200 3259 hostium

649 3284 787 3342 tam
827 3275 1074 3344 acriter
1114 3275 1437 3365 vigilabat
1483 3278 1569 3346 ad
1622 3278 2019 3369 perniciem,
2051 3301 2263 3367 quam
2314 3279 2461 3368 ipse
2494 3277 2580 3347 ad
2633 3278 2953 3348 salutem.
2992 3280 3200 3346 Fama

644 3374 873 3431 autem
922 3374 987 3433 et
1035 3363 1505 3434 multitudinis
1542 3366 1812 3455 judicio
1861 3368 2232 3436 minimum
2283 3378 2511 3436 motus
2547 3378 2672 3436 est:
2727 3389 2852 3436 suo
2901 3366 3034 3435 sibi
3079 3366 3201 3454 ju-

644 3449 825 3520 dicio
874 3475 1046 3523 usus
1111 3464 1252 3534 est,
1305 3464 1369 3523 et
1427 3453 1498 3523 in
1545 3477 1682 3541 quo
1732 3467 1912 3524 recta
1963 3454 2295 3546 probavit,
2354 3476 2493 3523 non
2541 3466 2619 3523 ut
2665 3454 2839 3536 sibi,
2894 3453 3016 3523 sed
3073 3459 3202 3523 Deo

647 3538 966 3640 placeret,
1009 3541 1287 3641 optavit.
1342 3545 1580 3629 Itaque
1631 3553 1707 3612 ut
1756 3544 1997 3634 paucis
2051 3543 2269 3613 multa
2328 3542 2943 3633 comprehendam,
3000 3540 3204 3631 plura

642 3640 1007 3699 omittam:
1063 3641 1250 3700 intus
1297 3642 1363 3699 et
1408 3630 1614 3712 foris,
1693 3631 1882 3700 domi
1959 3631 2380 3717 militiaeque
2458 3629 2847 3701 indefessus
2926 3629 3205 3699 Domini

646 3717 1034 3806 praeliator,
1088 3718 1306 3787 animi
1357 3718 1513 3809 plus
1561 3741 1773 3805 quam
1823 3720 2131 3809 corporis
2179 3719 2444 3789 viribus
2494 3717 2741 3788 tandiu
2791 3728 3033 3788 contra
3082 3741 3204 3808 pe-

641 3805 946 3876 stilentes
993 3818 1058 3874 et
1106 3806 1469 3892 inquietos,
1526 3817 1933 3895 tantumque
1967 3810 2143 3877 vitae
2174 3808 2381 3875 etiam
2431 3829 2598 3876 suae
2633 3807 3046 3897 plerumque
3086 3829 3203 3896 pe·

641 3894 861 3962 riculo
891 3893 1281 3975 decertavit,
1335 3907 1412 3964 ut
1453 3895 1755 3964 nominis
1803 3918 2078 3983 quoque
2125 3896 2276 3984 ejus
2319 3895 2504 3964 fama
2551 3916 2915 3995 quousque
2967 3917 3208 3984 perve-

642 3981 765 4060 nit,
819 3981 1001 4050 bella
1064 3981 1375 4062 sedaret,
1432 4005 1670 4073 pacem
1721 3982 2065 4064 formaret,
2138 3983 2451 4053 studium
2503 3984 2572 4051 in
2625 3984 2954 4052 omnibus
3004 3984 3208 4053 bonis

643 4068 908 4225 artiblus
957 4069 1284 4152 firmaret,
1341 4083 1619 4142 sanctae
1667 4071 2023 4176 religionis
2049 4082 2115 4153 et
2163 4070 2559 4142 salutiferae
2605 4072 2858 4158 quietis
2907 4072 3208 4161 gratiam
3315 4068 3316 4157 J

645 4179 806 4246 amp
841 4169 1031 4227 iaret.
2390 4178 2428 4192 “

730 4248 767 4331 ξ
826 4251 979 4318 ss).
1033 4247 1373 4328 Quoniam
1425 4247 1637 4338 igitur
1703 4270 1940 4318 servus
1989 4248 2261 4318 Domini
2327 4253 2601 4331 Brun0,
2658 4247 3047 4320 secundum
3100 4248 3210 4317 di-

645 4333 975 4423 gnitatem
1026 4335 1208 4404 sedis
1258 4357 1446 4416 suae,
1501 4341 1849 4407 Romanae
1914 4359 2190 4424 quoque
2247 4337 2440 4408 Sedis
2511 4347 2575 4406 et
2621 4335 3044 4427 Apostolicae
3093 4338 3210 4406 be·

645 4421 1056 4494 nedictionis
1126 4423 1485 4513 privilegio
1553 4425 1793 4495 debuit
1837 4425 2161 4516 insigniri
2223 4436 2287 4497 et
2350 4448 2512 4497 cum
2583 4425 2683 4495 eis
2731 4424 3029 4516 pariter,
3083 4425 3204 4513 qui
