3327 4999
690 321 822 388 480
2092 330 2103 339 “
2771 316 3018 387 MART.
3074 321 3174 386 25

1762 529 2019 610 ITEM

1256 755 1388 858 DE
1454 756 1796 858 EODEM
1876 756 1961 859 S.
2034 754 2510 859 LATRONE

726 1011 843 1061 run
888 1010 1088 1060 mvuu
1131 1007 1423 1060 sommi
1469 1007 1810 1060 cnnrsosr.
1862 1011 1975 1059 κεῖ
2021 1009 2178 1060 nou.
2230 1010 2309 1058 ns
2354 1009 2555 1059 canes
2600 1005 2681 1058 ιτ
2726 1008 3037 1072 naraon,

1281 1095 1367 1161 32
1406 1113 1474 1162 m
1520 1112 1754 1163 oannis
1797 1096 1884 1163 45
1934 1112 2150 1162 nonu..
2202 1112 2351 1162 rom
2399 1113 2474 1161 11.

692 1323 731 1411 ἕ
790 1327 867 1396 1.
921 1320 1138 1391 Hodie
1168 1320 1589 1412 incipiamus
1634 1322 2029 1393 charissimi
2086 1323 2172 1393 de
2229 1321 2461 1394 crucis
2509 1319 2836 1411 trophaeo
2882 1320 3153 1410 praedi·
3239 1338 3244 1345 ·

601 1432 782 1492 care,
834 1421 900 1479 et
946 1410 1365 1482 honoremus
1428 1409 1609 1480 hanc
1655 1410 1868 1492 diem,
1928 1412 2152 1513 magis
2198 1423 2430 1481 autem
2473 1430 2913 1494 coronemur,
2965 1409 3147 1478 cele-

601 1500 882 1570 brantes
924 1498 1108 1568 hunc
1146 1497 1356 1568 diem.
1392 1501 1525 1568 Nec
1571 1498 1760 1567 enim
1792 1521 1872 1570 ex
1901 1501 2129 1572 verbis
2163 1499 2415 1571 nostris
2444 1497 2948 1569 honorificatur
2974 1503 3152 1569 Crux

602 1587 721 1659 sed
770 1609 850 1658 ex
897 1586 1084 1657 fideli
1124 1598 1358 1658 nostra
1403 1586 1833 1659 confessione
1862 1609 2153 1660 coronas
2181 1586 2606 1659 merebimur
2632 1587 2890 1658 crucis
2927 1586 3145 1657 Hodie

599 1697 770 1748 crux
815 1675 952 1747 fixa
996 1688 1121 1757 est,
1175 1686 1242 1746 et
1286 1674 1604 1745 seculum
1652 1676 2157 1748 sanctificatum
2191 1690 2317 1748 est.
2355 1674 2572 1746 Hodie
2617 1697 2788 1746 crux
2835 1675 2975 1745 fixa
3019 1688 3145 1757 est,

599 1775 667 1836 et
711 1764 1082 1837 daemones
1127 1763 1423 1854 dispersi
1471 1777 1655 1835 sunt.
1702 1765 1920 1837 Hodie
1965 1766 2208 1837 fratres
2266 1787 2437 1835 crux
2486 1764 2625 1834 fixa
2670 1775 2797 1846 est,
2849 1775 2917 1833 et
2963 1785 3150 1834 mors

603 1853 935 1924 subversa
963 1866 1088 1924 est.
1141 1852 1359 1922 Hodie
1405 1873 1573 1922 crux
1620 1852 1805 1935 vicit,
1849 1866 1915 1924 et
1948 1876 2136 1925 mors
2166 1854 2345 1926 victa
2390 1864 2515 1924 est.
2571 1851 2790 1922 Hodie
2828 1851 3150 1923 diabolus

598 1942 876 2012 vinctus
921 1953 1045 2022 est,
1100 1951 1167 2011 et
1206 1941 1411 2012 homo
1458 1939 1729 2012 solutus
1774 1954 1897 2026 est,
1950 1955 2016 2014 et
2065 1949 2243 2015 Deus
2289 1941 2719 2034 glorificatus
2764 1952 2886 2013 est.
2934 1940 3147 2012 Hodie

601 2030 789 2121 apud
834 2028 1136 2101 Judaeos
1186 2040 1366 2100 terra
1412 2029 1848 2113 contremuit,
1877 2043 1944 2102 et
1974 2032 2162 2123 apud
2190 2052 2316 2101 nos
2353 2030 2541 2101 orbis
2580 2041 2800 2100 terrae
2826 2028 3145 2100 firmatus

598 2129 724 2190 est.
792 2118 1010 2189 Hodie
1064 2118 1252 2209 apud
1298 2118 1624 2201 Judaeos‚
1690 2120 1855 2207 quia
1903 2132 2131 2191 mente
2176 2118 2425 2190 audaci
2472 2131 2713 2190 contra
2759 2121 2977 2189 Deum
3035 2140 3145 2188 va-

598 2206 798 2289 dunt,
845 2219 1075 2297 petrae
1120 2209 1376 2279 scissae
1422 2220 1608 2278 sunt.
1657 2208 1875 2278 Hodie
1921 2208 2246 2281 amabilis
2297 2213 2427 2278 Deo
2467 2206 2687 2298 pietas
2733 2205 3138 2277 universum

595 2294 873 2367 consuit
916 2295 1178 2366 orbem.
1234 2295 1524 2367 Decebat
1582 2297 1770 2366 enim
1836 2318 2013 2384 quae
2076 2297 2345 2388 pietatis
2409 2307 2605 2367 erant
2653 2294 3013 2386 conjungi,
3067 2317 3144 2365 ea

594 2396 828 2456 autem
874 2405 1052 2472 quae
1099 2384 1528 2455 infidelitatis
1573 2383 1910 2476 disjungi,
1946 2386 2127 2457 sicut
2157 2400 2224 2457 et
2261 2384 2472 2455 David
2502 2382 2805 2454 dicebat:
2836 2385 3144 2474 Disrupti

592 2484 772 2554 sunt,
827 2484 890 2544 et
934 2496 1065 2545 non
1108 2485 1265 2544 sunt
1311 2475 1694 2565 compuncti
1739 2477 1951 2561 (Psal.
2008 2479 2090 2546 34
2133 2531 2146 2547 .
2201 2473 2417 2546 Hodie
2463 2472 2649 2565 apud
2702 2472 3008 2545 Judaeos
3053 2471 3140 2543 ab

591 2561 765 2633 hora
809 2574 997 2633 sexta
1044 2584 1267 2651 usque
1297 2562 1384 2633 ad
1433 2562 1677 2633 horam
1718 2585 1973 2634 nonam
2006 2585 2080 2636 so
2154 2564 2569 2636 obscuratus
2613 2573 2739 2634 est.
2776 2567 2921 2634 Non
2951 2562 3141 2632 enim

589 2651 767 2721 ferre
813 2662 1075 2742 poterat
1122 2650 1356 2723 aeth'er
1403 2650 1734 2741 injuriam
1785 2653 2139 2723 CreatoriS.
2195 2652 2496 2723 Retraxit
2534 2651 2766 2724 radios
2813 2671 3002 2730 suos,
3056 2671 3143 2719 ne

588 2739 848 2810 videret
884 2739 1261 2831 impiorum
1309 2738 1652 2809 facinora:
1702 2761 1837 2810 non
1884 2742 2070 2829 quod
2119 2741 2440 2812 deitatem
2490 2739 2754 2830 injuria
2802 2750 3134 2830 tangeret,

590 2828 710 2899 sed
757 2827 923 2916 quia
967 2849 1145 2916 quae
1182 2826 1433 2898 audaci
1480 2828 1811 2918 superbia
1857 2829 2136 2910 fiebant,
2175 2830 2245 2898 in
2288 2827 2781 2901 contumeliam
2831 2828 2987 2919 ejus
3031 2849 3140 2896 re-

588 2917 1036 3008 putabantur.
1091 2914 1308 2986 Hodie
1352 2916 1543 3006 apud
1586 2916 1889 2989 Judaeos
1937 2918 2257 2990 tenebrae
2304 2928 2492 2998 sunt,
2529 2917 2717 3008 apud
2750 2937 2879 2988 nos
2906 2928 3140 2987 autem

585 3025 723 3075 nox
762 3003 832 3073 in
867 3003 1051 3074 diem
1099 3024 1431 3074 conversa
1475 3015 1599 3075 est.
1637 3006 1903 3076 Etenim
1940 3006 2173 3097 pietati
2205 3007 2336 3077 hoc
2385 3005 2750 3108 proprium
2798 3018 2925 3086 est,
2956 3015 3033 3075 ut
3067 3003 3136 3073 in

586 3090 891 3162 tenebris
943 3091 1242 3182 fulgeat:
1295 3091 1617 3183 impietas
1662 3105 1894 3164 autem
1941 3095 2069 3165 etsi
2116 3095 2188 3164 in
2240 3094 2505 3165 lumine
2544 3092 2774 3176 fuerit,
2829 3094 3140 3164 tenebre-

586 3179 737 3251 scit.
785 3178 1135 3252 Fidelibus
1161 3202 1294 3251 nox
1320 3180 1390 3250 in
1432 3181 1616 3251 diem
1668 3194 2000 3263 mutatur,
2041 3182 2445 3255 infidelibus
2482 3193 2717 3253 autem
2744 3182 2953 3252 etiam
2984 3180 3140 3271 ipsa

586 3268 704 3338 lux
737 3268 1165 3340 tenebrescit.
1210 3274 1288 3339 Et
1333 3269 1419 3339 de
1465 3269 1792 3343 fidelibus
1823 3270 2106 3359 quidem
2156 3271 2304 3341 Scri
2356 3285 2511 3342 tura
2557 3269 2770 3340 dicit:
2815 3271 2993 3355 Quia
3043 3281 3136 3339 tc-

582 3357 827 3428 nebrae
856 3380 989 3427 non
1033 3359 1561 3429 obscurabuntur
1590 3382 1635 3429 a
1668 3368 1753 3440 te,
1789 3370 1851 3429 et
1887 3382 2029 3430 ηοω
2064 3362 2237 3430 sicut
2333 3361 2427 3430 ies
2458 3360 2987 3430 illuminabitur.
3027 3362 3138 3427 In·

582 3443 775 3515 fideli
821 3458 1051 3518 autem
1098 3456 1165 3516 et
1210 3446 1359 3518 dies
1407 3447 1479 3517 in
1516 3459 1784 3518 noctem
1827 3460 2160 3530 mutatur,
2212 3447 2484 3519 dicente
2532 3447 2679 3518 Scri
2733 3459 2924 3518 tura:
2976 3449 3140 3517 Pal-

572 3535 838 3624 pabunt
889 3536 1064 3604 sicut
1110 3537 1296 3606 caeci
1336 3537 1673 3628 parietem
1700 3591 1715 3616 ‚
1768 3547 1833 3607 et
1884 3538 2327 3608 ambulabunt
2378 3539 2447 3607 in
2494 3538 2669 3607 meri
2715 3539 2777 3607 ie
2829 3537 3007 3606 sieut
3067 3536 3139 3603 in

582 3624 801 3693 medio
828 3625 1040 3694 noctis
1060 3623 1211 3725 (Job
1237 3624 1328 3713 v).

674 3718 714 3793 ἓ
783 3716 874 3784 2.
926 3711 1143 3783 Hodie
1189 3711 1401 3783 Adam
1459 3713 1717 3804 ejectus
1774 3725 1880 3784 est
1924 3713 2011 3784 de
2060 3711 2406 3804 paradiso,
2458 3724 2524 3783 et
2572 3711 2779 3785 hodie
2835 3712 3009 3782 latro
3065 3711 3138 3781 in

582 3799 988 3890 paradisum
1023 3800 1434 3892 ingreditur.
1471 3800 1646 3872 Exiit
1691 3799 1828 3882 fur,
1880 3812 1947 3872 et
1987 3803 2248 3873 introiit
2294 3800 2438 3872 fur:
2494 3801 2658 3872 exiit
2706 3801 3140 3892 praevarica-

579 3897 709 3967 tor.
743 3900 811 3960 et
855 3889 926 3958 in
983 3911 1214 3961 ressus
1245 3900 1348 3959 est
1398 3889 1609 3959 latro:
1663 3889 1828 3962 exiit
1874 3902 2305 3981 contemptor
2334 3889 2548 3971 verbi,
2582 3900 2649 3960 et
2682 3889 2952 3960 introiit
2976 3911 3142 3960 con·-

578 3975 783 4049 fitens
830 3999 948 4048 ver
997 3999 1152 4048 um:
1190 3978 1353 4050 exiit
1383 3991 1833 4049 contemnens
1865 3979 2185 4060 salutem,
2214 3990 2280 4049 et
2318 3978 2584 4049 introiit
2613 3978 2700 4049 de
2724 3999 2934 4050 cruce
2963 3999 3143 4050 mer·

577 4086 748 4136 cans
793 4066 1111 4136 salutem.
1166 4067 1317 4137 Scio
1377 4082 1443 4138 et
1502 4079 1661 4137 ante
1730 4089 1839 4136 me
1901 4066 2159 4137 dixisse
2218 4067 2306 4137 de
2369 4067 2684 4149 latrone,
2756 4066 2876 4139 scd
2938 4066 3143 4137 habet

578 4153 887 4225 diversas
925 4153 1419 4243 intelligentias
1473 4155 1589 4225 Dei
1658 4176 1908 4225 sermo.
1962 4160 2098 4225 Iste
2157 4155 2331 4226 latro
2393 4154 2478 4225 de
2538 4155 2585 4225 li
2638 4177 2728 4226 no
2796 4167 3148 4226 mercatur

578 4242 898 4324 salutern,
954 4242 1066 4313 hic
1105 4242 1287 4313 latro
1326 4241 1600 4315 furatur
1633 4243 1926 4314 coeleste
1951 4242 2355 4335 imperium.
2401 4243 2548 4315 Vim
2608 4244 2744 4316 acit
2769 4243 3141 4334 majestati,

578 4353 714 4401 non
765 4330 1015 4403 virtute
1064 4331 1367 4422 propria,
1412 4332 1531 4401 sed
1581 4330 1722 4401 fide
1772 4331 2081 4404 vincens.
2116 4331 2351 4433 Ipsius
2382 4332 2658 4403 Domini
2699 4354 2823 4403 vox
2857 4344 2984 4404 est:
3023 4337 3148 4407 Re·

578 4441 797 4512 gnum
842 4419 1195 4494 coelorum
1262 4419 1404 4492 vim
1453 4419 1737 4512 patitur,
1773 4431 1840 4493 et
1886 4420 2167 4494 violenu
2213 4420 2559 4513 diripiunt
2589 4419 2788 4496 illud.
2826 4424 2905 4493 In
2945 4442 3154 4494 cruce
