3327 4999
658 304 784 370 294
1303 320 1383 369 ns
1430 320 1485 367 s.
1538 318 1808 368 bonomo
1854 319 2122 369 camna.
2172 321 2364 369 naar.
2715 302 2960 369 MART.
3017 305 3103 369 ⁴5

574 401 833 473 sensim
903 400 986 470 ad
1051 400 1239 491 ipsos
1311 421 1734 481 conversm,
1810 400 1963 469 miti
2033 413 2099 471 et
2173 398 2310 470 leni
2366 421 2527 470 voce
2582 399 2794 470 dicit:
2859 400 3107 487 Sequi-

575 490 774 570 mini,
841 500 906 559 et
965 488 1112 579 ipse
1160 511 1319 559 eum
1368 511 1574 577 quem
1621 488 1951 576 quaeritis
1996 488 2378 559 ostendam.
2429 495 2617 559 Tunc
2663 511 2826 580 ergo
2892 488 3114 559 veluti

575 579 763 670 apud
812 600 883 650 se
930 577 1194 648 laetans
1263 576 1377 647 ille
1444 578 1685 648 beatus
1748 590 1813 648 et
1860 577 2073 648 futuri
2168 576 2457 649 audium
2507 579 2975 669 praecipiens.
3036 591 3109 650 et

574 685 731 738 ante
791 665 1199 757 martyrium
1254 678 1540 736 mortem
1591 667 1905 757 martyrii
1951 689 2112 758 amp
2144 679 2395 748 ectens,
2439 668 2607 737 haec
2647 689 2878 737 secum
2920 667 3112 737 dice-

574 757 715 827 bat:
778 761 971 826 Nunc
1019 755 1262 825 videbo
1308 755 1533 825 coelos
1580 769 1875 847 apertos,
1935 757 2125 825 Nunc
2168 754 2498 845 aspiciam
2532 755 2820 847 gloriam
2855 757 3103 826 Patris.

573 851 792 925 Nunc,
845 844 1026 915 sicut
1070 844 1342 1002 primus
1388 855 1651 934 martyr
1699 845 2111 936 StephanuS,
2163 845 2313 934 ipse
2370 866 2644 932 quoque
2690 844 2941 914 dicam:
2980 850 3112 915 Do-

574 934 763 1003 mine
806 938 973 1003 Jesu
1021 938 1064 1003 C
1122 934 1303 1015 riste,
1356 934 1590 1023 accipe
1622 935 1943 1024 spiritum
1993 955 2249 1003 meum:
2287 954 2491 1019 quem
2527 933 2912 1005 clarissima
2942 956 3113 1003 voce

575 1021 811 1092 audivi
860 1034 1144 1091 mortem
1195 1021 1280 1091 ad
1330 1044 1402 1092 se
1443 1035 1821 1093 vocantem.
1874 1028 2069 1093 Nunc
2101 1043 2476 1113 supernam
2513 1022 2924 1104 Jerusalem,
2984 1045 3114 1092 an-

573 1110 885 1203 gelorum
934 1111 1214 1198 quidem
1264 1111 1582 1211 patriam,
1636 1112 1846 1184 totius
1893 1123 2120 1181 autem
2171 1109 2361 1181 chori
2411 1123 2807 1181 sanctorum
2863 1124 3114 1181 metro-

573 1199 813 1291 polim,
850 1221 1010 1268 cum
1050 1200 1372 1271 victoriae
1405 1199 1790 1291 plausibuS,
1828 1211 1893 1271 et
1922 1198 2233 1280 canticis,
2279 1211 2345 1269 et
2377 1198 2695 1289 gloriosis
2731 1199 3105 1290 trophaeiS,

572 1288 969 1358 ascendam.
1006 1293 1200 1360 Nunc
1247 1311 1419 1359 exuo
1465 1311 1504 1359 e
1563 1289 1707 1359 luto
1765 1288 2141 1359 confectam
2197 1286 2526 1370 tunicam,
2580 1301 2646 1358 et
2696 1288 3110 1359 lamentabi-

571 1375 666 1447 lia
696 1377 965 1467 depono
997 1379 1227 1448 carnis
1260 1377 1559 1448 vincula.
1595 1384 1789 1449 Nunc
1823 1378 2076 1447 liberor
2112 1376 2200 1446 ab
2231 1375 2512 1447 interitu
2542 1389 2608 1446 et
2639 1377 3104 1467 corruptione,

571 1477 639 1536 et
678 1464 897 1535 laetus
944 1465 1159 1536 induo
1210 1466 1821 1556 incorruptionem.
1873 1465 2199 1557 Egredior
2250 1486 2289 1535 e
2334 1465 2471 1535 vita
2531 1464 2794 1535 caduca
2840 1478 2906 1536 et
2961 1488 3109 1537 mo-

573 1567 961 1637 mentanea,
1010 1566 1077 1625 et
1122 1577 1201 1625 ex
1250 1567 1670 1646 tempestate,
1724 1554 1934 1643 cujus
1982 1566 2144 1626 sunt
2177 1554 2412 1644 magni
2459 1554 2713 1625 fluctus
2758 1569 2825 1626 et
2870 1555 3139 1656 gravia.

572 1643 959 1735 naufragia,
1013 1655 1078 1713 et
1123 1645 1321 1714 venio
1359 1644 1444 1714 ad
1493 1666 1731 1714 verum
1782 1657 1848 1714 et
1894 1643 2120 1714 solum
2171 1655 2470 1734 portum,
2525 1643 2596 1712 in
2645 1666 2783 1732 quo
2830 1657 2967 1713 vita
3011 1656 3114 1714 est

573 1732 661 1802 ab
694 1732 886 1803 omni
919 1732 1195 1803 tristitia
1236 1745 1496 1803 remota
1544 1744 1608 1803 et
1655 1746 1958 1802 aeterna.
2703 1782 2706 1787 ·

660 1824 698 1910 §
742 1827 830 1894 ὅ.
883 1825 1064 1891 Haec
1109 1844 1272 1892 cum
1321 1822 1506 1912 apud
1556 1844 1628 1891 se
1679 1822 1947 1892 locutus
1995 1832 2171 1891 esset
2226 1819 2599 1912 LonginuS,
2645 1843 2784 1903 θος,
2844 1820 2966 1908 qui
3020 1820 3110 1890 ad

575 1909 809 2001 ipsum
863 1923 1208 1991 venerant,
1263 1911 1490 1980 statim
1541 1910 1733 1980 ducit
1780 1912 1850 1980 in
1898 1911 2182 1981 domum
2232 1932 2454 1990 suam,
2486 1922 2550 1979 et
2596 1932 2756 1980 cum
2805 1909 3106 2000 hospitio

573 1998 927 2090 praeclare
972 1997 1369 2090 accepisset,
1424 1999 1669 2091 incipit
1712 1999 1958 2070 deinde
2012 2020 2252 2100 rogare
2301 2011 2451 2090 post
2496 2021 2775 2068 coenam
2829 2020 2953 2068 cur
2998 2020 3112 2068 ve-

578 2088 868 2170 nissent,
925 2101 991 2158 et
1045 2110 1384 2175 quaenam
1436 2102 1613 2159 esset
1670 2101 1859 2160 tanta
1912 2087 2200 2179 Longini
2252 2086 2630 2176 inquisitio.
2696 2086 2800 2156 Illi
2847 2099 3103 2169 autem,

582 2198 742 2247 cum
793 2191 1330 2260 sacramentum,
1368 2189 1718 2266 tamquam
1761 2178 2040 2265 aliquod
2091 2177 2365 2268 pignus.
2401 2177 2488 2246 ab
2534 2197 2612 2246 eo
2659 2176 3106 2267 accepissent,

580 2286 723 2335 non
772 2287 922 2337 esse
969 2266 1512 2357 publicat-urum,
1562 2288 1739 2354 quae
1785 2268 1848 2337 ei
1894 2266 2237 2343 dicerent,
2291 2287 2513 2353 neque
2577 2278 2911 2336 secretum
2961 2287 3113 2336 esse

579 2366 1011 2444 aperturum,
1065 2355 1309 2425 dicunt
1352 2377 1528 2442 quae
1561 2355 1775 2425 Pilato
1823 2356 2075 2445 scripta
2122 2352 2391 2424 fuerant
2422 2376 2462 2423 a
2496 2358 2795 2434 Caesare,
2827 2367 2894 2423 et
2924 2352 3113 2440 quod

574 2444 948 2526 venissent,
1000 2455 1078 2515 ut
1124 2443 1413 2535 Longini
1459 2465 1616 2515 cum
1669 2443 1941 2516 duobus
1992 2442 2325 2514 militibus
2372 2442 2598 2535 capita
2641 2455 3106 2534 amputarent.

573 2537 742 2603 Cum
791 2544 1021 2604 autem
1070 2533 1398 2616 scivisset,
1436 2533 1726 2621 quinam
1772 2546 2000 2603 essent
2035 2555 2197 2603 cum
2247 2532 2398 2622 ipso
2447 2531 2786 2614 morituri,
2839 2531 2940 2601 illi
2973 2532 3108 2602 sci-

568 2621 728 2692 licet
788 2621 910 2709 qui
953 2621 1285 2692 Judaicae
1350 2620 1648 2692 mercedi
1705 2621 2048 2691 Christum
2101 2634 2633 2711 proposuerant,
2687 2621 2745 2691 si
2800 2620 3106 2691 nificavit

566 2710 688 2790 eiS,
741 2711 861 2797 qui
909 2731 1045 2780 non
1095 2710 1221 2781 diu
1259 2721 1414 2780 ante
1459 2709 1547 2779 ab
1592 2732 1672 2779 eo
1705 2710 2182 2790 discesserant,
2220 2721 2298 2780 ut
2336 2710 2722 2801 primorum
2803 2730 3100 2778 onorum

566 2811 793 2870 essent
840 2798 972 2868 sibi
1020 2798 1214 2868 socii.
1267 2803 1570 2886 Cumque
1616 2798 1826 2869 semel
1868 2811 2068 2886 atque
2119 2799 2366 2869 iterum
2396 2821 2536 2879 eos,
2571 2797 2693 2886 qui
2726 2798 2921 2868 missi
2955 2798 3102 2867 fue-

566 2899 722 2956 rant
767 2910 807 2956 a
854 2886 1091 2968 Pilato,
1130 2886 1429 2977 hospitio
1478 2886 1846 2977 magnifice
1891 2888 2287 2978 accepisset,
2327 2887 2656 2978 postridie
2688 2908 2805 2957 eos
2835 2886 3103 2957 ducens

566 2974 638 3076 in
686 2996 957 3066 agrum,
1009 2977 1408 3076 expectabat
1452 2998 1590 3058 θος,
1642 2997 1819 3062 quos
1863 2976 2330 3046 accersiverat.
2395 2979 2562 3046 Cum
2616 2988 2846 3045 autem
2907 2995 3098 3045 acce-

616 3077 779 3134 1sset
846 3084 962 3133 eos
999 3085 1145 3151 jam
1196 3065 1794 3155 appropinquare,
1848 3065 2077 3135 statim
2141 3064 2509 3136 annuntiat
2561 3065 2649 3135 iis
2719 3064 2842 3151 qui
2907 3061 3104 3133 missi

566 3086 841 3222 fuerant
886 3173 928 3221 a
972 3152 1210 3222 Pilato:
1265 3158 1401 3243 Ego
1449 3175 1649 3235 sum,
1694 3153 1815 3240 qui
1867 3175 1908 3223 a
1956 3152 2146 3224 vobis
2195 3174 2512 3240 quaeror,
2568 3153 2942 3254 Longinus.
2997 3151 3112 3222 Illi

569 3250 799 3311 autem
849 3240 1153 3330 primum
1203 3242 1489 3329 quidem
1538 3264 1675 3312 non
1739 3242 2129 3312 credebant.
2202 3242 2557 3326 Quomodo
2622 3264 2809 3311 enim
2874 3241 3110 3311 existi-

569 3340 878 3400 massent
906 3350 1064 3400 eum
1097 3351 1270 3412 esse,
1307 3331 1428 3417 qui
1475 3343 1619 3400 erat
1666 3353 2024 3420 passuruS‚
2062 3352 2221 3400 cum
2253 3353 2415 3401 eum
2447 3330 2757 3400 viderent
2793 3342 2935 3400 tam
2967 3329 3112 3399 lae-

571 3429 717 3488 tum
767 3418 854 3487 ad
902 3417 1327 3509 periculum?
1374 3423 1739 3506 Postquam
1789 3433 2023 3490 autem
2065 3432 2239 3490 recte
2278 3420 2625 3490 sciverunt
2674 3418 2873 3489 illum
2921 3440 3099 3499 esse,

567 3518 635 3577 et
681 3506 873 3576 nulla
907 3508 1008 3578 eis
1054 3504 1184 3577 suit
1230 3507 1467 3578 relicta
1511 3507 1873 3589 dubitati0,
1930 3529 2130 3600 aegre
2159 3507 2490 3589 ferebant,
2549 3519 2616 3578 et
2665 3530 2705 3577 a
2751 3507 3113 3577 conscien-

570 3595 664 3666 tia
711 3596 966 3668 multas
1013 3596 1252 3688 plagas
1299 3597 1753 3687 accipiebant,
1807 3597 1973 3684 quid
2024 3618 2157 3666 non
2206 3596 2489 3684 quidem
2550 3596 2879 3677 dicentes,
2939 3595 3114 3683 quid

567 3706 704 3754 non
755 3696 983 3755 autem
1050 3684 1397 3767 facienteS,
1452 3708 1614 3756 cum
1665 3698 1844 3756 esset
1887 3685 2117 3756 adhuc
2150 3707 2387 3756 recens
2433 3684 2837 3760 recordatio,
2882 3685 3118 3772 utqui

569 3795 694 3864 pro
723 3773 925 3844 bonis
976 3785 1204 3845 essent
1232 3774 1451 3846 malas
1499 3774 1837 3845 reddituri
1883 3774 2173 3866 gratias?
2215 3777 2322 3844 «Ο
2355 3773 2726 3856 infelicem,
2760 3772 3110 3855 dicebant,

567 3884 878 3932 coenam.
940 3866 991 3932 Ο
1045 3885 1250 3964 grave
1301 3863 1708 3953 hospitium.
1768 3869 2090 3939 Curnam.
2125 3885 2166 3932 o
2214 3863 2423 3933 chare
2466 3862 2791 3955 Longine,
2822 3862 2953 3931 hoc
2982 3861 3115 3931 tibi

567 3964 886 4043 coeptum
939 3964 1119 4022 venit
1176 3952 1244 4021 in
1297 3964 1644 4032 mentem,
1692 3962 1772 4022 ut
1842 3974 1999 4035 θος,
2064 3951 2188 4040 qui
2266 3962 2592 4022 venerant
2655 3951 2742 4022 ad
2797 3950 2898 4021 tui
2959 3973 3118 4021 cae-

567 4039 750 4121 dem,
813 4040 1064 4110 domus
1129 4052 1249 4111 tua
1285 4042 1659 4134 acciperet?
1713 4046 1890 4111 Mors
1950 4041 2076 4111 tibi
2126 4040 2353 4111 evadit
2410 4040 2815 4131 hospitium,
2882 4052 2949 4110 et
2995 4039 3118 4110 tei·

568 4150 774 4220 psum
830 4149 1105 4199 mensae
1152 4152 1493 4222 appones,
1563 4151 1680 4201 eos
1729 4142 1997 4221 praeter
2054 4129 2453 4222 opinionem
2503 4128 2860 4199 inveniens
2907 4128 3122 4198 latro—

570 4239 717 4298 nes,
763 4218 885 4305 qui
938 4218 1237 4310 hospitio
1284 4241 1327 4289 a
1374 4233 1437 4290 te
1490 4218 1772 4289 fuerunt
1825 4219 2113 4320 accepti.
2171 4219 2350 4302 Quid
2407 4216 2697 4301 faciens,
2757 4217 2856 4287 sic
2901 4216 3119 4287 mole-

569 4306 701 4377 stia
747 4306 1034 4377 affecisti
1072 4329 1189 4379 eos
1233 4306 1357 4394 qui
1403 4319 1467 4378 te
1505 4319 1670 4378 sunt
1717 4308 2050 4378 occisuri?
2087 4307 2209 4378 Abi
2254 4329 2440 4398 ergo,
2478 4318 2759 4398 accepta
2802 4305 3122 4377 mercede

567 4394 897 4487 hospitii,
951 4417 1200 4488 nempe
1260 4395 1501 4467 mortis
1548 4394 1980 4470 remissione.
2034 4402 2180 4468 Non
2225 4396 2655 4469 sustinemus
2707 4416 2943 4467 ensem
2993 4394 3122 4467 tibi
