3327 4999
217 393 324 458 EX
374 392 593 459 SEPT.
649 392 688 456 3
1069 411 1148 459 na
1197 411 1253 458 s.
1306 410 1593 460 nemeto
1640 411 1939 461 Er1scoro
2549 396 2678 462 643

217 495 951 566 subministrabantur.
981 501 1150 565 Pace
1180 509 1407 566 autem
1445 496 1737 578 reddita,
1763 497 1909 586 jam
1948 496 2121 566 nibil
2166 498 2437 580 morati,
2471 498 2760 569 domum

217 584 856 654 contendebamus:
900 595 965 653 et
1029 606 1184 653 ecce
1236 584 1572 673 perfertur
1619 586 1708 654 ad
1771 609 1896 655 uos
1946 586 2386 656 tristissimus
2436 588 2764 668 nunciuS,

219 683 436 743 totum
488 673 981 743 monasterium
1033 685 1344 743 nostrum
1395 674 1760 745 voracibus
1807 675 2112 747 flammis
2160 676 2637 766 absumptum.
2674 681 2768 745 Ea

218 782 327 831 res
377 784 501 832 nos
550 761 746 831 valde
792 762 1277 832 consternavit:
1335 763 1609 832 tandem
1663 764 1882 833 visum
1933 776 2036 832 est
2093 764 2285 833 adire
2333 764 2764 864 praediolum

220 850 522 930 Caicum,
561 850 744 939 quod
799 872 972 942 pene
1015 851 1237 920 solum
1292 852 1360 920 in
1404 874 1481 921 ea
1543 853 1919 922 vastatione
1969 853 2169 923 nobis
2224 853 2541 924 relictum
2598 866 2767 924 erat.

220 938 346 1008 Sed
417 938 558 1008 illic
619 952 804 1010 tanta
865 940 1312 1030 grassabatur
1369 940 1519 1010 lues
1554 995 1569 1022 ,
1624 953 1701 1010 ut
1765 941 2143 1011 humandis
2204 942 2313 1010 vix
2360 941 2768 1033 superstites

221 1027 616 1099 sufficerent
662 1028 1153 1110 cadaveribuS,
1198 1040 1264 1099 et
1309 1029 1493 1116 quod
1543 1029 1735 1099 dictu
1781 1052 2055 1117 quoque
2116 1030 2396 1100 foedum
2443 1042 2567 1112 est,
2625 1030 2767 1121 ple·

223 1138 516 1204 rumque
548 1116 688 1187 duo
738 1116 837 1186 vel
890 1130 1024 1188 tres
1057 1117 1129 1186 in
1164 1140 1306 1187 uno
1341 1118 1657 1207 sepulcro
1689 1117 2171 1188 conderentur.
2209 1123 2302 1189 Ea
2338 1141 2446 1189 res
2478 1119 2772 1190 fratrum

221 1206 493 1275 animos
540 1206 613 1274 in
654 1205 925 1277 diversa
963 1207 1214 1297 rapuit,
1262 1205 1419 1275 aliis
1470 1205 1863 1276 dicentibus
1901 1207 2184 1277 exilium
2234 1219 2374 1277 tam
2424 1209 2770 1299 praesenti

221 1292 424 1363 exitio
473 1293 992 1364 anteferendum
1034 1318 1047 1361 :
1102 1294 1258 1365 aliis
1305 1306 1546 1364 contra
1592 1296 2098 1377 asserentibu5‚
2152 1296 2425 1366 nullum
2477 1309 2765 1367 mortem

222 1404 616 1462 evasurum,
669 1383 789 1470 qui
838 1406 916 1452 ea
967 1394 1150 1473 peste
1190 1405 1270 1452 ex
1323 1384 1436 1452 Dei
1477 1383 1822 1453 voluntate
1856 1385 1944 1453 sit
2025 1384 2350 1454 eriturus:
2405 1384 2768 1455 fidendum

222 1472 459 1541 virtuti
507 1472 685 1542 beati
735 1472 1190 1553 confessoris,
1244 1483 1309 1541 et
1379 1472 1858 1542 incunctanter
1916 1495 1958 1541 a
2064 1472 2300 1557 locum,
2344 1473 2768 1545 destinatum

222 1561 558 1631 eundum:
596 1582 894 1647 quorum
937 1560 1274 1630 sententia
1321 1560 1618 1631 obtinuit
1681 1561 1994 1648 itumque
2041 1573 2142 1632 est
2173 1575 2237 1631 et
2262 1562 2454 1632 brevi
2487 1584 2771 1653 perven-

223 1661 371 1719 tum
422 1648 510 1719 ad
609 1648 1017 1719 raediolum.
1064 1650 1230 1718 Mira
1269 1648 1584 1720 dicturus
1632 1672 1814 1730 sum,
1851 1650 1970 1720 sed
2011 1650 2216 1721 fidem
2253 1650 2599 1733 adhibeat,
2637 1651 2761 1738 qui

223 1738 438 1808 credit
486 1738 558 1807 ni
616 1737 660 1806 il
713 1737 1138 1828 impossibile
1188 1742 1343 1807 Deo.
1417 1738 1510 1806 Ad
1572 1739 1931 1809 introitum
1980 1751 2292 1811 nostrum
2356 1740 2585 1810 omnis
2649 1740 2768 1809 illa

271 1828 456 1909 estis,
496 1827 716 1896 sancti
746 1827 1053 1896 Remacli
1103 1826 1364 1896 meritis
1398 1826 1569 1895 adeo
1600 1828 1896 1897 extincta
1925 1838 2048 1909 est,
2085 1839 2160 1898 ut
2191 1828 2312 1915 qui
2343 1832 2425 1898 ea
2454 1827 2771 1898 nondum

250 1917 673 1997 aborassent,
730 1914 902 1984 nihil
943 1918 1031 1985 ab
1078 1936 1158 1984 ea
1209 1915 1372 1984 mali
1423 1927 1839 2006 paterentur:
1893 1939 1972 1986 ex
2012 1917 2097 1987 iis
2130 1930 2386 1998 autem,
2440 1917 2563 2004 qui
2611 1939 2767 1987 cor-

225 2004 398 2094 repti
445 2008 525 2073 ea
572 2015 789 2089 erant,
846 2003 1170 2094 permulti
1219 2016 1651 2086 sanarentur,
1707 2026 1865 2075 curn
1901 2005 2236 2075 hactenus
2269 2005 2589 2094 quisquis
2618 2027 2771 2075 eam

226 2093 574 2174 sensisset,
628 2105 883 2163 certam
933 2091 1064 2162 sibi
1115 2106 1400 2162 mortem
1454 2092 1852 2182 impendere
1901 2115 2035 2164 non
2085 2094 2453 2165 dubitaret.

313 2184 350 2268 ξ
408 2186 556 2254 18.
611 2186 689 2251 In
739 2181 977 2252 eodem
1028 2181 1176 2251 loco
1205 2193 1349 2251 erat
1378 2181 1609 2273 puella
1658 2182 2060 2272 paralytica,
2108 2204 2318 2270 quam
2354 2184 2441 2254 ab
2491 2182 2774 2252 ineunte

226 2282 442 2340 aetate
490 2271 773 2341 morbus
830 2269 1000 2341 lecto
1066 2282 1395 2361 perpetuo
1442 2269 1769 2341 affixerat.
1838 2276 1930 2339 Ea
1977 2270 2170 2340 nullo
2241 2294 2524 2362 prorsus
2585 2271 2766 2352 cibo,

228 2359 364 2430 nisi
417 2358 587 2429 lacte
634 2358 991 2429 dumtaxat
1037 2372 1101 2428 et
1147 2359 1386 2449 paucis
1436 2358 1778 2430 fructibus
1808 2359 2150 2441 utebatur,
2193 2359 2409 2430 solius
2458 2382 2678 2448 aquae
2710 2371 2775 2430 et

98 2455 115 2472 ⁹
229 2447 454 2548 dulcis
505 2447 825 2539 potionis,
862 2469 1071 2536 quam
1124 2448 1363 2519 rustici
1412 2448 1753 2520 bracisam
1808 2460 2071 2530 vocant,
2126 2459 2191 2518 et
2226 2449 2293 2518 in
2395 2449 2593 2520 rimis
2619 2448 2771 2518 vin-

229 2537 478 2607 demiis
511 2537 798 2607 recentis
851 2537 1059 2609 musti
1156 2548 1275 2607 otu
1321 2548 1661 2607 contenta.
1714 2544 1868 2608 ‚Iam
1920 2538 2162 2627 viginti
2209 2551 2274 2606 et
2371 2540 2596 2610 uobus
2625 2538 2768 2607 fere

228 2626 432 2696 annis
466 2625 560 2695 ita
607 2625 964 2695 victitarat.
1003 2632 1099 2696 No
1154 2627 1211 2694 is
1238 2648 1391 2695 vero
1424 2625 1583 2696 inde
1633 2626 2110 2696 recedentibus
2143 2627 2228 2695 ad
2264 2627 2762 2700 monasterium

229 2726 565 2797 nostrum,
613 2714 816 2784 cu'us
836 2714 982 2805 jam
1014 2716 1353 2802 quaedam
1406 2727 1576 2785 tecta
1623 2738 1663 2784 a
1715 2715 1913 2785 nobis
1960 2714 2343 2786 instaurata
2389 2728 2607 2797 erant,
2646 2714 2769 2783 illa

229 2804 484 2875 mansit
533 2737 951 2894 paralytica:
1005 2803 1124 2872 sed
1175 2805 1381 2895 paulo
1432 2814 1582 2894 post
1633 2816 1950 2874 monetur
2009 2802 2299 2891 quidam
2352 2826 2471 2894 per
2510 2805 2763 2884 visum,

224 2907 301 2964 ut
349 2893 534 2963 dicat
582 2892 783 2962 matri
835 2891 1125 2982 puellae,
1180 2905 1255 2962 ut
1300 2915 1452 2962 eam
1503 2894 1676 2963 bene
1708 2892 1912 2962 lotam
1962 2904 2274 2982 apportet
2299 2893 2384 2962 ad
2413 2892 2774 2963 tumulum

230 2987 294 3053 S.
351 2981 679 3051 Remacli.
716 2981 840 3051 Ille
888 3003 959 3050 se
990 2981 1279 3051 illusum
1308 2993 1582 3082 putans,
1624 2980 1910 3072 negligit
1929 2981 2151 3071 jussa.
2199 2987 2456 3052 Iterum
2487 2982 2776 3052 iterum-

228 3093 363 3158 que
402 3070 823 3150 admonitus,
881 3070 1155 3139 tandem
1206 3069 1388 3151 faclt,
1433 3083 1508 3140 ut
1553 3082 1700 3140 erat
1748 3071 2004 3159 jussus.
2051 3076 2262 3140 Mater
2296 3092 2451 3140 vero
2501 3067 2774 3161 puellae

228 3182 388 3229 eum
424 3158 841 3230 confinxisse
889 3157 1055 3227 haec
1094 3157 1517 3241 existimanS‚
1572 3143 1750 3228 nihil
1800 3181 1871 3228 se
1903 3173 2146 3229 movet.
2200 3159 2502 3229 Tandem
2546 3156 2779 3260 puella

229 3248 385 3338 ipsa
433 3269 555 3337 per
599 3247 824 3318 visum
866 3245 1155 3337 jubetur
1199 3246 1392 3318 ocius
1442 3258 1668 3337 petere
1721 3247 2096 3318 oratorium
2149 3252 2214 3318 S.
2274 3247 2604 3318 Remacli.
2652 3244 2779 3316 Illa

231 3358 391 3404 mox
440 3334 657 3405 multo
703 3335 1003 3405 clamore
1054 3346 1339 3405 matrem
1388 3337 1654 3417 excitat,
1709 3335 2019 3423 dumque
2045 3337 2198 3426 ejus
2230 3340 2440 3427 opera
2487 3347 2781 3407 conatur

231 3447 270 3494 e
320 3424 493 3493 lecto
540 3445 843 3514 surgere,
899 3423 1057 3493 ilico
1106 3446 1346 3493 sanam
1398 3445 1470 3493 se
1502 3425 1860 3514 comperit,
1913 3425 2199 3512 suisque
2249 3425 2782 3515 pedibusintrat

233 3512 593 3583 ecclesiam
621 3566 641 3592 ,
707 3511 962 3602 gratias
1010 3524 1269 3581 actura.
1345 3518 1553 3581 Mater
1599 3525 1828 3582 autem
1879 3513 2189 3583 accensis
2236 3514 2498 3592 cereiS,
2573 3513 2773 3604 signa

237 3601 490 3692 pulsat,
536 3600 729 3691 plebs
755 3600 1125 3681 concurrit,
1160 3601 1404 3700 ingens
1433 3622 1674 3670 omnes
1713 3612 2006 3690 occupat
2035 3612 2278 3690 stupor
2313 3613 2379 3670 et
2415 3599 2778 3690 gaudium,

236 3696 412 3761 Deus
463 3689 787 3760 laudatur
831 3701 897 3760 et
943 3688 1377 3758 benedicitur
1422 3689 1508 3759 ab
1555 3688 1906 3759 omuibus.
1962 3688 2215 3757 Eodem
2246 3689 2357 3758 die
2408 3688 2642 3779 puella
2687 3689 2785 3759 ci-

236 3791 339 3850 tra
374 3778 586 3849 ullam
642 3798 969 3847 nauseam
1068 3799 1295 3858 anem,
1352 3798 1619 3859 carneS,
1674 3778 1911 3846 vinum
1962 3788 2028 3846 et
2069 3776 2400 3864 quicquid
2450 3777 2516 3847 ei
2565 3798 2785 3869 appo-

234 3869 444 3939 situm
488 3879 687 3947 esset,
741 3867 883 3936 edit
910 3878 976 3935 et
1021 3800 1216 3947 bibit,
1253 3877 1319 3937 et
1348 3866 1495 3936 suis
1545 3865 1863 3956 pedibus,
1905 3865 2062 3935 licet
2103 3866 2471 3957 paululum
2498 3877 2786 3937 nutante

234 3978 504 4048 gressu,
558 3955 962 4027 ambulabat
1008 3976 1451 4042 quocumque
1500 3954 1722 4024 vellet.

323 4049 358 4133 ξ
422 4050 566 4118 14.
623 4050 748 4114 Per
794 4043 976 4114 idem
1034 4059 1305 4134 tempus
1352 4067 1393 4113 a
1441 4044 1954 4133 Capraemontis
2014 4043 2318 4126 castello,
2361 4066 2500 4132 quo
2542 4065 2664 4115 nos
2715 4055 2791 4114 ut

234 4133 745 4215 conferren1u8‚
814 4133 1304 4204 Nortmannica
1359 4133 1584 4204 rabies
1636 4132 2087 4222 compulerat,
2149 4132 2236 4202 ad
2288 4132 2786 4204 monasterium

292 4233 521 4313 ropter
568 4222 1050 4293 imminentem
1102 4221 1372 4312 patroni
1412 4221 1628 4292 nostri
1661 4220 2161 4291 solemnitatem
2196 4221 2419 4292 redire
2467 4242 2791 4312 propera-

239 4247 513 4383 bamus.
570 4310 699 4381 Ubi
749 4310 1114 4402 paululum
1173 4324 1359 4381 extra
1416 4332 1671 4401 pagum
1726 4309 2241 4380 Solomanniam
2294 4310 2785 4401 processimu5‚

239 4401 463 4471 multa
509 4421 635 4468 nos
684 4400 1046 4471 hominum
1098 4400 1302 4471 turba
1350 4410 1828 4491 prosequente,
1881 4400 2061 4469 cerei
2108 4400 2228 4486 qui
2277 4412 2433 4469 ante
2482 4396 2789 4467 loculum

239 4509 378 4579 quo
437 4489 621 4560 beati
670 4489 976 4562 Remacli
1024 4511 1279 4580 corpus
1343 4489 1851 4569 asservabatur,
1908 4487 2326 4568 ferebantur,
2382 4486 2589 4577 paulo
2637 4497 2796 4558 ante
