<?xml version="1.0" encoding="UTF-8"?>
<!DOCTYPE html PUBLIC "-//W3C//DTD XHTML 1.0 Transitional//EN"
    "http://www.w3.org/TR/xhtml1/DTD/xhtml1-transitional.dtd">
<html xmlns="http://www.w3.org/1999/xhtml" xml:lang="en" lang="en">
 <head>
  <title>
</title>
<meta http-equiv="Content-Type" content="text/html;charset=utf-8" />
  <meta name='ocr-system' content='tesseract 3.04.00' />
  <meta name='ocr-capabilities' content='ocr_page ocr_carea ocr_par ocr_line ocrx_word'/>
</head>
<body>
  <div class='ocr_page' id='page_1' title='image "./historiaeseuvit04lippgoog_0525.png"; bbox 0 0 3327 4999; ppageno 0'>
   <div class='ocr_carea' id='block_1_1' title="bbox 223 326 2667 402">
    <p class='ocr_par' dir='ltr' id='par_1_1' title="bbox 223 326 2667 402">
     <span class='ocr_line' id='line_1_1' title="bbox 223 326 2667 402; baseline 0.005 -13"><span class='ocrx_word' id='word_1_1' title='bbox 223 326 467 393; x_wconf 79' lang='lat' dir='ltr'>MART.</span> <span class='ocrx_word' id='word_1_2' title='bbox 519 326 605 391; x_wconf 76' lang='lat'>26</span> <span class='ocrx_word' id='word_1_3' title='bbox 1103 347 1181 394; x_wconf 73' lang='lat' dir='ltr'>nn</span> <span class='ocrx_word' id='word_1_4' title='bbox 1230 347 1286 394; x_wconf 91' lang='lat' dir='ltr'>s.</span> <span class='ocrx_word' id='word_1_5' title='bbox 1339 344 1626 395; x_wconf 69' lang='lat' dir='ltr'>runcano</span> <span class='ocrx_word' id='word_1_6' title='bbox 1675 346 1874 396; x_wconf 75' lang='lat' dir='ltr'>srisc.</span> <span class='ocrx_word' id='word_1_7' title='bbox 2549 337 2667 402; x_wconf 68' lang='lat'>5⁴⁴</span> 
     </span>
    </p>
   </div>
   <div class='ocr_carea' id='block_1_2' title="bbox 193 423 2768 4326">
    <p class='ocr_par' dir='ltr' id='par_1_2' title="bbox 217 423 2768 956">
     <span class='ocr_line' id='line_1_2' title="bbox 223 423 2768 520; baseline 0.006 -29"><span class='ocrx_word' id='word_1_8' title='bbox 223 423 429 493; x_wconf 88' lang='lat' dir='ltr'>frater</span> <span class='ocrx_word' id='word_1_9' title='bbox 476 424 713 505; x_wconf 81' lang='lat' dir='ltr'>habeS,</span> <span class='ocrx_word' id='word_1_10' title='bbox 758 424 923 512; x_wconf 91' lang='lat' dir='ltr'>quid</span> <span class='ocrx_word' id='word_1_11' title='bbox 975 437 1098 506; x_wconf 90' lang='lat' dir='ltr'>est,</span> <span class='ocrx_word' id='word_1_12' title='bbox 1166 425 1348 513; x_wconf 91' lang='lat' dir='ltr'>quod</span> <span class='ocrx_word' id='word_1_13' title='bbox 1399 428 1713 517; x_wconf 72' lang='lat' dir='ltr'>expetis?</span> <span class='ocrx_word' id='word_1_14' title='bbox 1748 450 1784 494; x_wconf 84' lang='lat'>»</span> <span class='ocrx_word' id='word_1_15' title='bbox 1836 427 1956 497; x_wconf 91' lang='lat' dir='ltr'>Ille</span> <span class='ocrx_word' id='word_1_16' title='bbox 2003 432 2400 520; x_wconf 90' lang='lat' dir='ltr'>respondit:</span> <span class='ocrx_word' id='word_1_17' title='bbox 2461 441 2642 505; x_wconf 76' lang='lat' dir='ltr'>«Fac</span> <span class='ocrx_word' id='word_1_18' title='bbox 2689 446 2768 506; x_wconf 92' lang='lat' dir='ltr'>ut</span> 
     </span>
     <span class='ocr_line' id='line_1_3' title="bbox 219 512 2767 611; baseline 0.006 -32"><span class='ocrx_word' id='word_1_19' title='bbox 219 512 514 594; x_wconf 89' lang='lat' dir='ltr'>videam,</span> <span class='ocrx_word' id='word_1_20' title='bbox 569 512 954 583; x_wconf 81' lang='lat' dir='ltr'>obsecrate</span> <span class='ocrx_word' id='word_1_21' title='bbox 1003 522 1216 603; x_wconf 85' lang='lat' dir='ltr'>pater,</span> <span class='ocrx_word' id='word_1_22' title='bbox 1285 537 1404 605; x_wconf 91' lang='lat' dir='ltr'>per</span> <span class='ocrx_word' id='word_1_23' title='bbox 1461 537 1768 586; x_wconf 86' lang='lat' dir='ltr'>amorem</span> <span class='ocrx_word' id='word_1_24' title='bbox 1828 518 1966 585; x_wconf 90' lang='lat' dir='ltr'>Dei.</span> <span class='ocrx_word' id='word_1_25' title='bbox 1998 541 2141 584; x_wconf 84' lang='lat'>»-</span> <span class='ocrx_word' id='word_1_26' title='bbox 2175 522 2502 604; x_wconf 85' lang='lat' dir='ltr'>«Videas,</span> <span class='ocrx_word' id='word_1_27' title='bbox 2541 524 2767 611; x_wconf 88' lang='lat' dir='ltr'>inquit</span> 
     </span>
     <span class='ocr_line' id='line_1_4' title="bbox 219 601 2759 691; baseline 0.005 -22"><span class='ocrx_word' id='word_1_28' title='bbox 219 601 601 690; x_wconf 76' lang='lat' dir='ltr'>Ludgeru5‚</span> <span class='ocrx_word' id='word_1_29' title='bbox 639 623 759 691; x_wconf 88' lang='lat' dir='ltr'>per</span> <span class='ocrx_word' id='word_1_30' title='bbox 796 624 1099 671; x_wconf 89' lang='lat' dir='ltr'>amorem</span> <span class='ocrx_word' id='word_1_31' title='bbox 1153 603 1292 672; x_wconf 86' lang='lat' dir='ltr'>Dei.</span> <span class='ocrx_word' id='word_1_32' title='bbox 1333 629 1352 665; x_wconf 70' lang='lat' dir='ltr'>n</span> <span class='ocrx_word' id='word_1_33' title='bbox 1395 609 1493 684; x_wconf 89' lang='lat' dir='ltr'>Et,</span> <span class='ocrx_word' id='word_1_34' title='bbox 1531 604 1785 673; x_wconf 90' lang='lat' dir='ltr'>mirum</span> <span class='ocrx_word' id='word_1_35' title='bbox 1825 605 1889 672; x_wconf 92' lang='lat' dir='ltr'>in</span> <span class='ocrx_word' id='word_1_36' title='bbox 1923 607 2232 689; x_wconf 88' lang='lat' dir='ltr'>modum,</span> <span class='ocrx_word' id='word_1_37' title='bbox 2271 632 2428 680; x_wconf 90' lang='lat' dir='ltr'>cum</span> <span class='ocrx_word' id='word_1_38' title='bbox 2467 612 2595 683; x_wconf 91' lang='lat' dir='ltr'>hoc</span> <span class='ocrx_word' id='word_1_39' title='bbox 2625 636 2759 682; x_wconf 90' lang='lat' dir='ltr'>non</span> 
     </span>
     <span class='ocr_line' id='line_1_5' title="bbox 217 689 2760 783; baseline 0.006 -27"><span class='ocrx_word' id='word_1_40' title='bbox 217 689 623 779; x_wconf 89' lang='lat' dir='ltr'>imperando</span> <span class='ocrx_word' id='word_1_41' title='bbox 672 691 941 771; x_wconf 78' lang='lat' dir='ltr'><strong>dixerit,</strong></span> <span class='ocrx_word' id='word_1_42' title='bbox 1000 692 1117 759; x_wconf 88' lang='lat' dir='ltr'>sed</span> <span class='ocrx_word' id='word_1_43' title='bbox 1169 702 1437 762; x_wconf 90' lang='lat' dir='ltr'>tantum</span> <span class='ocrx_word' id='word_1_44' title='bbox 1482 693 1772 762; x_wconf 81' lang='lat' dir='ltr'><strong>miratus</strong></span> <span class='ocrx_word' id='word_1_45' title='bbox 1805 694 2224 783; x_wconf 79' lang='lat' dir='ltr'>petitionem,</span> <span class='ocrx_word' id='word_1_46' title='bbox 2264 699 2521 770; x_wconf 82' lang='lat' dir='ltr'>similia</span> <span class='ocrx_word' id='word_1_47' title='bbox 2556 702 2760 771; x_wconf 88' lang='lat' dir='ltr'>verba</span> 
     </span>
     <span class='ocr_line' id='line_1_6' title="bbox 219 778 2750 871; baseline 0.006 -25"><span class='ocrx_word' id='word_1_48' title='bbox 219 778 687 867; x_wconf 79' lang='lat' dir='ltr'>responderit,</span> <span class='ocrx_word' id='word_1_49' title='bbox 746 779 974 848; x_wconf 89' lang='lat' dir='ltr'>statim</span> <span class='ocrx_word' id='word_1_50' title='bbox 1026 779 1142 848; x_wconf 90' lang='lat' dir='ltr'>ille</span> <span class='ocrx_word' id='word_1_51' title='bbox 1198 780 1406 862; x_wconf 91' lang='lat' dir='ltr'>vidit,</span> <span class='ocrx_word' id='word_1_52' title='bbox 1472 782 1857 871; x_wconf 87' lang='lat' dir='ltr'>jussusque</span> <span class='ocrx_word' id='word_1_53' title='bbox 1904 784 2228 855; x_wconf 77' lang='lat' dir='ltr'>accedere</span> <span class='ocrx_word' id='word_1_54' title='bbox 2276 788 2361 856; x_wconf 92' lang='lat' dir='ltr'>ad</span> <span class='ocrx_word' id='word_1_55' title='bbox 2413 810 2750 871; x_wconf 87' lang='lat' dir='ltr'>mensam,</span> 
     </span>
     <span class='ocr_line' id='line_1_7' title="bbox 218 865 2092 956; baseline 0.003 -21"><span class='ocrx_word' id='word_1_56' title='bbox 218 865 458 935; x_wconf 86' lang='lat' dir='ltr'>laetior</span> <span class='ocrx_word' id='word_1_57' title='bbox 503 866 801 935; x_wconf 78' lang='lat' dir='ltr'>comedit</span> <span class='ocrx_word' id='word_1_58' title='bbox 846 880 911 936; x_wconf 89' lang='lat' dir='ltr'>et</span> <span class='ocrx_word' id='word_1_59' title='bbox 958 867 1152 949; x_wconf 89' lang='lat' dir='ltr'>bibit,</span> <span class='ocrx_word' id='word_1_60' title='bbox 1197 868 1502 956; x_wconf 88' lang='lat' dir='ltr'>abiitque</span> <span class='ocrx_word' id='word_1_61' title='bbox 1550 870 1619 938; x_wconf 92' lang='lat' dir='ltr'>in</span> <span class='ocrx_word' id='word_1_62' title='bbox 1655 870 1832 938; x_wconf 84' lang='lat' dir='ltr'>viam</span> <span class='ocrx_word' id='word_1_63' title='bbox 1871 893 2092 940; x_wconf 88' lang='lat' dir='ltr'>suam.</span> 
     </span>
    </p>

    <p class='ocr_par' dir='ltr' id='par_1_3' title="bbox 211 956 2765 2459">
     <span class='ocr_line' id='line_1_8' title="bbox 306 956 2765 1047; baseline 0.005 -23"><span class='ocrx_word' id='word_1_64' title='bbox 306 957 343 1041; x_wconf 65' lang='grc' dir='ltr'>ξ</span> <span class='ocrx_word' id='word_1_65' title='bbox 407 959 562 1026; x_wconf 64' lang='grc'>935.</span> <span class='ocrx_word' id='word_1_66' title='bbox 616 960 821 1024; x_wconf 90' lang='lat' dir='ltr'>Porro</span> <span class='ocrx_word' id='word_1_67' title='bbox 866 956 1031 1042; x_wconf 90' lang='lat' dir='ltr'>quia</span> <span class='ocrx_word' id='word_1_68' title='bbox 1065 957 1135 1024; x_wconf 92' lang='lat' dir='ltr'>in</span> <span class='ocrx_word' id='word_1_69' title='bbox 1167 958 1641 1047; x_wconf 87' lang='lat' dir='ltr'>superioribus</span> <span class='ocrx_word' id='word_1_70' title='bbox 1674 970 2066 1029; x_wconf 88' lang='lat' dir='ltr'>sanctorum</span> <span class='ocrx_word' id='word_1_71' title='bbox 2101 960 2486 1034; x_wconf 82' lang='lat' dir='ltr'>officiorum</span> <span class='ocrx_word' id='word_1_72' title='bbox 2520 966 2765 1037; x_wconf 83' lang='lat' dir='ltr'>incidit</span> 
     </span>
     <span class='ocr_line' id='line_1_9' title="bbox 220 1044 2764 1143; baseline 0.006 -33"><span class='ocrx_word' id='word_1_73' title='bbox 220 1044 500 1124; x_wconf 84' lang='lat' dir='ltr'>mentiO,</span> <span class='ocrx_word' id='word_1_74' title='bbox 558 1045 1132 1132; x_wconf 87' lang='lat' dir='ltr'>praetereundum</span> <span class='ocrx_word' id='word_1_75' title='bbox 1185 1067 1318 1114; x_wconf 92' lang='lat' dir='ltr'>non</span> <span class='ocrx_word' id='word_1_76' title='bbox 1371 1046 1658 1115; x_wconf 90' lang='lat' dir='ltr'>aestimo</span> <span class='ocrx_word' id='word_1_77' title='bbox 1720 1059 1785 1115; x_wconf 91' lang='lat' dir='ltr'>et</span> <span class='ocrx_word' id='word_1_78' title='bbox 1840 1046 1903 1114; x_wconf 90' lang='lat' dir='ltr'>id</span> <span class='ocrx_word' id='word_1_79' title='bbox 1959 1050 2137 1134; x_wconf 88' lang='lat' dir='ltr'>quod</span> <span class='ocrx_word' id='word_1_80' title='bbox 2208 1067 2530 1123; x_wconf 88' lang='lat' dir='ltr'>narrant:</span> <span class='ocrx_word' id='word_1_81' title='bbox 2599 1057 2764 1143; x_wconf 88' lang='lat' dir='ltr'>quia</span> 
     </span>
     <span class='ocr_line' id='line_1_10' title="bbox 220 1130 2764 1222; baseline 0.006 -24"><span class='ocrx_word' id='word_1_82' title='bbox 220 1130 387 1200; x_wconf 89' lang='lat' dir='ltr'>dum</span> <span class='ocrx_word' id='word_1_83' title='bbox 420 1131 507 1200; x_wconf 89' lang='lat' dir='ltr'>ad</span> <span class='ocrx_word' id='word_1_84' title='bbox 556 1154 734 1222; x_wconf 90' lang='lat' dir='ltr'>opus</span> <span class='ocrx_word' id='word_1_85' title='bbox 783 1132 1214 1202; x_wconf 89' lang='lat' dir='ltr'>Dominicum</span> <span class='ocrx_word' id='word_1_86' title='bbox 1269 1134 1370 1202; x_wconf 87' lang='lat' dir='ltr'>vir</span> <span class='ocrx_word' id='word_1_87' title='bbox 1418 1135 1533 1203; x_wconf 90' lang='lat' dir='ltr'>Dei</span> <span class='ocrx_word' id='word_1_88' title='bbox 1582 1146 1810 1211; x_wconf 88' lang='lat' dir='ltr'>staret,</span> <span class='ocrx_word' id='word_1_89' title='bbox 1850 1135 2288 1208; x_wconf 84' lang='lat' dir='ltr'>ineffabiliter</span> <span class='ocrx_word' id='word_1_90' title='bbox 2320 1141 2634 1213; x_wconf 76' lang='lat' dir='ltr'>timorata</span> <span class='ocrx_word' id='word_1_91' title='bbox 2660 1144 2764 1213; x_wconf 89' lang='lat' dir='ltr'>in-</span> 
     </span>
     <span class='ocr_line' id='line_1_11' title="bbox 218 1220 2760 1309; baseline 0.006 -22"><span class='ocrx_word' id='word_1_92' title='bbox 218 1220 517 1288; x_wconf 81' lang='lat' dir='ltr'>tentione</span> <span class='ocrx_word' id='word_1_93' title='bbox 565 1220 834 1307; x_wconf 80' lang='lat' dir='ltr'>fixaque</span> <span class='ocrx_word' id='word_1_94' title='bbox 893 1232 1118 1289; x_wconf 91' lang='lat' dir='ltr'>mente</span> <span class='ocrx_word' id='word_1_95' title='bbox 1182 1224 1533 1292; x_wconf 81' lang='lat' dir='ltr'>manserit.</span> <span class='ocrx_word' id='word_1_96' title='bbox 1588 1223 1971 1309; x_wconf 80' lang='lat' dir='ltr'>Aliquando</span> <span class='ocrx_word' id='word_1_97' title='bbox 2020 1225 2185 1295; x_wconf 90' lang='lat' dir='ltr'>dum</span> <span class='ocrx_word' id='word_1_98' title='bbox 2238 1228 2307 1296; x_wconf 90' lang='lat' dir='ltr'>in</span> <span class='ocrx_word' id='word_1_99' title='bbox 2363 1230 2605 1301; x_wconf 88' lang='lat' dir='ltr'>itinere</span> <span class='ocrx_word' id='word_1_100' title='bbox 2652 1255 2760 1304; x_wconf 86' lang='lat' dir='ltr'>es-</span> 
     </span>
     <span class='ocr_line' id='line_1_12' title="bbox 218 1307 2763 1392; baseline 0.007 -17"><span class='ocrx_word' id='word_1_101' title='bbox 218 1319 343 1388; x_wconf 87' lang='lat' dir='ltr'>set,</span> <span class='ocrx_word' id='word_1_102' title='bbox 398 1307 613 1377; x_wconf 89' lang='lat' dir='ltr'>lectus</span> <span class='ocrx_word' id='word_1_103' title='bbox 643 1308 744 1376; x_wconf 92' lang='lat' dir='ltr'>illi</span> <span class='ocrx_word' id='word_1_104' title='bbox 794 1308 876 1377; x_wconf 93' lang='lat' dir='ltr'>ad</span> <span class='ocrx_word' id='word_1_105' title='bbox 916 1309 1219 1379; x_wconf 90' lang='lat' dir='ltr'>vicinum</span> <span class='ocrx_word' id='word_1_106' title='bbox 1270 1310 1499 1379; x_wconf 86' lang='lat' dir='ltr'>focum</span> <span class='ocrx_word' id='word_1_107' title='bbox 1549 1314 2099 1384; x_wconf 82' lang='lat' dir='ltr'>construebatur.</span> <span class='ocrx_word' id='word_1_108' title='bbox 2136 1316 2326 1385; x_wconf 88' lang='lat' dir='ltr'>Unde</span> <span class='ocrx_word' id='word_1_109' title='bbox 2356 1317 2521 1388; x_wconf 92' lang='lat' dir='ltr'>dum</span> <span class='ocrx_word' id='word_1_110' title='bbox 2556 1332 2763 1392; x_wconf 89' lang='lat' dir='ltr'>noctu</span> 
     </span>
     <span class='ocr_line' id='line_1_13' title="bbox 216 1396 2764 1490; baseline 0.005 -25"><span class='ocrx_word' id='word_1_111' title='bbox 216 1409 407 1465; x_wconf 89' lang='lat' dir='ltr'>stans</span> <span class='ocrx_word' id='word_1_112' title='bbox 444 1398 642 1485; x_wconf 85' lang='lat' dir='ltr'>juxta</span> <span class='ocrx_word' id='word_1_113' title='bbox 689 1396 967 1477; x_wconf 81' lang='lat' dir='ltr'>lectum,</span> <span class='ocrx_word' id='word_1_114' title='bbox 1027 1398 1465 1467; x_wconf 83' lang='lat' dir='ltr'>matutinales</span> <span class='ocrx_word' id='word_1_115' title='bbox 1516 1399 1757 1469; x_wconf 91' lang='lat' dir='ltr'>laudes</span> <span class='ocrx_word' id='word_1_116' title='bbox 1804 1423 1963 1469; x_wconf 90' lang='lat' dir='ltr'>cum</span> <span class='ocrx_word' id='word_1_117' title='bbox 2015 1401 2284 1474; x_wconf 89' lang='lat' dir='ltr'>clericis</span> <span class='ocrx_word' id='word_1_118' title='bbox 2330 1423 2626 1490; x_wconf 88' lang='lat' dir='ltr'>caneret,</span> <span class='ocrx_word' id='word_1_119' title='bbox 2670 1422 2764 1479; x_wconf 87' lang='lat' dir='ltr'>te·-</span> 
     </span>
     <span class='ocr_line' id='line_1_14' title="bbox 215 1484 2763 1578; baseline 0.005 -25"><span class='ocrx_word' id='word_1_120' title='bbox 215 1484 344 1556; x_wconf 91' lang='lat' dir='ltr'>ctis</span> <span class='ocrx_word' id='word_1_121' title='bbox 391 1486 620 1554; x_wconf 88' lang='lat' dir='ltr'>cinere</span> <span class='ocrx_word' id='word_1_122' title='bbox 672 1485 938 1574; x_wconf 88' lang='lat' dir='ltr'>prunis,</span> <span class='ocrx_word' id='word_1_123' title='bbox 995 1484 1230 1555; x_wconf 85' lang='lat' dir='ltr'>fumus</span> <span class='ocrx_word' id='word_1_124' title='bbox 1262 1509 1640 1578; x_wconf 84' lang='lat' dir='ltr'>evaporans</span> <span class='ocrx_word' id='word_1_125' title='bbox 1690 1489 1759 1556; x_wconf 93' lang='lat' dir='ltr'>in</span> <span class='ocrx_word' id='word_1_126' title='bbox 1796 1487 2037 1557; x_wconf 88' lang='lat' dir='ltr'>faciem</span> <span class='ocrx_word' id='word_1_127' title='bbox 2072 1490 2176 1560; x_wconf 92' lang='lat' dir='ltr'>illi</span> <span class='ocrx_word' id='word_1_128' title='bbox 2222 1494 2582 1566; x_wconf 82' lang='lat' dir='ltr'>exhalavit.</span> <span class='ocrx_word' id='word_1_129' title='bbox 2639 1498 2763 1568; x_wconf 90' lang='lat' dir='ltr'>Ille</span> 
     </span>
     <span class='ocr_line' id='line_1_15' title="bbox 214 1572 2760 1671; baseline 0.006 -30"><span class='ocrx_word' id='word_1_130' title='bbox 214 1572 414 1660; x_wconf 89' lang='lat' dir='ltr'>quasi</span> <span class='ocrx_word' id='word_1_131' title='bbox 454 1573 630 1641; x_wconf 81' lang='lat' dir='ltr'>nihil</span> <span class='ocrx_word' id='word_1_132' title='bbox 681 1573 1003 1654; x_wconf 80' lang='lat' dir='ltr'>sentienS,</span> <span class='ocrx_word' id='word_1_133' title='bbox 1059 1574 1387 1645; x_wconf 92' lang='lat' dir='ltr'>immotus</span> <span class='ocrx_word' id='word_1_134' title='bbox 1445 1588 1671 1645; x_wconf 91' lang='lat' dir='ltr'>mente</span> <span class='ocrx_word' id='word_1_135' title='bbox 1728 1576 1950 1647; x_wconf 89' lang='lat' dir='ltr'>stabat</span> <span class='ocrx_word' id='word_1_136' title='bbox 1998 1589 2063 1647; x_wconf 90' lang='lat' dir='ltr'>et</span> <span class='ocrx_word' id='word_1_137' title='bbox 2108 1602 2414 1671; x_wconf 87' lang='lat' dir='ltr'>corpore.</span> <span class='ocrx_word' id='word_1_138' title='bbox 2449 1588 2526 1654; x_wconf 83' lang='lat' dir='ltr'>At</span> <span class='ocrx_word' id='word_1_139' title='bbox 2573 1609 2760 1657; x_wconf 90' lang='lat' dir='ltr'>unus</span> 
     </span>
     <span class='ocr_line' id='line_1_16' title="bbox 213 1661 2762 1760; baseline 0.006 -31"><span class='ocrx_word' id='word_1_140' title='bbox 213 1683 295 1730; x_wconf 85' lang='lat' dir='ltr'>ex</span> <span class='ocrx_word' id='word_1_141' title='bbox 355 1661 623 1730; x_wconf 90' lang='lat' dir='ltr'>clericis</span> <span class='ocrx_word' id='word_1_142' title='bbox 683 1662 950 1731; x_wconf 86' lang='lat' dir='ltr'>auferre</span> <span class='ocrx_word' id='word_1_143' title='bbox 999 1662 1232 1733; x_wconf 90' lang='lat' dir='ltr'>volens</span> <span class='ocrx_word' id='word_1_144' title='bbox 1280 1665 1797 1734; x_wconf 91' lang='lat' dir='ltr'>incommodum</span> <span class='ocrx_word' id='word_1_145' title='bbox 1852 1665 2003 1745; x_wconf 89' lang='lat' dir='ltr'>hoc,</span> <span class='ocrx_word' id='word_1_146' title='bbox 2048 1682 2329 1740; x_wconf 90' lang='lat' dir='ltr'>curvato</span> <span class='ocrx_word' id='word_1_147' title='bbox 2377 1694 2562 1760; x_wconf 84' lang='lat' dir='ltr'>genu</span> <span class='ocrx_word' id='word_1_148' title='bbox 2611 1698 2762 1745; x_wconf 88' lang='lat' dir='ltr'>car-</span> 
     </span>
     <span class='ocr_line' id='line_1_17' title="bbox 215 1749 2753 1845; baseline 0.006 -27"><span class='ocrx_word' id='word_1_149' title='bbox 215 1750 429 1819; x_wconf 88' lang='lat' dir='ltr'>bones</span> <span class='ocrx_word' id='word_1_150' title='bbox 475 1749 746 1831; x_wconf 79' lang='lat' dir='ltr'>detexit,</span> <span class='ocrx_word' id='word_1_151' title='bbox 798 1762 863 1819; x_wconf 90' lang='lat' dir='ltr'>et</span> <span class='ocrx_word' id='word_1_152' title='bbox 909 1750 1274 1820; x_wconf 86' lang='lat' dir='ltr'>insufflans</span> <span class='ocrx_word' id='word_1_153' title='bbox 1321 1753 1579 1842; x_wconf 88' lang='lat' dir='ltr'>sopitos</span> <span class='ocrx_word' id='word_1_154' title='bbox 1627 1755 1914 1823; x_wconf 90' lang='lat' dir='ltr'>suscitat</span> <span class='ocrx_word' id='word_1_155' title='bbox 1978 1756 2197 1845; x_wconf 84' lang='lat' dir='ltr'>ignes.</span> <span class='ocrx_word' id='word_1_156' title='bbox 2268 1764 2462 1829; x_wconf 87' lang='lat' dir='ltr'>Mane</span> <span class='ocrx_word' id='word_1_157' title='bbox 2520 1776 2753 1834; x_wconf 91' lang='lat' dir='ltr'>autem</span> 
     </span>
     <span class='ocr_line' id='line_1_18' title="bbox 213 1838 2756 1935; baseline 0.007 -30"><span class='ocrx_word' id='word_1_158' title='bbox 213 1859 466 1909; x_wconf 88' lang='lat' dir='ltr'>vocans</span> <span class='ocrx_word' id='word_1_159' title='bbox 512 1838 867 1920; x_wconf 89' lang='lat' dir='ltr'>clericum,</span> <span class='ocrx_word' id='word_1_160' title='bbox 905 1839 1211 1909; x_wconf 87' lang='lat' dir='ltr'>districte</span> <span class='ocrx_word' id='word_1_161' title='bbox 1248 1841 1636 1913; x_wconf 85' lang='lat' dir='ltr'>sciscitatus</span> <span class='ocrx_word' id='word_1_162' title='bbox 1667 1855 1791 1921; x_wconf 86' lang='lat' dir='ltr'>est,</span> <span class='ocrx_word' id='word_1_163' title='bbox 1829 1864 2043 1929; x_wconf 90' lang='lat' dir='ltr'>quare</span> <span class='ocrx_word' id='word_1_164' title='bbox 2082 1845 2293 1935; x_wconf 86' lang='lat' dir='ltr'>hujus</span> <span class='ocrx_word' id='word_1_165' title='bbox 2325 1850 2574 1919; x_wconf 88' lang='lat' dir='ltr'>mentis</span> <span class='ocrx_word' id='word_1_166' title='bbox 2606 1850 2756 1921; x_wconf 89' lang='lat' dir='ltr'>fue-</span> 
     </span>
     <span class='ocr_line' id='line_1_19' title="bbox 212 1926 2756 2019; baseline 0.006 -24"><span class='ocrx_word' id='word_1_167' title='bbox 212 1926 324 2007; x_wconf 88' lang='lat' dir='ltr'>rit,</span> <span class='ocrx_word' id='word_1_168' title='bbox 366 1940 440 1996; x_wconf 91' lang='lat' dir='ltr'>ut</span> <span class='ocrx_word' id='word_1_169' title='bbox 466 1927 680 1997; x_wconf 89' lang='lat' dir='ltr'>sacris</span> <span class='ocrx_word' id='word_1_170' title='bbox 715 1927 997 2016; x_wconf 84' lang='lat' dir='ltr'>hymnis</span> <span class='ocrx_word' id='word_1_171' title='bbox 1028 1928 1361 2009; x_wconf 88' lang='lat' dir='ltr'>dimissis,</span> <span class='ocrx_word' id='word_1_172' title='bbox 1392 1952 1461 2000; x_wconf 88' lang='lat' dir='ltr'>se</span> <span class='ocrx_word' id='word_1_173' title='bbox 1495 1930 1721 2019; x_wconf 88' lang='lat' dir='ltr'>potius</span> <span class='ocrx_word' id='word_1_174' title='bbox 1750 1932 2208 2003; x_wconf 87' lang='lat' dir='ltr'>incurvaverit</span> <span class='ocrx_word' id='word_1_175' title='bbox 2232 1935 2315 2004; x_wconf 90' lang='lat' dir='ltr'>ad</span> <span class='ocrx_word' id='word_1_176' title='bbox 2349 1951 2756 2009; x_wconf 90' lang='lat' dir='ltr'>construen-</span> 
     </span>
     <span class='ocr_line' id='line_1_20' title="bbox 212 2013 2750 2107; baseline 0.006 -25"><span class='ocrx_word' id='word_1_177' title='bbox 212 2015 379 2083; x_wconf 89' lang='lat' dir='ltr'>dum</span> <span class='ocrx_word' id='word_1_178' title='bbox 445 2013 717 2084; x_wconf 90' lang='lat' dir='ltr'>focum:</span> <span class='ocrx_word' id='word_1_179' title='bbox 771 2027 836 2085; x_wconf 90' lang='lat' dir='ltr'>et</span> <span class='ocrx_word' id='word_1_180' title='bbox 899 2016 1383 2105; x_wconf 89' lang='lat' dir='ltr'>poenitentiam</span> <span class='ocrx_word' id='word_1_181' title='bbox 1433 2016 1696 2104; x_wconf 89' lang='lat' dir='ltr'>aliquot</span> <span class='ocrx_word' id='word_1_182' title='bbox 1745 2019 2014 2087; x_wconf 89' lang='lat' dir='ltr'>dierum</span> <span class='ocrx_word' id='word_1_183' title='bbox 2068 2022 2169 2091; x_wconf 92' lang='lat' dir='ltr'>illi</span> <span class='ocrx_word' id='word_1_184' title='bbox 2216 2023 2554 2107; x_wconf 82' lang='lat' dir='ltr'>indlcenS,</span> <span class='ocrx_word' id='word_1_185' title='bbox 2614 2028 2750 2097; x_wconf 90' lang='lat' dir='ltr'>cle-</span> 
     </span>
     <span class='ocr_line' id='line_1_21' title="bbox 214 2103 2755 2194; baseline 0.006 -23"><span class='ocrx_word' id='word_1_186' title='bbox 214 2104 392 2172; x_wconf 89' lang='lat' dir='ltr'>ricos</span> <span class='ocrx_word' id='word_1_187' title='bbox 438 2103 696 2185; x_wconf 89' lang='lat' dir='ltr'>docuit,</span> <span class='ocrx_word' id='word_1_188' title='bbox 735 2103 902 2172; x_wconf 91' lang='lat' dir='ltr'>dum</span> <span class='ocrx_word' id='word_1_189' title='bbox 944 2103 1028 2172; x_wconf 94' lang='lat' dir='ltr'>ad</span> <span class='ocrx_word' id='word_1_190' title='bbox 1080 2126 1256 2194; x_wconf 87' lang='lat' dir='ltr'>opus</span> <span class='ocrx_word' id='word_1_191' title='bbox 1304 2104 1614 2174; x_wconf 86' lang='lat' dir='ltr'>divinum</span> <span class='ocrx_word' id='word_1_192' title='bbox 1649 2108 2014 2181; x_wconf 81' lang='lat' dir='ltr'>assistitur,</span> <span class='ocrx_word' id='word_1_193' title='bbox 2050 2132 2290 2181; x_wconf 89' lang='lat' dir='ltr'>omnes</span> <span class='ocrx_word' id='word_1_194' title='bbox 2319 2128 2755 2187; x_wconf 89' lang='lat' dir='ltr'>occurrentes</span> 
     </span>
     <span class='ocr_line' id='line_1_22' title="bbox 211 2191 2756 2295; baseline 0.006 -36"><span class='ocrx_word' id='word_1_195' title='bbox 211 2191 655 2282; x_wconf 86' lang='lat' dir='ltr'>cogitationes</span> <span class='ocrx_word' id='word_1_196' title='bbox 703 2192 1142 2274; x_wconf 84' lang='lat' dir='ltr'>amovendaS,</span> <span class='ocrx_word' id='word_1_197' title='bbox 1198 2206 1263 2262; x_wconf 94' lang='lat' dir='ltr'>et</span> <span class='ocrx_word' id='word_1_198' title='bbox 1309 2209 1642 2280; x_wconf 91' lang='lat' dir='ltr'>quantum</span> <span class='ocrx_word' id='word_1_199' title='bbox 1696 2195 1984 2265; x_wconf 88' lang='lat' dir='ltr'>humani</span> <span class='ocrx_word' id='word_1_200' title='bbox 2013 2200 2241 2270; x_wconf 90' lang='lat' dir='ltr'>cordis</span> <span class='ocrx_word' id='word_1_201' title='bbox 2270 2199 2609 2291; x_wconf 86' lang='lat' dir='ltr'>fugacitas</span> <span class='ocrx_word' id='word_1_202' title='bbox 2635 2228 2756 2295; x_wconf 90' lang='lat' dir='ltr'>pa-</span> 
     </span>
     <span class='ocr_line' id='line_1_23' title="bbox 214 2279 2747 2380; baseline 0.006 -32"><span class='ocrx_word' id='word_1_203' title='bbox 214 2279 401 2359; x_wconf 88' lang='lat' dir='ltr'>titur,</span> <span class='ocrx_word' id='word_1_204' title='bbox 436 2294 501 2350; x_wconf 89' lang='lat' dir='ltr'>et</span> <span class='ocrx_word' id='word_1_205' title='bbox 535 2280 857 2371; x_wconf 88' lang='lat' dir='ltr'>primitus</span> <span class='ocrx_word' id='word_1_206' title='bbox 904 2280 1138 2351; x_wconf 90' lang='lat' dir='ltr'>divina</span> <span class='ocrx_word' id='word_1_207' title='bbox 1169 2282 1531 2352; x_wconf 89' lang='lat' dir='ltr'>clementia</span> <span class='ocrx_word' id='word_1_208' title='bbox 1565 2284 1889 2374; x_wconf 87' lang='lat' dir='ltr'>suppetit,</span> <span class='ocrx_word' id='word_1_209' title='bbox 1924 2285 2019 2355; x_wconf 89' lang='lat' dir='ltr'>nil</span> <span class='ocrx_word' id='word_1_210' title='bbox 2052 2286 2241 2358; x_wconf 90' lang='lat' dir='ltr'>aliud</span> <span class='ocrx_word' id='word_1_211' title='bbox 2275 2292 2747 2380; x_wconf 82' lang='lat' dir='ltr'>cogitandum,</span> 
     </span>
     <span class='ocr_line' id='line_1_24' title="bbox 215 2367 736 2459; baseline 0.002 -23"><span class='ocrx_word' id='word_1_212' title='bbox 215 2367 312 2436; x_wconf 91' lang='lat' dir='ltr'>nil</span> <span class='ocrx_word' id='word_1_213' title='bbox 363 2369 736 2459; x_wconf 81' lang='lat' dir='ltr'>agendum.</span> 
     </span>
    </p>

    <p class='ocr_par' dir='ltr' id='par_1_4' title="bbox 193 2458 2756 4326">
     <span class='ocr_line' id='line_1_25' title="bbox 303 2458 2756 2558; baseline 0.006 -32"><span class='ocrx_word' id='word_1_214' title='bbox 303 2458 338 2544; x_wconf 66' lang='grc' dir='ltr'>ξ</span> <span class='ocrx_word' id='word_1_215' title='bbox 389 2463 550 2529; x_wconf 65' lang='lat'>28.</span> <span class='ocrx_word' id='word_1_216' title='bbox 605 2460 823 2549; x_wconf 86' lang='lat' dir='ltr'>Igitur</span> <span class='ocrx_word' id='word_1_217' title='bbox 868 2458 1184 2546; x_wconf 91' lang='lat' dir='ltr'>quamvis</span> <span class='ocrx_word' id='word_1_218' title='bbox 1234 2459 1437 2550; x_wconf 91' lang='lat' dir='ltr'>plura</span> <span class='ocrx_word' id='word_1_219' title='bbox 1484 2481 1758 2548; x_wconf 89' lang='lat' dir='ltr'>quoque</span> <span class='ocrx_word' id='word_1_220' title='bbox 1808 2477 2090 2535; x_wconf 89' lang='lat' dir='ltr'>sanctus</span> <span class='ocrx_word' id='word_1_221' title='bbox 2139 2465 2495 2558; x_wconf 82' lang='lat' dir='ltr'>Ludgerus</span> <span class='ocrx_word' id='word_1_222' title='bbox 2545 2470 2756 2540; x_wconf 92' lang='lat' dir='ltr'>mira-</span> 
     </span>
     <span class='ocr_line' id='line_1_26' title="bbox 212 2545 2743 2646; baseline 0.006 -32"><span class='ocrx_word' id='word_1_223' title='bbox 212 2545 441 2615; x_wconf 87' lang='lat' dir='ltr'>biliter</span> <span class='ocrx_word' id='word_1_224' title='bbox 487 2568 608 2636; x_wconf 85' lang='lat' dir='ltr'>per</span> <span class='ocrx_word' id='word_1_225' title='bbox 653 2547 957 2618; x_wconf 90' lang='lat' dir='ltr'>divinam</span> <span class='ocrx_word' id='word_1_226' title='bbox 1009 2548 1303 2638; x_wconf 84' lang='lat' dir='ltr'>gratiam</span> <span class='ocrx_word' id='word_1_227' title='bbox 1358 2549 1456 2618; x_wconf 90' lang='lat' dir='ltr'>vel</span> <span class='ocrx_word' id='word_1_228' title='bbox 1507 2548 1749 2621; x_wconf 84' lang='lat' dir='ltr'>fecisse</span> <span class='ocrx_word' id='word_1_229' title='bbox 1796 2552 2088 2636; x_wconf 79' lang='lat' dir='ltr'>dicatur,</span> <span class='ocrx_word' id='word_1_230' title='bbox 2126 2555 2227 2624; x_wconf 92' lang='lat' dir='ltr'>vel</span> <span class='ocrx_word' id='word_1_231' title='bbox 2276 2558 2743 2646; x_wconf 85' lang='lat' dir='ltr'>prophetasse,</span> 
     </span>
     <span class='ocr_line' id='line_1_27' title="bbox 213 2633 2754 2726; baseline 0.006 -25"><span class='ocrx_word' id='word_1_232' title='bbox 213 2633 380 2703; x_wconf 90' lang='lat' dir='ltr'>haec</span> <span class='ocrx_word' id='word_1_233' title='bbox 429 2646 653 2704; x_wconf 90' lang='lat' dir='ltr'>tamen</span> <span class='ocrx_word' id='word_1_234' title='bbox 708 2659 928 2726; x_wconf 89' lang='lat' dir='ltr'>pauca</span> <span class='ocrx_word' id='word_1_235' title='bbox 975 2637 1060 2706; x_wconf 91' lang='lat' dir='ltr'>de</span> <span class='ocrx_word' id='word_1_236' title='bbox 1100 2637 1338 2707; x_wconf 92' lang='lat' dir='ltr'>multis</span> <span class='ocrx_word' id='word_1_237' title='bbox 1369 2660 1556 2708; x_wconf 90' lang='lat' dir='ltr'>nunc</span> <span class='ocrx_word' id='word_1_238' title='bbox 1590 2639 1908 2711; x_wconf 87' lang='lat' dir='ltr'>sufficere</span> <span class='ocrx_word' id='word_1_239' title='bbox 1954 2642 2328 2714; x_wconf 88' lang='lat' dir='ltr'>credimus.</span> <span class='ocrx_word' id='word_1_240' title='bbox 2383 2647 2474 2714; x_wconf 78' lang='lat' dir='ltr'>Ad</span> <span class='ocrx_word' id='word_1_241' title='bbox 2526 2659 2754 2716; x_wconf 89' lang='lat' dir='ltr'>osten-</span> 
     </span>
     <span class='ocr_line' id='line_1_28' title="bbox 211 2722 2747 2826; baseline 0.006 -36"><span class='ocrx_word' id='word_1_242' title='bbox 211 2722 435 2792; x_wconf 86' lang='lat' dir='ltr'>denda</span> <span class='ocrx_word' id='word_1_243' title='bbox 482 2724 741 2814; x_wconf 89' lang='lat' dir='ltr'>quippe</span> <span class='ocrx_word' id='word_1_244' title='bbox 787 2726 938 2814; x_wconf 87' lang='lat' dir='ltr'>ejus</span> <span class='ocrx_word' id='word_1_245' title='bbox 987 2726 1253 2807; x_wconf 87' lang='lat' dir='ltr'>merita,</span> <span class='ocrx_word' id='word_1_246' title='bbox 1311 2727 1396 2795; x_wconf 90' lang='lat' dir='ltr'>ad</span> <span class='ocrx_word' id='word_1_247' title='bbox 1449 2730 1885 2818; x_wconf 88' lang='lat' dir='ltr'>procuranda</span> <span class='ocrx_word' id='word_1_248' title='bbox 1932 2732 2378 2805; x_wconf 87' lang='lat' dir='ltr'>audientibus</span> <span class='ocrx_word' id='word_1_249' title='bbox 2411 2736 2747 2826; x_wconf 89' lang='lat' dir='ltr'>exempla,</span> 
     </span>
     <span class='ocr_line' id='line_1_29' title="bbox 211 2811 2755 2913; baseline 0.006 -34"><span class='ocrx_word' id='word_1_250' title='bbox 211 2811 275 2880; x_wconf 89' lang='lat' dir='ltr'>id</span> <span class='ocrx_word' id='word_1_251' title='bbox 318 2813 545 2903; x_wconf 90' lang='lat' dir='ltr'>ipsum</span> <span class='ocrx_word' id='word_1_252' title='bbox 641 2835 814 2883; x_wconf 90' lang='lat' dir='ltr'>auca</span> <span class='ocrx_word' id='word_1_253' title='bbox 863 2813 1110 2894; x_wconf 90' lang='lat' dir='ltr'>valent,</span> <span class='ocrx_word' id='word_1_254' title='bbox 1150 2816 1331 2902; x_wconf 88' lang='lat' dir='ltr'>quod</span> <span class='ocrx_word' id='word_1_255' title='bbox 1385 2814 1609 2905; x_wconf 87' lang='lat' dir='ltr'>plura:</span> <span class='ocrx_word' id='word_1_256' title='bbox 1669 2820 1988 2903; x_wconf 83' lang='lat' dir='ltr'>quamvis</span> <span class='ocrx_word' id='word_1_257' title='bbox 2020 2843 2240 2910; x_wconf 89' lang='lat' dir='ltr'>pauca</span> <span class='ocrx_word' id='word_1_258' title='bbox 2277 2844 2412 2892; x_wconf 90' lang='lat' dir='ltr'>non</span> <span class='ocrx_word' id='word_1_259' title='bbox 2445 2824 2604 2913; x_wconf 86' lang='lat' dir='ltr'>jure</span> <span class='ocrx_word' id='word_1_260' title='bbox 2651 2826 2755 2893; x_wconf 92' lang='lat' dir='ltr'>di-</span> 
     </span>
     <span class='ocr_line' id='line_1_30' title="bbox 210 2901 2752 3002; baseline 0.006 -34"><span class='ocrx_word' id='word_1_261' title='bbox 210 2915 478 2982; x_wconf 83' lang='lat' dir='ltr'>cantur,</span> <span class='ocrx_word' id='word_1_262' title='bbox 531 2925 581 2970; x_wconf 93' lang='lat' dir='ltr'>u</span> <span class='ocrx_word' id='word_1_263' title='bbox 634 2901 649 2968; x_wconf 94' lang='lat' dir='ltr'>i</span> <span class='ocrx_word' id='word_1_264' title='bbox 704 2914 953 2971; x_wconf 90' lang='lat' dir='ltr'>cuncta</span> <span class='ocrx_word' id='word_1_265' title='bbox 993 2924 1187 2991; x_wconf 91' lang='lat' dir='ltr'>pene,</span> <span class='ocrx_word' id='word_1_266' title='bbox 1224 2926 1400 2991; x_wconf 89' lang='lat' dir='ltr'>quae</span> <span class='ocrx_word' id='word_1_267' title='bbox 1447 2906 1809 2994; x_wconf 81' lang='lat' dir='ltr'>Apostolus</span> <span class='ocrx_word' id='word_1_268' title='bbox 1849 2922 2325 2992; x_wconf 84' lang='lat' dir='ltr'>connumerat,</span> <span class='ocrx_word' id='word_1_269' title='bbox 2369 2912 2752 3002; x_wconf 85' lang='lat' dir='ltr'>gratiarum</span> 
     </span>
     <span class='ocr_line' id='line_1_31' title="bbox 207 2988 2754 3071; baseline 0.006 -15"><span class='ocrx_word' id='word_1_270' title='bbox 207 2988 386 3058; x_wconf 92' lang='lat' dir='ltr'>dona</span> <span class='ocrx_word' id='word_1_271' title='bbox 436 2989 906 3059; x_wconf 88' lang='lat' dir='ltr'>inveniuntur.</span> <span class='ocrx_word' id='word_1_272' title='bbox 972 2996 1138 3059; x_wconf 91' lang='lat' dir='ltr'>Nam</span> <span class='ocrx_word' id='word_1_273' title='bbox 1190 3014 1348 3061; x_wconf 90' lang='lat' dir='ltr'>cum</span> <span class='ocrx_word' id='word_1_274' title='bbox 1398 2991 1669 3064; x_wconf 90' lang='lat' dir='ltr'>diversa</span> <span class='ocrx_word' id='word_1_275' title='bbox 1741 2995 2241 3067; x_wconf 87' lang='lat' dir='ltr'>charismatum</span> <span class='ocrx_word' id='word_1_276' title='bbox 2305 3000 2487 3070; x_wconf 92' lang='lat' dir='ltr'>dona</span> <span class='ocrx_word' id='word_1_277' title='bbox 2537 3000 2754 3071; x_wconf 85' lang='lat' dir='ltr'>dixis-</span> 
     </span>
     <span class='ocr_line' id='line_1_32' title="bbox 208 3076 2752 3179; baseline 0.005 -32"><span class='ocrx_word' id='word_1_278' title='bbox 208 3089 343 3148; x_wconf 88' lang='lat' dir='ltr'>set:</span> <span class='ocrx_word' id='word_1_279' title='bbox 397 3077 430 3113; x_wconf 75' lang='lat'>*</span> <span class='ocrx_word' id='word_1_280' title='bbox 478 3076 599 3145; x_wconf 82' lang='lat' dir='ltr'>Alii</span> <span class='ocrx_word' id='word_1_281' title='bbox 651 3077 958 3164; x_wconf 87' lang='lat' dir='ltr'>quidem,</span> <span class='ocrx_word' id='word_1_282' title='bbox 1013 3079 1359 3165; x_wconf 87' lang='lat' dir='ltr'>inquiens,</span> <span class='ocrx_word' id='word_1_283' title='bbox 1417 3102 1537 3170; x_wconf 88' lang='lat' dir='ltr'>per</span> <span class='ocrx_word' id='word_1_284' title='bbox 1570 3081 1895 3171; x_wconf 89' lang='lat' dir='ltr'>spiritum</span> <span class='ocrx_word' id='word_1_285' title='bbox 1944 3085 2148 3157; x_wconf 88' lang='lat' dir='ltr'>datur</span> <span class='ocrx_word' id='word_1_286' title='bbox 2201 3109 2428 3158; x_wconf 89' lang='lat' dir='ltr'>sermo</span> <span class='ocrx_word' id='word_1_287' title='bbox 2478 3090 2752 3179; x_wconf 88' lang='lat' dir='ltr'>sapien-</span> 
     </span>
     <span class='ocr_line' id='line_1_33' title="bbox 208 3163 2753 3268; baseline 0.005 -34"><span class='ocrx_word' id='word_1_288' title='bbox 208 3166 362 3234; x_wconf 83' lang='lat' dir='ltr'>tiae:</span> <span class='ocrx_word' id='word_1_289' title='bbox 415 3163 534 3232; x_wconf 89' lang='lat' dir='ltr'>alii</span> <span class='ocrx_word' id='word_1_290' title='bbox 573 3178 800 3235; x_wconf 81' lang='lat' dir='ltr'>autem</span> <span class='ocrx_word' id='word_1_291' title='bbox 853 3188 1077 3235; x_wconf 88' lang='lat' dir='ltr'>sermo</span> <span class='ocrx_word' id='word_1_292' title='bbox 1126 3166 1449 3238; x_wconf 89' lang='lat' dir='ltr'>scientiae</span> <span class='ocrx_word' id='word_1_293' title='bbox 1482 3171 1867 3240; x_wconf 88' lang='lat' dir='ltr'>secundum</span> <span class='ocrx_word' id='word_1_294' title='bbox 1906 3174 2229 3245; x_wconf 85' lang='lat' dir='ltr'>eumdem</span> <span class='ocrx_word' id='word_1_295' title='bbox 2270 3176 2621 3268; x_wconf 91' lang='lat' dir='ltr'>spiritum,</span> <span class='ocrx_word' id='word_1_296' title='bbox 2653 3178 2753 3247; x_wconf 88' lang='lat' dir='ltr'>al-</span> 
     </span>
     <span class='ocr_line' id='line_1_34' title="bbox 208 3253 2743 3355; baseline 0.005 -33"><span class='ocrx_word' id='word_1_297' title='bbox 208 3253 331 3322; x_wconf 92' lang='lat' dir='ltr'>teri</span> <span class='ocrx_word' id='word_1_298' title='bbox 382 3253 553 3321; x_wconf 84' lang='lat' dir='ltr'>fides</span> <span class='ocrx_word' id='word_1_299' title='bbox 602 3254 672 3322; x_wconf 90' lang='lat' dir='ltr'>in</span> <span class='ocrx_word' id='word_1_300' title='bbox 705 3254 941 3323; x_wconf 88' lang='lat' dir='ltr'>eodem</span> <span class='ocrx_word' id='word_1_301' title='bbox 996 3254 1267 3345; x_wconf 90' lang='lat' dir='ltr'>spiritu.</span> <span class='ocrx_word' id='word_1_302' title='bbox 1305 3257 1421 3325; x_wconf 92' lang='lat' dir='ltr'>alii</span> <span class='ocrx_word' id='word_1_303' title='bbox 1473 3258 1692 3347; x_wconf 85' lang='lat' dir='ltr'>gratia</span> <span class='ocrx_word' id='word_1_304' title='bbox 1742 3261 2114 3331; x_wconf 89' lang='lat' dir='ltr'>sanitatum</span> <span class='ocrx_word' id='word_1_305' title='bbox 2164 3265 2233 3332; x_wconf 89' lang='lat' dir='ltr'>in</span> <span class='ocrx_word' id='word_1_306' title='bbox 2273 3287 2413 3334; x_wconf 92' lang='lat' dir='ltr'>uno</span> <span class='ocrx_word' id='word_1_307' title='bbox 2468 3267 2743 3355; x_wconf 82' lang='lat' dir='ltr'>spirim,</span> 
     </span>
     <span class='ocr_line' id='line_1_35' title="bbox 207 3340 2744 3444; baseline 0.006 -36"><span class='ocrx_word' id='word_1_308' title='bbox 207 3340 325 3408; x_wconf 92' lang='lat' dir='ltr'>alii</span> <span class='ocrx_word' id='word_1_309' title='bbox 373 3342 675 3430; x_wconf 88' lang='lat' dir='ltr'>operatio</span> <span class='ocrx_word' id='word_1_310' title='bbox 739 3342 1104 3423; x_wconf 91' lang='lat' dir='ltr'>virtutum,</span> <span class='ocrx_word' id='word_1_311' title='bbox 1159 3344 1277 3412; x_wconf 90' lang='lat' dir='ltr'>alii</span> <span class='ocrx_word' id='word_1_312' title='bbox 1326 3346 1727 3444; x_wconf 89' lang='lat' dir='ltr'>prophetia,</span> <span class='ocrx_word' id='word_1_313' title='bbox 1780 3348 1899 3417; x_wconf 89' lang='lat' dir='ltr'>alii</span> <span class='ocrx_word' id='word_1_314' title='bbox 1966 3350 2288 3423; x_wconf 85' lang='lat' dir='ltr'>discretio</span> <span class='ocrx_word' id='word_1_315' title='bbox 2344 3355 2744 3444; x_wconf 88' lang='lat' dir='ltr'>spirituum,</span> 
     </span>
     <span class='ocr_line' id='line_1_36' title="bbox 206 3428 2750 3530; baseline 0.006 -32"><span class='ocrx_word' id='word_1_316' title='bbox 206 3428 323 3498; x_wconf 91' lang='lat' dir='ltr'>alii</span> <span class='ocrx_word' id='word_1_317' title='bbox 373 3449 626 3518; x_wconf 86' lang='lat' dir='ltr'>genera</span> <span class='ocrx_word' id='word_1_318' title='bbox 673 3430 1110 3520; x_wconf 83' lang='lat' dir='ltr'>linguarum,</span> <span class='ocrx_word' id='word_1_319' title='bbox 1164 3431 1283 3500; x_wconf 91' lang='lat' dir='ltr'>alii</span> <span class='ocrx_word' id='word_1_320' title='bbox 1333 3435 1800 3524; x_wconf 81' lang='lat' dir='ltr'>interpretat-io</span> <span class='ocrx_word' id='word_1_321' title='bbox 1860 3459 2257 3508; x_wconf 87' lang='lat' dir='ltr'>sermonum</span> <span class='ocrx_word' id='word_1_322' title='bbox 2297 3463 2312 3507; x_wconf 90' lang='lat'><strong>:</strong></span> <span class='ocrx_word' id='word_1_323' title='bbox 2371 3465 2547 3528; x_wconf 90' lang='lat' dir='ltr'>quae</span> <span class='ocrx_word' id='word_1_324' title='bbox 2594 3444 2750 3530; x_wconf 89' lang='lat' dir='ltr'>qui-</span> 
     </span>
     <span class='ocr_line' id='line_1_37' title="bbox 205 3516 2752 3611; baseline 0.005 -25"><span class='ocrx_word' id='word_1_325' title='bbox 205 3517 360 3586; x_wconf 87' lang='lat' dir='ltr'>dem</span> <span class='ocrx_word' id='word_1_326' title='bbox 413 3516 568 3587; x_wconf 91' lang='lat' dir='ltr'>aliis</span> <span class='ocrx_word' id='word_1_327' title='bbox 621 3518 1026 3607; x_wconf 88' lang='lat' dir='ltr'>plerumque</span> <span class='ocrx_word' id='word_1_328' title='bbox 1074 3520 1354 3609; x_wconf 84' lang='lat' dir='ltr'>singula</span> <span class='ocrx_word' id='word_1_329' title='bbox 1402 3521 1700 3611; x_wconf 85' lang='lat' dir='ltr'>singulis</span> <span class='ocrx_word' id='word_1_330' title='bbox 1729 3522 2006 3604; x_wconf 90' lang='lat' dir='ltr'>dantur,</span> <span class='ocrx_word' id='word_1_331' title='bbox 2046 3528 2162 3596; x_wconf 87' lang='lat' dir='ltr'>sed</span> <span class='ocrx_word' id='word_1_332' title='bbox 2196 3529 2267 3596; x_wconf 93' lang='lat' dir='ltr'>in</span> <span class='ocrx_word' id='word_1_333' title='bbox 2301 3541 2535 3599; x_wconf 91' lang='lat' dir='ltr'>sancto</span> <span class='ocrx_word' id='word_1_334' title='bbox 2567 3532 2752 3600; x_wconf 91' lang='lat' dir='ltr'>Lud-</span> 
     </span>
     <span class='ocr_line' id='line_1_38' title="bbox 202 3606 2745 3708; baseline 0.006 -34"><span class='ocrx_word' id='word_1_335' title='bbox 202 3628 366 3697; x_wconf 81' lang='lat' dir='ltr'>gero</span> <span class='ocrx_word' id='word_1_336' title='bbox 414 3618 662 3675; x_wconf 88' lang='lat' dir='ltr'>cuncta</span> <span class='ocrx_word' id='word_1_337' title='bbox 693 3606 900 3676; x_wconf 91' lang='lat' dir='ltr'>simul</span> <span class='ocrx_word' id='word_1_338' title='bbox 953 3606 1255 3677; x_wconf 88' lang='lat' dir='ltr'>fuerunt.</span> <span class='ocrx_word' id='word_1_339' title='bbox 1302 3610 1559 3679; x_wconf 89' lang='lat' dir='ltr'>Habuit</span> <span class='ocrx_word' id='word_1_340' title='bbox 1600 3611 1860 3702; x_wconf 88' lang='lat' dir='ltr'>quippe</span> <span class='ocrx_word' id='word_1_341' title='bbox 1908 3635 2291 3684; x_wconf 90' lang='lat' dir='ltr'>sermonem</span> <span class='ocrx_word' id='word_1_342' title='bbox 2343 3618 2745 3708; x_wconf 87' lang='lat' dir='ltr'>sapientiae,</span> 
     </span>
     <span class='ocr_line' id='line_1_39' title="bbox 202 3694 2752 3792; baseline 0.005 -27"><span class='ocrx_word' id='word_1_343' title='bbox 202 3717 343 3782; x_wconf 88' lang='lat' dir='ltr'>qua</span> <span class='ocrx_word' id='word_1_344' title='bbox 394 3717 526 3763; x_wconf 91' lang='lat' dir='ltr'>non</span> <span class='ocrx_word' id='word_1_345' title='bbox 597 3694 820 3764; x_wconf 91' lang='lat' dir='ltr'>solum</span> <span class='ocrx_word' id='word_1_346' title='bbox 886 3695 1032 3785; x_wconf 90' lang='lat' dir='ltr'>ipse</span> <span class='ocrx_word' id='word_1_347' title='bbox 1087 3700 1297 3766; x_wconf 90' lang='lat' dir='ltr'>Deum</span> <span class='ocrx_word' id='word_1_348' title='bbox 1354 3697 1706 3767; x_wconf 90' lang='lat' dir='ltr'>intellectu</span> <span class='ocrx_word' id='word_1_349' title='bbox 1764 3703 2307 3790; x_wconf 90' lang='lat' dir='ltr'>comprehendit,</span> <span class='ocrx_word' id='word_1_350' title='bbox 2346 3717 2411 3775; x_wconf 92' lang='lat' dir='ltr'>et</span> <span class='ocrx_word' id='word_1_351' title='bbox 2447 3707 2752 3792; x_wconf 90' lang='lat' dir='ltr'>quodam</span> 
     </span>
     <span class='ocr_line' id='line_1_40' title="bbox 203 3783 2744 3876; baseline 0.006 -25"><span class='ocrx_word' id='word_1_352' title='bbox 203 3783 592 3854; x_wconf 88' lang='lat' dir='ltr'>dilectionis</span> <span class='ocrx_word' id='word_1_353' title='bbox 641 3805 886 3874; x_wconf 82' lang='lat' dir='ltr'>sapore</span> <span class='ocrx_word' id='word_1_354' title='bbox 938 3784 1286 3874; x_wconf 88' lang='lat' dir='ltr'>percepit,</span> <span class='ocrx_word' id='word_1_355' title='bbox 1351 3786 1466 3854; x_wconf 90' lang='lat' dir='ltr'>sed</span> <span class='ocrx_word' id='word_1_356' title='bbox 1516 3785 1721 3854; x_wconf 86' lang='lat' dir='ltr'>etiam</span> <span class='ocrx_word' id='word_1_357' title='bbox 1772 3787 1965 3870; x_wconf 91' lang='lat' dir='ltr'>aliis,</span> <span class='ocrx_word' id='word_1_358' title='bbox 2018 3790 2315 3876; x_wconf 88' lang='lat' dir='ltr'>qualiter</span> <span class='ocrx_word' id='word_1_359' title='bbox 2353 3794 2744 3865; x_wconf 90' lang='lat' dir='ltr'>credendus</span> 
     </span>
     <span class='ocr_line' id='line_1_41' title="bbox 199 3873 2740 3973; baseline 0.006 -34"><span class='ocrx_word' id='word_1_360' title='bbox 199 3884 399 3952; x_wconf 89' lang='lat' dir='ltr'>esset,</span> <span class='ocrx_word' id='word_1_361' title='bbox 455 3873 746 3962; x_wconf 89' lang='lat' dir='ltr'>aperuit.</span> <span class='ocrx_word' id='word_1_362' title='bbox 801 3873 1055 3941; x_wconf 89' lang='lat' dir='ltr'>Habuit</span> <span class='ocrx_word' id='word_1_363' title='bbox 1101 3894 1488 3942; x_wconf 89' lang='lat' dir='ltr'>sermonem</span> <span class='ocrx_word' id='word_1_364' title='bbox 1539 3874 1887 3954; x_wconf 87' lang='lat' dir='ltr'>scientiae,</span> <span class='ocrx_word' id='word_1_365' title='bbox 1941 3899 2102 3963; x_wconf 87' lang='lat' dir='ltr'>qua,</span> <span class='ocrx_word' id='word_1_366' title='bbox 2147 3880 2344 3970; x_wconf 81' lang='lat' dir='ltr'>juxta</span> <span class='ocrx_word' id='word_1_367' title='bbox 2412 3884 2740 3973; x_wconf 84' lang='lat' dir='ltr'>Apostoli·</span> 
     </span>
     <span class='ocr_line' id='line_1_42' title="bbox 198 3960 2745 4060; baseline 0.005 -31"><span class='ocrx_word' id='word_1_368' title='bbox 198 3982 359 4029; x_wconf 87' lang='lat' dir='ltr'>cum</span> <span class='ocrx_word' id='word_1_369' title='bbox 404 3960 601 4041; x_wconf 90' lang='lat' dir='ltr'>illud,</span> <span class='ocrx_word' id='word_1_370' title='bbox 644 3961 1012 4060; x_wconf 89' lang='lat' dir='ltr'>plerosque</span> <span class='ocrx_word' id='word_1_371' title='bbox 1060 3961 1281 4030; x_wconf 89' lang='lat' dir='ltr'>zelum</span> <span class='ocrx_word' id='word_1_372' title='bbox 1334 3961 1450 4031; x_wconf 90' lang='lat' dir='ltr'>Dei</span> <span class='ocrx_word' id='word_1_373' title='bbox 1500 3962 1772 4044; x_wconf 89' lang='lat' dir='ltr'>habere,</span> <span class='ocrx_word' id='word_1_374' title='bbox 1829 3964 2093 4047; x_wconf 90' lang='lat' dir='ltr'>didicit,</span> <span class='ocrx_word' id='word_1_375' title='bbox 2141 3969 2258 4037; x_wconf 86' lang='lat' dir='ltr'>sed</span> <span class='ocrx_word' id='word_1_376' title='bbox 2311 3991 2448 4040; x_wconf 91' lang='lat' dir='ltr'>non</span> <span class='ocrx_word' id='word_1_377' title='bbox 2498 3993 2745 4041; x_wconf 88' lang='lat' dir='ltr'>secun-</span> 
     </span>
     <span class='ocr_line' id='line_1_43' title="bbox 198 4048 2742 4147; baseline 0.005 -30"><span class='ocrx_word' id='word_1_378' title='bbox 198 4049 364 4117; x_wconf 88' lang='lat' dir='ltr'>dum</span> <span class='ocrx_word' id='word_1_379' title='bbox 419 4049 800 4120; x_wconf 82' lang='lat' dir='ltr'>scientiam:</span> <span class='ocrx_word' id='word_1_380' title='bbox 853 4048 1149 4136; x_wconf 89' lang='lat' dir='ltr'>qualiter</span> <span class='ocrx_word' id='word_1_381' title='bbox 1202 4055 1375 4119; x_wconf 88' lang='lat' dir='ltr'>Deus</span> <span class='ocrx_word' id='word_1_382' title='bbox 1422 4050 1779 4133; x_wconf 91' lang='lat' dir='ltr'>colendus,</span> <span class='ocrx_word' id='word_1_383' title='bbox 1834 4053 2131 4139; x_wconf 87' lang='lat' dir='ltr'>qualiter</span> <span class='ocrx_word' id='word_1_384' title='bbox 2181 4060 2533 4147; x_wconf 83' lang='lat' dir='ltr'>proximus</span> <span class='ocrx_word' id='word_1_385' title='bbox 2581 4060 2742 4129; x_wconf 89' lang='lat' dir='ltr'>dili-</span> 
     </span>
     <span class='ocr_line' id='line_1_44' title="bbox 195 4137 2740 4234; baseline 0.005 -28"><span class='ocrx_word' id='word_1_386' title='bbox 195 4137 488 4226; x_wconf 88' lang='lat' dir='ltr'>gendus,</span> <span class='ocrx_word' id='word_1_387' title='bbox 520 4137 815 4225; x_wconf 89' lang='lat' dir='ltr'>qualiter</span> <span class='ocrx_word' id='word_1_388' title='bbox 846 4160 966 4228; x_wconf 86' lang='lat' dir='ltr'>per</span> <span class='ocrx_word' id='word_1_389' title='bbox 1005 4137 1242 4207; x_wconf 91' lang='lat' dir='ltr'>omnia</span> <span class='ocrx_word' id='word_1_390' title='bbox 1286 4138 1659 4209; x_wconf 90' lang='lat' dir='ltr'>vivendum</span> <span class='ocrx_word' id='word_1_391' title='bbox 1690 4154 1887 4223; x_wconf 89' lang='lat' dir='ltr'>esset,</span> <span class='ocrx_word' id='word_1_392' title='bbox 1919 4153 1985 4212; x_wconf 90' lang='lat' dir='ltr'>et</span> <span class='ocrx_word' id='word_1_393' title='bbox 2033 4144 2179 4234; x_wconf 89' lang='lat' dir='ltr'>ipse</span> <span class='ocrx_word' id='word_1_394' title='bbox 2227 4147 2446 4230; x_wconf 91' lang='lat' dir='ltr'>scivit,</span> <span class='ocrx_word' id='word_1_395' title='bbox 2485 4161 2550 4217; x_wconf 91' lang='lat' dir='ltr'>et</span> <span class='ocrx_word' id='word_1_396' title='bbox 2583 4148 2740 4218; x_wconf 89' lang='lat' dir='ltr'>aliis</span> 
     </span>
     <span class='ocr_line' id='line_1_45' title="bbox 193 4225 2743 4326; baseline 0.005 -32"><span class='ocrx_word' id='word_1_397' title='bbox 193 4225 531 4316; x_wconf 84' lang='lat' dir='ltr'>patefecit.</span> <span class='ocrx_word' id='word_1_398' title='bbox 586 4227 842 4297; x_wconf 89' lang='lat' dir='ltr'>Habuit</span> <span class='ocrx_word' id='word_1_399' title='bbox 910 4226 1166 4308; x_wconf 87' lang='lat' dir='ltr'>fidcm,</span> <span class='ocrx_word' id='word_1_400' title='bbox 1242 4249 1380 4314; x_wconf 90' lang='lat' dir='ltr'>qua</span> <span class='ocrx_word' id='word_1_401' title='bbox 1447 4239 1634 4298; x_wconf 85' lang='lat' dir='ltr'>tanta</span> <span class='ocrx_word' id='word_1_402' title='bbox 1712 4251 2235 4319; x_wconf 90' lang='lat' dir='ltr'>nonnumquam</span> <span class='ocrx_word' id='word_1_403' title='bbox 2323 4248 2560 4305; x_wconf 91' lang='lat' dir='ltr'>contra</span> <span class='ocrx_word' id='word_1_404' title='bbox 2621 4237 2743 4326; x_wconf 87' lang='lat' dir='ltr'>jus</span> 
     </span>
    </p>
   </div>
   <div class='ocr_carea' id='block_1_3' title="bbox 190 4389 2750 4494">
    <p class='ocr_par' dir='ltr' id='par_1_5' title="bbox 190 4389 2750 4494">
     <span class='ocr_line' id='line_1_46' title="bbox 247 4389 2750 4448; baseline 0.004 -21"><span class='ocrx_word' id='word_1_405' title='bbox 247 4389 272 4416; x_wconf 77' lang='lat'>¹⁸¹</span> <span class='ocrx_word' id='word_1_406' title='bbox 303 4389 470 4429; x_wconf 72' lang='lat' dir='ltr'>Omnia</span> <span class='ocrx_word' id='word_1_407' title='bbox 491 4389 828 4430; x_wconf 73' lang='lat' dir='ltr'>charismatum</span> <span class='ocrx_word' id='word_1_408' title='bbox 848 4391 971 4431; x_wconf 69' lang='lat' dir='ltr'>donn</span> <span class='ocrx_word' id='word_1_409' title='bbox 997 4390 1137 4439; x_wconf 68' lang='lat' dir='ltr'>juxta</span> <span class='ocrx_word' id='word_1_410' title='bbox 1169 4391 1291 4431; x_wconf 75' lang='lat' dir='ltr'>illud</span> <span class='ocrx_word' id='word_1_411' title='bbox 1323 4391 1556 4440; x_wconf 75' lang='lat' dir='ltr'>Apostoli:</span> <span class='ocrx_word' id='word_1_412' title='bbox 1593 4391 1686 4432; x_wconf 70' lang='lat' dir='ltr'>Alit</span> <span class='ocrx_word' id='word_1_413' title='bbox 1722 4394 1913 4441; x_wconf 78' lang='lat' dir='ltr'>quidem</span> <span class='ocrx_word' id='word_1_414' title='bbox 1932 4395 2073 4435; x_wconf 71' lang='lat' dir='ltr'>datur</span> <span class='ocrx_word' id='word_1_415' title='bbox 2102 4406 2256 4439; x_wconf 83' lang='lat' dir='ltr'>sermo</span> <span class='ocrx_word' id='word_1_416' title='bbox 2290 4399 2548 4448; x_wconf 73' lang='lat' dir='ltr'>sapientiae</span> <span class='ocrx_word' id='word_1_417' title='bbox 2552 4425 2632 4445; x_wconf 88' lang='lat'>......</span> <span class='ocrx_word' id='word_1_418' title='bbox 2662 4398 2750 4438; x_wconf 84' lang='lat' dir='ltr'>etc.</span> 
     </span>
     <span class='ocr_line' id='line_1_47' title="bbox 190 4444 2079 4494; baseline 0.001 -11"><span class='ocrx_word' id='word_1_419' title='bbox 190 4445 243 4494; x_wconf 80' lang='lat'>(1.</span> <span class='ocrx_word' id='word_1_420' title='bbox 272 4444 372 4482; x_wconf 78' lang='lat' dir='ltr'>Gor.</span> <span class='ocrx_word' id='word_1_421' title='bbox 395 4444 477 4491; x_wconf 63' lang='grc' dir='ltr'>ιιι)</span> <span class='ocrx_word' id='word_1_422' title='bbox 497 4445 816 4492; x_wconf 73' lang='lat' dir='ltr'>explicantur.</span> <span class='ocrx_word' id='word_1_423' title='bbox 2058 4475 2079 4493; x_wconf 76' lang='lat'>‚</span> 
     </span>
    </p>
   </div>
  </div>
 </body>
</html>
