3327 4999
667 319 797 388 474
1210 348 1223 357 ·
1602 336 1684 384 nn
1730 320 1786 384 s'.
1840 333 2122 385 maon
2745 315 2994 383 MART.
3048 318 3144 384 25

580 421 666 493 de
712 421 1000 493 Domino
1045 442 1258 510 quam
1296 420 1578 511 culpam
1623 420 2043 493 contraxisse
2075 419 2160 489 de
2190 419 2475 490 mundo.
2512 417 2703 490 Sicut
2747 419 2934 488 enim
2975 441 3143 521 per-

578 512 747 583 fidia
817 510 1272 581 criminosum
1330 508 1527 581 fecit:
1581 508 1676 580 ita
1724 509 1896 580 fides
1965 506 2244 610 perfecit
2313 508 2772 578 innocentem.
2827 512 3142 596 Demque

577 601 791 672 Judas
837 609 1286 691 posteaquam
1317 597 1524 668 fidem
1575 599 1909 689 perdidit,
1965 597 2431 667 innocentiam
2480 597 2907 687 apostolatus
2954 598 3142 667 ami-

579 689 693 770 sit3
743 688 1060 759 omnium
1108 688 1293 756 enim
1344 687 1719 757 criminum
1767 709 1928 757 reus
1969 686 2192 756 factus
2238 697 2363 767 est,
2418 696 2862 775 posteaquam
2912 686 3140 756 virtu-

581 791 727 849 tum
765 775 1079 846 omnium
1132 775 1500 846 Dominum
1530 775 1913 867 denegavit.
1969 774 2157 844 Sicut
2189 796 2264 843 er
2312 796 2351 844 o
2401 773 2660 845 sufficit
2706 774 2819 845 isti
2859 774 2947 844 ad
2980 797 3138 844 sce-

578 866 720 937 lera
759 865 1138 937 deservisse
1184 864 1529 935 Christum
1563 888 1577 933 :
1631 865 1729 935 ita
1767 864 1868 934 illi
1903 862 2159 934 sufficit
2195 884 2234 932 a
2331 863 2799 934 innocentiam
2841 863 3137 933 Domino

577 953 978 1025 credidisse.
1034 953 1220 1024 Facit
1279 953 1492 1044 igitur
1549 964 1615 1023 et
1678 952 1850 1023 fides
1913 953 2312 1021 innocentes
2385 951 2682 1022 latrones
2729 962 2795 1021 et
2840 951 3134 1042 perfidia

578 1042 931 1134 Apostolos
966 1042 1401 1114 criminosos.

666 1134 702 1220 ἓ
747 1135 838 1203 8.
895 1137 1137 1222 Magna
1185 1130 1396 1231 igitur
1440 1141 1509 1200 et
1543 1129 1840 1221 perfecta
1886 1129 2057 1199 fides
2090 1129 2162 1199 in
2211 1128 2329 1199 illo
2360 1128 2622 1199 latrone
2668 1127 2820 1200 fuit.
2875 1134 3129 1219 Magna

578 1219 783 1311 plane
828 1231 930 1289 est
959 1231 1025 1290 et
1070 1217 1504 1290 admirabilis
1550 1218 1724 1290 fides
1753 1240 1932 1306 quae
1994 1218 2337 1288 Christum
2393 1217 2808 1288 crucifixum
2857 1217 3127 1308 glorifi-

578 1309 721 1379 cari
772 1307 995 1399 magis
1042 1307 1334 1379 credidit
1379 1328 1589 1395 quam
1641 1306 1902 1398 puniri.
1956 1310 2035 1376 In
2083 1306 2212 1376 hoc
2259 1305 2444 1375 enim
2490 1309 2700 1379 totius
2747 1306 2970 1377 forma
3017 1329 3132 1376 sa-

578 1397 743 1469 lutis
789 1409 912 1467 est.
969 1396 1382 1467 Salvatorem
1432 1408 1598 1466 tunc
1645 1395 2023 1486 majestatis
2057 1394 2425 1467 Dominum
2460 1395 2913 1486 recognoscit,
2965 1416 3130 1465 cum

576 1485 847 1556 videtur
892 1483 1306 1556 humilitatis
1354 1484 1682 1575 patientia
1729 1483 2050 1555 cruciari.
2104 1483 2296 1554 Unde
2336 1482 2432 1553 ait
2475 1484 2859 1586 Apostolus:
2914 1487 2995 1555 Si
3029 1507 3133 1554 co-

572 1577 977 1667 gnovissent,
1010 1596 1355 1665 nunquam
1404 1576 1757 1653 Dominum
1797 1575 2177 1664 majestatis
2219 1574 2788 1663 cruct'fioezssentss
2832 1577 2981 1644 Cor.
3019 1573 3120 1661 11).
3154 1603 3159 1607 ·

577 1669 756 1733 Haec
807 1663 1088 1751 inquam
1137 1660 1434 1753 perfecta
1508 1660 1679 1731 sides
1725 1672 1875 1744 est,
1952 1661 2297 1732 Christum
2348 1660 2418 1730 in
2468 1683 2672 1732 cruce
2719 1666 2936 1732 Deum
2991 1683 3127 1731 non

574 1773 768 1822 reum
819 1751 1117 1822 credere.
1174 1750 1366 1821 Unde
1412 1749 1526 1819 ille
1580 1749 1753 1819 latro
1791 1749 2217 1840 justificatus
2262 1761 2394 1830 est,
2447 1750 2613 1837 quia
2660 1749 3010 1820 Salvatore
3057 1750 3126 1818 in

575 1840 886 1930 patibulo
924 1838 1318 1921 constitum,
1363 1837 1650 1907 vJudaeis
1699 1838 2195 1908 insultantibus
2227 1850 2293 1906 et
2326 1837 2428 1906 vel
2469 1839 2847 1907 criminosa
2879 1838 3124 1907 dicen-

578 1929 787 2009 tibus,
834 1929 1073 1998 Libera
1120 1927 1421 2018 teipsum
1470 1926 1530 1997 si
1591 1938 1822 2016 potes:
1879 1926 1996 1996 ille
2041 1939 2268 1996 certus
2307 1925 2392 1994 de
2457 1926 2814 1997 divinitate
2870 1928 3027 2017 ejus
3064 1939 3133 1996 et

576 2039 863 2087 securus
893 2017 978 2086 de
1024 2016 1399 2095 voluntate,
1455 2036 1528 2083 se
1576 2015 1798 2105 magis
1850 2014 2147 2105 postulat
2185 2014 2489 2085 liberari.

661 2108 697 2194 ἓ
766 2110 852 2179 4.
908 2111 1152 2194 Magna
1202 2105 1488 2191 inquam
1538 2102 1711 2172 fides
1753 2103 1826 2172 in
1887 2102 2005 2172 illo
2053 2102 2315 2174 latrone
2362 2101 2488 2171 fuit
2533 2114 2599 2173 et
2646 2103 2906 2173 sanctis
2953 2107 3129 2193 Apo-

577 2194 774 2264 stolis
821 2192 1338 2284 comparanda,
1375 2191 1530 2292 ’nisi
1603 2191 1789 2278 quod
1837 2203 1904 2262 et
1961 2190 2130 2262 forte
2202 2190 2684 2292 praecesserit:
2758 2193 3135 2282 praecessit

576 2283 833 2354 etenim
871 2281 1227 2352 devotione
1273 2302 1392 2368 qut
1444 2281 1811 2371 praecessit
1858 2293 1923 2350 et
1961 2301 2291 2370 praemio.
2345 2279 2537 2349 Prior
2583 2279 2769 2349 enim
2823 2279 3001 2351 latro
3040 2281 3130 2352 ad

576 2371 981 2462 paradisum
1027 2391 1240 2458 quam
1287 2369 1578 2458 apostoli
1613 2379 2091 2460 pervenerunt.
2147 2368 2451 2456 Denique
2480 2373 2717 2438 Petrus
2755 2369 3130 2439 Dominum

574 2460 886 2549 sequitur
930 2470 996 2530 et
1042 2459 1169 2531 istc
1229 2457 1617 2529 comitatur.
1684 2458 2018 2529 Dominus
2072 2468 2302 2528 autem
2361 2456 2746 2529 secundum
2797 2457 3006 2528 fidem
3057 2469 3129 2529 et

575 2550 922 2633 meritum,
952 2548 1193 2621 tribuit
1219 2557 1285 2619 et
1316 2547 1896 2617 remunerationis
1925 2546 2360 2634 obsequium.
2397 2551 2651 2617 Omnes
2697 2547 2912 2628 enim,
2946 2546 3134 2618 sicut

575 2637 895 2730 legimuS,
930 2638 1003 2708 in
1037 2638 1358 2730 passione
1405 2636 1771 2706 Salvatoris
1799 2635 2129 2727 discipuli
2182 2634 2638 2726 trepidarunt,
2677 2657 2922 2705 omnes
2964 2658 3129 2707 eum

574 2749 748 2818 pene
795 2749 955 2798 cum
994 2727 1373 2797 traderetur
1398 2723 1848 2812 reliquerunt,
1902 2724 2161 2794 factum
2209 2737 2311 2794 est
2357 2725 2536 2794 sicut
2584 2723 2922 2814 scriptum
2971 2737 3122 2795 est:

572 2817 955 2885 Per-cutiam
996 2824 1356 2905 pastorem,
1421 2824 1484 2882 et
1540 2815 2012 2904 dz‘sperqentur
2059 2835 2208 2882 oves
2253 2815 2504 2903 qreqz's,
2562 2811 2863 2900 Denique
2913 2813 3125 2883 fidem

574 2908 811 2973 Petrus
857 2924 984 2971 nec
1031 2900 1429 2971 admonitus
1478 2900 1700 2991 potuit
1745 2901 2129 2982 custodire3
2184 2903 2378 2972 toties
2418 2901 2657 2989 lapsus
2705 2912 2808 2970 est
2854 2902 3131 2987 quoties

574 3013 663 3062 ne
710 2991 1055 3061 laberetur
1112 2988 1532 3059 admonituS.
1586 2993 1666 3060 Et
1714 2989 1848 3060 nisi
1898 2989 2182 3059 modum
2242 2989 2617 3076 quemdam
2668 2989 2863 3059 tertio
2912 2989 3128 3063 dene-

574 3078 783 3170 gandi
834 3079 897 3148 ei
927 3078 1260 3148 Dominus
1293 3078 1662 3160 statuisset,
1690 3077 1973 3148 forsitan
2007 3078 2284 3168 saepius
2320 3078 2805 3168 interrogatuS‚
2842 3078 3130 3167 saepius

575 3168 1004 3257 abnegasset.
1058 3172 1338 3236 Tantam
1389 3166 1573 3236 enim
1625 3166 2152 3256 trepidationem
2200 3165 2565 3256 discipulis
2614 3165 2849 3235 intulit
2893 3166 3130 3256 passio

576 3255 965 3335 SalvatoriS,
1021 3267 1098 3325 ut
1142 3253 1326 3342 quod
1394 3254 1710 3346 Apostolo
1759 3255 2069 3325 Christus
2133 3266 2290 3323 ante
2342 3253 2815 3343 praedixerat,
2869 3253 3133 3324 ancilla

573 3345 973 3426 destrueret,
1026 3355 1092 3413 et
1137 3342 1360 3434 magis
1401 3342 1819 3434 praevaleret
1866 3342 2147 3413 ostiaria
2179 3342 2264 3412 ad
2301 3341 2665 3433 perfidiam
2704 3364 2917 3430 quam
2947 3347 3130 3433 Apo-

576 3432 797 3504 stolus
844 3432 928 3502 ad
982 3431 1346 3502 cautelam.

661 3524 699 3608 ξ
749 3525 837 3593 5.
890 3526 1032 3591 Non
1083 3521 1262 3591 bona
1307 3519 1589 3591 ostiaria
1665 3541 1842 3607 quae
1906 3525 2180 3591 Petrum
2234 3519 2385 3589 ideo
2432 3519 2504 3589 in
2556 3519 2840 3588 domum
2895 3540 3131 3589 sacer-

574 3610 755 3679 dotis
785 3608 1104 3692 includit,
1154 3621 1233 3679 ut
1279 3631 1318 3677 a
1366 3608 1501 3677 fide
1549 3607 1920 3680 Salvatoris
1956 3607 2298 3679 excludat.
2366 3607 2536 3676 Male
2583 3606 2794 3676 Adam
2851 3606 3131 3677 induxit

573 3703 730 3779 Eva,
798 3698 976 3767 male
1023 3702 1296 3767 Petrum
1347 3696 1724 3767 introduxit
1798 3697 2072 3768 ancilla.
2128 3695 2254 3766 Illa
2313 3695 2605 3767 exclusit
2651 3718 2690 3764 a
2745 3695 3073 3784 paradiso
3107 3751 3123 3776 ,

572 3786 741 3856 haec
786 3785 1075 3855 exclusit
1121 3807 1163 3854 a
1209 3785 1494 3855 Christo.
1549 3785 1677 3855 Illa
1729 3786 2176 3875 persuasione
2206 3807 2330 3855 sua
2364 3784 2589 3854 virum
2622 3783 2915 3872 decepit,
2954 3784 3125 3853 haec

573 3875 828 3944 interro
879 3873 1106 3943 atione
1143 3894 1270 3943 sua
1298 3877 1346 3943 Α
1397 3873 1694 3943 ostolum
1743 3874 2315 3974 circumscripsit.
2349 3873 2476 3942 Illa
2509 3872 2594 3942 ad
2647 3872 3130 3961 praevarican-

572 3962 743 4031 dum
778 3896 987 4061 Agam
1019 3960 1321 4051 impulit,
1410 3983 1529 4061 aec
1563 3967 1840 4032 Petrum
1869 3961 2208 4053 compulit
2242 3962 2329 4031 ad
2372 3959 2799 4060 negandum.
2838 3965 2917 4031 Et
2940 3960 3125 4029 idem

572 4071 775 4120 sexus
820 4071 893 4118 1n
943 4061 1236 4136 utraque
1280 4050 1600 4120 ostiariae
1658 4050 1967 4120 officium
2018 4071 2288 4141 gerenS,
2340 4063 2461 4121 aut
2504 4048 2808 4118 excludit
2855 4071 2898 4117 a
2957 4049 3121 4128 vita,

573 4151 693 4210 aut
738 4136 1036 4208 includit
1082 4137 1167 4207 ad
1209 4147 1523 4208 mortem.
