3327 4999
141 325 352 392 MART.
401 324 482 393 42
985 341 1064 389 ΒΕ
1110 341 1168 388 s.
1223 337 1536 388 eaaeomo
1583 337 1745 385 rara
2412 317 2539 383 ⁴75

136 428 469 519 praesentis
495 425 669 497 vitae
685 424 1046 517 jungebat,
1082 422 1493 525 generaliter
1519 421 1783 493 dicens:
1826 444 1853 485 ι
1892 425 2158 520 Fratres
2187 430 2254 489 et
2284 419 2633 510 coepisco-

137 539 245 608 pos
266 530 536 597 nostroS,
573 537 748 604 quos
767 528 834 585 et
861 537 938 585 ca
994 513 1274 584 tivitatis
1297 513 1870 598 diversarumque
1895 515 2379 580 necessitatum
2409 531 2635 600 angu-

135 607 278 676 stiae
303 606 782 697 comprimunt,
820 618 931 674 stu
981 616 1083 673 ete
1116 601 1598 682 consolandOS,
1636 598 2239 685 convivendosque
2271 597 2634 667 vobiscum

136 695 199 766 in
238 694 690 765 ecclesiasticis
738 692 1356 763 sustentationibus
1407 690 1699 760 libenter
1745 687 2118 777 suscipere.
2165 692 2310 756 Non
2350 686 2634 774 quidem

138 796 209 853 ut
244 805 344 873 per
381 782 944 853 communionem
991 780 1407 872 episcopalis
1456 778 1684 850 throni
1732 777 2037 868 dignitas
2083 774 2459 856 dividatur,
2515 771 2635 847 sed

142 885 211 941 ut
245 873 315 941 ab
352 871 635 943 ecclesia
673 870 874 959 juxta
923 869 1446 961 possibilitatem
1496 866 1910 938 sufficientia
1956 864 2250 934 debeant
2303 863 2634 933 alimenta

147 961 469 1117 percipere.
544 960 610 1030 Si
673 960 858 1029 enim
906 972 972 1030 et
1019 959 1412 1050 proximum
1462 957 1535 1026 in
1584 961 1760 1037 Dec,
1829 967 1894 1026 et
1941 959 2156 1024 Deum
2206 952 2276 1022 in
2327 952 2639 1043 proximo

186 1048 378 1141 iligere
437 1048 998 1139 comprobamur.
1051 1047 1321 1118 Nullam
1371 1046 1633 1136 quippe
1679 1044 1780 1115 eis
1828 1065 1953 1113 nos
1999 1044 2069 1112 in
2123 1041 2368 1112 vestris
2415 1041 2635 1112 eccle-

144 1137 240 1208 siis
276 1140 732 1210 auctoritatem
781 1137 1179 1218 tribuimus,
1225 1135 1343 1208 sed
1383 1147 1653 1206 tantum
1704 1134 1948 1203 vestris
1998 1130 2262 1204 solatiis
2309 1152 2425 1201 eos
2471 1152 2634 1200 con-

145 1227 304 1297 tineri
343 1248 783 1317 summopere
830 1225 1211 1296 hortamur.
1253 1249 1280 1290 »

209 1317 405 1404 §121
456 1322 634 1388 Loca
677 1337 951 1402 quoque
998 1314 1270 1385 sedium
1319 1311 1911 1403 prudentissimus
1959 1307 2284 1401 pontifex,
2350 1310 2631 1398 accepta

147 1404 284 1474 'usta
334 1404 714 1487 occasione,
766 1404 1099 1473 mutabat.
1165 1402 1355 1473 Unde
1399 1400 1651 1472 Joanni
1700 1401 2023 1491 episcopo
2070 1398 2409 1468 Veliterno
2459 1395 2635 1467 scri-

172 1492 249 1574 it,
295 1494 567 1566 dicens:
629 1519 657 1558 ι
722 1493 1075 1583 Temporis
1119 1491 1418 1579 qualitas
1465 1491 1812 1572 admonet,
1863 1487 2351 1578 episcoporum
2401 1485 2621 1565 sedeS,

133 1583 466 1670 antiquitus
512 1583 721 1653 certis
766 1581 1160 1651 civitatibus
1204 1579 1637 1661 constitutas,
1691 1579 1776 1649 ad
1819 1578 2017 1658 aliae,
2059 1599 2237 1664 quae
2285 1573 2634 1646 securiora

131 1684 436 1761 putamus,
486 1672 804 1762 ejusdem
852 1670 1185 1741 dioecesis
1233 1670 1382 1740 loca
1431 1681 1902 1759 transponere,
1937 1688 2077 1754 quo
2115 1679 2180 1735 et
2212 1663 2632 1735 habitatores

131 1780 284 1830 nunc
326 1760 594 1852 degere,
632 1772 697 1830 et
741 1759 1182 1829 barbaricum
1225 1757 1490 1848 possint
1523 1757 1913 1848 periculum
1947 1754 2221 1825 facilius
2252 1753 2625 1823 declinare.

135 1852 442 1938 Propterea
495 1862 559 1920 te
602 1855 938 1919 Joannem
1000 1849 1276 1917 fratrem
1325 1847 1953 1938 coepiscopumque
2001 1857 2315 1914 nostrum
2354 1841 2635 1912 Veliter-

133 1938 324 2008 nensis
366 1939 689 2018 civitatis,
751 1937 1123 2024 sedemque
1170 1948 1360 2006 tuam
1412 1936 1481 2003 in
1535 1936 1805 2016 locum,
1858 1933 1982 2021 qui
2028 1932 2419 2024 appellatur
2475 1936 2636 2000 Are-

128 2038 278 2108 nata,
307 2028 389 2097 ad
426 2039 745 2100 sanctum
788 2026 1127 2096 Andream
1171 2024 1570 2115 Apostolum
1617 2022 2084 2114 praecipimus
2126 2021 2373 2090 exinde
2417 2032 2639 2089 trans-

125 2115 408 2206 migrare.
491 2121 846 2199 Quatenus
910 2128 976 2185 et
1040 2114 1128 2184 ab
1194 2112 1590 2183 hostilitatis
1659 2113 1950 2181 incursu
2020 2111 2303 2180 liberior
2356 2109 2641 2179 existere

129 2203 355 2288 valeas,
405 2217 470 2275 et
536 2204 681 2275 illic
729 2203 1314 2274 consuetudinum
1365 2201 1781 2271 solemnium
1831 2200 2000 2270 festa
2059 2199 2417 2289 disponas.
2480 2221 2506 2261 »
2563 2201 2640 2264 Et

126 2294 470 2392 notandum
522 2293 707 2381 quod
758 2292 1125 2382 Gregorius
1171 2292 1332 2362 licet
1378 2290 1797 2361 monasteria
1842 2301 1908 2358 et
1952 2288 2391 2388 episcopatus
2437 2286 2638 2356 unie-

128 2392 211 2460 nt,
250 2397 450 2470 atque
497 2393 818 2452 vacantes
884 2382 1244 2472 episcopos
1300 2379 1708 2450 vacantibus
1755 2377 2146 2448 civitatibus
2198 2375 2640 2446 incardinare

130 2470 478 2553 studuerit,
537 2492 922 2559 numquam
992 2481 1218 2541 tamen
1287 2469 1694 2560 episcopum
1745 2467 1833 2538 ab
1878 2466 2266 2558 integritate
2315 2486 2480 2536 suae
2526 2486 2639 2534 ec-

124 2558 378 2644 clesiae,
423 2560 536 2631 vel
585 2561 733 2650 ipse
779 2560 849 2629 in
900 2559 1110 2629 aliam
1158 2558 1631 2640 commutavit,
1697 2558 1800 2626 vel
1850 2557 1982 2626 sub
2029 2576 2473 2643 quacumque
2520 2575 2637 2623 oc-

125 2651 358 2720 casione
407 2650 713 2740 migrare
759 2649 1131 2719 consensit.
1185 2653 1352 2718 Nam
1390 2659 1754 2738 postquam
1799 2646 2217 2716 Demetrium
2251 2642 2639 2732 Neapolita-

126 2756 258 2835 num
302 2739 716 2832 episcopum
765 2760 972 2828 super
1019 2737 1436 2808 criminibus
1491 2735 1878 2806 manifestis
1915 2734 2257 2825 deposuit,
2326 2754 2488 2800 cum
2551 2730 2640 2799 ab

125 2827 344 2898 etsdem
379 2827 847 2918 Neapolitanis
895 2826 1320 2896 incardinari
1372 2825 1505 2897 sibi
1552 2824 1848 2894 Paulum
1896 2824 2315 2914 Nepesinum
2365 2820 2639 2910 episco-

125 2933 255 3013 pum
303 2937 726 3009 magnopere
771 2929 1259 3002 quaereretur,
1313 2913 1857 2984 discretissimus
1904 2912 2209 2981 Pontifex
2257 2909 2646 2980 visitatione

126 3004 377 3076 civitatis
451 3005 828 3095 Nepesinae
874 3004 1129 3074 Joanni
1197 3004 1520 3094 episcopo
1568 3002 1926 3093 delegata,
1980 3001 2302 3070 eumdem
2349 2998 2639 3087 quidem

123 3092 373 3165 Paulum
427 3094 851 3164 visitatorem
899 3093 1040 3164 illis
1089 3092 1353 3173 tribuit;
1390 3091 1824 3162 Cardinalem
1860 3111 2015 3159 vero
2047 3089 2464 3161 constituere
2499 3100 2644 3156 tam

125 3182 313 3267 primo
349 3182 855 3273 dispensatorie
902 3180 1194 3264 distulit,
1245 3203 1456 3269 quam
1507 3192 1742 3271 postea
1790 3179 2066 3270 penitus
2115 3178 2477 3248 recusavit.
2518 3174 2643 3246 Cui

123 3273 534 3357 postmodum
585 3270 934 3341 licentiam
982 3270 1366 3341 revertendi
1412 3268 1499 3339 ad
1550 3292 1754 3342 suam
1803 3267 2170 3338 dioecesim
2221 3265 2633 3346 concedens,

123 3375 363 3430 centum
415 3359 676 3440 solidos
741 3360 826 3429 de
872 3358 1314 3450 Neapolitana
1362 3358 1651 3432 ecclesia
1708 3369 1774 3427 et
1833 3378 2055 3427 unum
2106 3355 2480 3447 puerulum
2531 3376 2644 3423 or-

125 3446 402 3550 pha-num
442 3505 457 3530 ‚
529 3448 808 3536 qualem
875 3449 1028 3539 ipsa
1074 3447 1160 3518 de
1223 3446 1488 3517 familia
1534 3446 1848 3537 ejusdem
1897 3445 2230 3516 ecclesiae
2278 3442 2634 3524 voluisset,

124 3532 242 3607 dart
287 3538 662 3639 praecepit.

187 3628 221 3712 ἓ
261 3633 402 3701 14.
457 3626 763 3697 Aliarum
819 3625 1308 3716 parochiarum
1355 3624 1643 3696 clericos
1690 3623 1847 3706 sibi,
1893 3633 1958 3694 et
2018 3621 2177 3692 aliis
2225 3619 2645 3690 discretissi-

121 3731 249 3784 mus
292 3716 599 3807 pontifex
644 3714 1140 3786 discretissime
1206 3714 1515 3785 indicare
1560 3713 1871 3784 curabat.
1954 3717 2387 3802 Quapropter
2458 3708 2644 3780 Eliae

123 3805 491 3894 presbytero
555 3815 622 3875 et
680 3805 921 3875 Abbati
984 3804 1377 3894 provinciae
1442 3802 1749 3873 Isauriae
1798 3811 1952 3893 post
1998 3800 2237 3887 aliqua
2285 3797 2642 3869 scribens:

129 3917 145 3943 ·
182 3893 441 3977 Filium,
497 3893 747 3982 inquit,
792 3906 1096 3963 vestrum
1144 3893 1616 3985 Epiphanium
1666 3889 2074 3971 mandastiS‚
2114 3901 2192 3959 ut
2233 3888 2320 3957 ad
2372 3909 2650 3960 sacrum

130 3980 400 4053 ordinem
451 3983 826 4074 provehere
874 3983 1284 4053 deberemus
1315 4037 1331 4063 ,
1384 3982 1714 4068 vobisque
1760 3978 2352 4050 retransmittere:
2405 3976 2524 4045 sed
2574 3974 2648 4044 in

137 4084 236 4169 uno
280 4094 397 4142 vos
461 4072 882 4153 audivimuS,
928 4072 1000 4141 in
1063 4071 1278 4141 altero
1327 4092 1483 4140 vero
1530 4070 1821 4139 minime
1871 4069 2250 4159 potuimus.
2306 4066 2648 4134 Diaconus

137 4159 370 4258 quidem
442 4162 665 4231 sactus
710 4172 851 4242 est,
906 4160 1025 4232 sed
1075 4159 1396 4247 quisquis
1443 4158 1652 4229 semel
1704 4157 1775 4226 in
1826 4159 1956 4226 hac
2005 4156 2297 4227 ecclesia
2365 4175 2645 4226 sacrum

143 4246 410 4351 ordinem
461 4248 803 4341 acceperit
834 4249 1235 4340 egrediendi
1265 4271 1345 4318 ex
1376 4270 1457 4317 ea
1488 4246 1780 4317 ulterius
1830 4245 2175 4316 licentiam
2227 4266 2363 4315 non
2414 4242 2643 4312 habet.

140 4336 344 4495 §tergo
371 4339 604 4409 videre
636 4360 754 4408 vos
782 4360 918 4407 non
954 4340 1167 4429 potui,
1207 4338 1336 4408 hac
1365 4359 1446 4407 ex
1486 4359 1559 4406 re
1589 4335 2130 4406 consolationem
2179 4335 2420 4412 habe0,
2477 4330 2645 4418 quia

143 4438 192 4486 ¹11
287 4429 348 4498 io
387 4442 607 4499 vestro
647 4428 1023 4515 requiesco.
1063 4451 1099 4495 »
1136 4432 1305 4499 Item
1337 4425 1750 4498 Maximiano
1793 4426 2120 4518 episcopo
2171 4430 2640 4514 Syracusano:
