<?xml version="1.0" encoding="UTF-8"?>
<!DOCTYPE html PUBLIC "-//W3C//DTD XHTML 1.0 Transitional//EN"
    "http://www.w3.org/TR/xhtml1/DTD/xhtml1-transitional.dtd">
<html xmlns="http://www.w3.org/1999/xhtml" xml:lang="en" lang="en">
 <head>
  <title>
</title>
<meta http-equiv="Content-Type" content="text/html;charset=utf-8" />
  <meta name='ocr-system' content='tesseract 3.04.00' />
  <meta name='ocr-capabilities' content='ocr_page ocr_carea ocr_par ocr_line ocrx_word'/>
</head>
<body>
  <div class='ocr_page' id='page_1' title='image "./historiaeseuvit04lippgoog_0231.png"; bbox 0 0 3327 4999; ppageno 0'>
   <div class='ocr_carea' id='block_1_1' title="bbox 208 323 2666 393">
    <p class='ocr_par' dir='ltr' id='par_1_1' title="bbox 208 323 2666 393">
     <span class='ocr_line' id='line_1_1' title="bbox 208 323 2666 393; baseline 0.002 -6"><span class='ocrx_word' id='word_1_1' title='bbox 208 323 439 389; x_wconf 75' lang='lat' dir='ltr'>MART.</span> <span class='ocrx_word' id='word_1_2' title='bbox 497 326 580 390; x_wconf 69' lang='lat'>⁴2</span> <span class='ocrx_word' id='word_1_3' title='bbox 984 370 987 373; x_wconf 55' lang='lat'><strong>&gt;</strong></span> <span class='ocrx_word' id='word_1_4' title='bbox 1090 346 1170 391; x_wconf 75' lang='lat' dir='ltr'>nr.</span> <span class='ocrx_word' id='word_1_5' title='bbox 1217 346 1271 391; x_wconf 89' lang='lat' dir='ltr'>s.</span> <span class='ocrx_word' id='word_1_6' title='bbox 1328 344 1639 393; x_wconf 75' lang='lat' dir='ltr'>cancomo</span> <span class='ocrx_word' id='word_1_7' title='bbox 1690 346 1851 391; x_wconf 75' lang='lat' dir='ltr'>PAPA</span> <span class='ocrx_word' id='word_1_8' title='bbox 2535 330 2666 392; x_wconf 70' lang='lat'>2⁴7</span> 
     </span>
    </p>
   </div>
   <div class='ocr_carea' id='block_1_2' title="bbox 176 422 2754 4040">
    <p class='ocr_par' dir='ltr' id='par_1_2' title="bbox 192 422 2754 1462">
     <span class='ocr_line' id='line_1_2' title="bbox 208 422 2754 515; baseline 0.002 -26"><span class='ocrx_word' id='word_1_9' title='bbox 208 432 268 489; x_wconf 88' lang='lat' dir='ltr'>et</span> <span class='ocrx_word' id='word_1_10' title='bbox 310 422 698 513; x_wconf 85' lang='lat' dir='ltr'>prohibitus</span> <span class='ocrx_word' id='word_1_11' title='bbox 746 446 785 492; x_wconf 90' lang='lat' dir='ltr'>a</span> <span class='ocrx_word' id='word_1_12' title='bbox 838 423 1036 493; x_wconf 90' lang='lat' dir='ltr'>nobis</span> <span class='ocrx_word' id='word_1_13' title='bbox 1084 422 1388 493; x_wconf 84' lang='lat' dir='ltr'>codicem</span> <span class='ocrx_word' id='word_1_14' title='bbox 1442 424 1677 515; x_wconf 90' lang='lat' dir='ltr'>ipsum</span> <span class='ocrx_word' id='word_1_15' title='bbox 1749 424 1973 515; x_wconf 83' lang='lat' dir='ltr'>legere</span> <span class='ocrx_word' id='word_1_16' title='bbox 2004 478 2020 505; x_wconf 95' lang='lat'>,</span> <span class='ocrx_word' id='word_1_17' title='bbox 2075 423 2146 493; x_wconf 90' lang='lat' dir='ltr'>in</span> <span class='ocrx_word' id='word_1_18' title='bbox 2195 446 2333 511; x_wconf 91' lang='lat' dir='ltr'>quo</span> <span class='ocrx_word' id='word_1_19' title='bbox 2393 424 2754 515; x_wconf 81' lang='lat' dir='ltr'><strong>pestiferae</strong></span> 
     </span>
     <span class='ocr_line' id='line_1_3' title="bbox 204 507 2750 604; baseline 0.002 -27"><span class='ocrx_word' id='word_1_20' title='bbox 204 507 458 579; x_wconf 83' lang='lat' dir='ltr'>fraudis</span> <span class='ocrx_word' id='word_1_21' title='bbox 504 511 697 580; x_wconf 87' lang='lat' dir='ltr'>virus</span> <span class='ocrx_word' id='word_1_22' title='bbox 745 511 1077 581; x_wconf 82' lang='lat' dir='ltr'>innexum</span> <span class='ocrx_word' id='word_1_23' title='bbox 1127 523 1231 582; x_wconf 88' lang='lat' dir='ltr'>est</span> <span class='ocrx_word' id='word_1_24' title='bbox 1262 568 1277 593; x_wconf 91' lang='lat'>‚</span> <span class='ocrx_word' id='word_1_25' title='bbox 1341 511 1799 582; x_wconf 82' lang='lat' dir='ltr'>libentissime</span> <span class='ocrx_word' id='word_1_26' title='bbox 1847 512 2260 582; x_wconf 77' lang='lat' dir='ltr'>consensisti</span> <span class='ocrx_word' id='word_1_27' title='bbox 2298 536 2311 579; x_wconf 78' lang='lat' dir='ltr'><em>z</em></span> <span class='ocrx_word' id='word_1_28' title='bbox 2367 515 2750 604; x_wconf 83' lang='lat' dir='ltr'>reprobans</span> 
     </span>
     <span class='ocr_line' id='line_1_4' title="bbox 204 598 2751 687; baseline 0.003 -22"><span class='ocrx_word' id='word_1_29' title='bbox 204 598 398 667; x_wconf 89' lang='lat' dir='ltr'>etiam</span> <span class='ocrx_word' id='word_1_30' title='bbox 471 610 675 686; x_wconf 90' lang='lat' dir='ltr'>atque</span> <span class='ocrx_word' id='word_1_31' title='bbox 721 600 1198 670; x_wconf 89' lang='lat' dir='ltr'>condemnans</span> <span class='ocrx_word' id='word_1_32' title='bbox 1253 600 1490 670; x_wconf 91' lang='lat' dir='ltr'>omnia</span> <span class='ocrx_word' id='word_1_33' title='bbox 1520 654 1542 682; x_wconf 87' lang='lat'>,</span> <span class='ocrx_word' id='word_1_34' title='bbox 1597 622 1777 687; x_wconf 90' lang='lat' dir='ltr'>quae</span> <span class='ocrx_word' id='word_1_35' title='bbox 1825 599 1896 669; x_wconf 91' lang='lat' dir='ltr'>in</span> <span class='ocrx_word' id='word_1_36' title='bbox 1946 623 2025 670; x_wconf 94' lang='lat' dir='ltr'>eo</span> <span class='ocrx_word' id='word_1_37' title='bbox 2073 614 2311 671; x_wconf 90' lang='lat' dir='ltr'>contra</span> <span class='ocrx_word' id='word_1_38' title='bbox 2363 601 2751 672; x_wconf 77' lang='lat' dir='ltr'>Catholicae</span> 
     </span>
     <span class='ocr_line' id='line_1_5' title="bbox 205 684 2749 778; baseline 0.002 -24"><span class='ocrx_word' id='word_1_39' title='bbox 205 684 355 755; x_wconf 82' lang='lat' dir='ltr'>fidei</span> <span class='ocrx_word' id='word_1_40' title='bbox 405 687 862 778; x_wconf 75' lang='lat' dir='ltr'>integritatem</span> <span class='ocrx_word' id='word_1_41' title='bbox 914 687 1097 757; x_wconf 91' lang='lat' dir='ltr'>dicta</span> <span class='ocrx_word' id='word_1_42' title='bbox 1143 688 1247 758; x_wconf 90' lang='lat' dir='ltr'>vel</span> <span class='ocrx_word' id='word_1_43' title='bbox 1297 689 1585 758; x_wconf 89' lang='lat' dir='ltr'>latenter</span> <span class='ocrx_word' id='word_1_44' title='bbox 1630 690 1887 759; x_wconf 87' lang='lat' dir='ltr'>inserta</span> <span class='ocrx_word' id='word_1_45' title='bbox 1933 701 2122 770; x_wconf 89' lang='lat' dir='ltr'>sunt,</span> <span class='ocrx_word' id='word_1_46' title='bbox 2178 711 2304 759; x_wconf 88' lang='lat' dir='ltr'>nec</span> <span class='ocrx_word' id='word_1_47' title='bbox 2352 712 2509 759; x_wconf 92' lang='lat' dir='ltr'>eum</span> <span class='ocrx_word' id='word_1_48' title='bbox 2548 704 2610 759; x_wconf 88' lang='lat' dir='ltr'>ie</span> <span class='ocrx_word' id='word_1_49' title='bbox 2651 690 2749 758; x_wconf 91' lang='lat' dir='ltr'>le-</span> 
     </span>
     <span class='ocr_line' id='line_1_6' title="bbox 201 774 2747 868; baseline 0.002 -25"><span class='ocrx_word' id='word_1_50' title='bbox 201 796 350 863; x_wconf 80' lang='lat' dir='ltr'>gere</span> <span class='ocrx_word' id='word_1_51' title='bbox 395 774 627 845; x_wconf 88' lang='lat' dir='ltr'>denuo</span> <span class='ocrx_word' id='word_1_52' title='bbox 676 776 1077 867; x_wconf 84' lang='lat' dir='ltr'>promisisti.</span> <span class='ocrx_word' id='word_1_53' title='bbox 1130 781 1272 846; x_wconf 89' lang='lat' dir='ltr'>Hac</span> <span class='ocrx_word' id='word_1_54' title='bbox 1330 777 1592 846; x_wconf 86' lang='lat' dir='ltr'>ratione</span> <span class='ocrx_word' id='word_1_55' title='bbox 1627 776 1945 867; x_wconf 80' lang='lat' dir='ltr'>permoti,</span> <span class='ocrx_word' id='word_1_56' title='bbox 1985 788 2352 868; x_wconf 83' lang='lat' dir='ltr'>postquam</span> <span class='ocrx_word' id='word_1_57' title='bbox 2403 778 2610 847; x_wconf 91' lang='lat' dir='ltr'>etiam</span> <span class='ocrx_word' id='word_1_58' title='bbox 2665 799 2747 848; x_wconf 84' lang='lat' dir='ltr'>ex</span> 
     </span>
     <span class='ocr_line' id='line_1_7' title="bbox 201 863 2749 954; baseline 0.002 -23"><span class='ocrx_word' id='word_1_59' title='bbox 201 863 478 952; x_wconf 88' lang='lat' dir='ltr'>probata</span> <span class='ocrx_word' id='word_1_60' title='bbox 523 887 566 933; x_wconf 88' lang='lat' dir='ltr'>a</span> <span class='ocrx_word' id='word_1_61' title='bbox 612 876 675 933; x_wconf 91' lang='lat' dir='ltr'>te</span> <span class='ocrx_word' id='word_1_62' title='bbox 724 864 941 935; x_wconf 90' lang='lat' dir='ltr'>libelli</span> <span class='ocrx_word' id='word_1_63' title='bbox 989 865 1271 954; x_wconf 71' lang='lat' dir='ltr'>pagina,</span> <span class='ocrx_word' id='word_1_64' title='bbox 1322 878 1390 934; x_wconf 90' lang='lat' dir='ltr'>et</span> <span class='ocrx_word' id='word_1_65' title='bbox 1427 864 1599 934; x_wconf 87' lang='lat' dir='ltr'>fides</span> <span class='ocrx_word' id='word_1_66' title='bbox 1641 877 1758 934; x_wconf 90' lang='lat' dir='ltr'>tua</span> <span class='ocrx_word' id='word_1_67' title='bbox 1808 866 2008 936; x_wconf 89' lang='lat' dir='ltr'>nobis</span> <span class='ocrx_word' id='word_1_68' title='bbox 2055 867 2396 953; x_wconf 83' lang='lat' dir='ltr'>catholica</span> <span class='ocrx_word' id='word_1_69' title='bbox 2442 871 2575 935; x_wconf 90' lang='lat' dir='ltr'>Deo</span> <span class='ocrx_word' id='word_1_70' title='bbox 2623 888 2749 935; x_wconf 92' lang='lat' dir='ltr'>cu-</span> 
     </span>
     <span class='ocr_line' id='line_1_8' title="bbox 203 951 2735 1043; baseline 0 -22"><span class='ocrx_word' id='word_1_71' title='bbox 203 952 529 1022; x_wconf 85' lang='lat' dir='ltr'>stodiente</span> <span class='ocrx_word' id='word_1_72' title='bbox 611 951 958 1033; x_wconf 86' lang='lat' dir='ltr'>erclaruit,</span> <span class='ocrx_word' id='word_1_73' title='bbox 997 952 1084 1021; x_wconf 91' lang='lat' dir='ltr'>ab</span> <span class='ocrx_word' id='word_1_74' title='bbox 1133 954 1323 1021; x_wconf 90' lang='lat' dir='ltr'>omni</span> <span class='ocrx_word' id='word_1_75' title='bbox 1374 964 1436 1021; x_wconf 90' lang='lat' dir='ltr'>te</span> <span class='ocrx_word' id='word_1_76' title='bbox 1485 953 1867 1023; x_wconf 89' lang='lat' dir='ltr'>haereticae</span> <span class='ocrx_word' id='word_1_77' title='bbox 1917 954 2384 1043; x_wconf 79' lang='lat' dir='ltr'>perversitatis</span> <span class='ocrx_word' id='word_1_78' title='bbox 2435 954 2735 1034; x_wconf 86' lang='lat' dir='ltr'>macula,</span> 
     </span>
     <span class='ocr_line' id='line_1_9' title="bbox 192 1038 2751 1131; baseline 0.002 -24"><span class='ocrx_word' id='word_1_79' title='bbox 192 1038 377 1126; x_wconf 85' lang='lat' dir='ltr'>juxta</span> <span class='ocrx_word' id='word_1_80' title='bbox 420 1063 546 1131; x_wconf 90' lang='lat' dir='ltr'>pro</span> <span class='ocrx_word' id='word_1_81' title='bbox 576 1041 916 1110; x_wconf 85' lang='lat' dir='ltr'>essionem</span> <span class='ocrx_word' id='word_1_82' title='bbox 970 1053 1202 1122; x_wconf 86' lang='lat' dir='ltr'>tuam,</span> <span class='ocrx_word' id='word_1_83' title='bbox 1261 1040 1555 1110; x_wconf 84' lang='lat' dir='ltr'>liberum</span> <span class='ocrx_word' id='word_1_84' title='bbox 1606 1062 1756 1113; x_wconf 83' lang='lat' dir='ltr'>esse</span> <span class='ocrx_word' id='word_1_85' title='bbox 1803 1042 2289 1124; x_wconf 83' lang='lat' dir='ltr'>decernimuS‚</span> <span class='ocrx_word' id='word_1_86' title='bbox 2343 1054 2407 1112; x_wconf 88' lang='lat' dir='ltr'>ei</span> <span class='ocrx_word' id='word_1_87' title='bbox 2458 1041 2751 1112; x_wconf 89' lang='lat' dir='ltr'>catholi-</span> 
     </span>
     <span class='ocr_line' id='line_1_10' title="bbox 199 1129 2742 1221; baseline 0.001 -26"><span class='ocrx_word' id='word_1_88' title='bbox 199 1147 345 1196; x_wconf 90' lang='lat' dir='ltr'>cum</span> <span class='ocrx_word' id='word_1_89' title='bbox 395 1140 604 1215; x_wconf 90' lang='lat' dir='ltr'>atque</span> <span class='ocrx_word' id='word_1_90' title='bbox 651 1129 960 1201; x_wconf 78' lang='lat' dir='ltr'>sincerae</span> <span class='ocrx_word' id='word_1_91' title='bbox 1008 1129 1079 1198; x_wconf 89' lang='lat' dir='ltr'>in</span> <span class='ocrx_word' id='word_1_92' title='bbox 1128 1129 1455 1200; x_wconf 87' lang='lat' dir='ltr'>omnibus</span> <span class='ocrx_word' id='word_1_93' title='bbox 1509 1129 1672 1198; x_wconf 82' lang='lat' dir='ltr'>fidei</span> <span class='ocrx_word' id='word_1_94' title='bbox 1731 1129 2185 1221; x_wconf 83' lang='lat' dir='ltr'>professorem</span> <span class='ocrx_word' id='word_1_95' title='bbox 2227 1153 2307 1199; x_wconf 85' lang='lat' dir='ltr'>ac</span> <span class='ocrx_word' id='word_1_96' title='bbox 2348 1152 2742 1217; x_wconf 87' lang='lat' dir='ltr'>sequacem,</span> 
     </span>
     <span class='ocr_line' id='line_1_11' title="bbox 196 1215 2748 1308; baseline 0.002 -26"><span class='ocrx_word' id='word_1_97' title='bbox 196 1219 349 1284; x_wconf 84' lang='lat' dir='ltr'>Jesu</span> <span class='ocrx_word' id='word_1_98' title='bbox 396 1217 650 1286; x_wconf 88' lang='lat' dir='ltr'>Christi</span> <span class='ocrx_word' id='word_1_99' title='bbox 699 1215 1056 1285; x_wconf 89' lang='lat' dir='ltr'>salvatoris</span> <span class='ocrx_word' id='word_1_100' title='bbox 1103 1218 1362 1307; x_wconf 70' lang='lat' dir='ltr'>grat-ia,</span> <span class='ocrx_word' id='word_1_101' title='bbox 1416 1216 1753 1288; x_wconf 84' lang='lat' dir='ltr'>claruisse</span> <span class='ocrx_word' id='word_1_102' title='bbox 1801 1218 2374 1308; x_wconf 89' lang='lat' dir='ltr'>pronunciamus.</span> <span class='ocrx_word' id='word_1_103' title='bbox 2432 1219 2748 1289; x_wconf 88' lang='lat' dir='ltr'>Liberam</span> 
     </span>
     <span class='ocr_line' id='line_1_12' title="bbox 198 1304 2749 1391; baseline 0.001 -18"><span class='ocrx_word' id='word_1_104' title='bbox 198 1322 463 1391; x_wconf 90' lang='lat' dir='ltr'>quoque</span> <span class='ocrx_word' id='word_1_105' title='bbox 511 1304 879 1374; x_wconf 90' lang='lat' dir='ltr'>tribuendo</span> <span class='ocrx_word' id='word_1_106' title='bbox 930 1304 1301 1385; x_wconf 81' lang='lat' dir='ltr'>licentiam,</span> <span class='ocrx_word' id='word_1_107' title='bbox 1344 1305 1428 1374; x_wconf 91' lang='lat' dir='ltr'>ad</span> <span class='ocrx_word' id='word_1_108' title='bbox 1468 1318 1665 1376; x_wconf 91' lang='lat' dir='ltr'>tuum</span> <span class='ocrx_word' id='word_1_109' title='bbox 1703 1308 2199 1377; x_wconf 89' lang='lat' dir='ltr'>monasterium</span> <span class='ocrx_word' id='word_1_110' title='bbox 2237 1306 2311 1376; x_wconf 92' lang='lat' dir='ltr'>in</span> <span class='ocrx_word' id='word_1_111' title='bbox 2349 1318 2468 1376; x_wconf 91' lang='lat' dir='ltr'>tuo</span> <span class='ocrx_word' id='word_1_112' title='bbox 2504 1319 2566 1376; x_wconf 90' lang='lat' dir='ltr'>te</span> <span class='ocrx_word' id='word_1_113' title='bbox 2601 1306 2749 1375; x_wconf 94' lang='lat' dir='ltr'>loco</span> 
     </span>
     <span class='ocr_line' id='line_1_13' title="bbox 197 1392 1539 1462; baseline 0.002 -5"><span class='ocrx_word' id='word_1_114' title='bbox 197 1392 287 1460; x_wconf 77' lang='lat' dir='ltr'>vel</span> <span class='ocrx_word' id='word_1_115' title='bbox 337 1392 588 1461; x_wconf 90' lang='lat' dir='ltr'>ordine</span> <span class='ocrx_word' id='word_1_116' title='bbox 638 1392 1098 1462; x_wconf 87' lang='lat' dir='ltr'>nihilominus</span> <span class='ocrx_word' id='word_1_117' title='bbox 1139 1414 1466 1462; x_wconf 89' lang='lat' dir='ltr'>remeare.</span> <span class='ocrx_word' id='word_1_118' title='bbox 1502 1417 1539 1460; x_wconf 86' lang='lat'>»</span> 
     </span>
    </p>

    <p class='ocr_par' dir='ltr' id='par_1_3' title="bbox 176 1480 2750 4040">
     <span class='ocr_line' id='line_1_14' title="bbox 273 1480 2745 1573; baseline -0.001 -21"><span class='ocrx_word' id='word_1_119' title='bbox 273 1487 311 1561; x_wconf 67' lang='grc' dir='ltr'>ἓ</span> <span class='ocrx_word' id='word_1_120' title='bbox 366 1484 519 1552; x_wconf 69' lang='lat'>28.</span> <span class='ocrx_word' id='word_1_121' title='bbox 576 1481 1064 1550; x_wconf 77' lang='lat' dir='ltr'>Scliismaticos</span> <span class='ocrx_word' id='word_1_122' title='bbox 1110 1481 1195 1550; x_wconf 90' lang='lat' dir='ltr'>ad</span> <span class='ocrx_word' id='word_1_123' title='bbox 1230 1481 1699 1573; x_wconf 90' lang='lat' dir='ltr'>recipiendam</span> <span class='ocrx_word' id='word_1_124' title='bbox 1731 1480 2267 1552; x_wconf 83' lang='lat' dir='ltr'>satisfactionem</span> <span class='ocrx_word' id='word_1_125' title='bbox 2305 1482 2540 1565; x_wconf 83' lang='lat' dir='ltr'>venire</span> <span class='ocrx_word' id='word_1_126' title='bbox 2581 1486 2745 1551; x_wconf 84' lang='lat' dir='ltr'>Gre-</span> 
     </span>
     <span class='ocr_line' id='line_1_15' title="bbox 193 1568 2746 1657; baseline 0 -20"><span class='ocrx_word' id='word_1_127' title='bbox 193 1568 423 1657; x_wconf 84' lang='lat' dir='ltr'>gorius</span> <span class='ocrx_word' id='word_1_128' title='bbox 470 1568 825 1638; x_wconf 87' lang='lat' dir='ltr'>invitabat.</span> <span class='ocrx_word' id='word_1_129' title='bbox 879 1568 1171 1651; x_wconf 89' lang='lat' dir='ltr'>Quibus,</span> <span class='ocrx_word' id='word_1_130' title='bbox 1224 1570 1428 1639; x_wconf 90' lang='lat' dir='ltr'>etiam</span> <span class='ocrx_word' id='word_1_131' title='bbox 1471 1570 1532 1639; x_wconf 89' lang='lat' dir='ltr'>si</span> <span class='ocrx_word' id='word_1_132' title='bbox 1573 1592 1958 1657; x_wconf 87' lang='lat' dir='ltr'>numquam</span> <span class='ocrx_word' id='word_1_133' title='bbox 1997 1570 2083 1639; x_wconf 90' lang='lat' dir='ltr'>ad</span> <span class='ocrx_word' id='word_1_134' title='bbox 2125 1570 2460 1640; x_wconf 90' lang='lat' dir='ltr'>unitatem</span> <span class='ocrx_word' id='word_1_135' title='bbox 2515 1570 2746 1639; x_wconf 90' lang='lat' dir='ltr'>Eccle-</span> 
     </span>
     <span class='ocr_line' id='line_1_16' title="bbox 193 1656 2750 1749; baseline 0.002 -27"><span class='ocrx_word' id='word_1_136' title='bbox 193 1656 324 1725; x_wconf 84' lang='lat' dir='ltr'>siae</span> <span class='ocrx_word' id='word_1_137' title='bbox 378 1657 608 1726; x_wconf 87' lang='lat' dir='ltr'>redire</span> <span class='ocrx_word' id='word_1_138' title='bbox 659 1656 1056 1737; x_wconf 83' lang='lat' dir='ltr'>voluissent,</span> <span class='ocrx_word' id='word_1_139' title='bbox 1110 1657 1375 1727; x_wconf 88' lang='lat' dir='ltr'>nullam</span> <span class='ocrx_word' id='word_1_140' title='bbox 1427 1679 1500 1728; x_wconf 90' lang='lat' dir='ltr'>se</span> <span class='ocrx_word' id='word_1_141' title='bbox 1546 1657 1892 1728; x_wconf 83' lang='lat' dir='ltr'>facturum</span> <span class='ocrx_word' id='word_1_142' title='bbox 1943 1657 2337 1728; x_wconf 89' lang='lat' dir='ltr'>violentiam</span> <span class='ocrx_word' id='word_1_143' title='bbox 2392 1658 2750 1749; x_wconf 87' lang='lat' dir='ltr'>promitte-</span> 
     </span>
     <span class='ocr_line' id='line_1_17' title="bbox 190 1742 2740 1836; baseline 0 -24"><span class='ocrx_word' id='word_1_144' title='bbox 190 1742 319 1814; x_wconf 87' lang='lat' dir='ltr'>bat.</span> <span class='ocrx_word' id='word_1_145' title='bbox 376 1744 575 1815; x_wconf 89' lang='lat' dir='ltr'>Unde</span> <span class='ocrx_word' id='word_1_146' title='bbox 622 1750 816 1815; x_wconf 92' lang='lat' dir='ltr'>Petro</span> <span class='ocrx_word' id='word_1_147' title='bbox 880 1756 946 1815; x_wconf 89' lang='lat' dir='ltr'>et</span> <span class='ocrx_word' id='word_1_148' title='bbox 993 1745 1363 1815; x_wconf 90' lang='lat' dir='ltr'>Prudentio</span> <span class='ocrx_word' id='word_1_149' title='bbox 1410 1745 1758 1836; x_wconf 89' lang='lat' dir='ltr'>episcopis</span> <span class='ocrx_word' id='word_1_150' title='bbox 1823 1745 1907 1815; x_wconf 89' lang='lat' dir='ltr'>de</span> <span class='ocrx_word' id='word_1_151' title='bbox 1956 1747 2158 1815; x_wconf 91' lang='lat' dir='ltr'>Istria</span> <span class='ocrx_word' id='word_1_152' title='bbox 2208 1746 2546 1827; x_wconf 86' lang='lat' dir='ltr'>scribens,</span> <span class='ocrx_word' id='word_1_153' title='bbox 2601 1746 2740 1816; x_wconf 88' lang='lat' dir='ltr'>aii:</span> 
     </span>
     <span class='ocr_line' id='line_1_18' title="bbox 193 1832 2746 1921; baseline 0.002 -24"><span class='ocrx_word' id='word_1_154' title='bbox 193 1853 224 1897; x_wconf 85' lang='lat'>«</span> <span class='ocrx_word' id='word_1_155' title='bbox 254 1837 429 1905; x_wconf 90' lang='lat' dir='ltr'>Deus</span> <span class='ocrx_word' id='word_1_156' title='bbox 479 1833 600 1920; x_wconf 88' lang='lat' dir='ltr'>qui</span> <span class='ocrx_word' id='word_1_157' title='bbox 634 1832 926 1902; x_wconf 89' lang='lat' dir='ltr'>laetatur</span> <span class='ocrx_word' id='word_1_158' title='bbox 954 1833 1025 1901; x_wconf 89' lang='lat' dir='ltr'>in</span> <span class='ocrx_word' id='word_1_159' title='bbox 1053 1834 1317 1903; x_wconf 90' lang='lat' dir='ltr'>unitate</span> <span class='ocrx_word' id='word_1_160' title='bbox 1344 1834 1683 1915; x_wconf 84' lang='lat' dir='ltr'>fidelium,</span> <span class='ocrx_word' id='word_1_161' title='bbox 1718 1847 1783 1904; x_wconf 89' lang='lat' dir='ltr'>et</span> <span class='ocrx_word' id='word_1_162' title='bbox 1815 1834 2070 1903; x_wconf 80' lang='lat' dir='ltr'>revelat</span> <span class='ocrx_word' id='word_1_163' title='bbox 2108 1836 2600 1921; x_wconf 86' lang='lat' dir='ltr'>quaerentibus</span> <span class='ocrx_word' id='word_1_164' title='bbox 2636 1855 2746 1903; x_wconf 90' lang='lat' dir='ltr'>ve-</span> 
     </span>
     <span class='ocr_line' id='line_1_19' title="bbox 190 1919 2748 2012; baseline 0 -21"><span class='ocrx_word' id='word_1_165' title='bbox 190 1919 483 2003; x_wconf 86' lang='lat' dir='ltr'>ritatem,</span> <span class='ocrx_word' id='word_1_166' title='bbox 521 1921 714 1991; x_wconf 87' lang='lat' dir='ltr'>cordi</span> <span class='ocrx_word' id='word_1_167' title='bbox 767 1933 1010 2001; x_wconf 80' lang='lat' dir='ltr'>vestm,</span> <span class='ocrx_word' id='word_1_168' title='bbox 1049 1921 1482 1992; x_wconf 81' lang='lat' dir='ltr'>dilectissimi</span> <span class='ocrx_word' id='word_1_169' title='bbox 1523 1922 1790 1997; x_wconf 86' lang='lat' dir='ltr'>fratres,</span> <span class='ocrx_word' id='word_1_170' title='bbox 1841 1923 2126 2012; x_wconf 88' lang='lat' dir='ltr'>aperiat,</span> <span class='ocrx_word' id='word_1_171' title='bbox 2165 1937 2426 2009; x_wconf 87' lang='lat' dir='ltr'>quanto</span> <span class='ocrx_word' id='word_1_172' title='bbox 2473 1945 2592 1991; x_wconf 78' lang='lat' dir='ltr'>vos</span> <span class='ocrx_word' id='word_1_173' title='bbox 2626 1922 2748 1992; x_wconf 88' lang='lat' dir='ltr'>de-</span> 
     </span>
     <span class='ocr_line' id='line_1_20' title="bbox 189 2008 2742 2100; baseline 0 -24"><span class='ocrx_word' id='word_1_174' title='bbox 189 2008 438 2079; x_wconf 89' lang='lat' dir='ltr'>siderio</span> <span class='ocrx_word' id='word_1_175' title='bbox 474 2009 545 2078; x_wconf 91' lang='lat' dir='ltr'>in</span> <span class='ocrx_word' id='word_1_176' title='bbox 580 2009 844 2099; x_wconf 86' lang='lat' dir='ltr'>gremio</span> <span class='ocrx_word' id='word_1_177' title='bbox 876 2009 1155 2100; x_wconf 92' lang='lat' dir='ltr'>cupiam</span> <span class='ocrx_word' id='word_1_178' title='bbox 1209 2022 1486 2079; x_wconf 89' lang='lat' dir='ltr'>sanctae</span> <span class='ocrx_word' id='word_1_179' title='bbox 1533 2010 1951 2082; x_wconf 91' lang='lat' dir='ltr'>universalis</span> <span class='ocrx_word' id='word_1_180' title='bbox 1984 2010 2328 2081; x_wconf 88' lang='lat' dir='ltr'>Ecclesiae</span> <span class='ocrx_word' id='word_1_181' title='bbox 2377 2010 2742 2088; x_wconf 89' lang='lat' dir='ltr'>contineri,</span> 
     </span>
     <span class='ocr_line' id='line_1_21' title="bbox 189 2097 2747 2188; baseline 0.001 -25"><span class='ocrx_word' id='word_1_182' title='bbox 189 2108 247 2166; x_wconf 90' lang='lat' dir='ltr'>et</span> <span class='ocrx_word' id='word_1_183' title='bbox 302 2098 372 2167; x_wconf 91' lang='lat' dir='ltr'>in</span> <span class='ocrx_word' id='word_1_184' title='bbox 426 2099 583 2188; x_wconf 89' lang='lat' dir='ltr'>ejus</span> <span class='ocrx_word' id='word_1_185' title='bbox 633 2119 914 2167; x_wconf 89' lang='lat' dir='ltr'>manere</span> <span class='ocrx_word' id='word_1_186' title='bbox 969 2098 1233 2167; x_wconf 89' lang='lat' dir='ltr'>unitate</span> <span class='ocrx_word' id='word_1_187' title='bbox 1281 2097 1681 2167; x_wconf 87' lang='lat' dir='ltr'>concordes.</span> <span class='ocrx_word' id='word_1_188' title='bbox 1736 2097 1926 2180; x_wconf 89' lang='lat' dir='ltr'>Quod</span> <span class='ocrx_word' id='word_1_189' title='bbox 1993 2097 2135 2167; x_wconf 89' lang='lat' dir='ltr'>fore</span> <span class='ocrx_word' id='word_1_190' title='bbox 2184 2121 2318 2167; x_wconf 91' lang='lat' dir='ltr'>non</span> <span class='ocrx_word' id='word_1_191' title='bbox 2371 2099 2637 2176; x_wconf 89' lang='lat' dir='ltr'>dubito,</span> <span class='ocrx_word' id='word_1_192' title='bbox 2686 2097 2747 2166; x_wconf 92' lang='lat' dir='ltr'>si</span> 
     </span>
     <span class='ocr_line' id='line_1_22' title="bbox 191 2183 2747 2275; baseline 0 -21"><span class='ocrx_word' id='word_1_193' title='bbox 191 2184 454 2275; x_wconf 76' lang='lat' dir='ltr'>abJecto</span> <span class='ocrx_word' id='word_1_194' title='bbox 502 2186 963 2257; x_wconf 88' lang='lat' dir='ltr'>contentionis</span> <span class='ocrx_word' id='word_1_195' title='bbox 1012 2185 1317 2264; x_wconf 90' lang='lat' dir='ltr'>stimulo,</span> <span class='ocrx_word' id='word_1_196' title='bbox 1368 2186 1688 2256; x_wconf 84' lang='lat' dir='ltr'>satisfieri</span> <span class='ocrx_word' id='word_1_197' title='bbox 1740 2186 1934 2256; x_wconf 86' lang='lat' dir='ltr'>vobis</span> <span class='ocrx_word' id='word_1_198' title='bbox 1981 2187 2313 2256; x_wconf 86' lang='lat' dir='ltr'>veraciter</span> <span class='ocrx_word' id='word_1_199' title='bbox 2360 2187 2444 2255; x_wconf 92' lang='lat' dir='ltr'>de</span> <span class='ocrx_word' id='word_1_200' title='bbox 2487 2186 2620 2265; x_wconf 90' lang='lat' dir='ltr'>his,</span> <span class='ocrx_word' id='word_1_201' title='bbox 2660 2183 2747 2255; x_wconf 91' lang='lat' dir='ltr'>de</span> 
     </span>
     <span class='ocr_line' id='line_1_23' title="bbox 188 2272 2744 2365; baseline 0 -22"><span class='ocrx_word' id='word_1_202' title='bbox 188 2275 447 2359; x_wconf 83' lang='lat' dir='ltr'>quibus</span> <span class='ocrx_word' id='word_1_203' title='bbox 495 2286 598 2344; x_wconf 91' lang='lat' dir='ltr'>est</span> <span class='ocrx_word' id='word_1_204' title='bbox 645 2274 986 2354; x_wconf 82' lang='lat' dir='ltr'>dubietaS‚</span> <span class='ocrx_word' id='word_1_205' title='bbox 1028 2273 1424 2344; x_wconf 85' lang='lat' dir='ltr'>intendatis.</span> <span class='ocrx_word' id='word_1_206' title='bbox 1464 2274 1860 2343; x_wconf 87' lang='lat' dir='ltr'>Remeantis</span> <span class='ocrx_word' id='word_1_207' title='bbox 1892 2286 2125 2365; x_wconf 84' lang='lat' dir='ltr'>autem</span> <span class='ocrx_word' id='word_1_208' title='bbox 2158 2274 2443 2344; x_wconf 85' lang='lat' dir='ltr'>Castorii</span> <span class='ocrx_word' id='word_1_209' title='bbox 2494 2272 2744 2343; x_wconf 85' lang='lat' dir='ltr'>notarii</span> 
     </span>
     <span class='ocr_line' id='line_1_24' title="bbox 186 2360 2748 2443; baseline 0 -13"><span class='ocrx_word' id='word_1_210' title='bbox 186 2364 317 2431; x_wconf 89' lang='lat' dir='ltr'>mei</span> <span class='ocrx_word' id='word_1_211' title='bbox 365 2360 703 2433; x_wconf 88' lang='lat' dir='ltr'>relatione</span> <span class='ocrx_word' id='word_1_212' title='bbox 749 2361 1035 2432; x_wconf 89' lang='lat' dir='ltr'>edoctus</span> <span class='ocrx_word' id='word_1_213' title='bbox 1082 2384 1264 2443; x_wconf 92' lang='lat' dir='ltr'>sum,</span> <span class='ocrx_word' id='word_1_214' title='bbox 1320 2361 1814 2432; x_wconf 85' lang='lat' dir='ltr'>fraternitatem</span> <span class='ocrx_word' id='word_1_215' title='bbox 1856 2375 2145 2431; x_wconf 90' lang='lat' dir='ltr'>vestram</span> <span class='ocrx_word' id='word_1_216' title='bbox 2194 2361 2277 2430; x_wconf 92' lang='lat' dir='ltr'>ad</span> <span class='ocrx_word' id='word_1_217' title='bbox 2329 2384 2439 2432; x_wconf 89' lang='lat' dir='ltr'>me</span> <span class='ocrx_word' id='word_1_218' title='bbox 2493 2362 2748 2431; x_wconf 85' lang='lat' dir='ltr'>habere</span> 
     </span>
     <span class='ocr_line' id='line_1_25' title="bbox 188 2448 2744 2543; baseline 0 -25"><span class='ocrx_word' id='word_1_219' title='bbox 188 2448 611 2523; x_wconf 87' lang='lat' dir='ltr'>desiderium</span> <span class='ocrx_word' id='word_1_220' title='bbox 649 2450 1005 2530; x_wconf 88' lang='lat' dir='ltr'>veniendi,</span> <span class='ocrx_word' id='word_1_221' title='bbox 1044 2450 1102 2519; x_wconf 93' lang='lat' dir='ltr'>si</span> <span class='ocrx_word' id='word_1_222' title='bbox 1133 2449 1552 2543; x_wconf 85' lang='lat' dir='ltr'>promissum</span> <span class='ocrx_word' id='word_1_223' title='bbox 1591 2450 1818 2532; x_wconf 87' lang='lat' dir='ltr'>fuerit,</span> <span class='ocrx_word' id='word_1_224' title='bbox 1856 2454 2022 2537; x_wconf 88' lang='lat' dir='ltr'>quia</span> <span class='ocrx_word' id='word_1_225' title='bbox 2055 2448 2317 2520; x_wconf 89' lang='lat' dir='ltr'>nullam</span> <span class='ocrx_word' id='word_1_226' title='bbox 2357 2450 2744 2521; x_wconf 87' lang='lat' dir='ltr'>molestiam</span> 
     </span>
     <span class='ocr_line' id='line_1_26' title="bbox 186 2538 2748 2630; baseline 0 -23"><span class='ocrx_word' id='word_1_227' title='bbox 186 2539 578 2610; x_wconf 88' lang='lat' dir='ltr'>sustinebit.</span> <span class='ocrx_word' id='word_1_228' title='bbox 646 2545 787 2609; x_wconf 88' lang='lat' dir='ltr'>Hoc</span> <span class='ocrx_word' id='word_1_229' title='bbox 846 2561 973 2630; x_wconf 85' lang='lat' dir='ltr'>ego</span> <span class='ocrx_word' id='word_1_230' title='bbox 1037 2561 1503 2630; x_wconf 85' lang='lat' dir='ltr'>cognoscens,</span> <span class='ocrx_word' id='word_1_231' title='bbox 1572 2551 1638 2608; x_wconf 93' lang='lat' dir='ltr'>et</span> <span class='ocrx_word' id='word_1_232' title='bbox 1687 2552 1878 2630; x_wconf 90' lang='lat' dir='ltr'>opt0‚</span> <span class='ocrx_word' id='word_1_233' title='bbox 1945 2551 2010 2610; x_wconf 87' lang='lat' dir='ltr'>et</span> <span class='ocrx_word' id='word_1_234' title='bbox 2067 2561 2445 2609; x_wconf 89' lang='lat' dir='ltr'>succensus</span> <span class='ocrx_word' id='word_1_235' title='bbox 2501 2538 2748 2608; x_wconf 91' lang='lat' dir='ltr'>ardore</span> 
     </span>
     <span class='ocr_line' id='line_1_27' title="bbox 185 2625 2740 2708; baseline 0.001 -15"><span class='ocrx_word' id='word_1_236' title='bbox 185 2625 540 2699; x_wconf 86' lang='lat' dir='ltr'>charitatis</span> <span class='ocrx_word' id='word_1_237' title='bbox 594 2627 833 2708; x_wconf 87' lang='lat' dir='ltr'>invito,</span> <span class='ocrx_word' id='word_1_238' title='bbox 885 2639 963 2697; x_wconf 88' lang='lat' dir='ltr'>ut</span> <span class='ocrx_word' id='word_1_239' title='bbox 1018 2627 1104 2697; x_wconf 90' lang='lat' dir='ltr'>ad</span> <span class='ocrx_word' id='word_1_240' title='bbox 1156 2650 1266 2698; x_wconf 90' lang='lat' dir='ltr'>me</span> <span class='ocrx_word' id='word_1_241' title='bbox 1315 2627 1633 2697; x_wconf 89' lang='lat' dir='ltr'>veniendi</span> <span class='ocrx_word' id='word_1_242' title='bbox 1684 2628 1990 2698; x_wconf 90' lang='lat' dir='ltr'>debeatis</span> <span class='ocrx_word' id='word_1_243' title='bbox 2025 2627 2329 2697; x_wconf 90' lang='lat' dir='ltr'>lahorem</span> <span class='ocrx_word' id='word_1_244' title='bbox 2362 2648 2740 2707; x_wconf 90' lang='lat' dir='ltr'>assumere,</span> 
     </span>
     <span class='ocr_line' id='line_1_28' title="bbox 183 2714 2749 2806; baseline 0 -22"><span class='ocrx_word' id='word_1_245' title='bbox 183 2729 528 2801; x_wconf 90' lang='lat' dir='ltr'>quatenus</span> <span class='ocrx_word' id='word_1_246' title='bbox 563 2715 818 2806; x_wconf 89' lang='lat' dir='ltr'>pariter</span> <span class='ocrx_word' id='word_1_247' title='bbox 857 2714 1310 2797; x_wconf 84' lang='lat' dir='ltr'>conferenteS‚</span> <span class='ocrx_word' id='word_1_248' title='bbox 1344 2738 1521 2804; x_wconf 89' lang='lat' dir='ltr'>quae</span> <span class='ocrx_word' id='word_1_249' title='bbox 1552 2738 1709 2786; x_wconf 88' lang='lat' dir='ltr'>vera</span> <span class='ocrx_word' id='word_1_250' title='bbox 1739 2729 1803 2785; x_wconf 92' lang='lat' dir='ltr'>et</span> <span class='ocrx_word' id='word_1_251' title='bbox 1839 2715 2281 2806; x_wconf 87' lang='lat' dir='ltr'>Redemptori</span> <span class='ocrx_word' id='word_1_252' title='bbox 2322 2727 2554 2785; x_wconf 86' lang='lat' dir='ltr'>nostro</span> <span class='ocrx_word' id='word_1_253' title='bbox 2583 2725 2749 2784; x_wconf 88' lang='lat' dir='ltr'>sunt</span> 
     </span>
     <span class='ocr_line' id='line_1_29' title="bbox 185 2802 2736 2893; baseline -0 -22"><span class='ocrx_word' id='word_1_254' title='bbox 185 2802 463 2893; x_wconf 87' lang='lat' dir='ltr'>placita,</span> <span class='ocrx_word' id='word_1_255' title='bbox 515 2815 581 2873; x_wconf 86' lang='lat' dir='ltr'>et</span> <span class='ocrx_word' id='word_1_256' title='bbox 631 2804 1095 2873; x_wconf 86' lang='lat' dir='ltr'>communiter</span> <span class='ocrx_word' id='word_1_257' title='bbox 1141 2804 1532 2891; x_wconf 89' lang='lat' dir='ltr'>loquamur,</span> <span class='ocrx_word' id='word_1_258' title='bbox 1586 2817 1652 2874; x_wconf 89' lang='lat' dir='ltr'>et</span> <span class='ocrx_word' id='word_1_259' title='bbox 1700 2804 1926 2875; x_wconf 89' lang='lat' dir='ltr'>modis</span> <span class='ocrx_word' id='word_1_260' title='bbox 1972 2805 2303 2874; x_wconf 91' lang='lat' dir='ltr'>omnibus</span> <span class='ocrx_word' id='word_1_261' title='bbox 2353 2818 2736 2873; x_wconf 89' lang='lat' dir='ltr'>teneamus.</span> 
     </span>
     <span class='ocr_line' id='line_1_30' title="bbox 182 2891 2741 2992; baseline -0.001 -31"><span class='ocrx_word' id='word_1_262' title='bbox 182 2894 314 2992; x_wconf 80' lang='lat' dir='ltr'>Ego</span> <span class='ocrx_word' id='word_1_263' title='bbox 358 2913 528 2962; x_wconf 85' lang='lat' dir='ltr'>vero</span> <span class='ocrx_word' id='word_1_264' title='bbox 592 2891 866 2961; x_wconf 89' lang='lat' dir='ltr'>divinae</span> <span class='ocrx_word' id='word_1_265' title='bbox 961 2892 1130 2961; x_wconf 68' lang='lat' dir='ltr'>tatia</span> <span class='ocrx_word' id='word_1_266' title='bbox 1187 2892 1629 2982; x_wconf 89' lang='lat' dir='ltr'>protectionis</span> <span class='ocrx_word' id='word_1_267' title='bbox 1679 2893 2125 2983; x_wconf 83' lang='lat' dir='ltr'>suffragante,</span> <span class='ocrx_word' id='word_1_268' title='bbox 2181 2891 2576 2964; x_wconf 90' lang='lat' dir='ltr'>satisfacere</span> <span class='ocrx_word' id='word_1_269' title='bbox 2623 2912 2741 2959; x_wconf 87' lang='lat' dir='ltr'>vo-</span> 
     </span>
     <span class='ocr_line' id='line_1_31' title="bbox 182 2915 2747 3079; baseline -0.001 -29"><span class='ocrx_word' id='word_1_270' title='bbox 182 2979 319 3063; x_wconf 77' lang='lat' dir='ltr'>his,</span> <span class='ocrx_word' id='word_1_271' title='bbox 378 2980 471 3050; x_wconf 90' lang='lat' dir='ltr'>de</span> <span class='ocrx_word' id='word_1_272' title='bbox 517 2980 778 3079; x_wconf 86' lang='lat' dir='ltr'>quibus</span> <span class='ocrx_word' id='word_1_273' title='bbox 824 2915 1157 3050; x_wconf 47' lang='lat' dir='ltr'>duffiitatis</span> <span class='ocrx_word' id='word_1_274' title='bbox 1186 3033 1209 3059; x_wconf 86' lang='lat'>,</span> <span class='ocrx_word' id='word_1_275' title='bbox 1265 2994 1550 3071; x_wconf 88' lang='lat' dir='ltr'>paratus</span> <span class='ocrx_word' id='word_1_276' title='bbox 1598 3002 1805 3050; x_wconf 89' lang='lat' dir='ltr'>sum:</span> <span class='ocrx_word' id='word_1_277' title='bbox 1858 2994 1924 3049; x_wconf 91' lang='lat' dir='ltr'>et</span> <span class='ocrx_word' id='word_1_278' title='bbox 1968 2980 2245 3051; x_wconf 82' lang='lat' dir='ltr'>conlido</span> <span class='ocrx_word' id='word_1_279' title='bbox 2292 2980 2376 3049; x_wconf 91' lang='lat' dir='ltr'>de</span> <span class='ocrx_word' id='word_1_280' title='bbox 2425 2980 2747 3068; x_wconf 91' lang='lat' dir='ltr'>omnipo-</span> 
     </span>
     <span class='ocr_line' id='line_1_32' title="bbox 184 3067 2741 3169; baseline -0 -34"><span class='ocrx_word' id='word_1_281' title='bbox 184 3071 381 3139; x_wconf 90' lang='lat' dir='ltr'>tentis</span> <span class='ocrx_word' id='word_1_282' title='bbox 438 3072 555 3137; x_wconf 78' lang='lat' dir='ltr'>Det</span> <span class='ocrx_word' id='word_1_283' title='bbox 603 3067 822 3138; x_wconf 88' lang='lat' dir='ltr'>nostri</span> <span class='ocrx_word' id='word_1_284' title='bbox 870 3068 1237 3138; x_wconf 76' lang='lat' dir='ltr'>clementia</span> <span class='ocrx_word' id='word_1_285' title='bbox 1270 3121 1285 3149; x_wconf 92' lang='lat'>‚</span> <span class='ocrx_word' id='word_1_286' title='bbox 1338 3068 1505 3169; x_wconf 87' lang='lat' dir='ltr'>quia</span> <span class='ocrx_word' id='word_1_287' title='bbox 1554 3068 1647 3137; x_wconf 85' lang='lat' dir='ltr'>ita</span> <span class='ocrx_word' id='word_1_288' title='bbox 1695 3068 1890 3138; x_wconf 87' lang='lat' dir='ltr'>vobis</span> <span class='ocrx_word' id='word_1_289' title='bbox 1938 3068 2313 3138; x_wconf 87' lang='lat' dir='ltr'>satisfactio</span> <span class='ocrx_word' id='word_1_290' title='bbox 2362 3091 2515 3137; x_wconf 89' lang='lat' dir='ltr'>mea</span> <span class='ocrx_word' id='word_1_291' title='bbox 2564 3068 2741 3137; x_wconf 90' lang='lat' dir='ltr'>inte-</span> 
     </span>
     <span class='ocr_line' id='line_1_33' title="bbox 182 3155 2745 3246; baseline -0.001 -22"><span class='ocrx_word' id='word_1_292' title='bbox 182 3157 322 3228; x_wconf 88' lang='lat' dir='ltr'>rius</span> <span class='ocrx_word' id='word_1_293' title='bbox 370 3155 788 3237; x_wconf 87' lang='lat' dir='ltr'>inhaerebit,</span> <span class='ocrx_word' id='word_1_294' title='bbox 834 3169 912 3225; x_wconf 88' lang='lat' dir='ltr'>ut</span> <span class='ocrx_word' id='word_1_295' title='bbox 959 3155 1133 3225; x_wconf 89' lang='lat' dir='ltr'>nihil</span> <span class='ocrx_word' id='word_1_296' title='bbox 1185 3156 1505 3226; x_wconf 81' lang='lat' dir='ltr'>charitati</span> <span class='ocrx_word' id='word_1_297' title='bbox 1554 3168 1818 3226; x_wconf 88' lang='lat' dir='ltr'>vestrae</span> <span class='ocrx_word' id='word_1_298' title='bbox 1864 3158 2220 3226; x_wconf 86' lang='lat' dir='ltr'>decaetero</span> <span class='ocrx_word' id='word_1_299' title='bbox 2269 3156 2485 3246; x_wconf 89' lang='lat' dir='ltr'>possit</span> <span class='ocrx_word' id='word_1_300' title='bbox 2519 3155 2745 3224; x_wconf 90' lang='lat' dir='ltr'>ambi-</span> 
     </span>
     <span class='ocr_line' id='line_1_34' title="bbox 181 3242 2743 3334; baseline -0.001 -20"><span class='ocrx_word' id='word_1_301' title='bbox 181 3266 399 3334; x_wconf 88' lang='lat' dir='ltr'>guum</span> <span class='ocrx_word' id='word_1_302' title='bbox 474 3265 855 3313; x_wconf 89' lang='lat' dir='ltr'>remanere.</span> <span class='ocrx_word' id='word_1_303' title='bbox 911 3249 1075 3314; x_wconf 89' lang='lat' dir='ltr'>Nam</span> <span class='ocrx_word' id='word_1_304' title='bbox 1129 3243 1290 3326; x_wconf 92' lang='lat' dir='ltr'>illa,</span> <span class='ocrx_word' id='word_1_305' title='bbox 1343 3267 1521 3332; x_wconf 90' lang='lat' dir='ltr'>quae</span> <span class='ocrx_word' id='word_1_306' title='bbox 1591 3245 2071 3315; x_wconf 88' lang='lat' dir='ltr'>sanctissimae</span> <span class='ocrx_word' id='word_1_307' title='bbox 2118 3256 2417 3332; x_wconf 89' lang='lat' dir='ltr'>quatuor</span> <span class='ocrx_word' id='word_1_308' title='bbox 2483 3242 2743 3334; x_wconf 80' lang='lat' dir='ltr'>Synodi</span> 
     </span>
     <span class='ocr_line' id='line_1_35' title="bbox 181 3331 2748 3424; baseline -0.002 -20"><span class='ocrx_word' id='word_1_309' title='bbox 181 3345 571 3424; x_wconf 85' lang='lat' dir='ltr'>sapuerunt</span> <span class='ocrx_word' id='word_1_310' title='bbox 616 3345 822 3419; x_wconf 87' lang='lat' dir='ltr'>atque</span> <span class='ocrx_word' id='word_1_311' title='bbox 860 3331 1225 3413; x_wconf 72' lang='lat' dir='ltr'>diffiniere,</span> <span class='ocrx_word' id='word_1_312' title='bbox 1280 3345 1348 3402; x_wconf 88' lang='lat' dir='ltr'>et</span> <span class='ocrx_word' id='word_1_313' title='bbox 1393 3331 1882 3424; x_wconf 86' lang='lat' dir='ltr'>praedecessor</span> <span class='ocrx_word' id='word_1_314' title='bbox 1930 3344 2162 3404; x_wconf 90' lang='lat' dir='ltr'>noster</span> <span class='ocrx_word' id='word_1_315' title='bbox 2211 3339 2339 3402; x_wconf 90' lang='lat' dir='ltr'>Leo</span> <span class='ocrx_word' id='word_1_316' title='bbox 2388 3331 2748 3403; x_wconf 90' lang='lat' dir='ltr'>sanctissi-</span> 
     </span>
     <span class='ocr_line' id='line_1_36' title="bbox 179 3420 2744 3521; baseline 0 -33"><span class='ocrx_word' id='word_1_317' title='bbox 179 3440 333 3492; x_wconf 88' lang='lat' dir='ltr'>mus</span> <span class='ocrx_word' id='word_1_318' title='bbox 383 3427 597 3511; x_wconf 88' lang='lat' dir='ltr'>Papa,</span> <span class='ocrx_word' id='word_1_319' title='bbox 634 3420 730 3491; x_wconf 89' lang='lat' dir='ltr'>ita</span> <span class='ocrx_word' id='word_1_320' title='bbox 767 3434 832 3491; x_wconf 91' lang='lat' dir='ltr'>et</span> <span class='ocrx_word' id='word_1_321' title='bbox 879 3442 1007 3490; x_wconf 91' lang='lat' dir='ltr'>nos</span> <span class='ocrx_word' id='word_1_322' title='bbox 1054 3420 1395 3521; x_wconf 78' lang='lat' dir='ltr'>sapimuS,</span> <span class='ocrx_word' id='word_1_323' title='bbox 1443 3421 1809 3507; x_wconf 79' lang='lat' dir='ltr'>sequimur</span> <span class='ocrx_word' id='word_1_324' title='bbox 1838 3443 1917 3490; x_wconf 92' lang='lat' dir='ltr'>ac</span> <span class='ocrx_word' id='word_1_325' title='bbox 1958 3433 2298 3503; x_wconf 90' lang='lat' dir='ltr'>tenemus,</span> <span class='ocrx_word' id='word_1_326' title='bbox 2346 3442 2472 3489; x_wconf 89' lang='lat' dir='ltr'>nec</span> <span class='ocrx_word' id='word_1_327' title='bbox 2505 3420 2593 3489; x_wconf 94' lang='lat' dir='ltr'>ab</span> <span class='ocrx_word' id='word_1_328' title='bbox 2627 3440 2744 3488; x_wconf 90' lang='lat' dir='ltr'>eo-</span> 
     </span>
     <span class='ocr_line' id='line_1_37' title="bbox 176 3507 2746 3609; baseline -0.001 -31"><span class='ocrx_word' id='word_1_329' title='bbox 176 3530 330 3580; x_wconf 88' lang='lat' dir='ltr'>rum</span> <span class='ocrx_word' id='word_1_330' title='bbox 368 3508 514 3579; x_wconf 84' lang='lat' dir='ltr'>fide</span> <span class='ocrx_word' id='word_1_331' title='bbox 561 3507 795 3596; x_wconf 87' lang='lat' dir='ltr'>aliquo</span> <span class='ocrx_word' id='word_1_332' title='bbox 845 3508 1052 3578; x_wconf 91' lang='lat' dir='ltr'>modo</span> <span class='ocrx_word' id='word_1_333' title='bbox 1089 3509 1566 3580; x_wconf 86' lang='lat' dir='ltr'>d1ssentlmus.</span> <span class='ocrx_word' id='word_1_334' title='bbox 1621 3509 1749 3579; x_wconf 92' lang='lat' dir='ltr'>Sed</span> <span class='ocrx_word' id='word_1_335' title='bbox 1791 3508 1956 3609; x_wconf 87' lang='lat' dir='ltr'>quia</span> <span class='ocrx_word' id='word_1_336' title='bbox 2002 3508 2165 3600; x_wconf 89' lang='lat' dir='ltr'>plus</span> <span class='ocrx_word' id='word_1_337' title='bbox 2205 3530 2499 3599; x_wconf 89' lang='lat' dir='ltr'>persona</span> <span class='ocrx_word' id='word_1_338' title='bbox 2548 3528 2746 3598; x_wconf 90' lang='lat' dir='ltr'>prae·</span> 
     </span>
     <span class='ocr_line' id='line_1_38' title="bbox 179 3596 2741 3687; baseline -0.001 -21"><span class='ocrx_word' id='word_1_339' title='bbox 179 3617 357 3680; x_wconf 88' lang='lat' dir='ltr'>sens,</span> <span class='ocrx_word' id='word_1_340' title='bbox 399 3619 619 3684; x_wconf 88' lang='lat' dir='ltr'>quam</span> <span class='ocrx_word' id='word_1_341' title='bbox 666 3597 959 3687; x_wconf 90' lang='lat' dir='ltr'>epistola</span> <span class='ocrx_word' id='word_1_342' title='bbox 1006 3597 1340 3668; x_wconf 89' lang='lat' dir='ltr'>satisfacit</span> <span class='ocrx_word' id='word_1_343' title='bbox 1377 3621 1391 3665; x_wconf 91' lang='lat'><strong>:</strong></span> <span class='ocrx_word' id='word_1_344' title='bbox 1445 3597 1705 3678; x_wconf 89' lang='lat' dir='ltr'>hortor,</span> <span class='ocrx_word' id='word_1_345' title='bbox 1761 3597 2192 3668; x_wconf 84' lang='lat' dir='ltr'>dilectissimi</span> <span class='ocrx_word' id='word_1_346' title='bbox 2237 3596 2504 3677; x_wconf 75' lang='lat' dir='ltr'>fratres·‚</span> <span class='ocrx_word' id='word_1_347' title='bbox 2544 3608 2622 3666; x_wconf 87' lang='lat' dir='ltr'>ut</span> <span class='ocrx_word' id='word_1_348' title='bbox 2654 3596 2741 3667; x_wconf 87' lang='lat' dir='ltr'>ad</span> 
     </span>
     <span class='ocr_line' id='line_1_39' title="bbox 177 3684 2744 3786; baseline -0.001 -31"><span class='ocrx_word' id='word_1_349' title='bbox 177 3705 285 3755; x_wconf 88' lang='lat' dir='ltr'>me</span> <span class='ocrx_word' id='word_1_350' title='bbox 331 3686 599 3766; x_wconf 84' lang='lat' dir='ltr'>venire,</span> <span class='ocrx_word' id='word_1_351' title='bbox 635 3685 816 3756; x_wconf 91' lang='lat' dir='ltr'>sicut</span> <span class='ocrx_word' id='word_1_352' title='bbox 862 3684 1215 3786; x_wconf 85' lang='lat' dir='ltr'>praefatus</span> <span class='ocrx_word' id='word_1_353' title='bbox 1263 3707 1448 3766; x_wconf 88' lang='lat' dir='ltr'>sum,</span> <span class='ocrx_word' id='word_1_354' title='bbox 1492 3684 1825 3767; x_wconf 80' lang='lat' dir='ltr'>debeatiS,</span> <span class='ocrx_word' id='word_1_355' title='bbox 1863 3684 2246 3754; x_wconf 89' lang='lat' dir='ltr'>dummodo</span> <span class='ocrx_word' id='word_1_356' title='bbox 2279 3685 2545 3753; x_wconf 89' lang='lat' dir='ltr'>ratione</span> <span class='ocrx_word' id='word_1_357' title='bbox 2585 3706 2744 3775; x_wconf 91' lang='lat' dir='ltr'>per-</span> 
     </span>
     <span class='ocr_line' id='line_1_40' title="bbox 176 3772 2743 3865; baseline -0 -23"><span class='ocrx_word' id='word_1_358' title='bbox 176 3787 370 3865; x_wconf 89' lang='lat' dir='ltr'>cepta</span> <span class='ocrx_word' id='word_1_359' title='bbox 404 3829 422 3857; x_wconf 94' lang='lat'>,</span> <span class='ocrx_word' id='word_1_360' title='bbox 476 3796 519 3843; x_wconf 91' lang='lat' dir='ltr'>a</span> <span class='ocrx_word' id='word_1_361' title='bbox 565 3773 935 3843; x_wconf 78' lang='lat' dir='ltr'>concordia</span> <span class='ocrx_word' id='word_1_362' title='bbox 1001 3786 1279 3844; x_wconf 87' lang='lat' dir='ltr'>sauctae</span> <span class='ocrx_word' id='word_1_363' title='bbox 1340 3773 1755 3844; x_wconf 89' lang='lat' dir='ltr'>universalis</span> <span class='ocrx_word' id='word_1_364' title='bbox 1812 3773 2157 3844; x_wconf 89' lang='lat' dir='ltr'>Ecclesiae</span> <span class='ocrx_word' id='word_1_365' title='bbox 2215 3772 2560 3842; x_wconf 91' lang='lat' dir='ltr'>dissensio</span> <span class='ocrx_word' id='word_1_366' title='bbox 2623 3793 2743 3842; x_wconf 89' lang='lat' dir='ltr'>vos</span> 
     </span>
     <span class='ocr_line' id='line_1_41' title="bbox 179 3861 2739 3947; baseline -0.001 -17"><span class='ocrx_word' id='word_1_367' title='bbox 179 3862 373 3932; x_wconf 87' lang='lat' dir='ltr'>nulla</span> <span class='ocrx_word' id='word_1_368' title='bbox 413 3861 765 3932; x_wconf 88' lang='lat' dir='ltr'>dissociet.</span> <span class='ocrx_word' id='word_1_369' title='bbox 819 3866 960 3931; x_wconf 87' lang='lat' dir='ltr'>Hoc</span> <span class='ocrx_word' id='word_1_370' title='bbox 1008 3874 1237 3932; x_wconf 89' lang='lat' dir='ltr'>tamen</span> <span class='ocrx_word' id='word_1_371' title='bbox 1286 3873 1466 3931; x_wconf 90' lang='lat' dir='ltr'>certa</span> <span class='ocrx_word' id='word_1_372' title='bbox 1518 3874 1742 3931; x_wconf 89' lang='lat' dir='ltr'>vestra</span> <span class='ocrx_word' id='word_1_373' title='bbox 1791 3863 1880 3932; x_wconf 88' lang='lat' dir='ltr'>sit</span> <span class='ocrx_word' id='word_1_374' title='bbox 1927 3862 2257 3936; x_wconf 87' lang='lat' dir='ltr'>charitas.</span> <span class='ocrx_word' id='word_1_375' title='bbox 2311 3861 2474 3947; x_wconf 89' lang='lat' dir='ltr'>quia</span> <span class='ocrx_word' id='word_1_376' title='bbox 2523 3883 2643 3930; x_wconf 85' lang='lat' dir='ltr'>vos</span> <span class='ocrx_word' id='word_1_377' title='bbox 2674 3871 2739 3929; x_wconf 92' lang='lat' dir='ltr'>et</span> 
     </span>
     <span class='ocr_line' id='line_1_42' title="bbox 178 3948 2737 4040; baseline -0 -21"><span class='ocrx_word' id='word_1_378' title='bbox 178 3969 333 4020; x_wconf 87' lang='lat' dir='ltr'>cum</span> <span class='ocrx_word' id='word_1_379' title='bbox 388 3950 645 4021; x_wconf 81' lang='lat' dir='ltr'>affectu</span> <span class='ocrx_word' id='word_1_380' title='bbox 675 4004 691 4032; x_wconf 94' lang='lat'>,</span> <span class='ocrx_word' id='word_1_381' title='bbox 743 3973 882 4038; x_wconf 90' lang='lat' dir='ltr'>quo</span> <span class='ocrx_word' id='word_1_382' title='bbox 928 3949 1145 4032; x_wconf 90' lang='lat' dir='ltr'>decet,</span> <span class='ocrx_word' id='word_1_383' title='bbox 1200 3950 1507 4040; x_wconf 90' lang='lat' dir='ltr'>suscipio</span> <span class='ocrx_word' id='word_1_384' title='bbox 1538 4004 1554 4032; x_wconf 95' lang='lat'>,</span> <span class='ocrx_word' id='word_1_385' title='bbox 1607 3962 1674 4020; x_wconf 84' lang='lat' dir='ltr'>et</span> <span class='ocrx_word' id='word_1_386' title='bbox 1719 3971 1881 4019; x_wconf 89' lang='lat' dir='ltr'>cum</span> <span class='ocrx_word' id='word_1_387' title='bbox 1930 3950 2153 4040; x_wconf 85' lang='lat' dir='ltr'>gratia</span> <span class='ocrx_word' id='word_1_388' title='bbox 2201 3948 2547 4020; x_wconf 83' lang='lat' dir='ltr'>relaxabo.</span> <span class='ocrx_word' id='word_1_389' title='bbox 2603 3954 2737 4019; x_wconf 87' lang='lat' dir='ltr'>Nec</span> 
     </span>
    </p>
   </div>
   <div class='ocr_carea' id='block_1_3' title="bbox 174 4104 2748 4425">
    <p class='ocr_par' dir='ltr' id='par_1_4' title="bbox 174 4104 2748 4425">
     <span class='ocr_line' id='line_1_43' title="bbox 175 4104 2748 4158; baseline 0 -14"><span class='ocrx_word' id='word_1_390' title='bbox 175 4104 478 4152; x_wconf 78' lang='lat' dir='ltr'>incolumem.</span> <span class='ocrx_word' id='word_1_391' title='bbox 496 4108 611 4147; x_wconf 84' lang='lat' dir='ltr'>dum</span> <span class='ocrx_word' id='word_1_392' title='bbox 630 4107 687 4146; x_wconf 84' lang='lat' dir='ltr'>de</span> <span class='ocrx_word' id='word_1_393' title='bbox 704 4107 926 4147; x_wconf 75' lang='lat' dir='ltr'>Pei-sonis</span> <span class='ocrx_word' id='word_1_394' title='bbox 942 4116 1038 4147; x_wconf 84' lang='lat' dir='ltr'>non</span> <span class='ocrx_word' id='word_1_395' title='bbox 1054 4107 1112 4146; x_wconf 82' lang='lat' dir='ltr'>de</span> <span class='ocrx_word' id='word_1_396' title='bbox 1132 4108 1357 4158; x_wconf 67' lang='lat' dir='ltr'>Dogmata</span> <span class='ocrx_word' id='word_1_397' title='bbox 1377 4107 1612 4156; x_wconf 71' lang='lat' dir='ltr'>ageretur.</span> <span class='ocrx_word' id='word_1_398' title='bbox 1630 4107 1823 4147; x_wconf 70' lang='lat' dir='ltr'>decret·</span> <span class='ocrx_word' id='word_1_399' title='bbox 1838 4106 2024 4146; x_wconf 64' lang='lat' dir='ltr'>sancire</span> <span class='ocrx_word' id='word_1_400' title='bbox 2045 4115 2140 4147; x_wconf 83' lang='lat' dir='ltr'>non</span> <span class='ocrx_word' id='word_1_401' title='bbox 2161 4105 2411 4146; x_wconf 71' lang='lat' dir='ltr'>dubitavit.</span> <span class='ocrx_word' id='word_1_402' title='bbox 2434 4105 2748 4146; x_wconf 62' lang='lat' dir='ltr'>mathemate</span> 
     </span>
     <span class='ocr_line' id='line_1_44' title="bbox 174 4158 2742 4210; baseline -0.001 -11"><span class='ocrx_word' id='word_1_403' title='bbox 174 4158 357 4201; x_wconf 56' lang='lat' dir='ltr'>heere»</span> <span class='ocrx_word' id='word_1_404' title='bbox 374 4164 490 4201; x_wconf 77' lang='lat' dir='ltr'>mut</span> <span class='ocrx_word' id='word_1_405' title='bbox 508 4162 684 4201; x_wconf 77' lang='lat' dir='ltr'>iterum</span> <span class='ocrx_word' id='word_1_406' title='bbox 702 4161 908 4210; x_wconf 59' lang='lat' dir='ltr'>perculsi</span> <span class='ocrx_word' id='word_1_407' title='bbox 926 4161 1081 4202; x_wconf 74' lang='lat' dir='ltr'>Arius.</span> <span class='ocrx_word' id='word_1_408' title='bbox 1103 4160 1375 4205; x_wconf 72' lang='lat' dir='ltr'>Eunomius.</span> <span class='ocrx_word' id='word_1_409' title='bbox 1393 4160 1710 4206; x_wconf 63' lang='lat' dir='ltr'>Macedoniae,</span> <span class='ocrx_word' id='word_1_410' title='bbox 1741 4159 2042 4207; x_wconf 68' lang='lat' dir='ltr'>Apollinaris,</span> <span class='ocrx_word' id='word_1_411' title='bbox 2075 4159 2315 4209; x_wconf 67' lang='lat' dir='ltr'>Acephnti.</span> <span class='ocrx_word' id='word_1_412' title='bbox 2349 4159 2625 4204; x_wconf 69' lang='lat' dir='ltr'>Dioscorus.</span> <span class='ocrx_word' id='word_1_413' title='bbox 2655 4161 2742 4198; x_wconf 76' lang='lat' dir='ltr'>Ne-</span> 
     </span>
     <span class='ocr_line' id='line_1_45' title="bbox 175 4211 2744 4266; baseline -0 -14"><span class='ocrx_word' id='word_1_414' title='bbox 175 4215 391 4261; x_wconf 61' lang='lat' dir='ltr'>stoi-iani.</span> <span class='ocrx_word' id='word_1_415' title='bbox 407 4214 706 4262; x_wconf 65' lang='lat' dir='ltr'>Eutychiani.</span> <span class='ocrx_word' id='word_1_416' title='bbox 723 4214 1031 4263; x_wconf 70' lang='lat' dir='ltr'>origenistae.</span> <span class='ocrx_word' id='word_1_417' title='bbox 1061 4213 1278 4260; x_wconf 71' lang='lat' dir='ltr'>synodus</span> <span class='ocrx_word' id='word_1_418' title='bbox 1294 4213 1409 4253; x_wconf 69' lang='lat' dir='ltr'>haec</span> <span class='ocrx_word' id='word_1_419' title='bbox 1428 4211 1560 4264; x_wconf 70' lang='lat' dir='ltr'>(nuni</span> <span class='ocrx_word' id='word_1_420' title='bbox 1579 4211 1714 4266; x_wconf 76' lang='lat' dir='ltr'>omn)</span> <span class='ocrx_word' id='word_1_421' title='bbox 1732 4213 1770 4251; x_wconf 80' lang='lat' dir='ltr'>V</span> <span class='ocrx_word' id='word_1_422' title='bbox 1790 4213 2100 4253; x_wconf 65' lang='lat' dir='ltr'>oecumenica</span> <span class='ocrx_word' id='word_1_423' title='bbox 2127 4214 2254 4253; x_wconf 69' lang='lat' dir='ltr'>dict·</span> <span class='ocrx_word' id='word_1_424' title='bbox 2282 4215 2373 4253; x_wconf 76' lang='lat' dir='ltr'>ent.</span> <span class='ocrx_word' id='word_1_425' title='bbox 2399 4214 2533 4253; x_wconf 78' lang='lat' dir='ltr'>Inter</span> <span class='ocrx_word' id='word_1_426' title='bbox 2569 4219 2744 4261; x_wconf 66' lang='lat' dir='ltr'>paucos</span> 
     </span>
     <span class='ocr_line' id='line_1_46' title="bbox 176 4266 2733 4318; baseline -0.001 -13"><span class='ocrx_word' id='word_1_427' title='bbox 176 4266 257 4314; x_wconf 77' lang='lat' dir='ltr'>qni</span> <span class='ocrx_word' id='word_1_428' title='bbox 275 4267 401 4308; x_wconf 73' lang='lat' dir='ltr'>hmo</span> <span class='ocrx_word' id='word_1_429' title='bbox 419 4267 734 4318; x_wconf 63' lang='lat' dir='ltr'>pervicaciter</span> <span class='ocrx_word' id='word_1_430' title='bbox 750 4268 1001 4316; x_wconf 72' lang='lat' dir='ltr'>rejicerent</span> <span class='ocrx_word' id='word_1_431' title='bbox 1021 4266 1240 4315; x_wconf 74' lang='lat' dir='ltr'>Episcopi</span> <span class='ocrx_word' id='word_1_432' title='bbox 1258 4266 1454 4306; x_wconf 68' lang='lat' dir='ltr'>fuerunt</span> <span class='ocrx_word' id='word_1_433' title='bbox 1471 4267 1642 4306; x_wconf 64' lang='lat' dir='ltr'>Istriae</span> <span class='ocrx_word' id='word_1_434' title='bbox 1661 4273 1710 4305; x_wconf 80' lang='lat' dir='ltr'>et</span> <span class='ocrx_word' id='word_1_435' title='bbox 1731 4267 2047 4312; x_wconf 69' lang='lat' dir='ltr'>venetiarum,</span> <span class='ocrx_word' id='word_1_436' title='bbox 2063 4267 2401 4316; x_wconf 64' lang='lat' dir='ltr'>instigantibus</span> <span class='ocrx_word' id='word_1_437' title='bbox 2430 4266 2648 4305; x_wconf 71' lang='lat' dir='ltr'>Paullino</span> <span class='ocrx_word' id='word_1_438' title='bbox 2676 4267 2733 4303; x_wconf 73' lang='lat' dir='ltr'>A·</span> 
     </span>
     <span class='ocr_line' id='line_1_47' title="bbox 176 4319 2742 4369; baseline -0.001 -10"><span class='ocrx_word' id='word_1_439' title='bbox 176 4320 429 4369; x_wconf 65' lang='lat' dir='ltr'>quitesemi</span> <span class='ocrx_word' id='word_1_440' title='bbox 449 4320 725 4361; x_wconf 65' lang='lat' dir='ltr'>Patria-oh·</span> <span class='ocrx_word' id='word_1_441' title='bbox 743 4323 793 4358; x_wconf 82' lang='lat' dir='ltr'>et</span> <span class='ocrx_word' id='word_1_442' title='bbox 815 4321 919 4361; x_wconf 63' lang='lat' dir='ltr'>Elis</span> <span class='ocrx_word' id='word_1_443' title='bbox 937 4320 1180 4360; x_wconf 67' lang='lat' dir='ltr'>Grodensi.</span> <span class='ocrx_word' id='word_1_444' title='bbox 1208 4320 1482 4359; x_wconf 75' lang='lat' dir='ltr'>Extinctum</span> <span class='ocrx_word' id='word_1_445' title='bbox 1500 4320 1706 4368; x_wconf 82' lang='lat' dir='ltr'>denique</span> <span class='ocrx_word' id='word_1_446' title='bbox 1731 4319 1951 4366; x_wconf 68' lang='lat' dir='ltr'>schisma..</span> <span class='ocrx_word' id='word_1_447' title='bbox 1980 4330 2104 4359; x_wconf 67' lang='lat' dir='ltr'>nuno</span> <span class='ocrx_word' id='word_1_448' title='bbox 2135 4330 2241 4366; x_wconf 83' lang='lat' dir='ltr'>nen.</span> <span class='ocrx_word' id='word_1_449' title='bbox 2270 4330 2356 4369; x_wconf 81' lang='lat' dir='ltr'>per</span> <span class='ocrx_word' id='word_1_450' title='bbox 2383 4319 2742 4359; x_wconf 77' lang='lat' dir='ltr'>conversionem</span> 
     </span>
     <span class='ocr_line' id='line_1_48' title="bbox 178 4370 2740 4425; baseline -0.002 -12"><span class='ocrx_word' id='word_1_451' title='bbox 178 4371 449 4423; x_wconf 61' lang='lat' dir='ltr'>lvi-copon</span> <span class='ocrx_word' id='word_1_452' title='bbox 465 4374 639 4415; x_wconf 65' lang='lat' dir='ltr'>Istriae</span> <span class='ocrx_word' id='word_1_453' title='bbox 659 4373 903 4413; x_wconf 75' lang='lat' dir='ltr'>Prudentii</span> <span class='ocrx_word' id='word_1_454' title='bbox 927 4384 980 4413; x_wconf 66' lang='lat' dir='ltr'>nc</span> <span class='ocrx_word' id='word_1_455' title='bbox 999 4373 1141 4418; x_wconf 79' lang='lat' dir='ltr'>Petri,</span> <span class='ocrx_word' id='word_1_456' title='bbox 1159 4374 1209 4413; x_wconf 74' lang='lat' dir='ltr'>et</span> <span class='ocrx_word' id='word_1_457' title='bbox 1225 4373 1424 4414; x_wconf 75' lang='lat' dir='ltr'>Pii-mini</span> <span class='ocrx_word' id='word_1_458' title='bbox 1443 4373 1712 4422; x_wconf 71' lang='lat' dir='ltr'>‘tergestini</span> <span class='ocrx_word' id='word_1_459' title='bbox 1731 4370 1934 4425; x_wconf 67' lang='lat' dir='ltr'>(Tu-iente)</span> <span class='ocrx_word' id='word_1_460' title='bbox 1950 4373 2203 4419; x_wconf 60' lang='lat' dir='ltr'>Antiatium</span> <span class='ocrx_word' id='word_1_461' title='bbox 2217 4370 2425 4413; x_wconf 65' lang='lat' dir='ltr'>solliciti</span> <span class='ocrx_word' id='word_1_462' title='bbox 2441 4371 2740 4419; x_wconf 69' lang='lat' dir='ltr'>sapientique</span> 
     </span>
    </p>
   </div>
   <div class='ocr_carea' id='block_1_4' title="bbox 178 4423 1018 4478">
    <p class='ocr_par' dir='ltr' id='par_1_5' title="bbox 178 4423 1018 4478">
     <span class='ocr_line' id='line_1_49' title="bbox 178 4423 1018 4478; baseline 0.005 -14"><span class='ocrx_word' id='word_1_463' title='bbox 178 4423 220 4464; x_wconf 75' lang='grc' dir='ltr'>Β.</span> <span class='ocrx_word' id='word_1_464' title='bbox 241 4425 462 4478; x_wconf 69' lang='lat' dir='ltr'>Gregorii</span> <span class='ocrx_word' id='word_1_465' title='bbox 480 4428 641 4477; x_wconf 67' lang='lat' dir='ltr'>ungui</span> <span class='ocrx_word' id='word_1_466' title='bbox 659 4424 803 4474; x_wconf 58' lang='lat' dir='ltr'>oper&amp;</span> <span class='ocrx_word' id='word_1_467' title='bbox 820 4429 1018 4475; x_wconf 64' lang='lat' dir='ltr'>parum.</span> 
     </span>
    </p>
   </div>
  </div>
 </body>
</html>
