3327 4999
514 327 595 394 44
1144 342 1224 390 nn
1270 342 1328 389 s.
1383 339 1757 389 HERCULANO
1804 338 2004 389 Emsc.
2043 340 2236 388 mar.
2635 323 2883 391 MART.
2943 326 2964 388 »1

511 428 835 521 Ejusdem
885 431 952 498 S.
988 425 1299 497 Radbodi
1348 425 1800 517 allegoricum
1820 424 1907 495 de
1934 424 2175 495 eodem
2212 429 2277 495 S.
2305 425 2661 497 Switberto
2695 448 2974 498 carmen

424 512 536 591 his
567 516 920 589 exorditur
952 515 1307 587 distichis:

819 651 953 714 Lux
996 668 1152 714 nova
1196 649 1560 713 Switbertus
1599 618 1872 713 Francos·
1891 648 2177 713 lustravit
2217 656 2280 712 et
2322 650 2575 731 AngIOS,

898 729 1027 804 Quo
1068 730 1301 794 clarum
1346 729 1486 792 fidei
1532 729 1744 792 lumen
1791 729 2065 810 utrisque
2106 729 2299 794 daret.

816 827 1144 892 saxonicos
1182 828 1353 901 adiit,
1398 826 1593 890 cultor
1632 827 2075 901 memorabilis,
2118 843 2317 906 agrOS‚

903 908 981 971 Ut
1020 916 1251 971 sereret
1294 905 1516 969 Christi
1552 923 1765 971 semen
1806 909 2030 971 amoris
2071 906 2179 970 ibi.

822 1005 947 1069 Nec
988 1004 1181 1068 sterili
1224 1021 1294 1068 ac
1333 1020 1528 1068 vacuo
1571 1004 1898 1066 Frisonum
1940 1004 2133 1068 defuit
2175 1020 2348 1079 arvo,

900 1085 1088 1166 ldque
1130 1085 1278 1149 novi
1324 1084 1466 1148 fecit
1505 1085 1806 1165 germinis
1847 1100 1975 1147 esse
2015 1084 2206 1148 ferax.

989 1336 1609 1440 MARTYRIUM
1676 1337 1759 1441 S.
1818 1336 2417 1441 HERCULANI

1299 1562 1671 1629 EPISCOPI
1719 1562 2105 1629 PERUSINI

681 1734 998 1826 scium-mi
1026 1776 1067 1822 A
1115 1776 1175 1824 B.
1229 1775 1540 1824 cancomo
1588 1776 1750 1823 ΡΑΡΑ
1795 1775 2048 1824 nmmo.
2099 1776 2223 1823 Lm.
2280 1758 2344 1837 3,
2398 1772 2542 1825 off.
2601 1758 2705 1822 ⁴3.

1030 1954 1274 2013 coron.
1321 1967 1502 2012 anno
1529 1956 1656 2011 548
1685 1985 1761 1996 -
1781 1956 1940 2012 Nat.
1975 1955 2373 2012 Germanus.

518 2143 748 2230 Nuper
778 2137 1116 2221 Floridus,
1151 2136 1566 2209 venerabilis
1605 2137 1711 2208 vir
1746 2137 1946 2220 vitae,
1990 2138 2373 2230 Episcopus
2406 2138 2714 2209 narravit
2754 2137 2978 2225 quod-

432 2227 596 2298 dam
647 2226 1094 2297 memorabile
1137 2226 1337 2297 valde
1386 2226 1831 2309 miraculum,
1883 2226 2160 2298 dicens:
2215 2251 2250 2294 «
2314 2228 2430 2296 Vir
2488 2227 2973 2300 sanctissimus

430 2317 864 2387 Herculanus
900 2316 1029 2417 (a),
1067 2315 1366 2386 nutritor
1396 2337 1618 2397 meuS,
1657 2316 2030 2385 Perusinae
2076 2314 2371 2388 civitatis
2404 2316 2785 2407 Episcopus
2814 2316 2966 2397 fuit,

430 2428 515 2477 ex
558 2418 1077 2475 conversatione
1123 2403 1522 2476 monasterii
1572 2401 1658 2472 ad
1710 2403 2154 2475 sacerdotalis
2200 2404 2467 2477 ordinis
2514 2407 2806 2497 gratiam
2855 2404 2975 2474 de-

435 2494 714 2566 ductuS.
759 2494 1013 2565 Totilae
1058 2507 1290 2565 autem
1338 2491 1587 2584 perfidi
1635 2491 1819 2584 regis
1868 2493 2322 2585 temporibuS,
2378 2494 2693 2566 eamdem
2728 2493 2973 2565 urbem

432 2583 639 2655 annis
670 2607 742 2655 se
796 2595 931 2654 tem
960 2582 1312 2655 continuis
1345 2581 1753 2652 Gotthorum
1787 2583 2126 2653 exercitus
2155 2582 2444 2666 obsedit,
2489 2606 2570 2654 ex
2600 2606 2740 2672 qua
2772 2583 2976 2653 multi

431 2673 691 2744 civium
770 2684 1091 2764 ugerunt,
1126 2671 1249 2759 qui
1295 2669 1499 2741 famis
1547 2670 1939 2762 periculum
1988 2671 2165 2742 ferre
2211 2693 2350 2743 non
2400 2685 2739 2762 poterant.
2774 2677 2967 2743 Anno

430 2785 589 2833 vero
637 2762 930 2852 septimo
978 2760 1292 2830 nondum
1338 2759 1573 2842 finito,
1626 2758 1981 2831 obsessam
2029 2760 2277 2830 urbem
2327 2761 2731 2833 Gotthorum
2778 2783 2971 2832 exer-

429 2850 612 2922 citus
658 2850 960 2920 intravit.
1014 2854 1204 2918 Tunc
1251 2853 1510 2931 ComeS,
1550 2849 1671 2936 qui
1719 2847 1945 2918 eidem
1992 2849 2321 2920 exercitui
2367 2863 2702 2940 praeerat,
2740 2849 2827 2921 ad
2862 2872 2965 2920 re·

428 2962 585 3032 gem
633 2938 920 3009 Totilam
971 2937 1266 3008 nuncios
1314 2936 1525 3018 misit,
1572 2941 1941 3026 exquirens
1987 2937 2158 3026 quid
2205 2938 2290 3008 de
2338 2939 2675 3030 Episcopo
2707 2939 2808 3010 vel
2845 2961 2968 3031 po-

424 3027 596 3120 pulo
642 3027 793 3098 fieri
832 3025 1130 3128 juberet.
1185 3026 1307 3097 Cui
1347 3026 1464 3095 ille
1503 3028 1874 3118 praecepit,
1928 3026 2189 3101 dicens:
2244 3050 2282 3095 «
2323 3028 2659 3119 Episcopo
2700 3028 2896 3119 prius
2928 3051 2970 3098 a

424 3117 672 3187 vertice
704 3115 951 3207 capltis
979 3138 1203 3204 usque
1233 3117 1319 3186 ad
1361 3115 1772 3186 calcaneum
1803 3115 2172 3208 corrigiam
2206 3116 2390 3198 tolle,
2438 3130 2502 3187 et
2541 3129 2709 3187 tunc
2756 3127 2970 3207 caput

424 3207 576 3277 e'us
623 3215 932 3297 amputa:
971 3226 1245 3275 omnem
1297 3226 1455 3274 vero
1504 3204 1872 3296 populum,
1924 3206 2047 3295 qui
2092 3205 2239 3275 illic
2286 3204 2610 3277 inventus
2656 3218 2782 3289 est,
2816 3206 2967 3297 gla-

476 3294 541 3364 io
588 3295 931 3386 extingue.
992 3317 1028 3362 »
1077 3300 1268 3364 Tunc
1315 3293 1500 3363 idem
1551 3298 1791 3364 Comes
1838 3294 2302 3364 venerabilem
2353 3295 2580 3365 virum
2629 3294 2968 3364 Hercula-

427 3405 599 3454 num
648 3383 1089 3475 Episcopum,
1146 3404 1358 3474 super
1402 3382 1599 3455 urbis
1646 3404 1931 3453 murum
1981 3382 2383 3466 deductum,
2419 3384 2642 3474 capite
2688 3395 2968 3454 trunca-

424 3473 565 3554 vit,
618 3473 905 3564 ejusque
970 3484 1196 3542 cutem
1261 3472 1410 3563 jam
1467 3473 1724 3542 mortui
1770 3495 1812 3542 a
1861 3473 2109 3543 vertice
2156 3493 2378 3559 usque
2425 3474 2511 3543 ad
2561 3473 2964 3543 calcaneum

426 3561 692 3643 incidit,
743 3573 823 3633 ut
866 3583 946 3630 ex
992 3561 1144 3651 ejus
1190 3582 1475 3653 corpore
1521 3561 1819 3651 corrigia
1868 3560 2141 3631 sublata
2188 3560 2555 3632 videretur.
2613 3566 2760 3632 Mox
2809 3583 2964 3632 cor-

425 3673 560 3742 pus
606 3650 798 3721 illius
843 3662 1031 3720 extra
1080 3672 1361 3720 murum
1413 3649 1722 3741 projecit.
1757 3655 1946 3721 Tunc
1980 3648 2266 3738 quidam
2316 3649 2772 3723 humanitatis
2816 3650 2960 3742 pie-

423 3751 557 3811 tate
616 3738 960 3841 compulsi
989 3794 1004 3820 ,
1059 3738 1448 3811 abscissum
1510 3749 1722 3830 caput
1767 3739 2017 3810 cervici
2064 3750 2536 3831 apponenteS,
2605 3762 2768 3811 cum
2815 3759 2958 3808 uno

421 3829 709 3921 parvulo
770 3827 1053 3908 infante,
1104 3827 1228 3916 qui
1274 3828 1417 3898 illic
1464 3828 1807 3899 extinctus
1855 3828 2179 3898 inventus
2225 3841 2350 3912 est,
2394 3829 2598 3920 juxta
2644 3849 2958 3912 murum,

420 3941 676 4009 corpus
735 3918 1057 4009 Episcopi
1120 3916 1518 4008 sepulturae
1564 3916 2022 3988 tradiderunt.
2078 3922 2388 4006 Cumque
2435 3930 2589 4020 post
2641 3915 2960 3987 eamdem

419 4008 700 4078 caedem
753 4005 863 4076 die
902 4006 1169 4094 quadra
1219 4006 1436 4077 esimo
1482 4028 1599 4076 rex
1632 4006 1847 4077 Totila
1886 4006 2235 4097 jussisset,
2273 4019 2351 4078 ut
2397 4028 2579 4077 c1ves
2626 4005 2824 4075 urbis
2873 4003 2962 4074 il-

423 4096 585 4180 lius,
623 4095 745 4185 qui
791 4095 1099 4185 quolibet
1197 4095 1442 4187 ispersi
1472 4108 1724 4178 essent,
1758 4095 1846 4166 ad
1876 4117 2028 4166 eam
2059 4095 2210 4166 sine
2240 4095 2475 4185 aliqua
2512 4095 2964 4186 trepidatione

477 4297 537 4347 (a)
567 4296 807 4337 Secundus
834 4295 911 4337 hic
938 4297 1012 4336 est
1038 4296 1183 4345 hujus
1217 4296 1437 4343 nominis,
1469 4296 1690 4336 Perusiae
1723 4295 1793 4348 (tn
1819 4296 1973 4337 media
1998 4297 2139 4337 Italia
2167 4298 2225 4337 ad
2253 4297 2427 4338 veteris
2449 4295 2665 4337 Etruriae
2686 4298 2736 4335 et
2755 4295 2974 4336 Umbriae

422 4349 560 4404 fines)
579 4351 855 4400 Episcopus,
873 4347 1139 4395 Germania,
1174 4351 1314 4398 juxta
1352 4350 1716 4398 probabiliorem
1753 4351 2052 4395 sententiam,
2086 4351 2333 4391 oriundus.
2363 4351 2406 4390 S.
2429 4350 2585 4390 mitem
2614 4349 2910 4390 Herculanus
2937 4349 2974 4394 1.

424 4405 637 4498 §nedem
659 4404 868 4447 civitatis
892 4403 1048 4453 Episc.
1070 4414 1122 4443 ac
1142 4404 1321 4453 martyr
1350 4404 1438 4444 sub
1464 4404 1747 4450 Domitiano,
1774 4404 1964 4446 natione
1993 4403 2154 4454 syrus,
2171 4405 2346 4446 colitur
2363 4404 2463 4444 illic
2483 4404 2714 4445 Patronus
2734 4404 2885 4453 princ.
2907 4412 2971 4443 vn

467 4468 493 4498 ο
530 4487 542 4498 .
