3327 4999
189 329 439 395 MART.
494 326 580 393 27
1001 344 1079 390 DE
1127 342 1183 390 s.
1237 341 1488 391 1SAActo
1535 341 1932 391 conrssssour.
2525 327 2657 391 529

192 450 365 497 sane
411 438 718 513 tempore
753 444 1052 514 magnus
1101 435 1246 491 erat
1278 421 1509 492 luctus
1558 435 1624 492 et
1670 423 1868 493 dolor
1914 443 2264 492 servorum
2303 424 2442 492 Dei.
2507 429 2747 493 Preca-

194 518 454 586 bantur
499 528 728 583 autem
788 525 979 582 nocte
1028 534 1108 580 ac
1155 511 1289 591 die,
1341 523 1420 580 ut
1466 513 1802 582 Dominus
1850 517 2026 582 Deus
2070 512 2153 581 ad
2195 512 2745 583 misericordiam

197 614 609 676 moveretur.
662 615 728 671 et
767 600 1114 693 justitiam
1177 613 1539 669 exerceret.
1603 601 1714 669 Sic
1764 600 1976 690 igitur
2038 614 2203 670 tunc
2258 603 2611 692 ageba-tur,
2672 613 2750 671 ut

195 694 360 763 olim
411 689 863 765 subHerode
913 710 1071 779 rege
1120 710 1244 777 pro
1292 687 1769 779 Apostolorum
1822 689 2136 781 principe
2176 704 2403 759 actum
2439 704 2565 759 est.

283 788 321 863 ἓ
375 787 461 851 ⁶1.
519 786 697 849 Deus
745 800 908 869 ergo
958 779 1221 864 aliquot
1268 778 1474 846 annis
1522 778 1935 868 interjectis,
1989 779 2356 868 cujusdam
2405 779 2582 847 servi
2635 777 2747 847 sui

196 869 572 949 monachi,
626 869 744 955 qui
812 868 1122 937 Isaacius
1187 869 1562 936 vocabatur
1597 922 1613 948 ‚
1669 867 2045 956 spiritum,
2112 880 2188 936 ut
2236 889 2359 957 pro
2431 872 2749 937 Susanna

196 958 550 1046 quondam
606 957 980 1036 Danielem,
1013 954 1353 1025 excitavit.
1409 955 1540 1037 Qui
1588 966 1666 1023 ut
1712 954 1893 1026 Elias
1941 956 2297 1046 propheta,
2335 978 2492 1025 cum
2538 977 2748 1044 ange-

197 1048 402 1116 licam
453 1047 663 1115 vitam
718 1045 1160 1125 instituisset,
1216 1043 1301 1112 ab
1365 1045 1638 1113 Oriente
1713 1044 2058 1133 profectus
2105 1059 2229 1113 est.
2285 1046 2450 1134 Ejus
2513 1056 2744 1113 autem

195 1136 414 1205 oratio
491 1135 816 1204 lucernae
865 1134 1085 1203 instar
1131 1132 1438 1203 ardebat.
1507 1133 1789 1202 Divinus
1836 1134 2018 1203 enim
2071 1134 2368 1224 Spiritus
2413 1146 2480 1201 et
2526 1132 2748 1223 gratia

197 1224 512 1294 coelestis
562 1224 627 1292 in
672 1223 824 1313 ipso
871 1222 1289 1309 quiescebat.
1342 1222 1467 1290 Hic
1515 1244 1675 1290 cum
1727 1225 2213 1311 Imperatorem
2248 1222 2483 1308 inique
2517 1244 2587 1290 se
2634 1243 2749 1311 ge-

198 1336 348 1382 rere
399 1312 836 1403 perspiceret,
878 1313 1313 1380 vehementcr
1345 1308 1619 1380 dolebat
1662 1320 1728 1379 et
1761 1311 2164 1400 angebatur,
2208 1312 2582 1396 orabatque
2617 1316 2745 1379 Do-

197 1403 497 1481 minum,
556 1413 631 1469 ut
677 1423 714 1469 e
772 1399 1192 1470 sublimibus
1239 1411 1304 1467 ct
1365 1400 1622 1469 sanctis
1671 1398 1954 1468 sedibus
2002 1401 2150 1468 suis
2198 1399 2622 1488 despiceret,
2682 1411 2747 1467 et

197 1490 744 1560 misericordiam
799 1511 996 1559 suam
1039 1488 1562 1558 demonstraret.
1616 1488 1890 1557 Audivit
1935 1510 2096 1557 eum
2146 1493 2346 1568 Deu5‚
2404 1487 2743 1574 quemad-

198 1580 486 1648 modum
561 1583 808 1646 Mosem
887 1577 1219 1646 adversus
1283 1579 1707 1647 Pharaonem
1746 1632 1761 1656 ,
1818 1590 1882 1646 et
1947 1591 2187 1647 contra
2253 1583 2747 1668 Imperatorem

197 1669 499 1738 hostium
536 1667 873 1756 impetum
915 1665 1303 1735 concitavit.
1336 1672 1426 1734 Eo
1474 1666 1659 1734 enim
1714 1679 2019 1755 tempore
2069 1666 2341 1736 barbari
2395 1665 2584 1756 apud
2622 1671 2747 1735 Da-

199 1758 494 1826 nubium
530 1754 951 1844 congregati,
997 1754 1233 1845 copias
1282 1776 1446 1824 suas
1475 1768 1976 1835 contraxerant,
2016 1768 2080 1824 et
2112 1754 2373 1823 bellum
2410 1755 2747 1825 adversus

200 1851 688 1935 Imperatorem
743 1844 1138 1926 movebant,
1179 1865 1258 1911 ac
1295 1844 1450 1912 totis
1502 1844 1766 1913 viribus
1814 1844 1886 1911 in
1938 1846 2180 1914 urbem
2217 1844 2491 1933 ingredi
2540 1865 2748 1912 cona-

201 1936 477 2003 bantur.
558 1938 846 2021 Magnus
896 1932 1110 2022 igitur
1157 1932 1499 2000 tumultus
1545 1947 1820 2003 exortus
1881 1946 2022 2013 est,
2075 1944 2141 2001 et
2199 1933 2418 2002 multa
2491 1932 2749 2023 praeda

202 2024 558 2112 agebatur.
613 2021 844 2111 Coegit
889 2035 954 2089 et
1003 2026 1381 2109 Imperator
1412 2022 1784 2090 exercitum
1826 2043 2059 2101 suum,
2112 2035 2177 2091 et
2218 2022 2287 2089 in
2340 2022 2600 2090 hostem
2632 2042 2747 2090 ex-

206 2111 626 2200 peditionem
680 2109 986 2199 parabat.
1051 2114 1300 2177 Verum
1357 2109 1538 2202 idem
1595 2109 1697 2178 illi
1742 2109 2015 2189 accidit,
2073 2110 2255 2197 quod
2310 2110 2499 2179 Sauli
2550 2109 2791 2201 Davi--

209 2201 319 2268 dis
369 2199 648 2268 inimico
688 2199 1092 2289 contigerat.
1132 2203 1360 2282 Neque
1408 2197 1591 2267 enim
1646 2220 1960 2268 reversus
2007 2210 2132 2267 est.
2187 2204 2350 2267 Nam
2405 2198 2746 2267 Samuelis

211 2287 573 2388 prophetia
618 2287 687 2354 in
739 2288 890 2376 ipso
929 2308 1204 2374 quoque
1251 2285 1517 2375 expleta
1564 2299 1688 2369 est,
1724 2288 1905 2373 quod
1945 2292 2155 2356 Deum
2191 2287 2276 2356 ad
2308 2287 2749 2358 iracundiam

213 2389 588 2444 incitasset.

298 2472 334 2546 ἓ
369 2469 460 2535 3.
515 2468 681 2532 Cum
731 2464 940 2554 igitur
987 2463 1073 2533 ad
1115 2461 1373 2533 bellum
1426 2462 1976 2553 proficisceretur
2006 2470 2386 2555 Imperator
2409 2465 2466 2544 ⁴⁸,
2503 2486 2749 2534 occur-

204 2554 295 2623 rit
340 2554 404 2622 ei
452 2553 690 2622 beatus
725 2555 1051 2635 Isaacim,
1087 2565 1153 2622 et
1199 2554 1297 2621 sic
1348 2552 1546 2621 illum
1595 2565 1698 2622 est
1744 2553 2107 2623 allocutus:
2136 2560 2580 2644 «Imperator,
2637 2576 2746 2622 or-

204 2642 659 2712 thodoxorum
708 2643 1046 2712 Ecclesias
1098 2641 1334 2731 aperi,
1388 2655 1453 2709 et
1526 2646 1702 2712 Deus
1760 2643 1890 2710 iter
1938 2656 2132 2711 tuum
2186 2642 2637 2712 fortunabit.»
2666 2647 2741 2711 At

204 2731 319 2800 ille
354 2732 494 2801 viro
541 2745 777 2805 sancto
827 2753 911 2800 ne
960 2730 1374 2820 respondere
1421 2729 1702 2816 quidem
1752 2730 2080 2821 dignatus
2130 2742 2269 2800 est:
2336 2732 2454 2800 sed
2503 2752 2605 2810 e0,
2670 2743 2744 2800 ut

204 2820 433 2902 stulto,
488 2820 763 2899 relict0,
829 2820 1166 2889 discessit.
1220 2818 1362 2888 Alio
1415 2818 1526 2889 die
1576 2819 1677 2888 vir
1724 2832 2003 2889 sanctus
2052 2825 2540 2910 Imperatorem
2593 2842 2744 2887 rur·

205 2932 359 2979 sum
390 2922 773 2979 assecutus:
810 2908 1082 2997 «Aperi,
1118 2908 1368 2993 inquit,
1401 2912 1782 2998 Imperator
1810 2909 2149 2978 Ecclesias
2181 2909 2744 2989 orthodoxorum,

202 3012 269 3066 et
318 2997 576 3066 bellum
628 3019 950 3086 prospere
998 2995 1346 3077 conficies,
1384 3018 1463 3065 ac
1510 2998 1725 3067 victor
1772 2997 2128 3067 reverteris
2178 2998 2245 3066 in
2300 3020 2489 3088 pace.
2532 3021 2567 3063 »
2606 3002 2746 3065 Im-

204 3099 477 3175 perator
524 3086 832 3175 seipsum
881 3085 1236 3174 colligens,
1271 3097 1338 3153 et
1374 3086 1710 3176 cogitanS,
1754 3086 1922 3173 quid
1955 3087 2088 3155 sibi
2125 3087 2371 3156 vellent
2399 3109 2479 3156 ea
2510 3085 2742 3167 verba,

204 3174 604 3242 «reverteris
639 3175 707 3241 in
745 3196 976 3263 pace,›
1013 3172 1229 3242 voluit
1274 3173 1332 3241 ei
1385 3174 1722 3244 Ecclesias
1770 3176 2023 3245 liberas
2071 3175 2438 3246 dimittere.
2478 3181 2752 3245 Coacto-

205 3283 341 3347 que
389 3261 718 3341 consilio,
772 3262 857 3330 de
907 3261 1398 3353 patefaciendis
1443 3263 1978 3334 orthodoxorum
2029 3263 2352 3335 Ecclesiis
2400 3263 2753 3335 consulta-

206 3350 347 3448 bat.
405 3354 645 3417 Verum
696 3351 819 3435 qui
865 3372 944 3419 eo
995 3364 1298 3438 tempore
1345 3350 1732 3420 Praefectus
1779 3364 1947 3432 erat,
2004 3375 2165 3422 cum
2214 3366 2392 3424 esset
2420 3376 2500 3423 ex
2536 3353 2750 3443 impio

206 3442 616 3508 Artanorum
665 3459 892 3528 grege,
945 3439 1290 3527 persuasit
1336 3439 1763 3529 Imperatori,
1821 3463 1907 3509 ne
1940 3441 2214 3510 beatum
2252 3442 2591 3511 Isaacium
2631 3463 2754 3510 au-

208 3527 419 3604 diret,
474 3524 588 3593 sed
650 3527 1069 3597 contumelia
1117 3527 1434 3596 affectum
1493 3528 1966 3614 afflictumque
2036 3529 2430 3598 dimitteret.
2484 3529 2753 3611 Quibus

117 3634 127 3641 ·
207 3615 435 3684 verbis
484 3614 826 3684 adductus
869 3620 1268 3706 Imperator,
1324 3615 1549 3684 virum
1603 3615 1800 3706 pium
1840 3618 2275 3706 contempsit.
2314 3618 2442 3686 Sed
2493 3617 2607 3685 ille
2641 3618 2757 3707 ju·-

210 3717 395 3773 stum
450 3703 561 3772 Dei
603 3703 953 3793 judicium
1005 3704 1424 3794 expectabat.

297 3797 332 3880 ξ
378 3797 464 3864 4.
537 3792 782 3862 Paucis
852 3805 1081 3862 autem
1137 3793 1384 3862 diebus
1435 3792 1810 3882 interjectis
1847 3847 1863 3874 ,
1918 3798 2408 3882 Imperatorem
2476 3794 2757 3884 profici-

207 3894 511 3950 scentem
561 3903 842 3950 rursum
895 3882 1312 3967 assequitur,
1369 3893 1780 3971 arreptoque
1813 3883 1970 3968 equi
2019 3883 2245 3982 ipsius
2292 3881 2485 3952 freno
2534 3884 2762 3973 coepit

208 3991 364 4038 eum
409 3982 557 4037 tum
607 3970 1156 4060 reprehendere,
1202 3983 1347 4039 tum
1398 3970 1774 4050 adhortari,
1823 3983 1902 4040 ut
1935 3971 2067 4042 sib1
2115 3971 2539 4054 concederet,
2574 3972 2760 4060 quod

207 4057 622 4148 postulabat.
698 4060 825 4134 Sed
898 4059 1044 4149 ipse
1106 4058 1349 4128 noluit.
1413 4065 1621 4127 Erant
1691 4070 1921 4128 autem
2049 4082 2211 4150 rope
2276 4061 2454 4130 viam
2520 4064 2763 4151 spinac

207 4168 364 4215 cum
427 4148 717 4236 paliuris
766 4149 937 4217 adeo
976 4148 1212 4217 densis
1260 4159 1324 4216 et
1372 4147 1662 4237 asperis,
1716 4161 1793 4217 ut
1838 4082 2130 4234 quonis
2178 4150 2437 4219 animal
2490 4151 2764 4220 introis,-

213 4249 336 4317 set,
393 4258 528 4305 non
583 4251 811 4327 posset
883 4258 1032 4306 sese
1078 4236 1242 4305 inde
1282 4238 1513 4307 vivum
1576 4237 1918 4327 expedire.
1985 4243 2185 4307 Hunc
2235 4243 2616 4329 Imperator
2664 4239 2764 4308 lo-

212 4347 376 4394 cum
428 4338 757 4412 tanquam
826 4325 1155 4413 laqueum
1214 4326 1694 4416 conspicatuS‚
1742 4326 1993 4414 jussit,
2045 4339 2124 4397 ut
2170 4328 2396 4398 virum
2445 4340 2762 4398 sanctum

265 4451 293 4477 ²⁸¹
327 4452 458 4491 Anno
477 4452 593 4492 haec
613 4453 716 4493 acta
734 4453 847 4492 sunt
866 4461 1151 4493 cccnxxvut.

380 4535 623 4592 Sul-ius
639 4565 663 4578 -
692 4533 853 4593 Vitae
879 4535 986 4596 SS.
1008 4565 1034 4579 -
1054 4533 1180 4592 Vol.
1221 4531 1328 4592 111.
2527 4535 2604 4593 34
