3327 4999
720 331 848 396 ⁴70
1526 348 1606 394 mi
1653 348 1711 395 S.
1764 346 2076 396 anacomo
2124 346 2285 393 rArA
2783 329 3008 394 MART.
3056 329 3121 395 ⁴2

605 434 681 518 ‚si
731 445 850 504 aut
896 433 1013 502 ille
1063 433 1385 520 laqueum
1421 432 1492 501 in
1542 444 1777 523 aperto
1808 444 2239 523 proponeret,
2286 443 2406 502 aut
2442 431 2557 501 ille
2587 432 2864 502 hamum
2896 432 2962 501 in
2993 449 3122 501 esca

623 522 1108 594 absconditum
1158 543 1295 590 non
1331 520 1634 591 haberet.
1690 522 1984 593 Omnino
2014 543 2175 612 ergo
2225 521 2590 590 metuenda
2636 533 2704 591 et
2739 520 3123 591 cavendaest

623 611 841 682 hostis
890 610 1166 691 astutia,
1222 631 1308 679 ne
1354 632 1530 697 quos
1576 623 1812 702 aperta
1887 611 2122 698 nequit
2170 611 2539 680 tentatione
2595 611 2989 691 subvertere,
3049 609 3121 678 la·

619 712 802 771 tente
850 699 983 769 telo
1031 698 1300 770 saevius
1347 699 1565 769 valeat
1621 698 1990 769 trucidare.
2044 704 2272 786 Neque
2336 699 2523 768 enim
2582 699 2871 770 eleemos
2921 720 2999 768 na
3039 720 3123 768 re·

617 788 931 881 putanda
970 801 1094 867 est,
1133 788 1192 857 si
1227 789 1652 878 pauperibus
1687 788 2127 878 dispensetur
2157 786 2342 874 quod
2381 809 2462 858 ex
2491 788 2754 858 illicitis
2798 810 2866 858 re
2914 810 2992 857 us
3032 808 3123 856 ac·

619 878 899 968 cipitur:
945 878 1112 964 quia
1160 878 1280 965 qui
1329 876 1459 947 hac
1506 878 1885 948 intentione
1933 877 2113 946 male
2152 876 2425 966 accipit.
2478 889 2556 946 ut
2594 878 2796 965 quasi
2841 878 3003 947 bene
3039 875 3124 944 di·

628 978 929 1058 spenset,
983 979 1308 1056 gravatur
1353 966 1583 1055 potius
1629 988 1838 1054 quam
1858 967 2165 1056 juvatur.
2220 965 2669 1056 Eleemosyna
2699 964 3126 1056 Redemptoris

620 1056 837 1125 nostri
886 1055 1107 1125 oculis
1169 1054 1290 1124 illa
1335 1055 1559 1145 placet
1605 1077 1784 1142 quae
1841 1077 1977 1125 non
2028 1055 2113 1123 de
2160 1054 2421 1124 illicitis
2472 1069 2537 1124 et
2601 1055 2953 1143 iniquitate
2993 1073 3100 1123 con

621 1145 904 1235 geritur,
960 1143 1076 1213 sed
1126 1166 1302 1231 quae
1350 1145 1434 1212 de
1468 1145 1676 1214 rebus
1721 1143 2068 1214 concessis
2099 1156 2165 1214 et
2203 1144 2377 1213 bene
2424 1144 2783 1231 acquisitis
2823 1141 3121 1234 impendi-

620 1246 757 1302 tur.
796 1232 988 1303 Unde
1034 1233 1238 1302 etiam
1292 1232 1463 1302 illud
1507 1246 1772 1303 certum
1822 1245 1923 1303 est
1977 1232 2139 1319 quia
2188 1245 2254 1302 et
2300 1233 2360 1301 si
2408 1233 2825 1303 monasteria
2872 1243 2981 1301 aut
3024 1235 3122 1298 Xe·

621 1321 964 1392 nodochia
1013 1320 1113 1390 vel
1163 1321 1358 1408 quid‘
1394 1321 1586 1391 aliud
1634 1322 1720 1392 de
1769 1322 2062 1413 pecunia
2123 1343 2300 1409 quae
2348 1342 2472 1411 pro
2520 1323 2737 1393 sacris
2796 1319 3125 1390 Ordinibus

622 1411 875 1489 datur,
924 1422 1411 1492 construatur,
1466 1410 1768 1480 mercedi
1827 1432 1960 1479 non
2028 1410 2339 1500 proficit:
2410 1411 2738 1496 quoniam
2789 1411 2950 1479 dum
3009 1428 3125 1498 per—

621 1522 862 1570 versus
893 1512 957 1569 et
1003 1511 1270 1588 emptor
1300 1499 1582 1568 honoris
1631 1500 1701 1568 in
1752 1499 1980 1570 locum
2030 1511 2347 1569 sanctum
2380 1499 2871 1570 transmittitur
2913 1496 3125 1567 etalios

620 1588 706 1657 ad
745 1588 853 1659 sui
901 1587 1432 1657 similitudinem
1480 1589 1611 1657 sub
1644 1587 1989 1657 commodi
2021 1587 2294 1657 datione
2326 1588 2703 1671 constituit,
2760 1588 2956 1679 plura
2982 1584 3123 1654 male

624 1676 1355 1748 ordinando‘destruit
1412 1698 1621 1763 quam
1674 1677 1787 1746 ille
1835 1688 2053 1767 potest
2113 1676 2475 1745 aedificare
2521 1679 2641 1762 qui
2691 1678 2782 1747 ab
2828 1698 2905 1746 eo
2957 1695 3126 1765 pecu-

621 1767 809 1835 niam
846 1765 1300 1836 ordinationis
1330 1766 1615 1855 accepit.
1672 1772 1764 1835 Ne
1792 1787 1953 1855 ergo
2003 1765 2132 1836 sub
2172 1765 2455 1834 obtentu
2503 1767 2972 1856 eleemosynae
2997 1781 3124 1832 cum

622 1867 904 1945 peccato
952 1854 1211 1941 aliquid
1266 1855 1668 1924 studeamus
1716 1854 2061 1944 accipere,
2115 1868 2345 1943 aperte
2402 1876 2597 1924 sacra
2647 1857 2992 1946 Scriptura
3033 1869 3128 1920 nos

624 1942 964 2034 prohibet,
1016 1942 1295 2013 dicens:
1353 1943 1626 2012 Hostiae
1674 1943 2051 2032 impiorum
2100 1942 2600 2013 abominabiles
2652 1945 2935 2013 Domino
2987 1957 3128 2027 quae

626 2032 1012 2103 offeruntur
1055 2054 1135 2102 ex
1175 2031 1450 2101 scelere.
1492 2031 1830 2119 Quicquid
1880 2031 2064 2100 enim
2115 2032 2183 2100 in
2238 2032 2354 2101 Dei
2401 2033 2742 2104 sacrificio
2789 2055 2869 2102 ex
2917 2029 3127 2101 scetere

622 2122 931 2199 offertur,
1013 2121 1502 2210 omnipotentis
1549 2122 1667 2190 Dei
1730 2119 2164 2191 iracundiam
2214 2142 2352 2190 non
2402 2121 2648 2212 placat,
2732 2121 2853 2192 sed
2924 2119 3124 2190 irritat.

628 2209 803 2278 Hinc
853 2231 1096 2279 rursus
1163 2209 1495 2300 scriptum
1554 2222 1699 2279 est:
1771 2215 2045 2279 Honora
2094 2210 2459 2278 Dominum
2509 2211 2594 2280 de
2643 2212 2784 2280 tuis
2820 2210 3020 2301 justis
3060 2205 3129 2273 la-

625 2298 937 2369 boribus.
991 2298 1121 2380 Qui
1167 2320 1331 2389 ergo
1379 2298 1558 2367 male
1612 2297 1828 2379 tollit,
1883 2310 1960 2368 ut
2005 2299 2206 2385 quasi
2281 2299 2453 2368 bene
2502 2300 2858 2390 praebeat,
2909 2304 3129 2369 constat

627 2387 777 2458 sine
825 2387 1037 2456 dubio
1084 2388 1249 2473 quia
1296 2388 1663 2457 Dominum
1718 2408 1852 2454 non
1902 2386 2214 2456 honorat.
2269 2388 2443 2456 Hinc
2493 2410 2771 2475 quoque
2819 2411 2939 2480 per
2982 2382 3126 2455 Salo-

626 2497 901 2546 monem
951 2476 1246 2546 dicitur:
1302 2476 1430 2559 Qui
1477 2475 1673 2546 offert
1743 2475 2162 2546 sacrificium
2213 2475 2298 2546 de
2347 2477 2736 2548 substantia
2808 2472 3126 2569 pauperis,

623 2588 702 2636 ac
743 2566 803 2635 si
852 2566 1150 2634 victimet
1199 2565 1420 2634 silium
1482 2565 1553 2633 in
1603 2576 1977 2656 conspectu
2034 2565 2271 2656 patris.
2338 2571 2650 2647 Quantus
2702 2581 2929 2636 autem
2978 2561 3128 2633 dolor

675 2655 841 2723 atris
890 2655 978 2723 sit
1027 2653 1561 2743 perpendamus,
1616 2653 1778 2721 siin
1820 2654 1972 2744 ejus
2020 2665 2394 2743 conspectu
2443 2654 2632 2724 filius
2676 2656 3055 2727 victimetur
3089 2658 3131 2717 et
3248 2728 3249 2735 χ

623 2677 788 2813 binc
837 2742 1035 2811 facile
1082 2742 1592 2832 cognoscimus,
1631 2755 1889 2829 quanto
1925 2747 2097 2812 Deus
2127 2743 2563 2833 omnipotens
2610 2743 2849 2814 dolore
2893 2759 3130 2829 exaspe-

618 2844 836 2911 ratur,
879 2830 1158 2917 quando
1205 2831 1268 2899 ei
1303 2831 1720 2901 sacrificium
1771 2854 1851 2900 ex
1884 2832 2126 2921 rapina
2176 2831 2523 2901 tribuitur.
2580 2832 2801 2905 Nimis
2848 2854 3004 2923 ergo
3044 2828 3128 2897 de-

619 2920 1026 2991 clinandum
1076 2931 1198 3001 est,
1253 2919 1700 2990 dilectissime
1748 2919 1974 3000 frater,
2013 2921 2141 2991 sub
2174 2921 2456 2990 obtentu
2504 2922 2981 3013 eleemosynae
3006 2937 3128 3010 pee-

620 3022 773 3079 cata
821 3007 1246 3077 Simoniacae
1282 3008 1582 3080 haeresis
1632 3021 2045 3098 perpetrare.
2085 3014 2252 3079 Nam
2295 3009 2483 3079 aliud
2535 3024 2658 3093 est,
2697 3024 2976 3103 propter
3008 3024 3129 3098 pec·
3246 3068 3247 3081 ,

620 3109 773 3167 cata
819 3096 1290 3197 eleemosynas
1353 3096 1615 3167 facere:
1696 3097 1887 3167 aliud
1919 3152 1939 3178 ‚
2017 3110 2297 3189 propter
2360 3098 2836 3189 eleemosynas
2901 3104 3132 3190 peccata

621 3198 1073 3256 committere.
2408 3210 2420 3221 ·

712 3284 749 3355 ἓ
808 3280 896 3346 ὅ.
951 3298 985 3339 «
1016 3279 1158 3343 Hoc
1217 3296 1492 3361 quoque
1539 3273 1625 3344 ad
1702 3295 1825 3345 nos
1875 3275 2266 3364 pervenisse
2319 3296 2455 3344 non
2499 3276 2829 3346 dissimili
2877 3275 3131 3372 dignum
3244 3336 3245 3339 ,

620 3363 1064 3434 detestatione
1110 3363 1667 3453 complectimur,
1740 3362 1925 3449 quod
1995 3364 2279 3450 quidam
2328 3364 2670 3436 desiderio
2718 3365 2997 3437 honoris
3047 3379 3133 3429 in·

619 3452 1001 3531 flammati,
1082 3451 1424 3521 defunctis
1498 3452 1842 3552 episcopis
1891 3465 2342 3522 tonsurantur
2407 3466 2474 3523 et
2520 3454 2701 3525 fiunt
2765 3465 3034 3545 repente
3072 3465 3135 3517 ex

621 3541 815 3610 laicis
863 3540 1270 3621 sacerdoteS,
1308 3554 1514 3628 atque
1547 3540 2006 3610 mverecundc
2054 3540 2380 3623 religiosi,
2419 3543 2790 3633 praepositi
2839 3543 3136 3613 ducatum

616 3630 756 3699 arri
813 3630 960 3698 iunt
992 3629 1108 3723 qui
1164 3651 1287 3697 nec
1318 3651 1467 3699 esse
1515 3629 1744 3699 adhuc
1803 3628 2053 3699 milites
2101 3613 2517 3703 didicerunt.
2573 3631 2749 3715 Quid
2806 3644 3127 3724 putamus,
3242 3632 3243 3679 ἓ

616 3719 736 3806 qui
826 3719 938 3787 isti
988 3717 1315 3807 subjectis
1367 3719 1775 3810 praestaturi
1824 3719 1961 3788 sint
1989 3719 2111 3807 qui
2159 3733 2528 3807 antequam
2564 3721 3021 3811 discipulatus
3070 3712 3135 3781 lt·

616 3829 774 3877 men
823 3809 1185 3899 attingant,
1239 3818 1465 3877 tenere
1515 3808 1744 3877 locum
1797 3807 2174 3897 magisterii
2224 3829 2358 3877 non
2412 3809 2843 3880 formidant?
2880 3815 3022 3892 Qua
3066 3800 3134 3869 de

613 3918 687 3967 re
721 3917 997 3967 necesse
1043 3909 1167 3976 est,
1193 3908 1298 3978 rut
1344 3896 1662 3984 quamvis
1712 3895 2047 3997 inculpati
2093 3896 2389 3984 quisque
2435 3898 2525 3967 sit
2573 3898 2821 3979 meriti,
2878 3909 3028 3966 ante
3055 3905 3134 3959 ta·

617 4007 775 4055 men
826 4008 948 4076 per
978 3985 1303 4056 distincta
1350 3985 1616 4055 ordinis
1663 3985 2124 4055 Ecclesiastici
2195 4000 2592 4057 exerceatur
2636 3987 2884 4058 officia.
2936 3980 3140 4053 Videat

618 4074 804 4162 quod
864 4075 1191 4156 imitetur,
1245 4074 1466 4144 discat
1529 4074 1714 4162 quod
1763 4073 2023 4155 doceat,
2095 4072 2504 4146 informetur
2548 4076 2732 4163 quod
2782 4085 3032 4149 teneat,
3077 4077 3141 4135 1¹¹

621 4175 854 4252 postea
887 4185 1022 4233 non
1054 4162 1295 4233 debeat
1327 4185 1555 4234 errare
1581 4163 1704 4251 qui
1732 4161 2012 4253 eligitur
2040 4162 2219 4233 viam
2252 4165 2644 4235 errantibus
2672 4165 3136 4235 demonstrare·

616 4252 748 4321 Diu
793 4273 954 4344 ergo
1003 4252 1324 4343 religiosa
1363 4252 1808 4322 meditatione
1840 4251 2158 4341 poliatur,
2214 4264 2290 4322 ut
2336 4252 2624 4343 placeat:
2659 4264 2725 4324 et
2752 4253 2851 4322 sic
2881 4252 3137 4345 lucerua

620 4363 833 4433 super
878 4342 1379 4412 candelabrum
1445 4340 1665 4431 posita
1724 4339 1970 4421 luceat,
2023 4352 2100 4410 ut
2154 4340 2440 4411 adversa
2502 4354 2857 4413 ventorum
2908 4339 3004 4407 vis
3065 4352 3141 4401 11·-

623 4452 855 4513 ruem,
899 4443 1302 4522 conceptam
1334 4428 1744 4499 eruditionis
1777 4428 2132 4499 flammam
2161 4451 2303 4500 non
2332 4432 2710 4523 extinguat,
2744 4429 2859 4502 sed
2892 4431 3135 4517 augeat·

1892 4585 1953 4661 ῥ
