3327 4999
276 314 521 380 MART.
577 313 659 379 112
1238 334 1317 381 nn:
1364 334 1420 380 s.
1473 330 1850 380 ‘satornana
2596 314 2713 379 26¹1

279 418 395 487 Dei
439 437 673 487 amore
720 416 1057 497 confixus,
1113 429 1177 486 et
1223 417 1547 505 nequitia¹
1575 417 1994 487 daemonum
2043 415 2356 485 animum
2404 437 2649 507 gerens
2696 439 2818 486 su·-

280 507 637 598 periorem,
678 528 812 575 non
868 506 1202 597 permisit,
1239 520 1316 576 ut
1361 529 1439 576 ea
1489 528 1562 576 re
1609 506 1877 576 diutius
1922 504 2140 576 invidi
2170 503 2538 574 daemones
2567 503 2818 595 gloria-

278 608 558 665 rentur:
604 594 722 663 sed
773 594 1055 685 pretiosi
1104 594 1275 687 ligni
1335 609 1690 686 unguento
1741 616 2025 665 manum
2078 594 2382 664 luxatam
2438 594 2811 693 inungens.

280 684 458 754 dicto
502 684 730 763 citiuS,
783 684 968 771 quod
1019 684 1335 754 mirabile
1382 684 1534 763 fuit,
1572 707 1723 753 eam
1776 683 2062 754 curavit.
2099 682 2328 753 Gratia
2365 682 2548 751 enim
2581 682 2818 752 divina

279 785 603 864 perpetuo
654 772 843 841 illius
901 772 1275 852 laboribus,
1316 773 1814 860 summissique
1861 772 2077 841 animi
2130 771 2442 840 moribus
2489 792 2816 860 praesens

280 883 573 949 eumque
621 883 989 931 munerum
1038 861 1574 952 apostolicorum
1625 862 1846 951 gratia
1894 861 2277 940 illustranS,
2313 881 2546 928 rerum
2596 859 2819 928 admi·-

280 949 598 1021 rabilium
649 951 1030 1020 effectorem
1095 950 1443 1020 reddebat.
1498 951 1871 1037 Ecquidem
1921 950 1981 1018 si
2046 949 2302 1027 omnia,
2354 970 2533 1035 quae
2581 947 2817 1017 divina

282 1040 492 1129 gratia
533 1040 599 1108 in
637 1039 765 1108 hoc
807 1051 1043 1109 sancto
1092 1039 1238 1108 viro
1275 1039 1668 1109 inhabitans
1700 1039 1986 1129 elargita
2033 1051 2158 1120 est,
2196 1059 2485 1106 munera
2532 1058 2819 1106 enume-

279 1151 427 1197 rare
474 1128 773 1207 voluero,
827 1141 892 1198 et
939 1128 1271 1198 laudandi
1321 1128 1504 1219 leges
1554 1128 1961 1205 transiliam,
2014 1140 2078 1195 et
2128 1127 2343 1195 oratio
2396 1148 2545 1194 mea
2602 1126 2820 1195 instar

278 1218 532 1306 navigii
583 1218 650 1286 in
689 1217 914 1286 medio
955 1218 1128 1286 mari
1177 1217 1612 1287 dissolvetur.
1650 1216 1843 1299 Quod
1892 1215 1953 1285 si
2002 1237 2221 1305 pauca
2254 1215 2620 1301 quaedam,
2661 1215 2817 1304 plu-

277 1306 468 1376 ribus
530 1306 831 1385 omissis,
874 1308 1453 1387 commemorab0‚
1506 1322 1571 1376 et
1621 1307 1859 1385 oratic,
1901 1319 2252 1392 tamquam
2304 1304 2504 1373 litora
2553 1304 2812 1408 legens,

277 1395 345 1462 in
392 1408 534 1463 tuto
594 1395 997 1477 versabitur,
1049 1407 1114 1465 et
1159 1417 1240 1464 ex
1302 1394 1387 1464 iis
1422 1451 1438 1478 ,
1498 1417 1675 1482 quae
1722 1395 1904 1465 dicta
1951 1393 2245 1475 fuerint,
2299 1392 2566 1480 reliqua
2614 1392 2818 1463 iacile

275 1484 754 1572 conjicientur.

365 1575 402 1659 ξ
450 1577 593 1644 14.
648 1577 815 1642 Cum
864 1573 1046 1641 saevi
1093 1571 1464 1643 daemones
1511 1572 1777 1663 impetu
1824 1570 2108 1659 quidam
2146 1570 2677 1661 opprimeretur,
2712 1592 2819 1641 re-

323 1672 480 1729 ente
529 1662 779 1729 mentis
827 1661 965 1730 vim
1015 1661 1267 1737 amisit,
1321 1674 1384 1730 et
1432 1683 1678 1731 carnes
1724 1661 2064 1751 proprias,
2119 1671 2470 1746 tamquam
2521 1659 2807 1742 alienae,

302 1750 602 1819 aniabat.
654 1756 808 1819 Erat
855 1762 1079 1819 autem
1130 1750 1459 1819 omnibus
1506 1750 1993 1820 accedentibus
2041 1748 2293 1838 gravis.
2373 1753 2612 1835 Itaque
2670 1749 2816 1817 vin·

272 1837 451 1909 culis
493 1851 561 1908 et
606 1839 1057 1928 compedibus
1104 1861 1143 1907 a
1186 1839 1665 1928 compluribus
1714 1838 2117 1908 custodibus
2165 1838 2630 1907 coercebatur.
2688 1837 2816 1907 Sed

273 1926 377 1995 vir
424 1940 703 1996 sanctus
753 1928 964 1997 unius
1012 1949 1330 2017 vesperae
1377 1928 1882 2018 supplicatione
1911 1926 1999 1996 ad
2041 1932 2248 1995 Deum
2285 1925 2463 2005 fusa,
2504 1926 2820 1996 liberavit

273 2013 459 2085 hunc
510 2017 864 2097 miserum,
917 2030 982 2086 et
1028 2016 1303 2084 vincula
1340 2037 1420 2085 ex
1467 2017 1618 2107 ejus
1663 2037 1946 2106 corpore
1994 2015 2222 2084 statim
2271 2015 2695 2084 exciderunt:
2750 2029 2819 2085 et

275 2104 395 2190 qui
447 2116 672 2174 mente
718 2118 962 2195 captus
1027 2117 1201 2186 erat,
1254 2116 1458 2190 atque
1503 2105 1828 2174 omnibus
1880 2103 2252 2183 molestus,
2307 2102 2392 2171 ad
2445 2104 2809 2172 sanitatem

276 2191 501 2262 rediit.
541 2193 887 2275 Usuvenit,
923 2205 999 2262 ut
1030 2193 1133 2262 vir
1162 2206 1442 2262 sanctus
1487 2193 1573 2263 ad
1623 2193 1957 2283 oppidum
1993 2191 2339 2279 quoddam
2375 2191 2810 2261 maritimum

272 2297 778 2352 accerseretur:
832 2283 946 2351 sed
999 2283 1069 2351 in
1138 2281 1363 2350 medio
1424 2304 1637 2351 cursu
1687 2294 2052 2371 tempestas
2101 2281 2346 2370 ingens
2393 2281 2631 2350 oborta
2681 2293 2806 2363 est,

275 2391 410 2456 qua
458 2371 742 2462 pelagus
790 2370 1141 2440 intumuit:
1206 2371 1669 2458 fluctibusque
1716 2370 2008 2440 sublatis
2035 2370 2513 2527 gaci-ahantur,
2566 2383 2631 2439 ct
2679 2369 2816 2437 im-

275 2459 677 2551 pediebatur
727 2460 1083 2551 navigatio.
1136 2465 1212 2529 At
1257 2460 1361 2529 vir
1409 2473 1688 2532 sanctus
1735 2459 1937 2530 solita
1984 2458 2029 2528 fi
2081 2481 2118 2527 e
2165 2457 2403 2537 fretus,
2448 2458 2811 2549 proprium

274 2548 575 2641 explenti
624 2550 1109 2628 ministerium,
1162 2550 1302 2618 ait:
1339 2573 1374 2617 «
1412 2555 1747 2620 Conservo
1798 2549 1971 2617 mari
2019 2547 2397 2624 denuntia,
2466 2561 2542 2616 ut
2595 2547 2813 2618 frenet

276 2651 773 2729 tempestatem,
827 2651 891 2708 et
937 2639 1190 2708 fluctus
1240 2639 1647 2724 tranquillos
1696 2637 1957 2717 reddat,
1996 2650 2073 2706 ut
2122 2638 2247 2705 iter
2294 2647 2608 2706 nostrum
2661 2636 2813 2727 pla-

274 2729 426 2799 cide
471 2728 807 2798 conflcere
876 2726 1248 2796 valeamus,
1324 2731 1535 2813 Atque
1603 2728 1696 2796 ita
1765 2724 2121 2796 confestim
2171 2726 2486 2794 effectum
2539 2737 2678 2805 est,
2740 2735 2819 2795 ut

274 2818 582 2887 Christus
628 2830 692 2886 et
741 2822 919 2886 Deus
967 2829 1195 2884 noster
1256 2816 1380 2885 bac
1419 2817 1581 2885 item
1631 2817 1702 2885 in
1754 2838 1848 2895 re,
1901 2813 2490 2902 quemadmodum
2532 2814 2603 2882 in
2652 2813 2812 2883 reli·

272 2907 428 2992 quis
476 2906 825 2985 omnibus,
898 2926 1049 2972 vera
1098 2904 1351 2975 dixisse
1396 2905 1985 2975 demonstraretur
2017 2958 2033 2979 ,
2089 2926 2249 2973 cum
2302 2902 2560 2992 majora
2611 2903 2821 2972 mini-

274 3007 451 3065 stros
498 3016 687 3067 suos,
721 3015 931 3080 quam
984 2992 1127 3082 ipse
1175 2993 1442 3072 faceret,
1480 2994 1826 3084 pollicitus
1874 3005 1984 3062 est
2020 2993 2405 3063 effecturos.
2460 2996 2820 3062 Caeterum

274 3105 431 3154 eum
474 3083 799 3153 omnibus
833 3082 1200 3152 virtutibus
1233 3082 1615 3164 excelleret,
1650 3081 1983 3151 curandis
2021 3092 2250 3150 tamen
2279 3093 2345 3150 et
2374 3080 2822 3150 sublevandis

271 3170 702 3328 pauperibus
760 3172 1083 3261 majorem
1148 3169 1579 3262 diligentiam
1637 3171 2032 3240 adhibebat.
2100 3173 2267 3238 Cum
2330 3168 2513 3237 enim
2583 3191 2817 3239 amore

300 3273 571 3330 raterno
634 3259 926 3328 maxime
972 3271 1338 3337 teneretur,
1394 3259 1937 3329 misericordiam
1997 3280 2077 3327 ex
2138 3280 2216 3326 eo
2264 3256 2821 3346 proficiscentem

272 3349 344 3418 in
380 3348 630 3440 primis
658 3348 1267 3438 complectebatur.
1307 3354 1384 3418 Et
1415 3349 1781 3418 salutarem
1817 3347 2303 3417 accedentibus
2337 3367 2623 3416 manum
2663 3368 2823 3435 por-

272 3438 531 3530 rigens,
583 3451 881 3524 quatuor
934 3437 1282 3507 mensium
1341 3438 1561 3526 spatio
1614 3438 1876 3517 cibum,
1916 3435 2315 3505 monasterii
2354 3434 2603 3505 usibus
2645 3456 2826 3504 com-

275 3540 619 3627 paratum,
673 3526 1088 3596 effundebat.
1144 3530 1452 3612 Cumque
1501 3526 1818 3596 minister
1864 3547 2006 3594 rem
2058 3547 2259 3625 aegre
2309 3522 2550 3604 ferret,
2616 3536 2821 3611 atque

272 3615 473 3685 illum
521 3635 605 3683 ne
648 3613 949 3683 familiae
992 3614 1274 3702 quidem
1323 3614 1491 3684 satis
1543 3637 1691 3685 esse
1743 3615 2022 3695 diceret,
2076 3613 2222 3682 miti
2279 3610 2582 3681 oratione
2621 3612 2819 3702 jube·

268 3704 408 3786 bat,
462 3716 540 3772 ut
587 3702 1009 3772 frumentum
1074 3715 1492 3773 numeraret.
1547 3703 1741 3787 Quod
1813 3702 1928 3773 ille
1974 3725 2138 3771 cum
2196 3701 2487 3780 fecisset,
2543 3700 2818 3770 nullum

272 3813 516 3863 acervo
565 3790 872 3861 modium
925 3792 1161 3861 deesse
1222 3794 1493 3882 reperit.
1560 3798 1810 3861 Verum
1859 3790 2131 3860 facilius
2173 3790 2280 3870 sit,
2335 3788 2561 3858 undas
2608 3789 2824 3858 maris

275 3902 709 3959 enumerare,
762 3892 882 3949 aut
922 3903 1091 3950 >cava
1135 3902 1349 3950 manu
1405 3881 1693 3972 pelagus
1752 3880 2077 3959 dimetiri,
2129 3900 2337 3966 quam
2399 3899 2508 3947 res
2553 3878 2641 3947 ab
2702 3877 2823 3948 illo

277 3984 502 4060 gestas
548 3969 997 4041 admirabiles
1044 3970 1351 4039 oratione
1397 3969 1786 4060 complecti.
1835 3969 2298 4052 Quamobrem
2359 3966 2516 4036 aliis
2562 3980 2829 4037 caetera

271 4059 741 4145 relinquentes
811 4058 1423 4128 commemoranda
1453 4114 1468 4141 ‚
1521 4081 1700 4146 quae
1749 4058 1847 4127 rei
1911 4056 2265 4126 institutae
2310 4055 2535 4146 magis
2582 4077 2833 4124 conve-

278 4147 502 4226 niunt,
562 4168 1078 4237 persequemur.

364 4238 399 4323 ἓ
444 4242 591 4309 15.
646 4240 818 4326 Ager
864 4235 1206 4305 Ecclesiae
1236 4235 1438 4306 bonis
1486 4234 1815 4305 omnibus
1864 4232 2287 4304 abundabat.
2327 4238 2491 4302 Nam
2529 4243 2594 4302 et
2624 4231 2828 4300 rectis

280 4322 608 4394 institutis
644 4323 1023 4393 instructus
1054 4336 1220 4404 erat,
1272 4338 1336 4394 et
1377 4324 1573 4393 factis
1622 4323 2168 4413 congruentibus
2207 4321 2550 4391 affluebat.
2605 4325 2831 4410 Impe—

274 4424 524 4483 ratores
570 4425 802 4482 autem
840 4414 950 4482 Dei
979 4426 1313 4495 amantes,
1356 4413 1627 4503 pietatis
1676 4412 1906 4483 studio
1959 4412 2219 4503 potiuS,
2270 4433 2479 4499 quam
2538 4407 2822 4499 Imperii
