3327 4999
139 317 359 383 MART.
411 319 453 382 7
969 335 1047 382 ne
1095 336 1151 382 s.
1204 335 1415 382 moira
1464 335 1784 392 Aquinus
2460 275 2567 385 '89

138 415 867 507 intelligentia.»Atque
897 414 1061 484 haec
1082 414 1345 495 dicem,
1371 415 1730 486 videbatur
1762 415 1988 496 illum,
2013 417 2443 506 apprehensa
2475 417 2647 506 ejuS,

143 517 316 586 veste,
360 527 600 575 secum
647 527 684 573 e
730 503 982 576 scholis
1029 503 1342 573 educere.
1396 510 1566 573 Tum
1621 527 1774 574 vero
1836 509 2064 574 Frater
2102 505 2357 574 Paulus
2405 506 2659 592 Aquili-

138 617 272 675 nuS,
320 596 548 685 coepit
595 593 892 662 clamare
946 591 1236 662 fortiter:
1267 593 1731 674 «succurrite,
1770 592 2035 674 fratreS,
2093 595 2517 664 succurrite:
2572 616 2658 663 en

136 685 317 752 stater
359 684 659 752 Thomas
690 681 997 752 aufertur
1023 704 1062 750 a
1099 682 1367 751 nobis.»
1392 681 1484 750 Ad
1513 705 1687 769 quos
1721 683 2056 752 clamores
2090 683 2362 753 excitati
2386 683 2652 766 fratreS,

133 773 535 859 quaerebant
579 793 659 840 ex
704 793 806 852 en,
858 771 1270 857 ecquidnam
1333 770 1614 843 vidisset
1662 773 1756 841 ita
1805 771 2193 842 clamitans
2251 772 2376 841 Illo
2425 786 2657 841 autem

134 862 443 930 visionem
481 882 756 930 omnem
805 860 1046 930 ordine
1092 859 1440 940 referente,
1496 861 1665 930 hora
1697 873 2109 930 annotatur:
2162 872 2226 929 et
2279 861 2455 930 facta
2502 860 2659 929 dili-

131 951 291 1038 genti
339 949 817 1049 inquisitipne‚
871 948 1425 1019 animadversum
1456 962 1578 1030 est,
1624 952 1704 1018 ea
1753 950 1901 1041 ipsa
1933 954 2285 1020 Doctorem
2338 962 2655 1019 sanctum

130 1042 489 1109 excessisse
535 1060 573 1106 e
621 1039 810 1107 vivis,

201 1130 233 1214 ξ
297 1135 447 1201 ²1.
509 1132 586 1196 ln
633 1126 957 1197 coenobio
1005 1130 1247 1194 Fossae
1284 1131 1501 1195 Novae
1549 1125 1935 1196 monachus
1988 1138 2131 1196 erat
2189 1133 2489 1196 Joannes
2539 1132 2658 1196 Fe-

124 1217 449 1296 rentinus,
500 1228 785 1302 utroque
836 1237 1005 1305 pene
1044 1216 1324 1284 orbatus
1368 1214 1653 1284 lumine.
1696 1221 1760 1283 Is
1809 1216 2216 1307 priusquam
2260 1217 2479 1284 sancti
2531 1216 2657 1285 viri

122 1327 360 1395 corpus
413 1306 842 1385 humaretur,
895 1304 980 1372 ad
1031 1303 1204 1372 illud
1237 1327 1307 1373 se
1336 1303 1499 1372 duci
1529 1305 1832 1373 curavit:
1887 1326 2187 1390 cumque
2225 1306 2375 1388 ejus
2409 1304 2653 1374 faciem

120 1408 280 1465 esset
326 1393 794 1472 deosculatuS,
848 1392 1063 1462 oravit
1110 1393 1497 1472 Dominum,
1534 1405 1611 1462 ut
1643 1393 1814 1462 tanti
1845 1393 1968 1462 viri
2024 1393 2285 1462 meritis
2318 1393 2655 1462 amissum

124 1483 240 1553 sihi
282 1484 526 1553 lumen
579 1482 1084 1561 restitueretur,
1147 1503 1360 1567 eoque
1409 1495 1829 1572 recuperato,
1885 1483 1953 1552 in
2008 1483 2134 1553 has
2183 1504 2381 1551 voces
2428 1483 2657 1572 erupit

123 1573 183 1640 in
233 1571 622 1661 praesentia
681 1576 985 1640 Fratrum
1031 1584 1499 1639 caeterorum:
1553 1595 1588 1637 «
1641 1571 2048 1661 Benedictus
2094 1576 2295 1641 DeuS.
2360 1577 2529 1641 Ecce
2587 1577 2651 1640 S.

120 1661 406 1731 ‘rhomae
458 1660 721 1729 meritis
768 1659 1150 1729 clarissime
1197 1657 1414 1728 video,
1463 1682 1498 1725 »

201 1755 236 1836 ξ
296 1756 460 1821 22.
518 1755 877 1835 Postquam
911 1761 1136 1817 autem
1182 1748 1575 1838 sepulturae
1611 1749 2011 1818 mandatum
2046 1749 2175 1818 suit
2205 1771 2478 1819 sacrum
2511 1772 2659 1818 cor-

127 1859 274 1923 puS,
322 1839 545 1907 Abbas
602 1851 666 1907 et
721 1838 960 1906 fratres
1006 1838 1156 1926 ejus
1210 1837 1520 1906 coenobii
1570 1859 1706 1905 non
1757 1838 2100 1908 immerito
2150 1839 2367 1907 vereri
2415 1861 2658 1928 coepe-

135 1938 307 2004 runt,
337 1950 422 1996 ne
469 1940 704 1996 tantus
753 1926 1117 1996 thesaurus
1165 1925 1336 2017 ipsis
1376 1925 1790 2012 quandoque
1830 1927 2230 2017 eriperetur.
2272 1933 2427 1997 Erat
2468 1928 2656 1995 enim

140 2012 236 2080 eis
277 2014 477 2086 instar
532 2015 828 2105 depositi
877 2014 1050 2083 illud
1108 2037 1359 2104 corpus
1415 2015 2000 2095 commendatum,
2054 2029 2117 2085 et
2168 2021 2398 2084 Frater
2458 2017 2658 2105 Regi-

146 2099 380 2171 naldus
419 2105 562 2194 ejus
613 2105 843 2174 socius
888 2103 971 2172 ad
1023 2125 1174 2172 eam
1216 2125 1359 2171 rem
1403 2104 1744 2172 notarium
1795 2115 1859 2173 et
1898 2116 2099 2173 testes
2132 2104 2469 2184 adhibuit,
2499 2105 2657 2194 jus-

143 2201 432 2277 seratque
473 2193 578 2260 vir
616 2205 898 2261 sanctus
944 2214 1195 2282 corpus
1256 2214 1459 2261 suum
1498 2205 1886 2282 opportuno
1948 2205 2251 2282 tempore
2303 2193 2653 2281 Neapolim

139 2276 385 2349 deferri.
422 2286 661 2368 Itaque
708 2281 1115 2370 intempesta
1164 2293 1356 2349 nocte
1404 2280 1625 2350 Abbas
1665 2302 1820 2349 cum
1876 2281 2204 2351 fratribus
2252 2281 2398 2350 suis
2446 2282 2517 2349 id
2566 2281 2653 2350 ad

133 2370 332 2438 sancti
381 2369 708 2461 Stephani
779 2369 1106 2439 sacellum
1159 2368 1544 2440 transtulit:
1616 2391 1852 2439 verum
1913 2382 2193 2439 sanctus
2256 2375 2495 2439 Doctor
2539 2376 2654 2440 Ja-

130 2456 285 2528 cobo
325 2459 710 2529 Florentino
748 2460 870 2547 qui
913 2459 1066 2548 ejus
1114 2458 1509 2529 monasterii
1559 2458 1748 2527 Prior
1795 2470 1960 2539 erat,
1998 2462 2338 2550 apparens
2372 2458 2439 2527 in
2470 2481 2653 2528 sorn-

133 2546 253 2625 niS,
301 2548 444 2619 dire
492 2572 652 2619 euin
703 2549 1112 2639 objurgavit,
1173 2548 1530 2634 minasque
1580 2548 1960 2630 intentavit,
2017 2549 2089 2617 ni
2138 2548 2223 2617 ad
2276 2548 2649 2637 pristinum

135 2632 336 2706 locum
384 2660 640 2730 corpus
705 2638 1168 2708 reduceretur.
1224 2636 1488 2706 veritus
1554 2650 1781 2706 autem
1846 2637 1961 2706 ille
2031 2637 2303 2705 divinae
2369 2636 2654 2705 ultionis

129 2744 496 2807 censuram,
552 2750 711 2795 cum
763 2725 1024 2814 aliquot
1073 2726 1431 2794 monachis
1491 2738 1556 2794 et
1620 2725 1949 2795 fratribus
1998 2726 2138 2794 illis
2186 2725 2427 2806 LaiciS‚
2481 2746 2653 2811 quos

123 2815 398 2886 Donatos
446 2826 710 2895 vocant,
751 2815 835 2884 ad
887 2815 1214 2885 sacellum
1251 2815 1827 2904 sancti-Stephani
1858 2816 2214 2895 accedenS,
2255 2814 2650 2905 sepulcrum

120 2906 411 3000 aperuit:
464 2903 653 2974 unde
700 2916 885 2974 tanta
918 2904 1144 2992 erupit
1192 2903 1421 2974 odoris
1469 2905 1796 2981 suavitas,
1849 2917 1927 2973 ut
1974 2927 2095 2994 per
2151 2903 2649 2973 monasterium

121 2988 379 3073 diffusa,
433 3015 591 3062 mox
622 2991 863 3063 fratres
909 3015 1149 3062 omnes
1197 2992 1282 3061 ad
1317 3014 1405 3061 -se
1457 2992 1813 3061 invitaret:
1868 2994 2124 3079 quibus
2174 2993 2653 3082 praesentibus

120 3077 444 3150 detectum
493 3103 769 3151 sacrum
817 3104 1093 3171 corpu&
1147 3081 1473 3151 omnibus
1523 3081 1855 3150 membris
1921 3095 2268 3173 repertum
2318 3095 2419 3152 est
2478 3082 2651 3151 inte-

118 3169 508 3255 gerrimum,
564 3183 630 3239 et
676 3171 822 3261 ipse
851 3191 1124 3257 quoque
1154 3170 1434 3240 habitus
1484 3192 1771 3258 prorsus
1819 3169 2287 3260 incorruptus
2323 3176 2509 3253 Quae
2544 3193 2649 3240 res

121 3268 293 3327 tanto
339 3259 562 3349 magis
603 3258 742 3328 visa
791 3273 893 3328 est
941 3259 1394 3338 admirabiliS‚
1440 3258 1622 3345 quod
1678 3259 1781 3326 vir
1814 3273 2096 3328 sanctus
2126 3281 2377 3349 magno
2407 3272 2470 3327 et
2500 3281 2649 3327 am-

119 3343 223 3498 plo
267 3368 345 3416 ex
392 3346 690 3417 naturali
739 3347 1145 3417 habitudine
1193 3347 1432 3418 fuisset
1478 3369 1763 3437 corpore
1795 3402 1809 3427 ,
1871 3359 1936 3416 et
1993 3347 2187 3416 locus
2254 3347 2649 3437 sepulturae

165 3435 437 3505 umidus
480 3449 697 3517 esset,
751 3459 928 3523 quae
987 3435 1207 3505 solent
1252 3436 1650 3505 celeriorem
1713 3435 1982 3505 adferre
2048 3435 2641 3525 putrefactionem.

125 3522 236 3591 L'bi
282 3524 490 3615 igitur
542 3528 801 3595 Fratres
849 3525 949 3594 illi
1006 3537 1140 3594 tam
1193 3525 1465 3615 insigne
1514 3524 1932 3594 miraculum
1985 3525 2326 3604 viderunt,
2397 3525 2647 3611 majori

118 3629 266 3702 erga
305 3627 625 3713 sanctum
660 3615 884 3683 virum
935 3612 1290 3683 devotione
1323 3627 1674 3704 concepta,
1729 3636 1983 3704 corpus
2025 3635 2298 3683 sacrum
2335 3635 2648 3682 reveren-

121 3710 209 3797 ter
253 3714 315 3771 et
370 3702 741 3772 honorifice
807 3702 892 3771 ad
956 3700 1328 3793 pristinum
1396 3701 1624 3771 locum
1695 3715 2152 3792 reportarunt.
2224 3701 2443 3770 Altera
2491 3722 2646 3771 vero

118 3785 257 3881 die,
320 3791 680 3882 indignum
733 3792 1044 3861 arbitrati
1095 3791 1367 3860 Missam
1426 3790 1909 3860 defunctorum
1974 3814 2096 3881 pro
2154 3790 2273 3859 illo
2336 3802 2637 3872 cantare,

123 3895 184 3942 tn
229 3900 355 3965 quo
386 3892 521 3950 tam
581 3880 754 3950 mira
813 3880 927 3951 Dei
979 3902 1186 3970 opera
1235 3881 1773 3969 conspexissent,
1829 3880 2071 3949 Missae
2118 3879 2425 3949 officium
2467 3880 2646 3949 cele-

125 3961 406 4050 brarunt,
453 3969 643 4056 quod
691 3969 861 4038 solet
906 3969 990 4037 de
1023 3967 1420 4038 confessore
1450 3991 1583 4037 non
1622 3968 1949 4038 Pontifice
1980 3969 2140 4037 dici.
2181 3973 2361 4037 Haec
2409 3983 2644 4039 autem

129 4053 326 4136 prima
370 4058 588 4128 sancti
653 4058 782 4127 viri
832 4057 1181 4145 translatio
1229 4058 1520 4147 septimo
1574 4057 1732 4147 plus
1784 4058 2017 4127 minus
2066 4079 2300 4127 mense
2346 4058 2433 4128 ab
2494 4058 2645 4148 cJus

130 4138 296 4212 obitu
339 4144 511 4216 facta
557 4159 682 4216 est.

207 4228 240 4313 ξ
296 4237 443 4304 28.
498 4240 667 4305 Cum
718 4244 946 4304 autem
989 4233 1137 4322 jam
1195 4234 1361 4303 anni
1429 4243 1685 4324 septem
1752 4233 2005 4303 evoluti
2052 4246 2280 4306 essent
2327 4257 2367 4304 a
2415 4234 2643 4325 prima

136 4310 243 4414 hf'uf
294 4322 752 4403 translatione,
814 4328 1048 4393 Petrus
1100 4323 1322 4393 Abbas
1374 4323 1770 4392 monasterii
1837 4329 2079 4395 Fossae
2128 4330 2368 4404 Novae,
2417 4323 2638 4392 sancti

137 4419 243 4472 Vm
295 4431 537 4503 corpus
611 4412 841 4482 denuo
912 4413 1362 4482 exhumatum
1401 4467 1416 4494 ,
1484 4412 1698 4500 jussit
1744 4412 1815 4481 in
1867 4412 2187 4504 sepulcro
2256 4433 2638 4483 marmoreo
