3327 4999
672 310 812 374 492
1494 324 1574 370 ΒΕ
1622 325 1680 372 S.
1734 324 2048 374 saneomo
2095 325 2258 374 rArA
2767 302 3019 371 MART.
3082 307 3167 371 ⁴2

592 405 827 475 cinere
879 405 1120 475 ssentes
1158 403 1391 494 jacere
1437 403 1849 487 debuerunt,
1910 405 2233 474 vanitatis
2282 403 2417 473 sibi
2465 405 2752 474 nomina
2797 412 3158 494 expetunt,

591 506 659 564 et
708 494 902 564 novis
951 516 1030 563 ac
1082 490 1388 582 profanis
1436 492 1792 561 vocabulis
1849 493 2259 584 gloriantur.
2325 493 2678 579 Numquid
2726 514 2853 583 ego
2902 493 2976 560 in
3029 491 3168 560 hac

592 605 689 662 re,
746 581 1057 671 piissime
1107 579 1414 658 Domine,
1466 602 1751 650 causam
1803 582 2155 672 propriam
2203 579 2546 651 defendo?
2593 579 2942 667 Numquid
3002 600 3168 668 spe·

596 669 842 739 cialem
891 668 1222 755 injnriam
1255 667 1573 737 vindico?
1620 674 1911 739 Causam
1962 670 2455 760 omnipotentis
2505 669 2622 739 Dei
2669 689 2823 758 ag0‚
2872 689 3171 739 causam

592 756 1011 826 universalis
1075 756 1419 826 Ecclesiae
1474 778 1757 843 quaero.
1819 758 1988 840 Quis
2044 757 2167 827 iste
2231 770 2334 827 est
2411 758 2534 843 qui
2600 770 2839 826 contra
2904 768 3173 825 statuta

595 845 1013 937 evangelica,
1053 856 1291 914 contra
1338 866 1689 915 canonum
1737 845 2009 915 decreta
2059 868 2313 915 novum
2344 845 2479 915 sibi
2528 867 2781 915 nomen
2812 866 3169 934 usurpare

597 934 1032 1024 praesumit?
1081 933 1355 1002 Utinam
1406 932 1507 1002 vel
1560 933 1708 1004 sine
1757 934 2245 1003 imminutione
2278 956 2466 1003 unus
2515 934 2605 1003 sit
2670 933 2792 1020 qui
2839 953 2990 1003 esse
3040 954 3171 1032 ap-

647 1022 764 1092 etit
797 1022 1190 1092 universus.
1231 1026 1309 1089 Et
1353 1033 1532 1091 certe
1582 1021 1840 1092 multos
1891 1022 2687 1112 Constantinopolitanae
2724 1020 3057 1091 ecclesiae
3081 1043 3161 1088 m

595 1044 959 1182 Baereseos
1007 1109 1405 1200 voraginem
1455 1110 1790 1179 cecidisse
1825 1110 2147 1181 novimus
2196 1110 2606 1189 sacerdotes,
2648 1120 2715 1178 et
2764 1130 2900 1178 non
2933 1108 3172 1178 solum

596 1198 1001 1279 haereticoS,
1039 1198 1157 1267 sed
1190 1198 1397 1267 etiam
1446 1198 1966 1267 haeresiarchas
1998 1199 2235 1267 factos
2274 1197 2442 1267 Inde
2490 1198 2753 1288 quippe
2782 1197 3166 1277 Nestorius,

596 1287 720 1374 qui
773 1287 1220 1356 mediatorem
1254 1286 1365 1353 Dei
1400 1297 1465 1354 et
1513 1286 1882 1355 hominum
1916 1286 2261 1355 Christum
2292 1291 2532 1354 Jesum
2581 1285 2758 1354 duas
2805 1307 2956 1354 esse
3004 1307 3170 1386 per·

599 1397 806 1445 sonas
832 1374 1257 1453 existimanS,
1295 1373 1460 1460 quia
1493 1379 1707 1444 Deum
1744 1373 2095 1443 hominem
2140 1373 2290 1441 fleri
2322 1374 2626 1464 potuisse
2668 1395 2806 1442 non
2838 1373 3165 1456 credidit,

598 1484 823 1549 usque
870 1462 956 1531 ad
1004 1462 1367 1531 Judaicam
1410 1462 1770 1551 perfidiam
1819 1463 2072 1551 erupit.
2128 1462 2295 1530 Inde
2327 1462 2771 1534 Macedonius
2817 1462 2942 1549 qui
3002 1484 3174 1531 con-

600 1549 1124 1622 substantialem
1177 1550 1359 1618 Patri
1405 1560 1472 1618 et
1522 1549 1688 1619 Filio
1739 1550 2075 1641 Spiritum
2126 1554 2477 1631 Sanctum,
2520 1556 2732 1619 Deum
2770 1571 2921 1621 esse
2952 1549 3175 1619 dene-

599 1638 807 1729 gavit.
864 1638 932 1707 Si
980 1638 1196 1728 igitur
1226 1637 1400 1706 illud
1435 1659 1685 1706 nomen
1740 1638 1808 1706 in
1861 1660 1941 1706 ea
1986 1636 2277 1707 ecclesia
2316 1638 2450 1707 sibi
2479 1638 2850 1725 quisquam
2887 1638 3167 1727 arripit,

596 1726 787 1796 unde
820 1738 915 1795 tot
960 1726 1482 1795 haeresiarchae
1532 1725 1846 1816 prodisse
1896 1738 2301 1804 noscuntur,
2341 1727 2665 1796 universa
2721 1749 2887 1816 ergo
2935 1727 3174 1796 Eccle-

600 1815 704 1885 sia
741 1813 924 1901 quod
976 1814 1196 1894 absit,
1263 1836 1304 1883 a
1352 1825 1534 1883 statu
1582 1836 1711 1883 suo
1767 1814 2069 1893 corruit,
2140 1814 2420 1900 quando
2481 1815 2541 1883 is
2600 1814 2722 1902 qui
2771 1815 3176 1905 appellatur

605 1904 1039 1982 Πηιύενεαίἰε,
1078 1901 1286 1971 cadit.
1346 1901 1473 1971 Sed
1523 1902 1705 1971 absit
1751 1925 1792 1971 a
1840 1902 2247 1974 Christianis
2293 1901 2623 1973 cordibus
2672 1924 2924 1972 nomen
2980 1902 3176 1974 istud

598 1991 1100 2080 blasphemiae,
1153 1991 1222 2059 in
1274 2012 1411 2076 quo
1456 1990 1776 2060 omnium
1828 1989 2262 2060 sacerdotum
2315 1991 2533 2059 honor
2582 1991 2940 2071 adimitur,
2995 1991 3178 2060 dum

601 2079 689 2148 ab
739 2101 880 2149 uno
930 2079 1061 2148 sibi
1110 2078 1465 2147 dementer
1502 2091 1887 2169 arrogatur.
1945 2083 2131 2148 Certe
2180 2100 2303 2168 pro
2352 2080 2532 2148 beati
2583 2079 2760 2149 Petri
2808 2080 3179 2170 Apostolo-

602 2189 762 2236 rum
814 2166 1153 2258 principis
1186 2167 1465 2248 honore,
1506 2188 1629 2256 per
1658 2167 2121 2235 venerandam
2156 2166 2782 2237 chalcedonensem
2817 2167 3184 2258 synodum

604 2260 915 2325 Romano
965 2254 1274 2346 pontifici
1322 2255 1631 2325 oblatum
1668 2255 1875 2324 est*:
1924 2255 2042 2324 sed
2105 2255 2345 2324 nullus
2377 2277 2618 2325 eorum
2669 2278 2983 2341 unquam
3035 2255 3179 2326 hoc

606 2343 1110 2434 singularitatis
1159 2344 1439 2412 nomine
1488 2344 1588 2412 uti
1637 2344 2010 2424 consensit,
2065 2364 2152 2412 ne
2188 2343 2356 2411 dum
2392 2344 2712 2433 privatim
2745 2344 3009 2431 aliquid
3046 2345 3186 2414 da-

603 2443 794 2502 retur
841 2432 989 2514 uni,
1045 2432 1304 2502 honore
1350 2430 1580 2501 debito
1637 2432 2025 2502 sacerdotes
2096 2432 2534 2521 privarentur
2597 2432 2930 2504 universi.
2985 2432 3184 2516 Quid

600 2534 704 2591 est
735 2542 898 2612 ergo
945 2520 1131 2607 quod
1183 2542 1307 2588 nos
1355 2519 1567 2609 hujus
1616 2520 1933 2590 vocabuli
1982 2520 2278 2610 gloriam
2325 2535 2391 2590 et
2436 2521 2740 2591 oblatam
2791 2541 2926 2590 non
2959 2543 3189 2608 quae·

602 2609 849 2690 rimuS,
885 2622 949 2679 et
997 2609 1168 2679 alter
1200 2607 1355 2688 sibi,
1396 2607 1573 2676 hanc
1612 2608 1918 2697 arripere
1950 2610 2155 2677 etiam
2209 2631 2346 2678 non
2397 2609 2698 2679 oblatam
2752 2612 3187 2701 praesumit?

600 2697 725 2767 Ille
772 2720 936 2788 ergo
985 2696 1208 2787 magis
1254 2708 1356 2764 est
1387 2695 1863 2786 piissimorum
1902 2696 2348 2766 dominorum
2379 2699 2859 2788 praeceptione
2891 2699 3188 2770 flecten-

601 2785 737 2854 dus
801 2786 924 2872 qui
988 2784 1371 2875 praeceptis
1436 2784 1795 2854 canonicis
1858 2785 2319 2855 obedientiam
2383 2787 2709 2877 praebere
2756 2789 3185 2859 contemnit.

601 2872 727 2942 Ille
774 2871 1197 2942 coercendus
1230 2883 1331 2941 est
1363 2872 1485 2959 qui
1520 2884 1798 2942 sanctae
1829 2873 2245 2942 universalis
2305 2874 2646 2945 Ecclesiae
2695 2875 3027 2965 injuriam
3076 2876 3194 2947 fa-

601 2961 694 3030 cit
739 2961 861 3046 qui
908 2958 1113 3029 corde
1147 2972 1364 3029 tumet
1410 2960 1531 3047 qui
1580 2960 1882 3049 gaudere
1912 2962 1997 3031 de
2029 2961 2310 3030 nomine
2352 2962 2856 3053 singularitatis
2905 2967 3195 3055 appetit

597 3047 721 3136 qui
772 3049 1014 3117 honori
1062 3069 1337 3135 quoque
1370 3050 1653 3139 Imperii
1695 3050 1902 3119 vestri
1933 3071 2005 3120 se
2055 3073 2175 3139 per
2218 3050 2560 3140 privatum
2598 3052 3015 3122 vocabulum
3053 3077 3191 3126 su-

599 3138 943 3228 perponit.
973 3141 1141 3206 Ecce
1169 3157 1412 3206 omnes
1440 3137 1568 3207 hac
1593 3137 1682 3206 de
1713 3159 1785 3206 re
1812 3138 2219 3207 scandalum
2256 3140 2584 3228 patimur.
2617 3141 2712 3210 Ad
2747 3141 2922 3210 viam
2952 3141 3198 3231 igitur

598 3237 858 3295 rectam
908 3236 1285 3294 revertatur
1349 3243 1591 3299 auctor
1651 3226 1988 3307 scandali,
2051 3240 2116 3295 et
2162 3227 2398 3300 omnia
2449 3229 2882 3298 sacerdotum
2928 3230 3198 3331 jurgia

601 3313 996 3383 cessabunt.
1060 3318 1197 3402 Ego
1262 3314 1446 3382 enim
1517 3325 1930 3384 cunctorum
1995 3314 2433 3384 sacerdotum
2502 3338 2743 3387 servus
2809 3339 3007 3397 sum,
3068 3341 3202 3390 m-

601 3414 939 3488 quantum
981 3401 1116 3491 ipsi
1164 3401 1680 3472 sacerdotaliter
1734 3403 1996 3472 vivunt.
2060 3408 2227 3474 Nam
2270 3404 2393 3490 qui
2441 3416 2679 3474 contra
2726 3405 3202 3496 omnipoten-

603 3499 739 3559 tem
792 3494 1005 3559 Deum
1060 3489 1438 3580 perinanis
1488 3490 1748 3580 gloriae
1798 3502 2164 3571 tumorem,
2197 3504 2402 3578 atque
2450 3505 2690 3563 contra
2739 3505 2997 3565 statuta
3057 3520 3204 3587 pa-

602 3588 788 3647 trum
839 3599 1039 3647 suam
1089 3578 1425 3647 cervicem
1472 3579 1699 3668 erigit,
1739 3578 1811 3646 in
1843 3579 2312 3670 omnipotente
2346 3581 2630 3652 Domino
2670 3582 2970 3662 confidO,
3005 3587 3202 3672 quia

603 3687 829 3734 meam
880 3665 1011 3735 sibi
1064 3687 1188 3735 nec
1253 3689 1414 3735 cum
1472 3665 1727 3823 gladiis
1793 3667 2036 3737 flectet.
2092 3669 2270 3750 Quid
2336 3683 2568 3739 autem
2639 3692 2861 3760 nuper
2909 3671 2984 3740 in
3048 3674 3200 3748 hac

604 3754 783 3822 Urbe
830 3776 911 3823 ex
943 3754 1159 3842 hujus
1207 3755 1421 3824 vocab
1505 3755 1526 3823 i
1573 3755 1822 3824 auditu
1868 3768 2140 3857 gestum
2190 3758 2301 3839 sit,
2349 3758 2723 3828 Sabiniano
2754 3759 3057 3832 diacono
3100 3787 3202 3836 ac

604 3841 990 3931 responsali
1025 3863 1177 3912 meo
1227 3842 1556 3913 subtilius
1599 3844 1900 3938 indicavi
1947 3845 2039 3912 *ἦ
2070 3868 2102 3913 »

654 3932 940 4030 §.82
997 3936 1204 3999 Item:
1246 3953 1281 3997 «
1309 3936 1494 4001 Certe
1541 3931 1708 4002 olim
1757 3931 2103 4004 clamatur
2132 3956 2255 4024 per
2280 3935 2720 4025 Apostolum:
2759 3938 3018 4020 Filioli,
3060 3963 3212 4015 no-

603 4038 890 4087 vissima
940 4020 1112 4089 hora
1135 4031 1273 4090 est:
1327 4032 1415 4099 et,
1455 4020 1846 4092 secundum
1879 4022 2061 4110 quod
2100 4024 2349 4095 veritas
2390 4025 2746 4114 praedicit.
2780 4027 3217 4106 Pestilentia

602 4118 668 4175 et
717 4106 994 4208 gladius
1038 4129 1159 4199 per
1208 4108 1553 4209 mundum
1606 4111 1841 4191 saevit,
1896 4123 2135 4202 gentes
2182 4112 2561 4204 insurgunt
2608 4116 2963 4206 gentibus,
3003 4131 3215 4194 terra

600 4208 1039 4274 concuutur,
1112 4199 1303 4267 orbis
1374 4220 1534 4267 cum
1615 4198 2122 4270 habitatoribus
2192 4200 2341 4271 suis
2369 4255 2385 4284 ,
2469 4214 2650 4273 terra
2717 4202 3148 4282 dehiscente
3180 4267 3202 4297 ‚

655 4352 684 4380 ⁸
717 4353 990 4393 vacuat-saue
1011 4364 1039 4393 ι
1058 4354 1428 4394 chalcedonensi
1448 4355 1659 4395 concilio
1677 4356 1832 4396 dietus
1854 4357 1928 4396 ese
1949 4366 2075 4398 unus
2092 4357 2336 4400 Romanus
2356 4360 2583 4402 Pontifex.

656 4405 713 4433 ¹⁹¹·
743 4406 858 4448 Vide
879 4407 1021 4447 eliam
1045 4407 1197 4448 eidem
1218 4408 1389 4448 Joamn
1407 4408 1555 4457 Epist.
1574 4418 1699 4458 quoe
1719 4410 1777 4450 eb
1794 4411 1941 4460 hujus
1961 4411 2097 4453 Vitae
2114 4413 2349 4463 scriptore
2370 4414 2568 4456 notatur
2585 4415 2636 4456 81
2655 4414 2792 4457 Libri
2815 4419 2857 4457 4.
