3327 4999
219 316 467 382 MART.
521 317 607 380 20
830 334 909 380 na
958 334 1014 380 5.
1067 332 1432 381 cumanam
1481 332 1680 380 Ense.
1736 333 2136 382 amnismnn.
2555 313 2672 377 394

215 435 574 483 servorum
624 414 740 482 Dei
787 413 1141 492 habitatio,
1179 426 1511 501 utrosque
1558 412 1768 481 simul
1822 426 2022 494 tenet,
2079 413 2293 482 immo
2338 432 2578 481 omnes
2630 431 2777 479 mo-

216 502 480 572 nachos
532 513 735 571 tenet.
801 502 1105 571 Aidanus
1174 502 1433 592 quippe
1505 501 1625 587 qui
1704 501 1973 591 primus
2042 500 2352 590 ejusdem
2432 499 2561 567 loci
2629 499 2778 588 epi-

220 612 479 679 scopus
528 589 679 670 fuit,
733 590 1121 659 monachus
1166 603 1333 669 erat,
1387 601 1450 658 et
1514 590 1994 658 monachicam
2044 610 2204 658 cum
2257 589 2404 657 suis
2451 586 2779 657 omnibus

218 679 435 746 vitam
486 700 760 770 semper
788 699 988 768 agere
1023 677 1305 746 solebat.
1356 677 1547 746 Unde
1596 677 1683 745 ab
1731 676 1852 746 illo
1899 699 2142 745 omnes
2202 675 2334 745 loci
2381 674 2606 766 ipsius
2654 697 2781 743 an-

219 767 470 837 tistites
518 789 740 853 usque
802 766 1004 835 hodie
1043 766 1142 835 sic
1190 764 1582 856 episcopale
1638 778 1954 834 exercent
2000 764 2335 843 officium,
2377 775 2455 831 ut
2503 774 2779 853 regente

217 855 721 924 monasterium
773 855 1041 931 abbate,
1095 876 1303 940 quem
1353 854 1490 944 ipsi
1537 875 1699 921 cum
1750 853 2039 922 consilio
2079 854 2370 921 fratrum
2421 850 2775 940 elegerint,

220 964 463 1011 omnes
521 943 928 1031 presbyteri,
983 942 1281 1023 diaconi,
1345 954 1681 1021 cantore5‚
1723 942 2030 1022 lectores,
2085 940 2471 1025 caeterique
2519 939 2780 1030 gradus

223 1030 711 1111 Ecclesiastici,
761 1031 1236 1100 monachicam
1291 1053 1412 1120 per
1456 1029 1693 1098 omnia
1742 1052 1902 1099 cum
1938 1030 2088 1119 ipso
2115 1028 2440 1119 episcopo
2470 1027 2782 1127 regulam

219 1129 514 1187 servent.
554 1124 773 1201 Quam
824 1119 1096 1188 vivendi
1148 1141 1459 1188 normam
1517 1118 1814 1187 multum
1858 1140 1929 1187 se
1959 1117 2246 1207 diligere
2281 1117 2592 1206 probavit
2619 1117 2780 1185 bea-

220 1218 334 1276 tus
383 1212 567 1297 Papa
614 1207 1006 1307 Gregorius,
1051 1229 1214 1276 cum
1266 1206 1646 1278 sciscitanti
1697 1228 1818 1296 per
1865 1205 2098 1276 literas
2129 1211 2227 1274 Au
2281 1205 2531 1284 ustino,
2567 1226 2781 1291 quam

227 1296 538 1385 primum
591 1308 778 1385 genti
826 1296 1198 1385 Anglorum
1268 1295 1669 1395 episcopum
1735 1294 2046 1373 miserat,
2111 1315 2248 1379 qua
2284 1294 2408 1362 iter
2471 1291 2782 1382 episcopi

217 1405 385 1453 cum
435 1383 579 1452 suis
628 1383 900 1452 clericis
931 1405 1322 1452 conversari
1355 1383 1669 1452 debeant.
1727 1382 2083 1470 respondit
2132 1384 2310 1450 inter
2358 1381 2529 1449 alia:
2586 1380 2779 1449 «Sed

217 1472 386 1557 quia
437 1485 553 1540 tua
600 1470 990 1541 fraternitas
1040 1471 1438 1542 monasterii
1474 1469 1734 1561 regulis
1767 1470 2062 1551 erudita,
2102 1492 2415 1539 seorsum
2454 1468 2602 1537 fieri
2632 1489 2771 1537 non

225 1559 431 1628 debet
477 1582 513 1627 a
564 1560 835 1628 clericis
902 1559 1049 1630 suis
1110 1560 1179 1627 in
1243 1559 1533 1629 ecclesia
1597 1558 1972 1649 Anglorum
2043 1579 2220 1643 quae
2283 1562 2414 1625 Deo
2467 1567 2770 1637 auctore,

218 1669 449 1737 nuper
495 1647 722 1717 adhuc
770 1649 857 1716 ad
908 1647 1112 1715 fidem
1165 1648 1493 1737 perducta
1541 1659 1675 1716 est:
1732 1648 1907 1716 hanc
1955 1647 2153 1715 debet
2185 1646 2777 1716 conversationem

219 1736 583 1804 instituere
620 1757 797 1822 quae
845 1736 916 1804 in
967 1735 1163 1804 initio
1212 1736 1558 1804 nascentis
1607 1735 1951 1805 Ecclesiae
1993 1734 2121 1803 fuit
2172 1733 2487 1824 patribus
2524 1734 2779 1804 nostris

219 1824 295 1891 in
344 1824 601 1910 quibus
651 1824 911 1903 nullus,
966 1845 1202 1893 eorum
1255 1845 1336 1891 ex
1387 1824 1494 1893 his
1542 1844 1720 1909 quae
1772 1822 2236 1913 possidebant,
2276 1821 2539 1908 aliquid
2571 1844 2778 1892 suum

221 1933 375 1981 esse
422 1912 727 1981 dicebat:
784 1911 900 1982 sed
950 1924 1144 1980 erant
1192 1911 1331 1980 illis
1379 1912 1613 1980 omnia
1639 1912 2062 1979 communia.
2092 1934 2128 1977 »

312 2001 348 2086 ἕ
407 2005 544 2072 18.
600 2001 819 2091 Igitur
850 1999 931 2068 ad
981 1999 1606 2069 Lindissarnensem
1667 1999 2027 2067 ecclesiam
2080 1999 2220 2067 sive
2269 1997 2773 2067 monasterium

220 2088 331 2155 vir
377 2088 648 2156 Domini
696 2088 1093 2168 adveniens,
1135 2109 1290 2157 mox
1319 2087 1631 2155 instituta
1668 2087 2074 2155 monachica
2121 2086 2453 2155 fratribus
2485 2085 2778 2154 vivendo

221 2176 483 2267 pariter
528 2188 593 2244 et
630 2176 939 2245 docendo
972 2175 1298 2245 tradebat.
1338 2174 1465 2244 Sed
1501 2187 1565 2243 et
1591 2174 2134 2261 circumquaque
2167 2186 2550 2243 morantem
2586 2173 2697 2241 vul
2757 2173 2778 2241 i

220 2263 770 2345 multitudinem,
810 2286 999 2333 more
1047 2286 1174 2333 suo
1220 2263 1462 2333 crebra
1494 2262 1881 2330 visitatione
1910 2262 1992 2331 ad
2029 2261 2348 2331 coelestia
2382 2282 2682 2348 quaeren
2740 2283 2781 2329 a

223 2373 306 2421 ac
355 2353 813 2442 promerenda
861 2352 1343 2422 succendebat.
1382 2356 1654 2419 Necnon
1705 2350 1911 2418 etiam
1945 2350 2163 2440 signis
2190 2349 2442 2418 clarior
2466 2350 2774 2432 effectuS,

222 2438 593 2531 plurimos,
647 2441 856 2512 variis
906 2439 1361 2530 languoribus
1410 2451 1475 2509 et
1523 2439 1881 2508 tormentis
1928 2460 2078 2508 com
2139 2439 2486 2519 rehenSOS,
2524 2438 2776 2507 oratio-

225 2550 402 2598 num
451 2529 781 2599 instantia
831 2529 1097 2618 priscae
1145 2529 1422 2598 sanitati
1470 2527 1802 2597 restituit:
1857 2548 2096 2595 nonnu
2131 2527 2231 2596 los
2261 2527 2348 2596 ab
2378 2525 2776 2595 immundo-

227 2637 390 2687 rum
439 2618 812 2706 spirituum
862 2617 1237 2698 vexatione,
1277 2638 1412 2685 non
1464 2615 1689 2685 solum
1728 2637 2054 2705 praesens
2084 2615 2369 2695 orand0,
2405 2615 2774 2703 tangendo,

223 2705 661 2794 imperando,
714 2704 1195 2774 exorcizando:
1250 2705 1363 2773 sed
1415 2716 1480 2772 et
1528 2703 1778 2772 absens
1827 2703 1927 2771 vel
1982 2715 2245 2773 tantum
2306 2702 2566 2772 orando
2602 2757 2616 2783 ,
2675 2701 2778 2770 vel

225 2803 408 2863 certe
454 2815 693 2862 eorum
730 2793 1156 2864 sanationem
1210 2792 1670 2882 praedicendo
1719 2791 2008 2861 curavit.
2047 2796 2126 2859 In
2176 2791 2437 2877 quibus
2486 2803 2630 2859 erat
2660 2788 2783 2858 illa

225 2880 551 2973 praefecti
597 2903 794 2961 uxor,
852 2881 937 2950 de
982 2903 1122 2967 qua
1171 2902 1383 2970 supra
1430 2879 1820 2950 retulimus.
1875 2885 2082 2948 Erant
2122 2893 2355 2948 autem
2386 2878 2671 2965 quidam
2706 2878 2778 2945 in

225 2971 647 3040 monasterio
696 2969 938 3054 fratres
968 2970 1086 3055 qui
1140 2969 1405 3058 priscae
1453 2990 1620 3037 suae
1668 2967 2182 3048 consuetudini,
2213 2990 2426 3054 quam
2478 2965 2784 3057 regulari

226 3057 516 3127 mallent
562 3058 1034 3148 obtemperare
1080 3056 1469 3126 custodiae:
1523 3078 1699 3142 quos
1747 3068 1976 3125 tamen
2011 3055 2124 3124 ille
2157 3055 2463 3125 modesta
2513 3054 2780 3143 patien-

227 3146 365 3215 tiae
414 3168 578 3215 suae
626 3146 873 3214 virtute
921 3145 1314 3235 superabat,
1367 3156 1432 3212 et
1478 3143 1884 3229 quotidiano
1930 3143 2252 3213 exercitio
2303 3144 2642 3245 paulatim
2692 3141 2782 3210 ad

186 3323 189 3324 ⁷
228 3233 538 3304 melioris
637 3234 922 3324 ropositi
969 3245 1221 3302 statum
1276 3232 1731 3301 convertebat.
1787 3232 2090 3318 Denique
2139 3253 2416 3322 saepius
2464 3232 2536 3300 in
2585 3242 2785 3299 coetu

227 3320 521 3390 fratrum
621 3344 657 3391 e
706 3322 948 3412 regula
994 3320 1384 3410 disputanS,
1428 3343 1588 3389 cum
1631 3319 1989 3388 acerrimis
2036 3319 2651 3389 contradicentium
2682 3318 2784 3386 fa-

232 3410 566 3500 tigaretur
613 3410 912 3500 injuriis,
944 3410 1320 3499 exurgebat
1366 3420 1667 3498 repente,
1703 3420 1767 3477 et
1794 3408 2066 3497 placido
2096 3406 2290 3477 vultu
2316 3419 2520 3493 atque
2546 3406 2783 3475 animo

229 3497 618 3589 egredienS,
678 3497 1067 3567 dimittebat
1112 3508 1565 3566 conventum:
1617 3518 1697 3565 ac
1760 3507 2084 3583 sequente
2133 3495 2592 3565 nibilominus
2640 3494 2778 3576 die,

228 3586 434 3673 quasi
482 3586 581 3654 nil
630 3585 1035 3677 objectionis
1136 3586 1309 3654 ridie
1357 3584 1822 3662 sustinuisset,
1859 3584 2098 3653 eadem
2149 3604 2328 3669 quae
2377 3582 2596 3671 prius,
2635 3603 2785 3650 mo-

231 3675 379 3743 nita
416 3674 674 3743 eisdem
725 3673 935 3742 dabat
980 3695 1068 3742 au
1124 3673 1438 3754 itoribus,
1493 3673 1712 3742 donec
1760 3671 1917 3743 illos
1951 3670 2310 3762 paulatim,
2344 3682 2420 3739 ut
2450 3669 2780 3751 diximUS,

231 3761 319 3831 ad
369 3783 451 3831 ea
495 3783 675 3849 quae
731 3761 954 3842 vellet,
1016 3772 1459 3832 converteret.
1512 3766 1670 3829 Erat
1733 3780 2037 3847 namque
2087 3759 2190 3826 vir
2233 3758 2605 3859 patientiae
2652 3757 2789 3826 vir-

233 3861 378 3920 tute
426 3851 869 3941 praecipuuS,
905 3861 1110 3936 atque
1157 3850 1242 3919 ad
1294 3848 1701 3950 perferenda
1744 3847 2010 3916 fortiter
2057 3867 2293 3915 omnia
2339 3868 2517 3933 quae
2557 3844 2659 3914 vel
2710 3867 2787 3914 a—

234 3938 450 4019 nimo,
507 3938 607 4008 vel
653 3938 926 4029 corpori
972 3938 1259 4007 adversa
1289 3937 1786 4028 ingerebantur
1831 3934 2356 4016 invictissimUS,
2390 3956 2516 4004 nec
2552 3934 2791 4003 minus

232 4027 417 4096 inter
467 4027 683 4098 tristia
731 4048 911 4113 quae
970 4027 1443 4126 contigissent,
1497 4025 1742 4093 faciem
1794 4023 2250 4114 praetendens
2297 4021 2627 4091 hilarem:
2696 4021 2795 4090 ita

232 4126 313 4184 ut
354 4115 586 4206 palam
641 4115 922 4185 daretur
968 4114 1287 4206 intelligi,
1327 4114 1492 4201 quia
1542 4113 1814 4181 interna
1862 4112 2161 4201 Spiritus
2209 4110 2427 4181 sancti
2475 4108 2793 4180 consola-

233 4203 441 4283 tione,
481 4225 846 4294 pressuras
892 4213 1360 4273 contemneret
1407 4202 1850 4271 extrinsecas.
1892 4199 2020 4269 Sed
2055 4212 2120 4269 et
2149 4199 2544 4291 vigiliarum
2588 4210 2795 4283 atque

238 4292 572 4362 orationis
619 4292 711 4361 ita
761 4292 1115 4364 studiosus
1162 4290 1514 4372 existebat,
1558 4300 1636 4358 ut
1684 4288 2050 4375 aliquoties
2099 4300 2234 4359 tres
2294 4290 2433 4356 sive
2498 4297 2797 4373 quatuor

236 4394 471 4451 noctes
518 4381 888 4451 continuas
934 4379 1226 4471 pervigil
1275 4378 1696 4469 transegisse
1743 4377 2088 4459 credatur,
2142 4399 2302 4447 cum
2353 4397 2477 4466 per
2526 4384 2793 4443 tantum
