3327 4999
123 336 357 402 MART.
417 335 501 400 ,10
877 350 956 397 nr:
1003 344 1455 406 QuAnaAcmrA
1503 344 1909 395 mnrrmnus
2368 323 2369 334 ’
2474 330 2588 394 lot

127 456 255 505 non
292 428 812 521 dedignabitur.
863 428 1245 500 venerarei
1307 428 1443 496 itur
1476 426 1783 517 legitime
1828 436 2192 526 martyres,
2248 437 2326 495 ut
2365 425 2686 516 egregiae

129 534 272 593 tuae
316 520 691 590 voluntatis
739 532 800 589 te
849 529 1088 588 testem
1137 516 1223 586 ad
1285 520 1471 596 ucaS,
1512 537 1590 583 ac
1640 514 1927 583 demum
1977 536 2127 584 sine
2177 514 2681 615 persecutione,

129 613 264 681 sine
328 611 518 700 igne,
575 610 726 680 sine
771 607 1174 676 verberibus
1223 627 1304 674 ac
1354 605 1421 695 pl
1521 604 1603 675 is,
1658 602 1899 672 eodem
1950 625 2111 671 cum
2170 601 2313 674 lllis
2374 602 2686 693 praemio

129 700 191 769 di
240 722 369 768 nus
425 697 770 767 habeariS.
823 696 1030 767 Nobis
1079 693 1416 764 hodierna
1519 693 1578 761 ie
1627 714 1763 761 non
1824 713 2048 761 unum
2100 691 2533 783 propositum
2583 701 2688 761 est

131 724 484 866 oeiebrare,
540 807 762 872 neque
809 785 1009 865 duos,
1064 804 1287 869 neque
1361 781 1625 860 decem;
1708 779 1827 850 sed
1888 780 2072 850 viros
2120 779 2585 872 quadraginta
2616 779 2675 859 ’ζ

129 877 236 963 qui
279 895 496 945 unam
546 874 618 943 in
650 873 940 943 diversis
977 871 1388 960 corporibus
1418 870 1726 938 animam
1772 870 2167 947 retinenteS,
2225 868 2297 936 in
2348 891 2492 938 una
2523 889 2691 938 con-

130 964 492 1054 spiratione
528 975 596 1032 et
650 960 1018 1032 concordia
1067 959 1253 1042 fidei,
1297 958 1611 1029 eamdem
1672 979 1836 1046 erga
1884 979 1994 1026 res
2043 956 2301 1026 arduas
2362 969 2693 1026 constan-

127 1055 273 1123 tiam
321 1065 390 1120 et
438 1073 566 1141 pro
615 1051 893 1120 veritate
925 1048 1170 1119 stabile
1219 1048 1651 1139 propositum
1687 1044 2163 1115 ostenderunt.
2202 1048 2456 1117 Omnes
2508 1045 2692 1114 inter

127 1165 190 1212 se
220 1139 511 1221 similes,
568 1162 768 1230 pares
814 1136 1175 1217 sententia,
1234 1158 1434 1227 pares
1478 1134 1879 1204 certamine.
1934 1135 2402 1216 Quamobrem
2453 1146 2517 1204 et
2569 1156 2692 1224 pa-

125 1254 257 1300 rem
295 1250 596 1299 coronae
643 1227 934 1319 gloriam
968 1239 1133 1295 sunt
1173 1223 1526 1315 promeriti
1557 1224 1650 1293 *ἦ

199 1321 236 1405 ξ
285 1324 374 1389 8.
433 1322 623 1400 Quae
663 1316 876 1407 digna
929 1313 1105 1394 laus,
1149 1336 1327 1401 quae
1376 1312 1717 1384 sermonis
1764 1310 1965 1402 copia
2020 1310 2132 1380 his
2189 1311 2438 1401 poterit
2485 1310 2692 1379 adhi-

125 1407 304 1476 beri?
357 1412 505 1475 Non
565 1405 752 1474 enim
814 1404 1096 1493 linguae
1140 1401 1605 1491 quadraginta
1653 1399 1740 1469 ad
1804 1399 2361 1491 prosequendam
2442 1398 2689 1468 talium

123 1494 420 1564 virorum
457 1494 779 1562 virtutem
828 1505 934 1561 sat
979 1490 1257 1561 fuerint.
1293 1495 1426 1560 Nec
1462 1489 1687 1559 solum
1726 1488 2101 1558 multitudo
2138 1500 2349 1569 tanta,
2386 1486 2692 1578 phalanx

123 1583 461 1662 militaris,
498 1603 767 1651 cuneus
814 1580 1308 1670 insuperabilis
1347 1599 1565 1665 aeque
1612 1589 1679 1646 et
1725 1577 1798 1646 in
1849 1576 2050 1646 bellis
2093 1576 2683 1667 inexpugnabilis,

121 1693 195 1740 ac
240 1672 310 1740 in
348 1671 682 1741 laudibus
715 1668 1245 1738 inenarrabilis:
1284 1667 1401 1739 sed
1435 1667 1690 1737 horum
1722 1689 1910 1735 unus
1942 1676 2239 1746 tantum,
2281 1665 2340 1735 si
2383 1665 2692 1756 legitime

125 1758 319 1830 fuerit
365 1758 679 1829 oratione
712 1755 1338 1836 commendandus,
1382 1766 1689 1826 nostram
1740 1754 1939 1824 facile
1963 1753 2102 1822 vim
2137 1754 2400 1844 ingenii
2432 1775 2695 1822 sermo-

127 1848 365 1935 nisque
412 1847 815 1917 facundiam
867 1846 1246 1936 superabit.
1311 1844 1534 1934 Igitur
1567 1844 1636 1911 in
1673 1843 1981 1913 medium
2042 1864 2159 1912 eos
2210 1863 2333 1931 per
2369 1854 2693 1912 3comme-

129 1937 575 2007 morationem
624 1935 1071 2015 adducentes,
1128 1934 1215 2003 ad
1268 1953 1715 2003 communem
1778 1931 2095 2002 omnium
2145 1930 2260 2000 hic
2309 1930 2691 2001 astantium

130 2024 484 2095 utilitatem
533 2024 976 2105 constituere,
1033 2023 1402 2113 palamque
1449 2021 1780 2089 omnibus
1828 2018 2423 2107 quemadmodum
2475 2020 2546 2087 in
2581 2018 2691 2110 pi-

130 2126 333 2194 ctura,
388 2113 595 2182 sortia
643 2111 925 2181 illorum
976 2110 1154 2181 facta
1184 2109 1470 2180 reddere
1500 2108 1937 2178 conabimur.
1973 2113 2143 2177 Nam
2196 2107 2571 2196 magnilica
2621 2107 2695 2175 in

133 2200 316 2272 bellis
362 2215 557 2293 gesta
604 2213 672 2271 et
717 2211 1022 2269 oratores
1071 2219 1572 2300 saepenumero
1605 2210 1670 2266 et
1708 2197 2003 2287 pictores
2052 2193 2524 2286 pulcherrime
2573 2193 2697 2264 de-

138 2302 531 2360 monstrant.
575 2290 664 2359 Hi
723 2289 1054 2369 oratione,
1106 2287 1211 2356 ilh
1265 2286 1519 2356 tabulis
1567 2285 2038 2354 describentes
2095 2296 2300 2370 atque
2337 2295 2691 2365 ornanteS,

140 2380 462 2467 amboque
537 2378 777 2469 plures
823 2377 910 2447 ad
970 2376 1445 2446 fortitudinem
1527 2372 1939 2443 imitandam
2020 2372 2454 2442 inducentes,
2511 2376 2699 2453 Quae

138 2465 303 2536 enim
337 2489 568 2538 sermo
609 2466 936 2538 historiae
983 2488 1105 2558 per
1138 2463 1613 2535 inductionem
1655 2462 1957 2553 praebet,
2011 2460 2251 2530 eadem
2311 2473 2377 2531 et
2424 2460 2700 2552 pictura

139 2566 352 2626 tacens
393 2580 516 2648 per
563 2556 1021 2626 imitationem
1075 2553 1395 2624 ostendit.
1454 2552 1563 2622 Sic
1616 2565 1682 2622 et
1742 2574 1869 2622 nos
1918 2562 2304 2639 martyrum
2364 2549 2692 2620 virtutem

137 2658 742 2715 commemorantes
782 2699 797 2725 ‚
849 2666 971 2714 vos
1018 2655 1321 2713 astantes
1367 2641 1868 2722 excitabimu3‚
1921 2662 2001 2708 ao
2051 2638 2245 2708 vobis
2304 2637 2435 2709 sub
2494 2658 2697 2727 aspe-

137 2742 309 2802 ctum
357 2735 673 2825 ipsorum
727 2733 904 2803 facta
954 2733 1400 2812 reducentes,
1458 2752 1575 2801 eos
1622 2730 1744 2817 qui
1796 2740 1961 2799 sunt
2008 2728 2243 2797 animo
2292 2725 2699 2813 aliquantu·
2790 2738 2807 2753 ·

139 2817 267 2889 lum
312 2843 672 2912 generos0‚
726 2844 807 2892 ac
874 2821 1048 2912 ipsis
1097 2820 1445 2890 voluntate
1495 2818 2028 2910 propinquiores
2059 2870 2079 2897 ,
2144 2814 2346 2885 facile
2395 2813 2482 2884 ad
2533 2814 2696 2883 imi-

139 2908 412 2981 tandum
462 2910 953 2981 accendemus.
1007 2914 1189 2979 Haec
1236 2920 1341 2978 est
1385 2907 1571 2976 enim
1627 2918 2014 2995 martyrum
2062 2926 2226 2973 vera
2289 2904 2468 2984 laus,
2519 2902 2695 2973 alios

137 2997 209 3064 ad
255 3020 496 3069 eorum
548 3000 869 3069 virtutem
922 2996 1415 3067 aemulandam
1451 2996 1763 3064 invitare.
1804 3000 1947 3065 Non
1983 2993 2169 3062 enim
2209 2992 2693 3062 encomiorum

138 3082 428 3176 legibus,-
462 3101 584 3157 aut
612 3109 854 3157 eorum
888 3108 1065 3173 quae
1091 3086 1161 3155 in
1196 3105 1446 3176 genere
1475 3082 2014 3152 demonstrativo
2050 3082 2516 3171 reperiuntur,
2550 3102 2699 3150 ser-

139 3193 363 3246 mones
411 3176 496 3245 de
531 3176 791 3246 sanctis
834 3175 980 3245 ullo
1014 3174 1218 3244 modo
1269 3171 1600 3242 serviunt.
1646 3171 1987 3255 Quoniam
2041 3170 2164 3258 qui
2201 3169 2491 3240 laudant
2546 3190 2700 3238 cae-

142 3272 326 3345 teros,
366 3287 448 3334 ex
496 3264 746 3333 mundi
795 3264 1009 3364 hujus
1058 3263 1268 3332 rebus
1318 3260 1679 3329 materiam
1728 3281 2073 3350 usurpare
2119 3258 2375 3331 solent:
2436 3257 2701 3344 quibus

140 3365 351 3421 autem
383 3352 696 3424 mundus
728 3352 1106 3424 cruclfixus
1153 3363 1277 3431 est,
1332 3349 1681 3437 quomodo
1714 3369 1793 3417 ex
1827 3370 1906 3417 eo
1951 3348 2327 3435 quicquam
2378 3345 2564 3433 quod
2606 3343 2697 3413 ad

143 3434 402 3509 laudem
453 3441 685 3523 saciat,
741 3441 1049 3512 mutuari
1085 3438 1390 3529 poterit?
1437 3443 1582 3507 Non
1623 3449 1770 3507 erat
1798 3436 1909 3505 his
1957 3435 2216 3507 sanctis
2244 3457 2388 3505 una
2427 3433 2695 3525 patria:

143 3524 307 3597 alius
353 3529 640 3600 aliunde
688 3542 983 3599 venerat.
1024 3527 1202 3611 Quid
1240 3527 1499 3618 igitur?
1547 3525 1698 3594 sine
1751 3525 1971 3615 patria
2018 3524 2335 3594 dicemus
2384 3545 2526 3604 eos,
2581 3532 2702 3592 aut

141 3614 313 3685 orbis
341 3619 571 3688 cives?
621 3618 812 3687 Sicut
857 3617 1044 3687 enim
1099 3616 1167 3684 in
1205 3614 1681 3705 symbolorum
1718 3613 2209 3683 collationibus
2258 3633 2437 3699 quae
2469 3610 2704 3680 oblata

144 3716 340 3786 sunt,
405 3707 812 3775 communia
868 3705 1174 3775 existunt
1219 3703 1537 3773 omnium
1604 3700 2146 3772 conferentium:
2203 3700 2304 3770 sic
2351 3710 2418 3769 et
2466 3700 2535 3767 in
2588 3698 2701 3767 his

144 3786 367 3873 beatis,
421 3792 799 3884 cujuslibet
830 3794 1054 3884 patria
1083 3791 1483 3863 communis
1515 3791 1831 3860 omnium
1882 3801 2066 3859 erat:
2118 3800 2184 3858 et
2221 3810 2464 3858 omnes
2502 3809 2539 3856 e
2592 3786 2702 3856 di-

144 3880 340 3977 versis
373 3894 712 3952 terrarum
748 3881 942 3965 lociS,
984 3892 1338 3967 tamquam
1390 3902 1471 3949 ex
1517 3901 1684 3961 uno,
1720 3878 2063 3947 duxerant
2094 3878 2331 3947 omnia
2383 3898 2701 3945 commu-

150 3984 272 4062 nia.
317 3971 440 4039 Sed
473 3970 646 4058 quid
689 3993 865 4061 opus
914 3982 1271 4040 terrestres
1320 3988 1707 4036 memorare
1756 3966 2039 4056 patrias,
2084 3987 2246 4035 cum
2298 3965 2501 4035 liceat
2522 3986 2703 4052 quae

146 4072 269 4138 Jam
316 4057 452 4131 illis
491 4080 656 4128 vera
682 4059 905 4149 patria
962 4058 1071 4141 sit,
1129 4061 1378 4128 nosse?
1431 4056 1656 4125 Patria
1714 4054 1929 4146 igitur
1977 4054 2229 4124 horum
2282 4066 2696 4144 martyrum,

156 4178 258 4271 2¹:1¹1
241 4179 525 4273 Oti-ppidocea
545 4185 742 4227 natione
762 4186 1035 4227 creduntur.
1063 4185 1240 4225 Eorum
1260 4184 1453 4224 nomina
1471 4182 1675 4223 recitant
1695 4182 2009 4227 Bollandianss
2033 4182 2163 4221 varie
2180 4181 2339 4222 nutem
2362 4191 2389 4220 ι
2408 4180 2558 4220 variis
2588 4180 2708 4220 sunt

197 4283 244 4310 ⁸⁸¹
269 4287 437 4329 Eorum
455 4289 626 4329 landon
644 4286 868 4325 dixerunt
886 4288 1212 4338 pereleganter
1232 4288 1313 4328 alii
1332 4287 1528 4337 plurimi
1547 4296 1604 4325 ex
1620 4286 1986 4335 antiquioribus,
2000 4286 2231 4335 tubisque
2251 4286 2294 4326 S.
2312 4274 2572 4335 Gregorius
2588 4284 2704 4333 Nys-

161 4340 279 4378 ssenm
297 4351 346 4380 ιο
367 4343 410 4382 S.
430 4339 730 4382 Gaudentius
749 4340 1039 4385 Brutumne:
1069 4352 1122 4382 nc
1143 4342 1388 4390 praeclare
1410 4341 1662 4380 ndmodum
1685 4340 1729 4380 S.
1759 4339 1993 4388 Ephraem
2026 4340 2172 4387 Syrus
2196 4341 2306 4387 (vido
2333 4340 2429 4386 ejus
2464 4340 2540 4388 op.
2573 4339 2619 4376 T.
2648 4340 2695 4387 2,

162 4385 524 4489 ἔξιζῗὲσώἑιηκῐ
543 4397 660 4434 1743
682 4419 693 4435 .
712 4393 793 4431 ubi
814 4394 1053 4434 melitonis
1075 4404 1353 4445 generosam
1383 4395 1598 4440 matrem,
1619 4391 1902 4433 suavlsnimfi
1921 4394 2267 4442 prosopopoeja
2284 4393 2436 4432 filium
2457 4391 2699 4440 alloquen-
