3327 4999
160 308 364 373 MART.
412 309 455 372 6
1030 327 1111 374 nr.
1157 327 1214 374 s.
1268 325 1503 375 cornu
1551 326 1724 375 vmc.
2486 308 2570 373 67

163 433 357 480 somno
398 409 838 481 abstinuisse.
876 415 966 480 De
1009 416 1220 481 Josue
1264 410 1588 503 legimus,
1626 411 1715 481 ad
1763 410 1917 513 ejus
1953 409 2230 498 jussum
2260 408 2529 480 stetisse
2557 432 2668 480 so-

164 499 266 568 lem
306 500 514 591 spatio
562 500 777 569 unius
821 498 1000 569 diei:
1045 499 1163 570 sed
1213 500 1525 571 fortassis
1554 522 1690 571 non
1725 520 1962 569 minus
2008 497 2502 569 admirandum
2533 510 2659 581 est,

161 589 227 657 ad
266 610 481 678 preces
528 588 790 658 Coletae
838 589 1049 659 solem
1099 589 1515 677 quandoque
1563 588 2053 681 praecipitasse
2099 588 2384 659 cursum
2426 609 2659 670 suum,

158 691 208 746 et
231 692 365 747 ante
408 692 687 768 tempus
729 688 954 747 ortum
1001 700 1173 748 esse.
1212 684 1423 769 Saepe
1470 676 1586 748 illa
1636 678 1844 748 vitam
1896 698 2094 746 suam
2145 676 2216 745 in
2266 676 2509 745 mortis
2555 674 2666 745 di·-

159 767 408 837 scrimen
456 767 773 856 conjecit,
829 781 894 836 et
939 766 1511 837 existimationem
1546 766 2005 859 *ignominiae
2067 764 2318 855 objecit
2364 785 2489 855 pro
2537 764 2665 835 ho·-

160 876 288 924 nore
346 856 454 925 Dei
501 870 570 926 et
618 856 1005 925 animarum
1076 856 1320 927 salute.
1394 861 1562 926 Cum
1611 856 1798 926 enim
1851 853 2252 925 saevissima
2298 854 2367 923 in
2421 851 2664 925 Galliis

158 942 301 1013 bella
326 943 682 1025 ferverent,
736 942 821 1014 de
867 945 1124 1031 quibus
1164 968 1371 1036 supra
1416 945 1676 1015 dictum
1738 957 1863 1025 est,
1899 943 1992 1014 ita
2037 956 2116 1014 ut
2161 963 2363 1013 nemo
2410 964 2490 1012 ex
2538 963 2665 1034 op·-

151 1033 303 1122 pidis
345 1047 459 1104 aut
485 1034 735 1104 castris
772 1056 809 1102 e
860 1034 1004 1103 redi
1030 1033 1333 1115 auderet,
1368 1034 1490 1104 illa
1515 1033 1861 1125 intrepida
1895 1054 2016 1124 per
2047 1042 2410 1121 utrmsque
2445 1031 2663 1122 partis

150 1123 424 1212 regiones
472 1122 836 1224 proficisce
885 1136 1041 1193 atur
1085 1123 1435 1194 visitatum
1486 1122 1905 1193 monasteria
1955 1142 2105 1203 sua,
2142 1142 2303 1191 cum
2352 1121 2655 1203 interim,

150 1211 303 1280 malo
345 1213 717 1303 instigante
780 1212 1137 1293 daemone,
1199 1214 1288 1284 ab
1333 1215 1628 1300 utraque
1687 1224 1877 1302 parte
1940 1210 2464 1301 suspicarentur
2507 1232 2662 1280 eam

144 1312 295 1371 stare
336 1301 419 1371 ab
467 1300 793 1371 hostibus
818 1301 1004 1372 suis:
1059 1301 1328 1372 tametsi
1376 1301 1497 1371 illa
1528 1323 1652 1392 pro
1692 1300 2005 1387 utrisque
2030 1298 2286 1369 multas
2317 1298 2662 1388 lacrymas

141 1402 195 1544 gt
235 1390 627 1461 innumeras
660 1396 791 1460 Deo
839 1412 1074 1480 preces
1122 1390 1413 1470 offerret,
1455 1403 1522 1460 et
1567 1390 1640 1459 in
1692 1389 1841 1460 suis
1888 1386 2324 1459 monasteriis
2372 1387 2663 1457 offeren-

180 1500 246 1547 as
280 1493 562 1549 curaret.

213 1569 245 1652 §
302 1574 445 1641 54.
498 1574 727 1651 Quam
775 1580 1002 1637 autem
1055 1567 1272 1637 multa
1319 1567 1716 1669 prophetice
1762 1565 2155 1656 cognoverit
2206 1563 2453 1646 Coleta,
2508 1564 2659 1652 jam

141 1657 428 1745 superius
450 1659 735 1749 copiose
772 1655 1034 1727 dictum
1062 1670 1187 1726 est.
1220 1658 1498 1728 Obltum
1535 1655 1830 1737 Martini,
1877 1654 2030 1724 e‘us
2055 1654 2360 1723 nominis
2391 1659 2439 1722 V
2488 1660 2661 1724 Pon-

142 1743 317 1814 1111015
361 1747 664 1828 Maximi,
699 1757 927 1816 exacte
974 1746 1333 1837 praedixit,
1378 1746 1584 1819 etiam
1636 1744 1879 1814 mortis
1950 1765 2167 1812 noram
2215 1742 2654 1834 exprimens:

146 1832 406 1905 schisma
449 1857 734 1923 quoque
773 1836 842 1903 in
874 1834 1177 1906 Ecclesia
1207 1832 1544 1915 futurum,
1600 1833 1950 1922 finemque
1998 1832 2283 1902 Concilii
2312 1831 2659 1901 Basileen-

156 1918 236 1987 sis
273 1921 443 2015 longe
487 1939 656 1995 ante
705 1923 1207 2015 pronunciavit.
1245 1928 1468 2014 Supra
1515 1921 1820 1994 diximus
1847 1943 1998 1992 eam
2032 1921 2333 1991 multum
2382 1943 2656 1993 amasse

158 2011 428 2096 parvulos
481 2027 770 2105 propter
835 2012 1198 2103 puritatem
1257 2025 1325 2081 et
1386 2011 1879 2091 innocentiam,
1945 2031 2084 2098 qua
2148 2010 2301 2100 ipsa
2364 2010 2648 2079 nitebat.

159 2094 398 2169 Oblatus
421 2102 474 2170 ei
502 2102 929 2192 quandoque
957 2101 1086 2171 suit
1112 2099 1467 2203 parvulus,
1504 2120 1587 2168 ex
1619 2099 1973 2169 nobilibus
2003 2098 2404 2189 parentibus
2434 2110 2652 2169 ortuS.

164 2183 265 2253 llla
303 2204 495 2259 autem
550 2190 1017 2283 praesenties,
1091 2214 1148 2261 51
1208 2189 1329 2258 diu
1378 2190 1651 2269 viveret,
1713 2209 1872 2257 eum
1931 2186 2649 2267 condemnatum-iri,

158 2278 371 2364 rogavit
411 2282 807 2359 Dominum,
862 2291 937 2348 ut
983 2279 1171 2349 brevi
1196 2300 1358 2348 eum
1397 2277 1659 2347 tolleret
1688 2298 1725 2345 e
1755 2275 2005 2346 medio.
2045 2280 2140 2346 Re
2191 2289 2453 2345 ortatus
2485 2298 2657 2367 puer

151 2360 411 2448 domum,
462 2392 607 2439 non
656 2368 779 2438 diu
829 2379 982 2458 post
1047 2368 1232 2454 mala
1293 2367 1581 2437 affectus
1641 2363 2070 2445 valetudine,
2184 2363 2339 2433 esiit
2385 2387 2533 2437 esse
2581 2365 2654 2434 in

148 2449 447 2528 humanis.
487 2465 587 2529 Ea
635 2480 742 2529 res
790 2479 1064 2530 summo
1095 2456 1331 2528 dolore
1366 2456 1593 2527 affecit
1600 2465 1951 2615 (farentes
1995 2453 2148 2545 ejus
2179 2455 2298 2541 qui
2329 2454 2532 2524 etiam
2565 2455 2654 2525 ad

148 2548 600 2618 monasterium
649 2568 914 2636 venere,
935 2548 1431 2703 (perquirentes
1475 2545 1595 2634 qui
1695 2566 1910 2636 puero
1957 2541 2343 2614 accidisset.
2403 2548 2485 2613 Ut
2531 2566 2655 2613 au-

152 2640 253 2729 tem
291 2649 749 2726 cognoverunt
809 2636 930 2723 qui
1028 2633 1311 2705 dixisset
1367 2635 1590 2705 Coleta
1637 2656 1839 2704 suam
1887 2633 2311 2703 voluntatem
2360 2630 2656 2701 libenter

147 2716 367 2793 divinae
412 2724 958 2796 conformarunt.
998 2725 1216 2794 Vidua
1259 2724 1597 2811 quaedam
1650 2722 1904 2793 nobilis
1930 2736 1995 2792 et
2025 2734 2285 2812 potens,
2329 2720 2654 2812 parvulos

140 2804 359 2882 habens
388 2814 597 2895 filios,
645 2815 907 2902 aliquot
953 2812 1214 2883 Coletae
1262 2812 1680 2883 monasteria
1725 2811 2070 2882 fundarat.
2128 2811 2291 2900 Ejus
2340 2832 2496 2881 vero
2547 2820 2647 2880 to-

138 2907 255 2967 tum
287 2904 782 3001 patrimonium
835 2902 1190 2972 vastabant
1238 2900 1619 2993 praedones
1673 2911 1739 2970 et
1784 2913 2131 2991 raptores:
2185 2921 2408 2988 neque
2458 2898 2650 2968 illam

137 2983 570 3074 formidantes,
621 2991 806 3080 quod
838 3004 1016 3061 esset
1061 2990 1352 3061 mulier:
1393 2998 1615 3078 neque
1661 2988 1843 3058 filios
1873 2987 2056 3078 quod
2087 3000 2317 3060 essent
2350 2987 2645 3080 parvuli.

137 3075 309 3146 Petita
344 3093 577 3151 autem
626 3103 668 3150 a
712 3080 1015 3169 quodam
1076 3080 1145 3148 in
1195 3081 1585 3170 conjugem,
1642 3078 1878 3149 statuit
1907 3077 2331 3147 consentire:
2385 3084 2504 3148 sed
2555 3088 2651 3147 ta·

132 3182 260 3259 rnen
305 3169 517 3239 voluit
564 3171 765 3261 prius
790 3168 1152 3239 consulere
1192 3168 1512 3240 Coletam.
1551 3172 1643 3237 Ea
1690 3188 1847 3236 vero
1874 3166 1974 3238 sic
1997 3165 2214 3238 fertur
2258 3167 2322 3236 ei
2370 3188 2649 3258 respon·

130 3247 314 3324 dlsse:
366 3264 555 3328 «Fac
601 3258 784 3346 quod
834 3257 960 3327 tibi
1007 3257 1232 3327 visum
1294 3269 1419 3339 est,
1483 3256 1600 3326 sed
1672 3255 1942 3326 noveris
1991 3265 2217 3325 tamen
2256 3267 2317 3326 te
2364 3278 2443 3325 ex
2473 3277 2649 3325 novo

131 3343 363 3427 marito,
402 3346 668 3417 nullam
721 3345 1114 3417 habituram
1165 3345 1515 3437 prolem.»
1564 3345 1810 3436 Nupsit
1857 3344 2001 3424 illa,
2057 3343 2176 3415 sed
2226 3365 2413 3416 mors
2458 3344 2649 3414 brevi

130 3447 483 3525 consecuta,
551 3436 763 3507 vetuit
817 3457 905 3506 ne
966 3434 1229 3526 prolem
1277 3434 1717 3522 relinqueret.
1767 3433 2118 3517 Quaedam
2166 3454 2248 3503 ex
2294 3433 2666 3503 sororibus¹

130 3535 249 3600 ejus
292 3525 674 3610 angebatur
718 3525 808 3597 ob
860 3523 1360 3595 confessionem
1421 3534 1858 3614 peccatorum
1917 3521 2183 3612 integre
2229 3520 2641 3592 faciendam.

128 3606 262 3705 Eam
308 3613 533 3683 Coleta
561 3614 777 3705 ι1115511
823 3613 1054 3683 venire
1084 3612 1171 3683 ad
1223 3633 1319 3693 se,
1354 3610 1661 3699 dixitque
1708 3611 1770 3681 ei
1801 3621 2272 3701 peramanter:
2327 3633 2367 3678 «
2400 3611 2638 3691 Debes.

128 3691 265 3792 filla,
313 3722 554 3772 secure
588 3703 923 3782 confiteri,
964 3724 1088 3771 nec
1135 3700 1455 3772 dubitare
1501 3701 1917 3788 quicquam:
1972 3704 2152 3771 Deus
2197 3698 2386 3768 enim
2437 3699 2659 3768 mise-

126 3801 309 3857 ncors
353 3805 418 3860 et
465 3792 811 3883 benignus
856 3803 980 3862 est.
1013 3791 1209 3862 Dices
1237 3804 1468 3860 autem
1503 3789 1693 3860 hunc
1722 3789 1793 3858 in
1827 3787 2114 3859 modum
2143 3799 2421 3880 peccata
2455 3799 2644 3857 tua.»

132 3867 229 3968 11111
269 3875 390 3948 1100
437 3880 755 3962 audien5‚
792 3881 1093 3963 erubuit,
1133 3879 1436 3950 sentiens
1484 3879 1781 3949 Coletam
1832 3889 2122 3948 matrem
2159 3898 2360 3948 nosse
2391 3877 2648 3968 cogita—

137 3968 318 4035 tiones
344 3967 497 4058 ejus
533 3982 599 4040 et
634 3981 933 4060 peccata.

195 4052 410 4150 555·
461 4058 798 4150 Apostolis
844 4080 1116 4145 quoque
1148 4069 1226 4128 ut
1272 4057 1342 4126 in
1395 4054 1632 4127 multis
1682 4055 1934 4127 similis
1987 4055 2214 4138 fuerit,
2268 4055 2437 4127 satis
2487 4076 2645 4145 per-

136 4156 409 4224 spicuum
458 4160 583 4219 est.
638 4152 942 4218 Fuerunt
985 4147 1087 4217 illi
1120 4170 1162 4217 a
1209 4151 1341 4216 Deo
1374 4146 1570 4215 electi
1615 4158 1682 4215 et
1733 4146 1950 4226 missi,
1998 4157 2076 4215 ut
2100 4144 2442 4215 mundum
2476 4165 2643 4214 con-

141 4239 465 4305 verterent:
517 4236 650 4307 fuit
694 4249 759 4305 et
809 4237 955 4326 ipsa
1001 4236 1215 4306 electa
1260 4247 1326 4305 et
1355 4234 1592 4314 missa,
1636 4247 1716 4303 ut
1763 4235 2051 4304 miseros
2098 4247 2491 4324 peccatores
2537 4254 2642 4301 re-

144 4309 368 4417 ‘lueeret
412 4325 498 4394 ad
552 4331 788 4394 Deum.
841 4325 1137 4415 Apostoli
1183 4345 1456 4413 quoque
1488 4323 1557 4391 in
1591 4320 1900 4392 diversas
1950 4323 2059 4392 dis
2111 4323 2245 4393 ersi
2289 4323 2626 4413 regiones,

147 4397 340 4480 thnsti
386 4411 592 4484 fidem
654 4427 1156 4506 propagarunt:
1201 4426 1267 4484 et
1333 4412 1557 4483 Coleta
1628 4412 1833 4482 annis
1906 4433 2045 4499 qua
2099 4413 2367 4502 raginta
2434 4410 2635 4498 longe
