3327 4999
129 342 238 419 EX
286 351 462 418 JUL.
515 351 556 417 4
973 367 1054 414 nr.
1101 367 1157 415 s.
1212 351 1525 415 tmmuco
1572 364 1875 416 m>1scoro
2475 352 2604 417 595

128 455 284 525 dari
324 452 559 544 jussit,
606 451 888 522 dicens:
932 457 1062 520 «In
1105 451 1387 521 nomine
1436 450 1732 532 Domini,
1780 451 2018 541 accipe
2050 464 2115 521 et
2146 451 2316 522 vade
2345 452 2418 522 in
2453 475 2692 543 pace.»

143 544 276 626 Qui
321 564 480 611 mox
534 541 1045 629 eleemosynam
1102 540 1476 629 accipiam,
1536 539 1833 630 perrexit
1891 562 1972 609 ac
2034 540 2387 610 meliorari
2445 542 2694 633 paula—

132 632 252 701 tim
318 631 664 699 intantum
721 628 985 718 coepit,
1043 641 1121 697 ut
1188 641 1341 719 post
1387 627 1668 715 aliquod
1733 627 2064 718 temporis
2112 628 2415 718 spatium
2467 628 2694 720 sospi-

128 720 251 789 tati
300 718 701 788 redderetur
747 715 832 786 ad
884 717 1257 807 integrum.
1312 715 1502 786 Idem
1550 714 1760 785 etiam
1796 728 1948 805 post
2007 727 2298 787 mortem
2347 716 2477 788 viri
2541 717 2685 799 Dei,

127 807 286 878 aliis
334 807 583 875 iterum
637 818 1182 895 praeoccupatus
1228 803 1779 885 infirmitatibus,
1818 803 1905 872 ad
1947 806 2350 905 sepulcrum
2400 806 2551 895 ejus
2582 828 2698 875 ve-

128 896 352 976 nienS,
408 894 640 964 sanari
690 893 966 974 meruit,
1012 893 1194 963 sicut
1241 892 1454 962 lector
1485 893 1633 962 suis
1667 892 1836 962 locis
1869 891 2145 982 plenius
2185 893 2527 984 scriptum
2584 894 2693 962 in-

125 983 359 1052 venire
392 982 660 1073 poterit.
716 982 833 1050 Die
880 980 1184 1068 quadam
1233 993 1469 1051 sancto
1520 981 1637 1050 Dei
1687 979 1819 1051 iter
1865 980 2099 1071 agenti
2147 981 2354 1051 homo
2402 980 2726 1070 quidam‘

124 1072 364 1153 astitit,
396 1070 516 1157 qui
557 1069 850 1140 Conradi
892 1070 1394 1139 constantiensi
1429 1069 1753 1159 Episcopi
1784 1068 2052 1139 obitum
2083 1069 2552 1142 certissimum
2587 1069 2695 1139 in-

126 1160 407 1229 dicavit.
481 1158 628 1229 Illis
674 1180 832 1227 vero
880 1158 1003 1243 qui
1055 1157 1366 1240 aderant,
1419 1179 1455 1226 s
1505 1156 1905 1239 crantibus,
1957 1157 2144 1244 quod
2194 1158 2422 1229 statim
2458 1157 2698 1245 requie

127 1248 321 1318 illius
371 1247 572 1317 solita
618 1246 1067 1333 exequiarum
1118 1244 1347 1315 officia
1392 1267 1468 1314 ve
1501 1245 1591 1315 let
1628 1244 2000 1327 celebrare,
2038 1245 2157 1315 ille
2190 1267 2313 1336 per
2349 1261 2695 1317 secretum

130 1336 499 1416 nuncium,
555 1335 689 1403 sibi
728 1334 968 1403 adesse
1016 1333 1324 1415 solitum,
1377 1334 1605 1405 sciens
1650 1332 1821 1421 quid
1888 1355 1969 1403 ex
2015 1333 2147 1404 hoc
2194 1346 2373 1404 esset
2420 1356 2688 1417 verum,

130 1425 229 1494 ait
274 1425 414 1493 eis:
457 1445 492 1488 «
525 1428 785 1490 Manete
832 1422 1109 1491 interim
1141 1421 1723 1509 animaequiores;
1763 1442 1963 1491 mane
2003 1423 2464 1512 comperietis,
2516 1422 2690 1509 quid

130 1512 296 1580 inde
343 1511 620 1580 credere
668 1510 1046 1579 debeatis»
1101 1510 1407 1580 Crastina
1463 1510 1576 1578 die
1614 1509 1927 1579 diluculo
1959 1508 2247 1597 quidam
2297 1512 2694 1582 Constantia

130 1601 340 1680 venit,
393 1600 515 1685 qui
566 1597 897 1687 praedicti
948 1597 1073 1667 viri
1123 1619 1235 1667 sos
1292 1598 1518 1667 itatem
1562 1598 2036 1668 annunciavit.

217 1691 255 1774 ξ
306 1693 457 1760 24.
534 1686 649 1756 Dei
712 1685 1021 1755 famulus
1085 1686 1226 1754 Uda
1262 1685 1448 1755 ricus
1494 1686 1655 1756 licet
1703 1699 1975 1776 tempus
2025 1686 2468 1757 resolutionis
2514 1710 2685 1758 suae

119 1777 269 1868 jam
324 1777 580 1844 instare
632 1796 766 1842 non
826 1774 1194 1863 ignoraret.
1251 1786 1478 1843 tamen
1526 1774 1848 1862 quandiu
1899 1775 2146 1875 potuit,
2201 1775 2519 1845 vehiculo
2569 1799 2689 1847 su-

128 1863 525 1955 perpositus
556 1918 571 1942 ,
624 1862 846 1931 divini
896 1862 1082 1931 verbi
1147 1864 1415 1933 semina
1474 1862 1546 1931 in
1617 1862 2053 1933 audientium
2103 1863 2316 1933 corda
2363 1886 2693 1954 spargere

128 1974 267 2022 non
321 1952 634 2021 cessavit.
710 1955 926 2034 Quem
973 1949 1334 2036 equitandi
1390 1972 1638 2032 usum,
1703 1950 1913 2020 etiam
1961 1951 2132 2021 dum
2197 1951 2428 2022 adhuc
2477 1974 2696 2024 sanus

129 2053 334 2121 esset,
375 2040 690 2120 habebat,
750 2053 826 2108 ut
872 2060 1311 2195 quocumque
1362 2038 1494 2109 sibi
1541 2039 1879 2108 eumdum
1929 2038 2210 2119 fuisset,
2264 2039 2436 2111 sella
2483 2061 2698 2131 super

131 2128 544 2217 quadrigam
596 2126 816 2217 posita
864 2127 1053 2195 solus
1102 2147 1173 2195 se
1228 2139 1389 2207 eret,
1443 2128 1693 2196 comite
1725 2148 1865 2196 uno
1904 2139 2172 2197 tantum
2207 2127 2482 2210 clericO,
2527 2148 2695 2197 cum

132 2238 298 2303 quo,
341 2217 602 2302 absque
631 2215 1126 2305 impedimento
1160 2214 1483 2296 aliorum,
1512 2225 1740 2306 posset
1770 2215 2061 2285 liberius
2096 2237 2338 2285 vacare
2371 2215 2695 2286 decanta·

130 2305 304 2374 tioni
350 2304 800 2391 psalmorum.
838 2303 1226 2372 Festinabat
1257 2316 1487 2372 autem
1519 2314 1956 2391 quantocyus
2002 2308 2348 2393 Augustae
2394 2303 2695 2374 civitatis

129 2393 411 2461 moenia
452 2391 745 2482 ingredi,
781 2405 857 2461 ut
885 2391 983 2460 ibi
1023 2391 1207 2460 sicut·
1234 2391 1459 2460 bonus
1495 2391 1991 2472 mercenarius,
2037 2392 2576 2492 praestolaretur
2607 2391 2692 2462 fi-

127 2502 293 2550 nem
328 2480 556 2570 operis
586 2480 719 2550 sui.
757 2484 902 2563 Quo
943 2502 1104 2549 cum
1143 2481 1583 2570 pervenisset,
1620 2478 1941 2566 quandiu
1989 2502 2168 2551 vires
2218 2479 2686 2562 sufficiebant,

125 2569 311 2638 inter
349 2569 751 2656 quotidiana
793 2570 1157 2637 Missarum
1208 2567 1568 2648 solemnia,
1626 2568 2000 2638 salutarem
2053 2569 2348 2640 hostiam
2403 2570 2693 2639 Domino

125 2657 431 2727 exterius
459 2655 884 2736 immolabat,
911 2679 991 2726 ac
1015 2657 1107 2727 sei
1167 2678 1321 2726 sum
1352 2656 1644 2726 interius
1673 2656 2023 2726 victimam
2053 2657 2122 2726 in
2147 2679 2263 2726 ara
2291 2657 2522 2728 cordis
2547 2679 2695 2727 ma-

123 2746 381 2816 ctabat.
414 2745 508 2815 Ad
542 2767 851 2815 mensam
883 2759 1043 2814 cum
1077 2767 1112 2813 a
1149 2745 1234 2814 iis
1259 2743 1532 2825 sedens,
1565 2744 1707 2814 illis
1737 2744 2331 2816 manducantibus
2355 2759 2420 2816 et
2448 2746 2694 2815 biben-

125 2835 318 2905 tibus
350 2835 501 2924 ipse
532 2855 703 2924 pene
738 2833 1060 2902 manebat
1080 2834 1392 2923 JejunuS.
1435 2838 1587 2902 Erat
1616 2833 1680 2902 ei
1718 2833 1920 2903 cibus
1949 2845 2069 2903 aut
2106 2833 2339 2904 dulcis
2388 2834 2691 2925 psalmo-

124 2944 290 2992 rum
323 2923 650 3002 suavitaS,
695 2934 816 2990 aut
855 2942 1210 2992 sacrarum
1253 2919 1625 2991 lectionum
1658 2921 2061 2991 assiduitas:
2108 2923 2289 2991 inter
2318 2944 2495 3009 quas
2550 2944 2696 2991 ma-

122 3011 311 3080 xime
358 3011 828 3080 delectabatur
874 3008 1118 3078 audire
1156 3030 1237 3077 ex
1282 3021 1528 3095 quarto
1563 3007 1741 3079 libro
1790 3009 2229 3100 Dialogorum
2265 3015 2330 3080 S.
2374 3011 2688 3100 Gregorii

121 3097 426 3185 qualiter
476 3097 675 3167 multi
723 3118 760 3165 e
808 3097 1218 3186 corporibus
1262 3096 1603 3186 exempti,
1652 3098 1723 3165 in
1776 3097 2029 3188 spiritu
2088 3098 2559 3189 rapiebantur,
2606 3121 2687 3168 ac

118 3188 381 3257 iterum
432 3184 965 3254 revertebantur.
1021 3190 1206 3254 Inter
1242 3184 1413 3254 haec
1452 3184 1796 3276 praecepit
1825 3206 2116 3256 suarum
2164 3192 2396 3256 rerum
2442 3209 2695 3287 procu-

121 3273 500 3352 ratoribuS,
539 3288 616 3343 ut
648 3273 719 3341 in
767 3273 1095 3342 omnibus
1134 3273 1420 3342 omnino
1470 3272 1662 3354 locis,
1709 3273 1796 3341 ad
1830 3296 2040 3343 suum
2066 3274 2186 3361 jus
2229 3297 2503 3365 proprie
2535 3296 2696 3366 per-

122 3361 536 3442 tinentibus
573 3381 1057 3448 quaecumque
1104 3360 1415 3429 invenire
1464 3374 1767 3450 possent,
1813 3361 1883 3429 in
1937 3375 2072 3432 tres
2121 3363 2474 3452 portiones
2528 3384 2687 3453 par-
2769 3381 2774 3386 ·

123 3451 474 3528 tirentur,
536 3461 600 3518 et
648 3470 862 3517 unam
918 3470 1000 3517 ex
1063 3449 1216 3528 his,
1271 3449 1423 3537 ipso
1484 3448 1715 3517 adhuc
1773 3449 2080 3528 vivente,
2149 3449 2571 3539 presbyteris
2628 3462 2696 3521 et

124 3537 561 3632 pauperibus
608 3535 1050 3626 largirentur.
1096 3541 1252 3623 lpse
1282 3548 1512 3605 autem
1546 3536 1851 3621 quadam
1882 3535 1996 3605 die
2036 3556 2110 3604 se
2142 3537 2230 3606 ad
2263 3537 2688 3607 audiendam

121 3628 408 3697 Missam
487 3626 557 3693 in
627 3625 993 3693 ecclesiam
1065 3622 1316 3693 deferri
1355 3624 1590 3712 jussit.
1673 3627 1823 3705 Qua
1869 3623 2132 3703 audita,
2195 3646 2418 3693 unum
2472 3636 2698 3716 tapete

120 3737 361 3785 coram
413 3725 648 3783 sancta
698 3718 910 3782 Cruce
960 3713 1168 3780 sterni
1222 3711 1401 3790 fecit,
1443 3732 1730 3797 seseque
1764 3733 1976 3802 super
2009 3711 2137 3780 hoc
2189 3711 2259 3780 in
2310 3714 2696 3783 orationem

122 3803 340 3891 dedit,
374 3807 438 3870 et
484 3801 682 3888 quasi
733 3814 886 3891 post
917 3800 1281 3868 dimidiam
1338 3800 1575 3868 horam
1614 3820 1932 3901 surgens,
1968 3799 2301 3886 quicquid
2345 3801 2702 3892 suppelle-

121 3891 310 3976 ctilis
366 3891 620 3960 habere
684 3889 937 3978 potuit,
991 3909 1225 3958 coram
1276 3910 1349 3956 se
1407 3889 1769 3977 importari
1820 3888 2193 3979 praecepit,
2252 3903 2521 3979 praeter
2569 3912 2690 3981 pa-

121 3992 434 4049 raturam
487 3978 699 4047 unius
738 3977 991 4046 domus
1031 3998 1110 4044 ac
1163 3998 1589 4054 mensarum,
1626 3988 1693 4045 ct
1741 3998 1960 4045 unum
2011 3978 2462 4066 opertorium,
2515 4000 2694 4064 quae

125 4066 408 4152 reliquit
455 4066 543 4134 ad
593 4065 702 4136 sui
764 4063 1188 4134 successoris
1246 4065 1630 4156 servitium.
1682 4069 1957 4134 Caetera
2015 4087 2178 4133 cum
2231 4068 2695 4157 perspexisset

130 4154 655 4245 ingemiscendo
702 4153 905 4222 dixit:
946 4152 1067 4234 Ah,
1122 4152 1289 4238 quid
1345 4153 1517 4221 mihi
1570 4154 1742 4221 haec
1785 4152 2055 4222 omnia?
2091 4175 2270 4239 quae
2304 4155 2533 4224 statim
2572 4178 2692 4243 per

126 4264 382 4313 manus
433 4242 806 4332 praepositi
861 4242 1205 4332 praecepit
1256 4242 1505 4330 partim
1543 4241 1722 4309 inter
1772 4262 2112 4331 pauperes
2146 4242 2386 4323 dividi,
2429 4244 2683 4333 partim

125 4331 404 4401 clericis
436 4330 729 4420 erogari:
792 4330 1030 4415 sicque
1078 4329 1446 4419 vigilanter
1493 4328 1762 4399 studuit
1809 4352 1881 4399 se
1934 4329 2021 4398 ad
2072 4330 2199 4400 hoc
2253 4352 2687 4420 praeparare,

134 4431 218 4487 ut
277 4417 586 4508 pulsanti
632 4417 994 4488 confestim
1048 4430 1277 4508 posset
1338 4417 1631 4506 aperire.
