3327 4999
717 269 802 332 68
1554 286 1633 331 m:
1681 285 1737 333 s.
1791 283 2027 333 cornu
2074 258 2270 333 vute(
2837 267 3071 332 MART.
3115 269 3148 331 6

626 370 895 458 lateque
924 390 1062 439 non
1090 367 1239 440 sine
1262 368 1534 460 magnis
1560 368 1886 459 periculis
1911 368 2387 451 discurrendo,
2418 366 2880 439 construenda
2908 369 3150 439 curavit

627 459 1046 530 monasteria
1091 457 1368 528 Ordinis
1425 458 1574 538 sui,
1637 470 1719 528 ut
1768 458 1883 527 Dei
1941 480 2191 528 nomen
2241 458 2728 539 celebraretur,
2781 457 3149 527 animarum

623 559 1000 640 augeretur
1046 546 1238 618 salus
1266 600 1281 627 ‚
1360 560 1750 637 peccatores
1796 570 1834 616 e
1879 546 2298 617 daemonum
2350 558 2681 639 potestate
2727 548 3150 636 eriperentur,

628 648 694 707 et
743 635 1074 706 Salvatori
1123 635 1233 705 sui
1268 636 1813 706 restituerentur.
1853 641 1930 705 In
1981 648 2382 727 paupertate
2430 636 2783 728 Apostolos
2829 657 3030 723 quam
3083 635 3154 705 sit

630 725 919 807 imitata,
952 736 1172 815 potest
1216 746 1298 794 ex
1329 746 1409 795 eo
1448 724 1711 811 liquere
1733 746 2047 795 sermone
2077 736 2282 812 quem
2319 725 2468 817 ipsa
2498 724 2913 812 quandoque
2941 724 3155 793 habuit

630 813 717 885 ad
754 835 1022 885 sorores
1059 836 1225 884 suas
1272 813 1344 882 in
1388 813 1606 883 multo
1654 812 1915 883 fervore
1954 813 2278 907 spiritus,
2313 813 2601 901 loquens
2630 813 2716 882 de
2749 835 3020 885 summa
3045 813 3156 881 hu-

632 902 924 972 militate
987 915 1052 972 et
1115 913 1515 994 paupertate
1573 902 1846 972 Domini
1892 909 2061 972 Jesu
2109 915 2174 972 et
2221 903 2696 974 sanctissimae
2749 902 2986 972 matris
3028 901 3155 992 ejus

632 993 883 1061 Mariae
929 1003 996 1062 et
1058 991 1567 1082 Apostolorum:
1621 991 1744 1062 ubi
1792 1004 1936 1061 tum
1991 990 2350 1063 manifeste
2387 994 2772 1083 apparuere
2818 989 3152 1061 duodecim

630 1080 953 1172 Apostoli,
993 1080 1191 1150 humi
1232 1080 1608 1151 residentes
1648 1102 1860 1172 prope
1908 1080 2228 1161 Coletam,
2277 1080 2491 1150 multa
2549 1081 2622 1149 in
2677 1081 2780 1151 eis
2842 1079 3153 1149 relucente

632 1170 1049 1250 humilitate,
1085 1169 1547 1260 simplicitate,
1602 1180 2037 1261 paupertate:
2091 1191 2333 1239 omnes
2366 1169 2592 1238 induti
2623 1169 2928 1240 vestibus
2974 1168 3144 1245 albis,

632 1271 698 1328 et
743 1258 888 1328 illic
938 1270 1450 1350 permanentes,
1513 1257 1733 1329 donec
1796 1258 1915 1328 illa
1961 1270 2260 1328 cessaret
2306 1258 2519 1346 loqui.
2591 1263 2918 1329 Sermone
2962 1257 3149 1355 finito,

632 1347 875 1417 multis
923 1347 1052 1417 visi
1100 1358 1264 1417 sunt
1310 1347 1680 1418 ascendere
1714 1347 1784 1417 in
1833 1346 2126 1430 coelum,
2178 1358 2245 1417 et
2291 1370 2433 1417 una
2480 1347 2814 1417 cumillis
2864 1345 3150 1417 Coletam

551 1459 556 1463 ·
633 1447 893 1506 tantam
945 1435 1378 1506 altitudinem
1422 1436 1768 1507 sublevari
1816 1436 1961 1506 visa
2016 1448 2140 1518 est,
2202 1447 2282 1505 ut
2327 1435 2631 1526 amplius
2677 1435 2986 1526 conspici
3044 1454 3152 1502 non

633 1538 885 1618 posset.
942 1525 1197 1595 Habuit
1224 1537 1290 1594 et
1320 1523 1455 1594 alia
1502 1525 1977 1616 Apostolorum
2013 1525 2453 1595 charismata.
2492 1525 2843 1595 Sanabant
2892 1524 2991 1593 illi
3017 1523 3151 1614 dae-

638 1614 1030 1684 moniacos:
1085 1615 1373 1684 curabat
1417 1624 1482 1683 et
1530 1614 1775 1695 Coleta,
1812 1626 2018 1702 atque
2063 1614 2267 1684 etiam
2319 1613 2628 1683 rabiosos
2676 1613 2988 1693 sanabat,
3042 1611 3154 1679 vir-

639 1715 783 1772 tute
832 1702 1137 1773 nominis
1186 1702 1458 1773 Christi.
1514 1703 2000 1791 Loquebantur
2027 1702 2324 1794 Apostoli
2361 1702 2566 1772 variis
2600 1701 2888 1803 linguis,
2924 1713 2988 1771 et
3014 1700 3154 1799 idio·

635 1803 821 1863 mata
867 1791 1101 1861 omnia
1148 1790 1533 1861 callebant:
1587 1813 1713 1863 nec
1763 1792 1931 1862 haec
1980 1793 2199 1883 gratia
2246 1790 2510 1862 Coletae
2555 1790 2797 1861 defuit.
2851 1788 3152 1881 Apostohs

634 1902 773 1949 non
823 1879 1159 1950 nocebant
1226 1880 1475 1950 hausta
1537 1901 1827 1951 venena:
1898 1893 1965 1951 et
2019 1880 2240 1951 Coleta
2308 1881 2414 1951 bis
2478 1880 2780 1971 sumpsit
2838 1880 3152 1970 potionem

640 1968 1086 2051 mortiferam,
1124 1968 1277 2039 diro
1326 1967 1645 2039 infectam
1699 1970 1939 2050 toxi00,
1980 1991 2103 2039 nec
2131 1968 2506 2057 quicquam
2537 1968 2721 2039 laesa
2765 1968 2934 2040 fuit:
2971 1969 3152 2037 immo

647 2057 854 2127 etiam
904 2058 1195 2128 libenter
1224 2058 1484 2149 ignovit
1517 2058 1658 2128 illis
1689 2059 1808 2146 qui
1842 2059 1906 2127 ei
1952 2058 2141 2128 illam
2193 2058 2607 2129 obtulerant.

733 2148 771 2234 ξ
830 2152 993 2220 tm.
1046 2151 1123 2216 At
1170 2169 1327 2217 vero
1376 2147 1435 2217 si
1496 2147 1581 2217 de
1630 2153 2006 2238 Martyrum
2072 2145 2368 2218 velimus
2412 2168 2614 2238 agere
2675 2144 3049 2226 tolerantia,
3093 2163 3155 2209 ea

637 2257 913 2323 quoque
951 2235 1245 2306 Coletarn
1296 2258 1433 2307 non
1485 2238 1795 2307 caruisse
1841 2236 2254 2305 videbimus.
2295 2242 2460 2306 Nam
2512 2235 2570 2306 si
2619 2234 2722 2304 vel
2773 2236 3027 2305 centies
3060 2230 3156 2301 illa

638 2323 956 2394 immissa
1021 2323 1259 2395 fuisset
1324 2325 1394 2394 in
1463 2324 1729 2395 dolium
1796 2324 2118 2394 ferventis
2187 2345 2405 2412 aquae
2462 2323 2563 2393 vel
2613 2323 2766 2392 olei.
2825 2336 2945 2394 aut
2991 2320 3153 2392 toties

640 2412 926 2505 ignibus
976 2413 1404 2484 inflammata
1452 2425 1650 2494 esset,
1686 2424 1807 2483 aut
1855 2426 2049 2493 tosta,
2095 2426 2216 2483 aut
2261 2412 2624 2493 excoriata,
2671 2412 2772 2481 vel
2813 2414 3030 2504 capite
3058 2429 3155 2501 pu-

638 2503 809 2584 nita,
849 2524 985 2572 non
1038 2516 1316 2594 possent
1348 2524 1466 2573 eae
1518 2524 1776 2593 poenae
1820 2503 2210 2594 comparari
2256 2524 2416 2574 cum
2465 2502 2628 2583 illis,
2681 2524 2861 2589 quas
2909 2502 3023 2573 illa
3061 2521 3156 2568 an-

639 2592 749 2663 nis
811 2592 1318 2683 quinquaginta
1385 2591 1713 2662 toleravit.
1790 2596 1866 2661 Et
1921 2603 2102 2661 certe
2163 2591 2452 2661 libenter
2514 2589 2633 2661 illa
2692 2588 3155 2682 corpusculum

638 2703 847 2751 suum
898 2702 1020 2772 pro
1067 2701 1301 2751 amore
1336 2680 1606 2750 Domini
1636 2687 1805 2751 Jesu
1855 2681 2057 2750 morti
2091 2680 2492 2750 obtulisset:
2545 2693 2751 2767 atque
2780 2680 2913 2750 suit
2942 2700 3008 2748 re
3035 2678 3157 2767 ipsa

640 2782 925 2870 martyr,
962 2768 1245 2856 quando
1279 2790 1401 2859 pro
1435 2769 1693 2840 honore
1719 2769 1835 2838 Dei
1877 2768 2341 2859 promovendo
2375 2790 2509 2838 non
2542 2790 2791 2859 parum
2826 2769 3002 2839 fudit
3031 2785 3157 2863 san·

637 2859 896 2949 guinis,
954 2856 1167 2928 fracto
1215 2857 1499 2927 brachio
1552 2880 1684 2927 non
1720 2859 1870 2927 sine
1918 2880 2171 2949 magno
2217 2858 2474 2938 dolore,
2510 2858 2602 2927 ita
2630 2870 2707 2927 ut
2739 2857 2860 2928 illo
2894 2868 3021 2927 tota
3048 2864 3156 2921 vita

639 2968 766 3017 sua
806 2946 906 3015 uti
938 2968 1074 3015 non
1109 2959 1371 3037 posset:
1423 2946 1645 3037 capite
1677 2946 1880 3017 etiam
1918 2947 2087 3016 adeo
2118 2947 2409 3017 contrito
2442 2957 2507 3016 et
2531 2959 2882 3034 quassam,
2920 2959 2993 3016 ut
3019 2960 3149 3014 cum

641 3056 713 3104 se
742 3046 1053 3115 verteret,
1108 3036 1388 3106 sentiret
1419 3035 1684 3106 ossium
1733 3034 2186 3106 collisionem.

727 3126 763 3211 ξ
827 3128 971 3196 52.
1028 3123 1348 3195 Solebant
1395 3125 1640 3196 Christi
1691 3124 2121 3198 Confessores
2169 3123 2304 3194 fide
2333 3124 2628 3205 sincera,
2677 3124 3038 3215 perspicua
3064 3139 3154 3188 co-

644 3210 954 3303 gnitione
1000 3225 1067 3282 et
1112 3211 1398 3282 ferventi
1444 3214 1777 3284 charitate
1822 3213 1986 3282 ferri
2037 3215 2102 3282 in
2140 3219 2377 3294 Deum,
2415 3235 2699 3304 prorsus
2728 3214 3154 3283 subducentes

641 3323 789 3372 sese
836 3301 923 3371 ab
972 3301 1102 3371 hoc
1152 3301 1437 3384 mundo,
1491 3314 1697 3390 atque
1737 3325 1796 3370 a>
1827 3303 2032 3372 rebus
2081 3301 2484 3384 mundanis,
2525 3312 2835 3388 totosque
2869 3325 2941 3373 se
2985 3315 3150 3370 occu-

690 3402 908 3470 antes,
948 3389 1034 3459 iis
1082 3412 1260 3478 quae
1298 3391 1385 3459 ad
1437 3392 1553 3460 Dei
1586 3390 2161 3482 perfectissimum
2213 3413 2516 3461 amorem
2568 3390 2935 3480 pertinent.
2972 3394 3042 3458 Et
3065 3388 3157 3453 ho

667 3491 774 3549 eta
823 3500 1097 3566 quoque
1162 3477 1649 3550 ardentissima
1700 3480 1814 3548 Dei
1861 3480 2192 3550 charitate
2253 3480 2647 3567 usqueadeo
2702 3501 2989 3550 accensa
3032 3474 3154 3546 fust,

637 3580 718 3638 ut
804 3589 881 3637 er
928 3567 1207 3655 aliquod
1260 3580 1556 3658 tempus,
1615 3569 1883 3656 quoties
1947 3571 2098 3658 ejus
2149 3568 2465 3639 divinum
2518 3567 3160 3649 mellitissimumque

639 3680 729 3726 au
787 3657 1017 3727 ivisset
1050 3678 1327 3736 nomen,
1369 3679 1524 3728 mox
1566 3670 1701 3728 tota
1735 3679 1775 3726 a
1823 3679 1895 3728 se
1942 3658 2283 3737 deficeret,
2336 3669 2402 3727 et
2439 3671 2796 3746 raperetur
2843 3659 2912 3727 in
2948 3661 3154 3724 Deum.

642 3751 880 3832 Itaque
927 3745 987 3815 si
1033 3744 1155 3833 qui
1201 3746 1266 3815 ei
1314 3744 1502 3833 loqui
1570 3746 1857 3826 vellent,
1917 3768 2357 3837 summopere
2404 3749 2643 3815 cavere
2690 3745 3047 3822 debebant,
3093 3756 3160 3805 ne

639 3834 810 3922 quid
859 3833 1164 3904 dicerent
1208 3856 1289 3904 ex
1336 3834 1422 3905 iis
1467 3856 1644 3923 quae
1690 3834 1777 3905 ad
1831 3835 1943 3904 Dei
1994 3857 2340 3907 summam
2397 3835 2837 3905 dilectionem
2888 3827 3160 3925 pertine-

643 3934 818 4003 rent,
859 3945 1016 3992 mox
1061 3922 1246 3993 enim
1297 3923 1419 4004 sic,
1475 3924 1731 3995 auditis
1795 3922 1955 4006 illis,
2019 3937 2208 3994 extra
2254 3946 2326 3994 se
2382 3923 2797 4006 discedebat,
2850 3936 2931 3993 ut
2986 3921 3161 4004 longo

646 4013 976 4102 temporis
1025 4011 1380 4081 intervallo
1447 4034 1646 4083 nemo
1699 4024 1924 4103 posset
1969 4014 2035 4083 ei
2100 4013 2312 4101 loqui.
2358 4013 2638 4082 Interim
2710 4025 2936 4083 tamen
2983 4007 3159 4078 etiam

644 4101 818 4170 mire
864 4100 1194 4189 diligebat
1240 4102 1607 4192 proximOS,
1659 4102 1966 4189 adeoque
2016 4104 2413 4193 promovere
2460 4102 2784 4192 cupiebat
2819 4092 3162 4200 cujuslibet

642 4190 826 4261 bona
869 4188 1230 4280 spiritalia,
1267 4203 1346 4262 ut
1391 4191 1618 4277 quiete
1666 4191 1868 4283 potiri
1911 4213 2046 4260 non
2083 4204 2310 4281 posset
2356 4191 2427 4260 in
2477 4191 2750 4281 spiritu,
2791 4191 2924 4259 nisi
2963 4208 3021 4255 ei
3052 4198 3157 4277 ptjss

645 4301 773 4348 sua
822 4279 1170 4349 vocatione
1225 4292 1291 4349 et
1345 4277 1666 4350 facultate
1714 4280 2128 4358 subveniret.
2169 4285 2245 4349 Et
2294 4279 2585 4354 libenter
2633 4279 2752 4350 illa
2797 4278 2996 4349 etiam
3025 4289 3158 4372 ‘sel-

642 4389 841 4461 psam
886 4367 1278 4461 obligasset,
1334 4378 1413 4439 ut
1478 4379 1707 4462 posset
1770 4368 2100 4460 opitulari
2166 4369 2520 4461 proximis,
2572 4369 2753 4441 sicut
2797 4379 2861 4438 et
2907 4386 2975 4436 re
3020 4375 3158 4451 ipsa
