3327 4999
614 352 740 418 344
2684 348 2929 413 MART.
2987 347 3070 413 ⁴6

628 502 868 603 VITA
930 501 1011 602 S.
1080 500 1652 603 HERIBERTI
1737 499 2218 602 ARCHIEP.
2297 496 2959 601 COLONIENSIS

1128 720 1414 770 AUCTORE
1462 721 1746 769 nupssnro
1793 721 2035 767 Annua
2082 697 2458 769 rmrmNffl*

914 878 1186 936 Floruit
1224 878 1503 936 ineunte
1544 879 1729 934 saec.
1776 878 1892 941 XI.
1945 908 2018 920 —
2058 878 2214 934 Nat.
2258 877 2658 934 Germanus.

612 1062 649 1147 ἓ
726 1066 804 1132 1.
857 1065 1046 1129 Anno
1110 1060 1197 1129 ab
1247 1059 1716 1129 incarnatione
1765 1059 2037 1128 Domini
2103 1059 2625 1150 nongentesimo
2706 1058 3076 1150 nonagesi-

525 1171 685 1229 mo,
744 1153 1210 1219 Romanorum
1260 1170 1332 1217 re
1381 1160 1535 1218 ente
1596 1149 1972 1238 imperium
2035 1151 2273 1217 Ottone
2322 1148 2516 1218 tertio
2548 1203 2564 1228 ,
2619 1147 2878 1237 insigni
2928 1170 3078 1217 me-

524 1238 770 1328 tropoli
805 1238 1208 1307 Germaniae
1255 1241 1340 1307 Co
1371 1238 1568 1307 oniae
1629 1238 2042 1328 Agrippinae
2110 1236 2411 1327 pontifex
2457 1260 2498 1305 a
2548 1242 2680 1306 Deo
2729 1237 2931 1308 datus
2971 1247 3080 1306 est

528 1338 808 1396 sanctus
881 1326 1316 1407 HeribertuS,
1370 1326 1671 1414 vixitque
1721 1326 1791 1395 in
1853 1326 2092 1395 eadem
2142 1326 2299 1396 sede
2348 1325 2787 1395 laudabiliter
2849 1346 3075 1395 annos

532 1416 958 1507 vigintitres‚
1014 1436 1284 1484 menses
1332 1415 1529 1496 duos,
1596 1414 1745 1483 dies
1809 1413 2019 1483 ferme
2080 1414 2524 1504 vigintiduos.
2578 1414 2755 1483 Huic
2812 1414 3078 1483 donum

525 1505 807 1596 gratiae,
861 1504 932 1572 in
982 1504 1132 1593 ipso
1180 1505 1331 1593 ejus
1378 1517 1532 1574 ortu
1569 1504 2010 1594 praesignare
2040 1502 2365 1592 dignatus
2397 1516 2498 1572 est
2532 1508 2732 1572 Deus.
2764 1508 3078 1589 Namque

525 1616 685 1663 cum
738 1605 943 1662 noctu
991 1606 1300 1662 materno
1361 1591 1768 1663 funderetur
1813 1614 1893 1660 ex
1940 1604 2168 1671 utero,
2223 1591 2339 1661 lux
2397 1592 2737 1660 immensa
2785 1591 3082 1662 caelitus

524 1682 598 1750 in
648 1681 794 1751 loco
841 1681 1133 1762 effulsit;
1205 1694 1396 1771 pater
1455 1680 1768 1771 ejusdem
1835 1679 2160 1749 infantuli
2207 1693 2272 1749 et
2317 1701 2477 1749 cum
2526 1702 2605 1750 eo
2651 1680 2941 1767 quidam
2993 1702 3080 1749 ex

524 1770 792 1852 amiciS,
846 1769 1151 1840 Judaeus
1198 1785 1448 1850 tamen,
1485 1770 1606 1856 qui
1654 1783 1819 1838 tunc
1869 1781 2139 1839 venerat
2186 1769 2272 1838 ad
2312 1791 2471 1838 eum
2572 1791 2644 1838 ro
2692 1780 3072 1840 consuetu—

524 1859 687 1929 dine
732 1859 1082 1945 colloquii,
1128 1858 1268 1928 sive
1301 1859 1553 1948 negotii
1602 1858 1987 1939 familiaris,
2045 1857 2463 1929 dormientes
2579 1860 2701 1926 ora
2748 1858 2900 1948 ipsa
2939 1880 3084 1945 qua

528 1949 598 2017 in
645 1947 864 2017 lucem
917 1948 1271 2039 prodibat,
1325 1969 1543 2017 unum
1621 1947 1944 2035 idemque
2021 1947 2249 2016 vident
2296 1945 2693 2017 somnium:
2746 1960 2810 2016 et
2856 1947 3078 2047 evigi-

526 2037 768 2119 lanteS,
814 2037 1142 2107 continuo
1192 2036 1649 2123 loquebantur
1695 2037 1779 2105 ad
1830 2036 2261 2115 alterutrum,
2296 2035 2497 2123 quasi
2545 2035 2903 2125 proprium
2936 2057 3081 2104 stn-

527 2126 675 2215 guli
725 2125 1070 2195 narraturi
1105 2125 1353 2205 visum,
1402 2124 1659 2215 quippe
1689 2125 1810 2211 qui
1860 2125 2589 2194 nescirentcommune
2637 2124 2874 2193 fuisse.
2915 2128 3085 2193 Nar-

530 2215 703 2283 ravit
752 2214 940 2304 prior
983 2214 1293 2284 ‚Iudaeus
1339 2226 1405 2284 et
1451 2213 1701 2283 deinde
1750 2214 1896 2304 ipse
1926 2212 2417 2305 paterfamilias
2468 2212 2800 2303 idipsum,
2838 2224 2904 2281 et
2938 2234 3082 2281 non

527 2302 717 2371 aliud
771 2325 841 2373 se
888 2303 1164 2384 vidisse,
1220 2302 1653 2372 vehementer
1702 2301 2056 2372 admirans
2116 2315 2401 2372 testatus
2459 2312 2582 2371 est.
2638 2307 2793 2370 Erat
2841 2313 3082 2370 autem

529 2391 1014 2481 hujuscemodi
1085 2392 1469 2461 somnium:
1544 2391 1955 2461 Cubiculum
2015 2391 2085 2459 in
2150 2412 2290 2478 quo
2348 2390 2601 2459 mulier
2664 2390 3085 2459 decumbere

530 2481 980 2572 proximaque
1028 2480 1255 2570 partui
1291 2502 1426 2550 non
1476 2479 1948 2571 ignorabatur,
2002 2502 2042 2549 a
2090 2478 2310 2549 fronte
2347 2478 2622 2571 aperiri,
2658 2478 3086 2549 admissum-

529 2592 662 2657 que
692 2571 904 2660 jubar
952 2569 1304 2639 infulsisse
1354 2569 1534 2639 velut
1563 2570 1728 2638 solis
1760 2568 2149 2638 meridiani.
2195 2575 2394 2638 Porro
2444 2569 2506 2636 vi
2560 2569 2804 2637 ilantes
2833 2568 3082 2638 eadem

528 2659 697 2728 hora
745 2660 928 2728 circa
977 2660 1472 2748 parturientem
1522 2657 1607 2726 de
1658 2680 1846 2727 more
1915 2657 2199 2726 aderant
2252 2680 2455 2729 sexus
2503 2657 2695 2726 ilius
2742 2679 3083 2748 personae

530 2746 810 2818 sedulae
856 2761 921 2816 et
952 2748 1139 2838 ipsae
1186 2746 1686 2837 corporalibus,
1721 2756 1798 2815 ut
1834 2747 1983 2836 jam
2024 2746 2285 2815 dictum
2330 2759 2452 2827 est,
2490 2746 2711 2817 oculis
2757 2745 3087 2817 viderunt

529 2836 947 2906 miraculum
998 2836 1285 2905 caelitus
1333 2834 1600 2904 infusae
1655 2834 2009 2905 claritatis.
2082 2835 2318 2904 Adhuc
2367 2836 2552 2904 enim
2620 2834 3085 2921 loquebantur

528 2925 629 2993 illi
680 2925 1027 2996 somnium
1075 2924 1259 3011 quod
1310 2923 1641 3001 viderant,
1680 2923 2098 2993 miraculum
2130 2936 2196 2993 et
2241 2922 2629 2993 felicitatem
2667 2934 2906 3015 partus
2938 2946 3073 2993 non

526 3014 724 3083 vanis
771 3014 1266 3103 praesagiendo
1300 3012 1750 3103 conjecturis:
1804 3033 1966 3081 cum
2015 3033 2171 3081 ecce
2219 3035 2360 3082 una
2405 3035 2483 3081 ex
2518 3011 2658 3081 illis
2706 3011 2963 3104 gaudio
3009 3023 3077 3081 et

530 3124 777 3193 pavore
826 3102 1034 3178 simul
1085 3100 1391 3183 attonita,
1444 3102 1703 3171 bonum
1755 3101 1933 3190 patri
1962 3101 2316 3170 nunciavit
2351 3102 2711 3182 nuncium,
2762 3100 3082 3170 videlicet

531 3191 863 3282 elegantis
912 3189 1037 3259 filii
1109 3203 1417 3260 exortum
1468 3201 1534 3259 et
1588 3189 1659 3257 in
1702 3201 1854 3258 ortu
1902 3189 2212 3279 ejusdem
2277 3190 2534 3259 editum
2588 3189 2803 3259 mirae
2852 3189 3083 3258 suavi-

533 3280 688 3351 tatis
727 3294 792 3350 et
838 3279 1300 3350 circumfusae
1341 3300 1631 3370 magnae
1672 3277 1850 3349 lucis
1898 3278 2211 3347 divinum
2261 3278 2701 3348 miraculum.
2758 3284 2897 3347 Hoc
2949 3278 3084 3368 igi-

531 3380 645 3438 tur
689 3369 847 3455 quis
886 3368 1149 3437 dubitet
1195 3367 1648 3438 conferendae
1697 3365 1796 3436 illi
1847 3368 2105 3458 gratiae
2163 3365 2379 3438 fuisse
2427 3367 2704 3457 signum
2740 3419 2755 3439 .
2807 3367 3082 3457 signifi-

529 3480 696 3526 cans
742 3457 925 3543 quod
989 3457 1336 3546 copiosius
1393 3456 1820 3526 illuminaret
1879 3456 2079 3525 illum
2129 3455 2244 3524 lux
2292 3479 2448 3525 vera
2495 3477 2672 3542 quae
2719 3455 3079 3526 illuminat

533 3567 807 3614 omnem
858 3544 1208 3614 hominem
1261 3545 1642 3615 venientem
1678 3545 1750 3612 in
1798 3545 1985 3614 hunc
2034 3544 2430 3614 mundum?

617 3636 654 3720 ἓ
706 3640 794 3705 2.
861 3632 1027 3714 Tali,
1090 3645 1168 3702 ut
1224 3632 1483 3703 dictum
1538 3647 1685 3714 est,
1746 3656 1906 3703 cum
1966 3633 2323 3734 praesagio
2383 3655 2552 3724 puer
2607 3632 2720 3703 hic
2755 3687 2770 3714 ,
2835 3633 3079 3702 beatae

538 3722 1184 3813 praedestinationis
1242 3722 1467 3803 filius,
1525 3723 1593 3791 in
1657 3723 2028 3793 Wormatia
2077 3721 2453 3793 Galliarum
2503 3722 2673 3791 urbe
2726 3720 2832 3811 (a)
2885 3735 3082 3792 ortus

538 3824 661 3880 est.
730 3817 935 3881 Porro
998 3810 1209 3892 illuc,
1285 3812 1545 3882 scilicet
1605 3811 1674 3880 in
1745 3810 2083 3881 Gallicum
2157 3811 2565 3881 Wormatiae
2628 3809 3077 3890 territorium,

537 3921 759 3991 genus
807 3901 957 3990 ejus
1002 3913 1387 3969 maternum
1440 3900 1524 3970 de
1569 3900 1753 3969 fonte
1802 3899 2241 3969 Alemannico
2289 3900 2567 3969 casibus
2613 3898 2917 3969 adversis
2966 3898 3089 3967 de-

533 3989 830 4059 rivatum
881 3989 1123 4059 fuerat.
1170 3989 1520 4078 Siquidem
1572 3989 1726 4059 avia
1771 3990 1922 4079 ejus
1960 4000 2269 4058 materna
2317 3989 2595 4058 nomine
2643 3993 2907 4067 Bruma,
2948 3992 3082 4056 Re-

533 4078 869 4167 gimboldi
926 4077 1343 4149 nobilissimi
1411 4079 1946 4148 Alemannorum
2015 4077 2288 4146 comitis
2338 4077 2482 4146 filia
2537 4077 2793 4160 extitit,
2858 4088 2925 4162 et
2989 4077 3081 4147 ab

535 4167 810 4237 Hunnis
865 4166 1448 4258 depraedantibus
1493 4190 1530 4236 e
1590 4178 1815 4237 castro
1880 4165 2093 4256 patris
2149 4188 2310 4235 cum
2378 4165 2654 4236 duabus
2717 4164 3079 4237 sororibus

586 4364 612 4391 ¹·
640 4364 896 4405 Immodica
913 4364 961 4405 et
979 4365 1299 4405 commentitia
1318 4363 1568 4412 scriptoris
1586 4363 1677 4403 fult
1695 4363 1772 4403 hic
1792 4362 2130 4412 compescenda
2149 4362 2425 4403 verbositas.

534 4417 646 4511 1ιί(ιιι)
677 4418 900 4460 Veterum
929 4419 1221 4469 vangionum
1254 4418 1382 4462 urbs,
1408 4418 1549 4467 vulgo
1575 4417 1758 4467 Worma,
1780 4417 1837 4457 nd
1857 4418 2086 4463 Rhenum,
2105 4416 2287 4466 spiram
2308 4418 2434 4456 inter
2453 4417 2526 4457 est
2549 4426 2602 4457 ac
2623 4416 2910 4467 moguntiam
2931 4418 3088 4459 notis·

579 4481 668 4513 mo.
