3327 4999
197 288 298 352 Ex
346 287 517 353 DEC.
572 289 653 353 to
980 305 1059 352 m:
1107 305 1199 352 ss.
1253 304 1422 352 mnu
1468 304 1543 352 ET
1589 303 1789 352 socns
1836 304 1949 351 uu.
2509 287 2638 353 757

195 385 571 467 adfuturos,
627 397 691 455 et
738 386 1115 455 certamina
1161 407 1302 455 una
1348 407 1496 455 esse
1521 384 1832 456 adituros
1862 405 2083 471 usque
2112 383 2198 453 ad
2231 387 2502 475 tempus
2534 407 2728 456 coro-

196 497 439 546 narum
489 488 553 546 et
585 475 900 545 victoriae
925 475 1541 545 renunciationem:
1586 486 1651 545 et
1675 472 1925 543 deinde
1954 473 2159 543 etiam
2194 472 2294 545 eis
2329 494 2567 565 pacem
2610 474 2730 544 de-

195 564 455 666 dissent
500 577 565 636 et
612 564 863 635 fastum
900 564 1223 634 victoriae
1273 564 1608 635 nuncium
1655 565 1756 636 eis
1805 562 2336 654 significassent,
2381 564 2611 635 statim
2642 566 2731 636 ab

196 676 293 723 ets
345 667 798 726 recesserunt.

283 752 319 825 ἓ
369 749 530 816 33.
588 750 963 834 Imperator
1011 755 1238 814 autem
1304 767 1461 813 cum
1516 765 1788 815 summo
1846 764 2050 813 mane
2086 742 2415 833 jussisset
2474 743 2732 835 aperiri

198 833 535 904 theatrum
572 847 636 904 et
684 834 767 902 ad
818 856 975 904 eum
1026 855 1298 903 omnem
1351 833 1715 904 convenire
1763 832 2137 923 populum,
2191 832 2367 902 sedit
2425 855 2546 925 pro
2611 833 2733 903 tri-

197 923 456 993 bunali.
499 923 835 1005 Quoniam
870 935 1099 992 autem
1131 935 1484 1013 acceperat
1525 934 1733 993 totam
1766 922 2107 993 civitatem
2139 922 2515 993 credidisse
2544 921 2734 991 Chri-

198 1025 338 1083 sto:
391 1011 832 1083 deliberando
889 1034 1045 1082 vero
1093 1023 1158 1083 et
1204 1012 1659 1083 consultando
1716 1023 2044 1082 statuerat
2089 1033 2237 1082 esse
2288 1011 2570 1100 quidem
2622 1011 2746 1092 in-,

197 1103 363 1172 utile
410 1123 558 1172 eam
594 1102 981 1191 relinquere
1027 1101 1486 1193 impunitam:
1560 1124 1805 1172 rursus
1864 1114 2087 1172 autem
2142 1101 2732 1172 inconsideratum

196 1205 260 1261 et
290 1215 325 1260 a
379 1191 635 1261 ratione
669 1192 999 1272 alienum,
1035 1192 1495 1262 condemnare
1542 1203 1903 1273 omneS‚ut
1952 1191 2353 1282 puniantur:
2392 1190 2733 1261 simulans

200 1304 268 1350 se
318 1293 532 1351 totum
603 1282 944 1373 ignorare,
1000 1281 1215 1351 dixit:
1253 1305 1288 1348 «
1320 1280 1511 1364 Quod
1563 1303 1680 1352 vos
1727 1280 2008 1369 quidem
2066 1281 2188 1369 qui
2234 1281 2512 1361 adestis,
2570 1279 2733 1349 deos

199 1370 475 1456 quidem
527 1372 886 1442 sacrificiis
951 1384 1014 1441 et
1062 1371 1218 1441 aliis
1281 1371 1756 1451 libaminibus,
1827 1393 1951 1441 nos
1999 1384 2225 1441 autem
2277 1376 2732 1461 Imperatores

200 1461 573 1531 reverentia
617 1473 681 1530 et
730 1461 973 1530 timore
1000 1472 1065 1530 et
1098 1461 1167 1529 in
1200 1460 1355 1530 aliis
1405 1462 1610 1530 rebus
1640 1460 2028 1531 obedientia
2062 1460 2284 1531 colere
2331 1459 2730 1540 statueritiS‚

196 1571 275 1618 ex
318 1550 551 1619 multis
610 1550 765 1620 aliis
815 1550 1137 1621 intellexi.
1191 1550 1382 1634 Quod
1433 1563 1862 1621 autemnon
1902 1549 2133 1620 statim
2183 1548 2624 1642 repugnastis
2671 1562 2738 1618 et

199 1639 540 1709 restitistis
587 1639 726 1712 illis
779 1640 1200 1721 execrandiS,
1246 1640 1366 1726 qui
1427 1640 1745 1710 Crucifixi
1801 1661 1909 1710 res
1956 1639 2108 1709 ausi
2171 1652 2334 1710 sunt
2380 1640 2625 1709 docere
2672 1649 2738 1707 et

202 1750 335 1797 non
387 1730 574 1818 ipsos
629 1741 784 1800 ante
833 1752 957 1800 nos
1012 1729 1362 1819 lapidibus
1409 1729 1812 1811 obrueritis,
1877 1729 2191 1800 existimo
2240 1728 2404 1800 deos
2463 1750 2544 1800 ex
2609 1727 2737 1798 hoc

198 1818 369 1886 iram
424 1840 561 1889 non
610 1818 825 1889 levem
874 1820 1293 1910 concepisse.
1356 1823 1493 1907 Ego
1542 1819 1754 1910 igitur
1800 1818 1922 1907 qui
1969 1832 2035 1889 et
2073 1818 2262 1909 ipsos
2310 1819 2472 1890 deos
2528 1840 2618 1887 cu
2671 1816 2737 1886 io

199 1907 467 1988 ulcisci,
519 1920 582 1978 et
614 1908 882 1978 nullum
921 1923 1223 1979 vestrum
1274 1909 1343 1977 in
1395 1907 1728 1981 divinitus
1763 1908 2149 1980 immissam
2201 1908 2502 1978 incidere
2550 1929 2632 1978 ca
2662 1929 2738 1977 a-

203 1997 532 2079 mitatem,
563 1998 775 2088 jubeo
823 1999 1164 2069 civitatem
1202 2011 1267 2068 et
1315 2020 1433 2067 vos
1479 2020 1721 2068 omnes
1785 1998 2037 2089 privari
2098 1999 2206 2079 iis,
2259 1998 2380 2087 qui
2427 1996 2740 2084 utrisque

202 2086 363 2156 olim
407 2086 686 2157 suerunt
733 2088 1064 2169 attributi,
1105 2086 1509 2159 honoribus:
1565 2101 1640 2158 ut
1681 2087 1914 2159 sciatis
1952 2100 2017 2158 et
2063 2110 2144 2158 ex
2191 2087 2301 2158 his
2334 2086 2572 2179 poenis
2627 2108 2740 2156 vo-

203 2175 309 2245 bis
358 2175 700 2277 impositis
754 2191 819 2246 et
866 2177 1229 2247 stultorum
1290 2176 1569 2247 illorum
1629 2176 2018 2269 suppliciiS,
2063 2178 2246 2334 quod
2296 2176 2575 2265 quando
2620 2179 2743 2245 Ju-

203 2265 330 2332 dex
360 2287 477 2352 qui
529 2288 667 2336 non
730 2266 930 2336 fuerit
978 2267 1126 2356 ipse
1185 2279 1751 2357 praeoccupatuS,
1809 2289 1944 2335 non
1991 2277 2136 2336 vut
2183 2289 2383 2337 suam
2454 2264 2742 2357 prodere

203 2355 610 2423 sententiam
660 2366 724 2425 et
784 2356 1098 2447 prodigia
1160 2354 1381 2426 facere
1443 2378 1602 2427 cum
1654 2355 1763 2427 his
1820 2355 2274 2428 histrionibus
2308 2411 2323 2437 ,
2379 2375 2738 2442 nunquam

202 2455 424 2602 potest
452 2466 651 2535 opem
702 2444 874 2516 ferre
908 2444 1312 2526 Crucifixus,
1368 2457 1487 2517 aut
1528 2444 1817 2516 liberare
1855 2468 1892 2515 a
1937 2445 2179 2516 malis:
2239 2445 2460 2518 solum
2511 2456 2741 2516 autem

253 2556 332 2603 oc
382 2546 623 2624 potest,
677 2549 932 2605 certam
984 2549 1268 2606 mortem
1325 2548 1390 2606 et
1427 2548 1800 2606 extremam
1848 2534 2314 2606 infelicitatem
2421 2555 2743 2605 rocurare

202 2623 289 2693 iis
337 2624 458 2710 qui
492 2639 752 2715 parent.
807 2630 1054 2695 Eorum
1106 2647 1284 2712 quae
1317 2625 1494 2706 dico,
1548 2625 1755 2695 fidem
1792 2624 1983 2695 vobis
2032 2637 2323 2714 possunt
2397 2646 2591 2694 acere
2620 2622 2742 2693 de-

202 2725 511 2803 ceptores
581 2714 681 2783 illi
735 2725 799 2784 et
859 2714 1412 2806 praestigiatores
1461 2719 1923 2805 Hermogenes
1981 2725 2046 2783 et
2110 2721 2386 2795 Menas,
2455 2724 2745 2799 uterque

199 2803 508 2893 ipsorum
560 2817 715 2873 ante
766 2815 1100 2873 tormenta
1133 2803 1531 2894 pollicentes
1579 2826 1652 2873 se
1699 2824 1847 2873 esse
1873 2802 2045 2874 alios
2078 2827 2120 2874 a
2168 2802 2459 2873 mortuis
2520 2801 2744 2871 susci-

204 2904 485 2963 taturos:
525 2915 564 2962 a
612 2915 720 2962 me
768 2905 996 2963 autem
1048 2893 1259 2974 brevi,
1304 2905 1381 2964 ut
1412 2893 1787 2982 oportebat,
1834 2893 2026 2984 gravi
2057 2904 2272 2963 morte
2301 2892 2438 2962 vita
2467 2890 2739 2982 privati,

203 3003 291 3050 ne
338 2981 494 3051 sibii
553 2982 648 3052 sis
694 2982 975 3070 quidem
1043 2994 1334 3073 possunt
1381 3004 1580 3074 opem
1657 2982 1855 3052 ferre.
1910 2981 2038 3052 Ubi
2113 2995 2340 3053 autem
2408 3000 2598 3051 nunc
2645 2993 2748 3052 est

205 3070 411 3162 plane
451 3071 494 3138 il
532 3072 639 3140 ius
689 3072 936 3143 Christi
985 3072 1198 3142 virtus
1216 3075 1287 3141 5²»

295 3161 330 3247 ξ
394 3163 551 3232 34.
605 3165 971 3247 Postquam
1044 3184 1205 3253 ergo
1244 3162 1330 3231 ad
1411 3173 1669 3232 tantam
1745 3160 2247 3252 blasphemiam
2302 3158 2749 3251 processisset

210 3255 609 3339 Imperator,
648 3249 863 3319 multo
914 3251 1217 3320 tumultu
1264 3250 1549 3341 plenum
1584 3262 1728 3321 erat
1777 3250 2140 3330 theatrum,
2194 3250 2345 3340 ejus
2381 3247 2748 3319 maledicta

208 3338 537 3408 omnibus
575 3359 776 3428 aegre
823 3338 1222 3418 serentibus,
1277 3351 1340 3408 et
1363 3340 1509 3428 jam
1563 3361 1668 3409 res
1717 3362 1927 3410 novas
1975 3339 2200 3409 moliri
2252 3337 2743 3409 statuentibus.

209 3432 559 3496 Caeterum
610 3449 772 3496 cum
822 3450 862 3497 a
914 3425 1365 3518 praeconibus
1412 3428 1668 3497 factum
1734 3441 1911 3497 esset
1966 3426 2342 3508 silentium,
2391 3440 2457 3498 et
2504 3448 2749 3496 rursus

209 3516 524 3586 dicturus
571 3527 747 3587 esset
779 3521 1179 3607 Imperator,
1232 3538 1408 3604 quae
1440 3528 1634 3586 erant
1680 3537 1760 3585 ex
1809 3516 1916 3588 sui
1960 3517 2176 3586 animi
2225 3516 2587 3597 sententia,
2643 3536 2751 3585 re-

211 3617 413 3698 pente
462 3616 675 3675 totum
739 3605 1132 3696 adspiciens
1180 3606 1571 3685 theatrum,
1628 3627 1788 3674 cum
1851 3605 2129 3676 vidisset
2174 3618 2446 3678 sanctos
2507 3605 2628 3693 qui
2679 3605 2748 3673 in

212 3695 516 3764 medium
571 3695 870 3765 tribunal
912 3695 1405 3765 descenderant
1464 3694 1934 3785 (exinopinato
1995 3695 2177 3764 enim
2229 3693 2745 3787 apparuerant),

212 3808 356 3855 una
391 3784 597 3855 veluti
649 3783 887 3876 lingua
934 3798 998 3854 et
1045 3807 1186 3854 uno
1246 3805 1362 3853 ore
1413 3806 1652 3854 omnes
1700 3784 2299 3854 exclamaverunt:
2357 3790 2547 3855 Unus
2602 3804 2752 3852 vere

213 3887 314 3945 est
365 3879 563 3953 Deus,
620 3879 796 3943 Deus
869 3874 1439 3945 Christianorum.
1494 3879 1633 3944 Hoc
1693 3873 1867 3943 facto
1902 3928 1917 3954 ,
1985 3874 2267 3962 quidam
2341 3872 2753 3965 Eugraphus

211 3964 334 4052 qui
384 3963 529 4054 ipse
560 3984 833 4050 quoque
866 3964 934 4031 in
973 3968 1385 4034 Graecorum
1431 3963 1742 4033 doctrina
1789 3975 1932 4032 erat
1990 3963 2419 4044 exercitatus,
2475 3984 2753 4052 rempu-

214 4054 468 4123 blicam
521 4067 748 4122 autem
798 4052 1028 4122 adhuc
1059 4052 1357 4145 gerentis
1399 4058 1631 4122 Menae
1663 4052 1884 4122 fuerat
1920 4053 2254 4123 minister.
2296 4057 2361 4122 Is
2399 4073 2562 4142 ergo
2592 4071 2751 4119 cum

216 4155 381 4212 tunc
421 4153 596 4214 esset
627 4164 813 4212 unus
844 4164 924 4212 ex
973 4142 1058 4213 iis
1113 4141 1232 4229 qui
1290 4153 1483 4211 erant
1547 4141 1617 4211 in
1673 4141 1955 4222 theatrO,
1998 4154 2063 4212 et
2122 4142 2376 4212 videret
2423 4161 2599 4227 quae
2638 4139 2756 4208 fie-

214 4232 405 4311 bant,
457 4255 613 4302 cum
658 4231 936 4303 vidisset
983 4230 1397 4301 miraculum
1435 4243 1500 4300 et
1545 4243 1722 4301 esset
1753 4230 1961 4301 veluti
2003 4231 2144 4300 zelo
2192 4252 2525 4302 accensus
2572 4240 2637 4298 et
2683 4250 2757 4297 se

217 4321 491 4391 divinae
530 4321 762 4391 Crucis
795 4321 1134 4413 signasset
1167 4320 1551 4421 signaculo,
1605 4332 1672 4390 et
1716 4318 1931 4389 animi
1982 4319 2380 4391 fortitudine
2427 4331 2491 4388 et
2539 4318 2756 4388 auda-

216 4411 325 4481 cia
355 4423 531 4483 esset
568 4411 890 4503 repletus,
946 4410 1016 4480 in
1073 4411 1378 4480 medium
1442 4408 1758 4501 prosiluit
1814 4421 1880 4480 et
1925 4409 2250 4480 audacter
2302 4407 2748 4500 Imperatori,

381 4536 620 4595 surina
652 4564 677 4580 -
729 4532 886 4596 Vitae
910 4534 1019 4597 SS.
1054 4566 1077 4580 -
1104 4534 1230 4595 Vol.
1277 4533 1376 4592 111.
2411 4531 2521 4590 48*
