3327 4999
688 316 816 382 614
1405 332 1484 378 nr.-
1530 332 1587 379 s.
1639 328 1953 378 uctovm
1999 327 2297 377 nmscoro
2663 310 2772 377 EX
2815 310 3010 379 AUG.
3063 313 3180 378 ⁴6·

601 419 723 490 illa
771 440 894 510 per
932 417 1143 488 fortes
1190 415 1444 486 milites
1491 415 1764 496 Christi,
1817 414 2159 484 diminuta
2217 425 2321 483 est
2376 411 2706 485 adversae
2757 415 2972 505 partis
3023 438 3162 506 po·

602 508 811 577 tentia
856 521 920 577 et
967 506 1248 576 dilatata
1294 519 1397 574 est
1442 504 1645 596 longe
1694 504 1961 591 lateque
2012 502 2544 574 Christianitatis
2591 504 3145 593 magnificentia.

690 605 729 679 §
777 603 908 670 11.
962 594 1275 685 vigiliam
1328 594 1627 664 Paschae
1687 592 2115 664 Christianus
2171 591 2474 683 populus
2517 591 2906 663 celebrabat
2952 606 3023 663 et
3075 593 3158 665 in

600 684 1029 756 celebrandis
1064 683 1303 753 Missae
1355 681 1699 772 mysteriis
1745 681 2064 751 sacerdos
2123 681 2427 752 intentus
2473 692 2639 750 erat.
2693 686 2770 752 Et
2815 703 2974 752 ecce
3026 683 3160 751 tri-

603 787 741 845 stes
788 772 1090 843 defuncti
1137 772 1547 844 exhibentur
1575 770 1902 856 exequiae
1946 782 2012 841 et
2057 771 2325 841 animos
2352 768 2783 840 audientium
2810 770 2898 841 ad
2946 793 3150 841 com·

599 862 1002 954 patiendum
1058 872 1327 931 movent
1378 859 1862 951 plangentium·
1891 858 2258 960 lacrymae.
2311 858 2476 929 Plus
2513 859 2782 930 cunctis
2829 875 3155 930 movetur

598 963 663 1020 et
699 952 845 1041 ipse
886 949 1227 1030 sacerdos,
1280 949 1402 1036 qui
1448 962 1631 1019 totus
1678 960 1822 1017 erat
1857 947 1927 1015 in
1966 946 2438 1017 misericordia
2483 960 2551 1016 et
2600 946 3000 1038 praestolari
3022 949 3157 1039 ju·-

600 1040 734 1120 bet,
788 1039 955 1109 dum
1006 1038 1290 1108 finiatur
1337 1038 1565 1109 Missa.
1618 1036 2116 1107 circumstante
2163 1035 2545 1122 frequentia
2599 1036 2859 1127 populi,
2916 1050 3159 1108 monet

600 1149 841 1199 omnes
888 1127 1237 1218 appellare
1283 1126 1718 1197 clementiam
1772 1124 2066 1194 Domini:
2119 1137 2196 1195 ut
2229 1124 2351 1211 qui
2398 1124 2795 1196 dominatur
2829 1127 3030 1196 morti
3080 1140 3155 1197 et

600 1217 800 1298 vitae,
854 1216 1257 1309 dignaretur
1303 1237 1426 1305 per
1471 1214 1784 1285 membra
1852 1214 2141 1304 rigentia
2191 1213 2461 1284 vitalem
2510 1214 2782 1283 animae
2841 1215 3150 1286 calorem

602 1305 990 1375 refundere.
1045 1310 1175 1374 Nec
1224 1304 1334 1374 lon
1390 1326 1505 1374 um
1557 1303 1708 1385 suit,
1760 1314 1826 1372 et
1869 1303 1988 1390 qui
2050 1302 2252 1371 dixit:
2306 1304 2544 1374 Omnia
2585 1305 2936 1394 possibilia
2989 1315 3155 1374 sunt

600 1396 915 1470 credenti.
961 1393 1301 1464 devotioni
1427 1392 1636 1463 elium
1674 1391 1930 1461 adsuit:
1986 1391 2279 1481 resurgit
2323 1403 2659 1472 mortuuS,
2693 1406 2754 1460 et
2791 1392 3149 1462 horrorem

600 1483 847 1553 incutit
893 1482 1240 1563 omnibus,
1292 1495 1360 1552 et
1409 1481 1632 1571 palam
1684 1480 1842 1550 fecit
1872 1480 2154 1550 omnino
2204 1486 2414 1550 Deum
2449 1479 2672 1550 favere
2706 1480 2999 1551 fideliter
3032 1503 3155 1571 pe-

594 1571 925 1642 tentibus.
974 1577 1055 1641 Ut
1101 1571 1295 1641 vivus
1341 1570 1575 1651 astitit,
1620 1569 1946 1660 poculum
1997 1569 2138 1638 vini
2185 1568 2319 1638 sibi
2379 1569 2639 1659 porrigi
2691 1570 2901 1660 petiit.
2956 1570 3143 1653 Quid

600 1674 881 1732 sanctus
913 1660 1017 1730 vir
1060 1659 1360 1729 faceret?
1408 1659 1655 1728 Vinum
1705 1657 1888 1746 quod
1939 1657 2192 1727 sitienti
2267 1658 2673 1748 porrigeret,
2728 1680 2864 1728 non
2929 1659 3150 1728 habe-

598 1751 756 1819 bat:
822 1770 1039 1837 aquae
1088 1748 1411 1836 poculum
1462 1746 1644 1836 quod
1698 1746 2126 1839 porrigebat,
2182 1760 2459 1836 tangere
2522 1746 2759 1818 sitiens
2834 1747 3140 1818 nolebat.

600 1842 854 1908 Iterum
932 1836 1353 1907 confortatus
1401 1836 1469 1906 in
1520 1835 1696 1915 fide,
1779 1835 2067 1905 recurrit
2113 1835 2197 1905 ad
2267 1835 2522 1904 sontem
2573 1835 3090 1906 misericordiae
3121 1891 3140 1915 ,

598 1940 860 2028 petenS‚
912 1938 988 1995 ut
1034 1927 1154 2013 qui
1218 1924 1509 1995 orationi
1557 1924 1868 1994 fidelium
1916 1924 2348 2015 impenderat
2422 1925 2652 2011 majus
2728 1924 3140 2016 dignaretur

599 2015 997 2106 impendere
1043 2027 1109 2085 et
1155 2013 1223 2082 id
1280 2013 1461 2102 quod
1511 2028 1656 2083 erat
1723 2013 1977 2082 minus.
2044 2019 2191 2082 Mox
2239 2012 2615 2083 infundens
2663 2015 2808 2085 vasi
2855 2036 3144 2100 aquam,

598 2126 722 2195 per
782 2104 1097 2173 virtutem
1148 2116 1423 2173 sanctae
1493 2101 1989 2172 benedictionis
2041 2102 2325 2172 mutavit
2370 2102 2562 2171 illam
2628 2101 2698 2171 in
2747 2102 2889 2171 vini
2939 2115 3147 2172 natu-

595 2214 770 2263 ram.
825 2193 1073 2280 Sicque
1122 2191 1476 2282 porrigens
1534 2190 1800 2261 homini
1847 2190 2146 2261 redivivo
2205 2191 2360 2260 novi
2410 2191 2554 2260 vini
2600 2191 2951 2281 poculum,
3005 2213 3146 2260 non

598 2281 967 2350 minimum
1019 2280 1290 2351 divinae
1409 2280 1631 2351 ietatis
1700 2277 1995 2349 ostendit
2041 2280 2368 2349 omnibus
2417 2279 2858 2349 miraculum.
2921 2284 3147 2362 Quem

594 2369 823 2457 itaque
873 2369 1118 2439 alienis
1166 2303 1491 2439 manissus
1547 2390 1833 2438 carruca
1895 2368 1982 2437 ad
2049 2367 2523 2458 sepeliendum
2588 2368 2758 2438 illuc
2822 2368 3142 2450 advexit,

595 2459 744 2549 ipse
790 2479 958 2560 eam·
1006 2459 1224 2560 laetus
1270 2452 1920 2560 domumyeduxit,
1972 2470 2038 2528 et
2082 2457 2308 2546 quoad
2360 2456 2566 2539 vixit,
2618 2456 2910 2528 idoneus
2978 2478 3148 2529 suae

598 2561 1121 2618 resurrectionis
1167 2559 1357 2618 testis
1403 2559 1641 2617 extitit.

682 2639 719 2723 ξ
766 2637 1185 2716 12.,Gessit
1231 2649 1295 2706 et
1341 2636 1557 2717 aliud,
1611 2635 1713 2705 vel
1766 2657 1887 2724 pro
1936 2635 2080 2704 solo
2121 2634 2392 2725 pietatis
2428 2635 2684 2705 intuitu
2724 2636 2888 2706 satis
2939 2657 3147 2725 prae—

595 2725 914 2794 dicabile.
966 2726 1280 2796 Imitatus
1312 2724 1600 2794 Paulum
1642 2724 2061 2813 Apostolum,
2117 2725 2233 2793 cui
2285 2746 2532 2795 manus
2580 2746 2746 2794 suae
2779 2724 3140 2813 operando

597 2813 1037 2904 supplebant,
1090 2814 1149 2884 si
1196 2812 1362 2900 quid
1398 2813 1529 2882 sibi
1574 2811 1852 2883 deerat:
1905 2825 1970 2881 et
2018 2813 2163 2902 ipse
2204 2812 2421 2882 labori
2466 2834 2797 2882 manuum
2850 2834 3148 2883 suarum

590 2902 1009 2981 intendebat,
1062 2902 1340 2990 quando
1388 2902 1475 2971 ab
1521 2923 1688 2970 evan
1744 2900 2039 2971 elizandi
2101 2900 2327 2970 officio
2384 2902 2690 2971 vacabat.
2746 2906 2914 2972 Cum
2963 2923 3148 2989 qua-

590 2991 753 3060 dam
802 2990 912 3059 die
960 2991 1031 3059 in
1096 2990 1401 3081 putanda
1469 2989 1667 3059 vinea
1741 2991 2055 3061 aboraret
2109 3012 2268 3059 cum
2321 2989 2696 3068 fratribus,
2751 2990 3146 3081 depositam

592 3100 884 3169 cappam
936 3079 1241 3169 reposuit
1288 3080 1357 3148 in
1399 3079 1654 3160 abdito,
1725 3090 1803 3148 ut
1860 3079 2128 3168 operari
2180 3092 2408 3169 posset
2452 3079 2860 3168 expeditius,
2916 3077 3148 3149 Finito

591 3189 817 3258 opere,
862 3190 1020 3237 cum
1056 3190 1348 3258 cappam
1382 3167 1582 3237 vellet
1618 3168 1945 3258 recipere,
1999 3166 2338 3238 aviculam
2389 3189 2598 3254 quam
2650 3168 2855 3257 vulgo
2899 3167 3148 3237 bitrio-

591 3278 747 3325 nem
786 3268 1047 3338 vocant,
1102 3256 1382 3337 invenit,
1436 3277 1647 3357 super
1685 3278 1838 3326 eam
1885 3277 2091 3326 ovum
2146 3256 2477 3346 posuisse.
2537 3256 2672 3338 Qui
2725 3256 2952 3327 sciens
3016 3277 3146 3326 nec

592 3344 880 3415 aviculis
927 3345 1163 3417 deesse
1212 3345 1325 3414 Dei
1356 3345 1851 3435 providentiam
1891 3344 2092 3446 (quip
2145 3366 2181 3414 e
2226 3366 2524 3431 quarum
2575 3345 2769 3415 nulla
2822 3345 2973 3415 sine
3024 3368 3146 3434 pa-

591 3445 692 3503 tre
727 3438 855 3503 Deo
903 3433 1087 3504 cadit
1134 3456 1343 3524 super
1390 3446 1694 3515 terram),
1748 3434 2013 3503 dimisit
2063 3434 2080 3500 i
2137 3434 2319 3503 idem
2367 3455 2687 3525 cappam,
2727 3434 2947 3504 donec
2984 3434 3144 3503 sotis

590 3523 757 3603 ovis,
824 3522 1052 3624 pullos
1095 3522 1167 3591 in
1229 3537 1530 3613 tempore
1604 3522 1994 3592 excluderet
2041 3522 2336 3592 avicula.
2405 3527 2485 3592 In
2544 3544 2684 3610 qua
2731 3543 2804 3591 re
2848 3536 2917 3593 et
2963 3522 3142 3592 illud

591 3611 909 3681 mirabile
954 3611 1083 3682 fuit
1128 3612 1310 3699 quod
1343 3624 1601 3699 quanto
1651 3624 1955 3702 tempore
1987 3610 2129 3681 illic
2177 3633 2400 3702 cappa
2437 3611 2685 3703 jacuit,
2727 3611 2923 3681 nulla
2986 3610 3144 3702 plu-

589 3700 701 3769 via
746 3700 935 3769 illam
977 3700 1271 3771 violavit.
1326 3700 1518 3783 Quod
1567 3704 1993 3788 quicumque
2050 3700 2446 3780 audierunt,
2503 3700 2573 3768 in
2630 3706 2759 3769 Deo
2816 3699 3143 3769 virtutem

536 3791 541 3796 ’
590 3810 759 3946 (lund
805 3788 1183 3880 gratiarum
1232 3790 1496 3860 actione
1544 3788 2183 3882 magnificaverunt,
2220 3788 2293 3858 in
2343 3789 2622 3858 homine
2653 3788 2769 3858 Dei
2821 3788 3147 3880 pietatem

626 3900 717 3946 au
769 3889 1077 3947 averunt.

677 3969 714 4054 ἓ
762 3971 906 4038 13.
962 3972 1037 4036 In
1081 3985 1257 4068 pago
1303 3965 1499 4036 urbis
1547 3965 1843 4047 Alethae,
1898 3965 1970 4034 in
2005 3986 2144 4053 qua
2191 3965 2564 4037 antistabat
2611 3966 2988 4037 Maelovius
3031 3986 3150 4035 ve-

591 4055 943 4135 nerabilis,
999 4054 1213 4125 fillam
1262 4056 1557 4128 habebat
1618 4054 1722 4123 vir
1766 4054 2052 4142 quidam
2103 4055 2526 4146 praenobilis
2590 4076 2798 4143 quam
2856 4054 3166 4126 misera-

589 4143 820 4213 biliter
866 4143 1147 4214 vexabat
1193 4144 1575 4215 diabolicae
1621 4143 2080 4213 infestationis
2113 4144 2342 4235 passio
2375 4142 2850 4214 intolerabilis.
2885 4147 3146 4214 Omnes

591 4233 778 4302 enim
844 4254 917 4303 se
962 4233 1436 4323 contingentes
1513 4231 1914 4303 attrectabat
1972 4233 2344 4313 morsibuS,
2398 4253 2524 4302 nec
2570 4231 2743 4323 ipsis
2866 4233 3152 4302 arcebat

592 4321 1019 4412 parentibus
1073 4328 1203 4392 Nec
1249 4321 1617 4413 comprimi
1667 4333 1786 4391 aut
1834 4319 2059 4392 sedari
2108 4334 2369 4412 poterat
2419 4320 2632 4410 hujus
2694 4343 2808 4391 ma
2839 4342 2919 4390 ae
2959 4320 3153 4391 vale-

592 4409 857 4482 tudinis
887 4411 1340 4494 vehementia,
1407 4409 1544 4482 nisi
1592 4409 1830 4481 ferreis
1876 4409 2136 4483 catenis
2187 4422 2570 4481 arctaretur
2616 4423 2756 4480 tam
2808 4409 3151 4481 immanis
