3327 4999
176 332 422 397 MART.
477 332 563 397 29
743 351 823 397 nn
873 349 965 396 ss.
1020 346 1203 407 JONA,
1259 348 1639 396 BARAcmsm
1689 351 1764 396 m
1813 349 1985 402 socc.
2040 354 2156 400 nn.
2530 341 2658 406 545

175 431 494 521 martyrii
541 435 796 501 corona
863 454 1118 522 magna
1180 453 1342 501 cum
1394 430 1601 502 laude
1652 433 1992 515 redimiti,
2048 436 2117 504 in
2169 438 2437 509 coelum
2490 440 2576 509 ad
2620 463 2749 510 an-

175 522 489 613 gelorum
543 521 791 590 choros
831 520 1274 589 advolarunt.

265 612 301 696 §
349 614 442 680 8.
494 613 651 677 Post
683 622 913 679 autem
964 608 1253 694 quidam
1306 608 1486 697 Magi
1536 621 1854 679 sanctum
1886 617 2133 681 Jonam
2171 624 2236 682 et
2269 616 2745 687 Barachisium

173 720 264 788 ap
320 697 363 765 d
416 709 552 765 tres
603 703 958 786 Magorum
1011 697 1364 786 principes
1423 698 1773 768 Masdrath
1805 753 1820 779 ,
1875 713 1939 768 et
1990 702 2224 770 Seroth
2260 716 2385 783 ,·et
2442 709 2749 773 Maarne-

175 809 209 854 s
257 721 348 865 sil,
402 807 442 853 a
491 785 751 871 quibus
800 785 1023 853 sancti
1073 783 1383 851 damnati
1436 783 1732 866 fuerant,
1789 802 2231 867 accusarunt,
2286 792 2465 877 quod
2522 815 2743 879 neque

174 872 644 953 immolarent,
691 894 817 941 nec
867 872 1074 962 Regis
1125 872 1472 940 mandatis
1502 873 1883 955 obedirent,
1926 898 2051 944 nec
2086 879 2309 946 Solem
2336 932 2350 958 ,
2387 892 2452 947 et
2478 885 2745 969 Ignem,

172 975 240 1031 et
292 966 551 1046 Aquam
602 961 891 1030 adorare
940 960 1231 1030 vellent:
1286 960 1612 1046 quodque
1663 984 1905 1031 novem
1956 964 2059 1033 illi
2120 965 2455 1054 martyres
2503 990 2750 1037 eorum

177 1049 622 1118 sermonibus
670 1048 1001 1129 adducti,
1055 1047 1266 1136 regiis
1315 1047 1610 1118 decretis
1662 1072 1798 1119 non
1849 1052 2466 1142 obtemperassent.
2552 1062 2746 1125 Tunc

176 1143 534 1226 Magorum
571 1136 923 1227 principes
974 1135 1454 1224 indignatione
1504 1136 1726 1226 pleni,
1781 1162 1896 1210 eos
1963 1141 2048 1209 ad
2100 1164 2171 1211 se
2220 1142 2475 1211 adduci
2517 1144 2752 1231 jusse-

175 1238 364 1305 runt,
403 1237 607 1311 atque
658 1226 751 1294 ita
795 1224 1080 1293 allocuti
1117 1236 1327 1293 sunt:
1382 1247 1418 1290 «
1453 1225 1875 1314 AdJuramus
1924 1250 2041 1298 vos
2094 1252 2214 1318 per
2264 1244 2577 1299 nostrum
2636 1254 2743 1299 re-

179 1335 337 1414 gem
381 1336 623 1402 regum
675 1313 1042 1382 Saborium
1073 1367 1088 1391 ,
1143 1325 1221 1382 ut
1269 1334 1420 1382 vere
1469 1315 1669 1383 nobis
1718 1315 1804 1382 ad
1846 1337 1926 1383 ea
1960 1371 1974 1396 ,
2028 1316 2114 1386 de
2161 1318 2418 1402 quibus
2469 1318 2745 1388 fueritis
2804 1402 2807 1405 Α

173 1402 603 1491 lnterrogati,
658 1401 1154 1489 respondeatis:
1211 1400 1468 1469 Paretis
1519 1424 1602 1470 ne
1665 1403 1868 1491 Regis
1917 1403 2274 1485 voluntati,
2324 1418 2389 1474 et
2440 1407 2742 1478 obeditis

175 1490 471 1558 decretis
518 1491 692 1578 ejus
737 1501 803 1557 et
849 1488 1152 1558 adoratis
1210 1488 1458 1567 Solem,
1512 1503 1579 1558 et
1626 1494 1892 1579 Ignem,
1937 1504 2003 1560 et
2050 1496 2312 1579 Aquam
2346 1548 2360 1573 ‚
2415 1506 2492 1562 ut
2531 1495 2749 1583 jubet

178 1579 332 1667 ipse
380 1583 543 1658 Rex,
596 1599 683 1645 an
735 1580 971 1644 noni»
1024 1576 1550 1664 Responderunt
1601 1578 1821 1647 sancti
1868 1585 2083 1650 Jonas
2132 1595 2197 1650 et
2247 1582 2739 1653 Barachisius:

181 1689 220 1732 «
281 1670 669 1751 Loquemur
718 1665 941 1734 vobis:
995 1670 1126 1733 Vos
1192 1676 1419 1733 autem
1477 1665 1569 1735 ita
1618 1687 1745 1734 nos
1801 1667 2081 1748 audite,
2134 1681 2212 1738 ut
2270 1670 2631 1761 Principes
2680 1682 2748 1741 et

182 1755 392 1841 Regis
442 1759 800 1822 Persarum
852 1752 1138 1821 Judices
1185 1752 1401 1820 decet.
1436 1758 1565 1822 Vos
1597 1754 1785 1821 enim
1821 1753 2073 1844 delegit
2105 1757 2411 1837 JudiceS‚
2445 1772 2508 1826 et
2533 1780 2745 1828 omne

168 1839 526 1931 judicium
578 1862 785 1909 suum
835 1841 906 1908 in
961 1838 1288 1909 manibus
1338 1841 1579 1910 vestris
1628 1841 2011 1923 collocavit,
2051 1856 2127 1912 ut
2164 1846 2352 1933 juste
2381 1846 2739 1934 judicetis.

180 1934 422 1999 Nonne
468 1928 752 2007 debetiS‚
812 1927 1149 2018 praeclari
1200 1926 1484 1997 Judices
1543 1929 1766 2018 magis
1813 1952 2022 2016 quam
2076 1945 2425 2002 terrenum
2478 1956 2738 2022 regern,

182 2018 426 2085 timere
486 2038 688 2096 eum,
746 2017 869 2101 qui
941 2015 1131 2085 vobis
1200 2015 1608 2104 sapientiam
1666 2030 1731 2084 et
1796 2017 2293 2104 inelligentiam
2377 2020 2611 2101 dedit,
2675 2035 2741 2093 et

181 2109 436 2185 Deum,
498 2104 619 2190 qui
669 2103 840 2173 coeli
892 2115 956 2173 et
1011 2116 1227 2172 terrae
1285 2116 1488 2188 atque
1540 2105 1858 2173 omnium
1919 2107 2294 2195 spirituum
2366 2109 2741 2197 imperium

182 2192 416 2273 habet,
481 2213 887 2281 agnoscere:
942 2192 1199 2278 quique
1248 2203 1635 2280 temporum
1689 2192 2055 2280 distinguit
2105 2195 2487 2276 varietateS,
2540 2210 2749 2283 atque

185 2280 421 2349 omnia
471 2280 888 2360 moderatur,
940 2292 1006 2348 et
1053 2280 1244 2348 vobis
1331 2279 1719 2349 rudentiam
1776 2279 2064 2370 largitus
2112 2295 2238 2364 est,
2293 2294 2369 2353 ut
2413 2285 2751 2372 judicetis

184 2389 324 2448 eos,
363 2368 483 2455 qui
533 2369 604 2436 in
652 2390 860 2436 carne
910 2380 1072 2437 sunt
1120 2366 1276 2437 simi
1312 2389 1384 2436 es
1433 2368 1659 2437 vobis?
1706 2368 2124 2455 Adjuramus
2176 2371 2390 2459 igitur
2445 2394 2602 2451 νος,
2672 2383 2750 2442 ut

185 2478 341 2525 vere
393 2457 793 2543 sincereque
840 2454 1087 2525 dicatis
1130 2455 1354 2524 nobis.
1408 2477 1612 2542 quem
1670 2461 1881 2525 Deum
1928 2458 2273 2548 abnegare
2321 2460 2742 2530 debeamus:

187 2545 545 2616 coelestem
599 2567 708 2625 ne,
772 2566 858 2613 an
920 2549 1302 2614 terrenum?
1344 2558 1728 2624 aeternum,
1795 2568 1881 2613 an
1940 2547 2323 2617 caducum?
2382 2555 2514 2617 Nos
2556 2550 2746 2617 enim

194 2632 542 2703 credimus
600 2634 668 2700 in
733 2638 947 2702 Deum
1003 2633 1122 2719 qui
1180 2631 1338 2701 fecit
1390 2631 1661 2702 coelum
1691 2643 1756 2701 et
1789 2647 2071 2702 terram:
2125 2657 2263 2704 non
2296 2649 2527 2705 autem
2564 2658 2747 2705 mor-

191 2719 308 2788 tali
372 2721 640 2790 homini
691 2721 1064 2790 credimus.
1129 2725 1358 2808 Neque
1426 2721 1613 2789 enim
1688 2721 2022 2791 debemus
2094 2724 2362 2792 homini
2423 2724 2740 2806 credere,

183 2810 306 2894 qui
345 2811 592 2898 exiguo
641 2810 804 2879 vivit
852 2808 1180 2897 temporis
1230 2810 1476 2898 spatio,
1515 2821 1580 2878 et
1627 2811 1943 2890 moritur,
1981 2833 2061 2879 ac
2112 2812 2463 2901 sepelitur,
2500 2835 2744 2899 quem-

187 2897 563 2965 admodum
613 2919 760 2977 noS‚
822 2909 888 2965 et
939 2897 1010 2963 in
1065 2897 1356 2965 aliorum
1418 2898 1786 2966 hominum
1840 2920 2128 2968 numero
2180 2901 2481 2989 ponitur.
2527 2927 2552 2965 n

277 2987 313 3070 ἓ
360 2990 444 3056 4.
510 2985 632 3053 His
689 2984 992 3064 auditis,
1047 2990 1404 3084 Magorum
1508 2985 1811 3075 rincipes
1869 2986 2308 3055 vehementer
2367 2988 2741 3080 indignati,
2855 3057 2861 3065 ,

187 3083 395 3157 atque
442 3073 653 3161 impio
707 3071 934 3141 furore
994 3071 1180 3160 plenl
1213 3126 1232 3150 ,
1293 3009 1501 3159 quod]
1528 3078 1667 3142 Rex
1722 3075 2033 3163 ipsorum
2092 3076 2519 3145 contumelia
2567 3090 2750 3146 esset

184 3161 472 3228 affectus
520 3183 561 3228 a
614 3160 895 3239 sanctis,
931 3159 1052 3244 qui
1102 3160 1460 3228 mortalem
1517 3182 1677 3228 eum
1734 3175 2139 3243 assererent,
2180 3164 2408 3253 virgas
2462 3186 2747 3254 asperas

187 3270 225 3316 e
287 3247 488 3315 malis
544 3248 817 3336 punicis
874 3259 1077 3332 atque
1138 3248 1456 3336 spinosas
1506 3249 1734 3316 afferri
1783 3250 2171 3337 jusserunt,
2241 3267 2318 3320 ut
2374 3254 2747 3321 caederen-

187 3348 325 3403 tur.
382 3333 506 3402 Sed
562 3334 1008 3423 imperarunt
1056 3334 1278 3425 priuS,
1325 3349 1401 3405 ut
1441 3349 1951 3424 separarentur,
2011 3360 2151 3423 quo
2210 3352 2456 3408 neuter
2487 3352 2739 3430 posset,

185 3421 358 3509 quid
419 3421 504 3489 ab
560 3420 773 3490 altero
835 3422 1102 3491 dictum
1143 3435 1343 3501 esset,
1404 3422 1811 3513 intelligere,
1850 3438 2056 3512 atque
2086 3427 2181 3495 ita
2214 3427 2284 3495 in
2322 3428 2572 3496 Christi
2597 3450 2749 3497 cer-

187 3509 447 3581 tamine
480 3508 901 3578 confirmari.
938 3515 1109 3578 Tum
1166 3522 1302 3579 tres
1352 3516 1708 3600 Magorum
1765 3512 2115 3603 principes
2166 3516 2628 3595 considenteS,
2674 3528 2753 3584 ut

188 3599 275 3668 de
333 3596 592 3666 sanctis
644 3598 1116 3683 quaestionem
1175 3599 1528 3679 haberent,
1570 3600 1904 3668 iracunde
1938 3602 2328 3689 jusserunt,
2355 3614 2432 3671 ut
2471 3616 2753 3672 sanctus

186 3687 397 3756 Jonas
447 3685 638 3755 solus
686 3685 1169 3755 adduceretur.
1234 3690 1382 3767 Quo
1429 3687 1713 3773 quidem
1764 3687 2103 3757 adducto:
2145 3712 2181 3755 «
2217 3690 2395 3771 Quid
2444 3690 2589 3771 tibi,
2645 3692 2755 3760 in-

189 3775 466 3860 quiunt,
522 3772 937 3842 faciendum·
971 3773 1080 3853 sit,
1138 3773 1427 3863 dispice.
1484 3774 1551 3843 Si
1604 3775 1769 3843 deos
1818 3777 2163 3846 veneraris
2211 3789 2277 3846 et
2324 3777 2594 3860 adoras»,
2633 3784 2756 3849 So-

190 3862 378 3948 lique
419 3874 486 3932 et
517 3862 671 3951 Igni
718 3874 784 3931 et
828 3866 1059 3947 Aquae
1108 3862 1486 3942 sacriticaS‚
1539 3874 1605 3930 et
1651 3885 1829 3948 quae
1878 3886 1917 3932 a
1967 3886 2125 3964 rege
2174 3887 2417 3966 regum
2470 3868 2755 3937 Saborio

182 3951 389 4040 jussa
436 3963 622 4032 sunt,
678 3949 981 4040 perficiS,
1019 3949 1193 4019 liber
1240 3972 1398 4019 cum
1452 3951 1712 4019 honore
1747 3951 2141 4021 dimitteris:
2179 3953 2439 4041 alioqui
2474 3967 2535 4025 te
2566 3978 2759 4025 acer-

193 4038 505 4108 bissimis
580 4038 937 4108 tormentis
985 4050 1051 4107 et
1099 4037 1470 4128 suppliciis
1534 4039 1970 4129 gravissimis
2029 4041 2441 4113 afficiemus.
2525 4049 2759 4131 Neque

194 4148 353 4194 vero
394 4138 593 4215 putes
642 4148 769 4197 nos
830 4126 953 4195 tibi
1002 4148 1152 4197 esse
1198 4125 1562 4195 inimicos:
1618 4127 1756 4216 ipsi
1802 4128 1985 4197 enim
2040 4130 2162 4200 tibi
2194 4131 2388 4201 >nihil
2441 4133 2607 4200 mali
2656 4132 2758 4202 sa-

198 4214 490 4295 ciemuS,
545 4214 685 4283 nisi
732 4226 872 4284 tute
923 4214 1134 4284 saluti
1185 4227 1340 4283 tuae
1389 4215 1571 4284 male
1617 4215 2080 4286 consulueris
2124 4243 2158 4284 »
2191 4221 2570 4310 Respondit
2600 4242 2755 4289 san-

169 4314 352 4386 ‚ctus
398 4302 630 4372 Jonas:
669 4325 704 4368 «
744 4303 979 4384 IstiuS,
1027 4302 1372 4389 inquienS,
1419 4325 1545 4393 ego
1586 4305 1832 4376 salutis
1880 4325 2015 4374 non
2068 4328 2232 4396 egeo
2281 4321 2560 4399 propter
2588 4315 2759 4378 Jesu

201 4390 455 4459 Christi
485 4391 720 4460 vitam.
759 4392 1085 4461 Praeterit
1112 4393 1326 4472 enim,
1365 4413 1488 4462 nec
1524 4415 1833 4482 unquam
1874 4409 2250 4484 permanet.
2293 4398 2756 4481 Quamobrem

358 4508 600 4567 surius
627 4538 652 4554 -
694 4504 853 4571 Viiao
876 4508 983 4571 SS.
1011 4539 1038 4554 -
1063 4508 1190 4569 Vol.
1233 4507 1333 4567 111.
2520 4512 2597 4573 35
