3327 4999
679 347 806 413 342
1483 364 1561 411 m:
1609 366 1665 411 s.
1719 363 2044 412 caurauni:
2091 363 2258 411 vmo.
2752 346 2997 412 MART.
3056 346 3138 411 ⁴7

589 461 1037 539 occupantur.
1092 448 1269 517 Fecit
1300 448 1431 518 hoc
1482 448 1727 518 Christi
1776 449 2035 519 famula
2068 446 2442 528 Gertrudis,
2478 447 2681 537 cujus
2719 449 2926 517 vitam
2960 449 3138 518 scri-

590 539 849 610 bimus:
890 559 1046 606 nam
1084 537 1356 607 tametsi
1392 558 1677 637 corpore
1723 551 2107 608 versaretur
2147 539 2321 606 inter
2366 537 2682 607 homines
2722 551 2787 607 et
2833 537 3138 607 famulo-

588 650 748 698 rum
788 624 1344 712 famularumque
1378 626 1623 696 Christi
1655 638 1832 696 esset
1863 626 2276 696 moderatrix
2321 626 2440 712 qui
2489 626 2640 715 ejus
2671 626 2929 696 ditione
2962 648 3138 696 con-

590 716 1020 787 tinebantur:
1060 727 1127 783 at
1183 728 1409 784 tamen
1459 714 1768 784 internae
1813 729 1877 785 et
1913 716 2367 806 sempiternae
2414 714 2588 784 vitae
2642 716 3144 784 cooitationem

590 815 655 874 et
684 802 993 873 studium
1028 825 1409 891 numquam
1457 804 1727 894 abjecit,
1769 803 2079 891 nihilque
2111 804 2196 873 de
2242 815 2423 873 statu
2474 771 2904 873 rectitudinis
2935 825 3136 884 suae,

591 892 766 961 nihil
801 891 885 960 de
933 914 1203 961 morum
1262 893 1611 981 gravitate,
1666 892 1839 961 nihil
1901 893 1985 962 de
2044 892 2452 983 disciplinae
2501 892 2840 993 regularis
2888 892 3146 962 severi-

590 993 725 1051 tate
772 981 1055 1051 remisit.
1110 986 1346 1068 Itaque
1415 981 1546 1050 hoc
1593 982 1781 1071 apud
1836 981 2371 1073 omnipotentem
2424 987 2793 1050 Dominum
2865 1003 3143 1071 prome-

591 1069 816 1139 ruisse
862 1069 1054 1138 illam
1105 1070 1547 1160 perspicuum
1607 1083 1730 1152 est,
1784 1083 1858 1139 ut
1905 1093 2040 1140 non
2089 1070 2375 1161 exiguae
2424 1092 2544 1159 per
2594 1070 2785 1139 illam
2847 1071 3142 1140 virtutes

589 1158 782 1239 fiant,
834 1170 911 1227 ut
958 1160 1107 1249 ejus
1156 1159 1289 1226 vita
1338 1159 1740 1228 hominibus
1788 1160 2202 1242 innotescat,
2258 1158 2685 1250 planumque
2739 1159 2858 1228 fiat
2905 1181 3142 1246 quan-

590 1257 736 1316 tum
788 1247 1003 1338 possit
1051 1248 1371 1338 precibus
1431 1247 1700 1317 efficere
1761 1247 1943 1338 apud
2002 1253 2248 1317 Deum:
2319 1248 2717 1337 praesertim
2784 1270 2944 1316 cum
2997 1248 3141 1316 vir-

588 1347 768 1406 tutes
813 1350 879 1406 et
926 1336 1126 1427 signa
1184 1358 1360 1422 quae
1416 1337 1769 1417 DominuS,
1826 1349 2026 1426 prout
2072 1337 2244 1407 fides
2318 1337 2693 1425 petentium
2744 1336 2995 1427 exigit,
3050 1336 3142 1405 ad

587 1425 739 1512 ejus
779 1439 1302 1495 monumentum
1355 1425 1683 1514 dignatur
1714 1425 2006 1513 operari,
2061 1426 2324 1496 veritati
2375 1425 2843 1496 testimonium
2896 1425 3139 1516 perhi-

586 1513 842 1583 beant:
881 1536 918 1582 e
964 1514 1221 1600 quibus
1271 1513 1605 1584 nonnulla
1650 1514 2050 1583 referemus,

678 1605 714 1689 ξ
782 1607 940 1674 lo.
994 1608 1069 1671 In
1115 1603 1495 1672 Trevirensi
1559 1603 1971 1673 monasterio
2031 1601 2385 1671 Abbatissa
2443 1602 2606 1683 fuit,
2664 1602 2961 1671 Modesta
3012 1616 3139 1672 no'-

590 1691 802 1769 mine,
855 1692 941 1760 ab
980 1689 1267 1760 infantia
1325 1714 1450 1760 sua
1511 1697 1640 1759 Deo
1702 1704 2095 1760 consecrata
2142 1702 2209 1758 et
2266 1691 2741 1760 sanctissimae
2801 1692 3129 1760 Gertrudi

587 1779 838 1867 virini
889 1780 1224 1870 singulari
1272 1780 1578 1849 amicitia
1624 1781 1960 1849 devincta.
2017 1779 2244 1848 Multis
2289 1779 2567 1865 quidem
2619 1803 2661 1849 a
2713 1801 2785 1847 se
2834 1780 3136 1850 invicem

589 1868 688 1937 mi
724 1867 1008 1938 liaribus
1039 1890 1319 1958 corpore
1367 1868 1750 1952 disjunctae
1771 1880 1985 1949 erant,
2021 1880 2089 1938 at
2127 1890 2322 1937 amor
2344 1890 2460 1937 eas
2491 1868 2620 1937 sibi
2656 1881 2894 1937 mutuo
2931 1892 3133 1957 prae-

591 1970 815 2026 sentes
863 1978 1133 2046 semper
1178 1957 1559 2027 exhibebat.
1601 1963 1826 2026 Unum
1876 1958 2062 2027 enim
2112 1957 2359 2027 Christi
2401 1957 2652 2047 jugum
2706 1959 2949 2027 ambae
2998 1957 3132 2026 du-

588 2045 831 2114 cebant
877 2057 941 2115 et
987 2046 1275 2117 sinceris
1326 2045 1672 2115 mentibus
1708 2047 1993 2115 Domino
2034 2046 2183 2137 pari
2232 2046 2459 2114 studio
2513 2046 2918 2115 serviebant.
2975 2051 3131 2116 Post

587 2133 886 2204 multum
926 2155 1081 2203 vero
1118 2136 1443 2224 temporis
1483 2135 1775 2205 Modesta
1827 2136 2216 2214 Abbatissa,
2275 2134 2586 2204 coenobii
2636 2134 2743 2203 sui
2793 2134 3134 2223 templum

590 2222 918 2312 precandi
965 2224 1198 2292 animo
1229 2224 1560 2315 ingressa,
1614 2247 1775 2294 cum
1829 2247 1901 2295 se
1948 2237 2104 2293 ante
2156 2245 2344 2292 aram
2396 2223 2831 2293 beatissimae
2879 2223 3134 2293 Mariae

591 2311 880 2402 virginis
930 2313 1422 2399 prostravisset,
1476 2325 1679 2400 atque
1738 2313 1919 2394 inde,
1976 2313 2168 2381 linita
2215 2312 2627 2402 precatione,
2691 2313 3122 2393 surrexisset,

592 2401 822 2470 subito
872 2400 1039 2470 vidit
1085 2400 1167 2470 ad
1220 2400 1532 2471 dextrum
1585 2402 1820 2471 altaris
1866 2402 2047 2471 latus
2094 2413 2397 2470 sanctam
2436 2400 2837 2470 Gertrudem
2902 2414 3128 2470 astare

587 2511 668 2559 eo
716 2489 783 2558 in
851 2488 1091 2560 habitu
1135 2513 1274 2578 quo
1335 2491 1435 2559 uti
1484 2503 1965 2562 consueverat:
2018 2489 2280 2559 audivit
2338 2488 2540 2559 etiam
2598 2489 2788 2558 illam
2834 2489 2966 2561 sibi
3027 2489 3133 2559 di-

588 2589 893 2648 centem:
931 2602 965 2645 «
999 2584 1200 2648 Soror
1248 2579 1566 2660 Modesta‚
1622 2579 1794 2648 nihil
1845 2580 1929 2648 de
1977 2579 2192 2667 hujus
2257 2578 2540 2648 visionis
2581 2580 2858 2648 veritate
2906 2579 3132 2648 ambi-

590 2689 737 2757 gas,
793 2668 906 2736 sed
959 2680 1141 2738 certo
1177 2668 1467 2748 noveris,
1516 2689 1623 2736 me
1673 2668 1876 2737 hodie
1909 2668 2240 2758 migrasse
2286 2690 2323 2736 e
2371 2668 2528 2736 vita.
2575 2672 2711 2758 Ego
2759 2667 2942 2736 enim
2975 2689 3132 2736 sum

594 2756 948 2825 Gertrudis
1003 2779 1212 2842 quam
1264 2778 1703 2845 summopere
1748 2757 2063 2826 amasti.»
2118 2758 2237 2826 His
2276 2756 2502 2836 dictis,
2564 2758 2651 2826 ab
2698 2757 2849 2846 ejus
2913 2755 3134 2825 oculis

589 2845 955 2935 disparuit.
1009 2850 1085 2913 At
1132 2844 1253 2912 illa
1291 2866 1522 2914 secum
1573 2845 1777 2914 tacita
1822 2846 2165 2945 cogitabat
2202 2845 2367 2931 quid
2406 2844 2537 2914 sibi
2572 2866 2651 2914 ea
2689 2844 2887 2913 vellet
2931 2844 3129 2913 visio:

587 2933 763 3002 nihil
815 2946 1040 3001 tamen
1090 2932 1209 3001 illo
1257 2933 1368 3001 die
1416 2933 1740 3019 cuiquam
1795 2934 2101 3003 indicare
2149 2933 2384 3002 voluit.
2422 2933 2640 3003 Altera
2671 2944 2920 3002 autem
2982 2932 3135 3002 luce

586 3023 772 3091 venit
818 3021 903 3090 ad
958 3023 1449 3090 monasterium
1498 3023 1646 3112 ejus
1695 3023 2109 3091 Treviren'sis
2142 3022 2510 3112 episcopus
2558 3022 3014 3112 Clodulphus:
3052 3042 3133 3090 ex

641 3133 729 3180 uo
764 3109 881 3179 illa
931 3111 1106 3178 inter
1153 3110 1289 3179 alia
1350 3112 1877 3200 percontabatur
1924 3111 2008 3181 de
2059 3115 2124 3179 S.
2178 3110 2508 3180 Gertrude
2554 3132 2691 3197 quo
2742 3111 2981 3180 habitu
3032 3110 3133 3178 vel

615 3220 806 3267 orma
855 3198 1162 3289 corporis
1210 3199 1327 3267 illa
1375 3199 1635 3269 fuisset.
1677 3199 1797 3269 Ille
1847 3222 2002 3270 mox
2047 3199 2288 3268 ordine
2332 3201 2645 3290 exposuit
2690 3212 2755 3268 et
2788 3212 3124 3269 staturam

591 3288 900 3376 corporis
968 3288 1118 3377 ejus
1165 3300 1229 3357 et
1276 3287 1531 3357 formae
1578 3289 2011 3379 elegantiam.
2093 3294 2329 3375 Itaque
2401 3310 2479 3358 ex
2526 3289 2677 3375 ejus
2729 3289 2953 3360 verbis
3019 3310 3136 3358 co·-

590 3377 825 3466 gnovit
871 3399 1068 3446 sacra
1113 3376 1302 3467 virgo
1345 3377 1642 3447 Modesta
1683 3401 1911 3447 veram
1960 3377 2091 3446 sibi
2140 3377 2438 3447 oblatam
2496 3376 2709 3446 fuisse
2765 3377 3125 3453 visionem,

591 3465 820 3551 aitque
851 3465 934 3535 ad
970 3465 1409 3556 Episcopum:
1438 3467 1815 3536 «Confiteor
1846 3488 2030 3537 nunc
2059 3466 2204 3546 tibi,
2246 3466 2524 3534 Domine
2552 3466 2905 3557 Episcope,
2941 3465 3128 3552 quod

589 3553 924 3624 hactenus
991 3553 1227 3632 celavi,
1288 3555 1656 3624 revelatum
1710 3555 1883 3623 mihi
1921 3576 2090 3637 esse,
2147 3555 2462 3624 hesterna
2507 3554 2640 3636 die,
2708 3553 2873 3624 hora
2928 3554 3134 3642 quasi

590 3655 777 3711 sexta
824 3664 902 3712 ex
950 3643 1080 3712 hac
1127 3642 1281 3711 luce
1310 3643 1856 3716 illamabiisse.»
1883 3644 2260 3734 Episcopus
2291 3643 2474 3712 diem
2521 3655 2585 3712 et
2625 3644 2865 3713 horam
2909 3665 3130 3713 anno-

590 3732 775 3813 tavit,
817 3744 882 3802 et
912 3753 1052 3801 rem
1103 3732 1196 3800 ita
1246 3754 1317 3802 se
1367 3732 1636 3813 habere,
1680 3746 1754 3802 ut
1801 3733 2154 3802 Abbatissa
2203 3731 2486 3811 dixerat,
2529 3754 2678 3801 com
2734 3732 2885 3801 erit.

679 3828 717 3902 ἓ
778 3826 913 3892 11.
967 3823 1156 3890 Anno
1205 3821 1292 3891 ab
1324 3821 1518 3890 obitu
1564 3822 2041 3891 sanctissimae
2087 3822 2375 3911 virginis
2429 3826 2671 3890 Gertru
2726 3821 2783 3890 is
2829 3820 3125 3900 decimo,

589 3906 659 3977 in
710 3908 1077 3978 Nivellensi
1124 3910 1451 3980 coenobio
1502 3910 1732 4000 ignem
1784 3923 1969 3980 tanta
2015 3910 2078 3979 vi
2132 3908 2442 3999 erupisse
2489 3909 2752 3986 serunt,
2805 3921 2884 3977 ut
2933 3931 3138 3978 nemo

588 4019 723 4065 non
777 3997 1170 4088 desperaret
1215 3998 1415 4068 illum
1464 4021 1503 4068 a
1550 4021 1901 4087 quoquam
1949 3999 2256 4088 extingui
2306 4019 2528 4088 posse:
2583 3997 2968 4084 Christique
3008 4020 3137 4066 an-

589 4085 789 4155 cillae
826 4109 1004 4174 quae
1051 4088 1123 4156 in
1170 4109 1249 4178 eo
1296 4088 1657 4178 degebant,
1713 4102 1899 4157 extra
1947 4108 2228 4157 murum
2278 4087 2361 4156 ad
2414 4087 2562 4156 loca
2607 4087 2832 4156 vicina
2891 4086 3140 4155 confu—

588 4187 850 4265 gerant.
906 4175 1026 4246 Ille
1073 4187 1328 4257 autem,
1383 4177 1500 4247 cui
1539 4176 1939 4246 monasterii
1985 4199 2148 4246 cura
2184 4176 2598 4245 demandata
2642 4188 2809 4258 erat,
2851 4187 3137 4265 repente

586 4263 824 4334 oculos
873 4286 1036 4335 suos
1083 4264 1402 4346 elevans,
1458 4265 1628 4335 vidit
1693 4271 1757 4335 S.
1830 4265 2229 4336 Gertrudem
2307 4277 2598 4336 stantem
2647 4265 2719 4332 in
2794 4285 3127 4353 suprema

586 4352 923 4423 refectorii
971 4367 1184 4447 parte,
1240 4376 1320 4424 ea
1384 4353 1605 4423 forma
1649 4366 1715 4423 et
1762 4353 2006 4423 habitu
2061 4376 2199 4440 quo
2246 4353 2465 4424 fuerat
2526 4353 2795 4433 vivens,
2863 4374 3138 4439 suoque

585 4442 736 4512 velo
783 4465 824 4514 a
852 4443 1058 4514 domo
1098 4443 1417 4513 flammas
1464 4442 1879 4533 abigentem.
1934 4443 2128 4527 Quod
2153 4455 2231 4514 ut
2268 4442 2460 4526 vidit,
2498 4463 2635 4513 non
2686 4442 2910 4514 solum
2955 4440 3136 4512 nihil
