3327 4999
167 263 271 340 EX
319 272 494 340 JUL.
548 272 589 339 t
1004 289 1086 336 nn
1133 289 1189 337 s.
1244 288 1557 337 umuuco
1605 287 1906 337 muscoro
2508 275 2636 339 595

166 377 318 446 dari
355 374 591 464 jussit,
638 373 920 443 dicens:
964 378 1094 442 «In
1139 373 1419 443 nomine
1467 373 1764 454 Domini,
1812 373 2049 463 accipe
2082 386 2148 444 et
2179 373 2349 443 vade
2379 375 2451 443 in
2485 397 2725 466 pace.»

181 466 310 547 Qui
354 485 512 533 mox
566 462 1078 550 eleemosynam
1134 461 1508 551 accipiens,
1568 461 1865 551 perrexit
1923 483 2005 531 ac
2067 462 2417 532 meliorari
2477 464 2727 554 paula-

168 554 287 623 tim
350 552 697 621 intantum
754 550 1018 640 coepit,
1075 562 1153 618 ut
1218 562 1373 640 post
1419 548 1699 636 aliquod
1765 549 2096 640 temporis
2144 551 2445 641 spatium
2500 551 2727 642 sospi-

166 641 285 711 tati
332 639 734 709 redderetur
779 637 864 708 ad
914 638 1289 728 integrum.
1344 636 1534 707 Idem
1583 637 1792 706 etiam
1831 650 1982 728 post
2039 651 2331 709 mortem
2379 639 2509 709 viri
2573 640 2717 722 Dei,

165 729 318 800 aliis
367 729 615 797 iterum
669 740 1213 817 praeoccupatus
1260 725 1811 808 infirmitatibus
1850 724 1935 795 ad
1980 727 2382 828 sepulcrum
2432 728 2584 818 ejus
2612 750 2729 798 ve-

166 818 385 898 niens,
439 815 673 885 sanari
722 814 999 895 meruit,
1044 814 1227 885 sicut
1274 814 1485 884 lector
1517 814 1666 884 suis
1700 813 1868 884 locis
1902 814 2177 904 plenius
2219 816 2560 907 scriptum
2616 816 2726 884 in-

164 905 391 974 venire
423 905 692 994 poterit.
747 904 865 972 Die
912 902 1215 990 quadam
1265 916 1501 972 sancto
1551 902 1669 972 Dei
1721 902 1851 972 iter
1897 903 2130 993 agenti
2179 903 2387 973 homo
2435 903 2756 992 quidam‘

163 993 396 1075 astitit,
428 992 547 1080 qui
589 991 882 1061 Conradi
924 992 1427 1061 constantiensi
1461 991 1785 1081 Episcopi
1817 990 2083 1062 obitum
2115 992 2585 1064 certissimum
2621 992 2728 1060 in-

164 1082 439 1151 dicavit.
513 1080 660 1151 Illis
707 1101 865 1149 vero
912 1079 1035 1166 qui
1088 1079 1398 1163 aderant,
1452 1078 1937 1170 sperantibuS,
1989 1079 2176 1167 quod
2227 1080 2455 1151 statim
2492 1079 2730 1168 requie

164 1170 354 1239 illius
402 1168 604 1238 solita
651 1168 1099 1254 exequiarum
1150 1166 1377 1237 officia
1423 1166 1623 1237 vellet
1660 1168 2033 1250 celebrare,
2071 1167 2189 1237 ille
2223 1189 2345 1259 per
2382 1183 2727 1239 secretum

166 1259 531 1339 nuncium,
587 1257 722 1325 sibi
760 1256 1001 1325 adesse
1048 1256 1356 1338 solitum,
1409 1256 1637 1327 sciens
1684 1255 1854 1343 quid
1921 1277 2001 1326 ex
2049 1256 2179 1326 hoc
2227 1268 2405 1328 esset
2453 1278 2721 1341 verum,

168 1347 262 1415 ait
306 1348 446 1415 eis:
489 1369 525 1411 «
557 1350 817 1413 Manete
866 1344 1139 1413 interim
1173 1344 1754 1432 animaequiores;
1794 1365 1995 1413 mane
2035 1345 2496 1435 comperietis,
2549 1345 2723 1432 quid

167 1434 327 1503 inde
375 1433 652 1503 credere
700 1432 1079 1503 debeatis.»
1132 1433 1439 1503 Crastina
1495 1430 1608 1502 die
1647 1431 1960 1502 diluculo
1992 1431 2279 1520 quidam
2330 1434 2728 1505 Constantia

166 1524 372 1601 venit,
426 1522 548 1607 qui
599 1519 928 1609 praedicti
981 1518 1104 1589 viri
1155 1520 1550 1609 sospitatem
1594 1520 2067 1590 annunciavit.

251 1614 286 1697 ξ
339 1615 489 1682 22.
567 1610 682 1678 Dei
744 1608 1053 1677 famulus
1115 1607 1480 1678 Udalricus
1527 1608 1688 1680 licet
1735 1621 2008 1700 tempus
2058 1608 2499 1679 resolutionis
2546 1632 2716 1681 suae

156 1700 301 1789 jam
354 1699 612 1766 instare
662 1718 798 1765 non
860 1696 1227 1786 ignoraret.
1283 1708 1509 1765 tamen
1558 1696 1879 1785 quandiu
1932 1698 2177 1798 potuit,
2234 1696 2551 1767 vehiculo
2601 1719 2720 1769 su-

168 1787 557 1878 perpositus
588 1840 603 1866 ,
656 1784 877 1853 divini
927 1785 1114 1854 verbi
1179 1786 1448 1854 semina
1508 1784 1578 1853 in
1649 1785 2086 1855 audientium
2136 1786 2348 1855 corda
2395 1808 2725 1876 spargere

165 1896 300 1944 non
353 1875 666 1943 cessavit.
742 1876 959 1954 Quem
1007 1872 1367 1958 equitandi
1424 1894 1672 1953 usum,
1736 1873 1944 1943 etiam
1994 1874 2163 1943 dum
2228 1873 2460 1944 adbuc
2509 1895 2728 1946 sanus

166 1975 365 2043 esset,
405 1961 723 2043 habebat,
781 1974 859 2030 ut
904 1982 1345 2047 quocumque
1394 1960 1528 2031 sibi
1574 1961 1911 2031 eumdum
1962 1960 2246 2041 fuisset,
2295 1961 2468 2032 sella
2515 1983 2730 2052 super

166 2051 577 2139 quadrigam
630 2049 848 2140 posita
896 2048 1086 2119 solus
1135 2048 1422 2129 sederet,
1475 2049 1725 2119 comite
1757 2070 1898 2118 uno
1936 2061 2206 2119 tantum
2239 2050 2515 2132 cleric0,
2559 2071 2726 2119 cum

168 2160 330 2225 quo,
372 2139 633 2224 absque
662 2137 1159 2226 impedimento
1193 2136 1515 2217 aliorum,
1545 2149 1773 2227 posset
1804 2137 2092 2207 liberius
2128 2159 2370 2207 vacare
2403 2137 2727 2208 decanta·

168 2227 337 2295 tioni
382 2224 833 2326 psalmorum.
871 2225 1258 2295 Festinabat
1290 2239 1521 2294 autem
1551 2236 1988 2313 quantocyus
2035 2231 2381 2315 Augustae
2427 2226 2727 2297 civitatis

166 2336 443 2383 moenia
485 2313 777 2404 ingredi,
811 2326 889 2382 ut
917 2313 1015 2382 ibi
1056 2313 1239 2382 sicut·
1267 2312 1492 2382 bonus
1528 2313 2023 2394 mercenariuS,
2070 2314 2608 2413 praestolaretur
2639 2314 2725 2383 fl-

165 2424 325 2471 nem
359 2402 588 2491 operis
618 2402 751 2471 sui.
788 2406 935 2484 Quo
976 2423 1137 2470 cum
1176 2402 1616 2490 pervenisset,
1653 2400 1973 2488 quandiu
2021 2424 2201 2472 vires
2250 2401 2718 2484 sufficiebant,

163 2491 343 2560 inter
381 2490 783 2577 quotidiana
826 2490 1189 2559 Missarum
1240 2488 1601 2570 solemnia,
1660 2489 2032 2560 salutarem
2085 2490 2380 2561 hostiam
2434 2491 2725 2561 Domino

163 2579 463 2649 exterius
489 2578 918 2658 immolabat,
944 2601 1024 2648 ac
1047 2578 1142 2649 sei
1199 2599 1352 2648 sum
1386 2578 1678 2648 interius
1703 2577 2055 2648 victimam
2086 2578 2154 2647 in
2179 2601 2296 2648 ara
2323 2579 2556 2648 cordis
2579 2601 2727 2649 ma-

161 2668 413 2737 ctabat.
445 2667 540 2737 Ad
573 2689 882 2737 mensam
916 2681 1075 2736 cum
1109 2689 1145 2735 a
1182 2667 1266 2736 iis
1292 2665 1565 2748 sedens,
1597 2667 1740 2736 illis
1770 2666 2363 2738 manducantibus
2387 2680 2453 2737 et
2480 2667 2726 2736 biben-

160 2756 349 2827 tibus
381 2757 532 2846 ipse
564 2777 736 2846 pene
771 2755 1090 2824 manebat
1112 2756 1425 2844 ,jejunus
1468 2760 1619 2824 Erat
1648 2754 1712 2824 ei
1751 2756 1952 2826 cibus
1982 2768 2101 2824 aut
2139 2754 2371 2825 dulcis
2421 2756 2723 2846 psalmo-

162 2865 321 2913 rum
356 2845 683 2925 suavitaS,
727 2855 848 2913 aut
888 2864 1244 2914 sacrarum
1285 2842 1657 2912 lectionum
1693 2843 2094 2913 assiduitas:
2141 2844 2321 2913 inter
2352 2865 2528 2931 quas
2581 2865 2727 2912 ma-

160 2933 344 3001 xime
389 2933 861 3001 delectabatur
907 2931 1150 3001 audire
1189 2953 1269 3000 ex
1315 2944 1560 3018 quarto
1595 2930 1773 3001 libro
1821 2931 2263 3022 Dialogorum
2297 2937 2362 3001 S.
2407 2932 2720 3022 Gregorii

159 3020 459 3107 qualiter
507 3019 707 3088 multi
755 3040 792 3088 e
841 3019 1250 3109 corporibus
1296 3018 1636 3108 exempti,
1684 3020 1755 3087 in
1808 3019 2060 3109 spiritu
2120 3020 2592 3111 rapiebantur,
2638 3042 2719 3090 ac

158 3109 413 3178 iterum
464 3106 998 3176 revertebantur.
1053 3112 1239 3175 Inter
1275 3106 1445 3177 haec
1484 3108 1828 3197 praecepit
1856 3129 2147 3178 suarum
2196 3114 2429 3179 rerum
2474 3129 2728 3209 procu—

160 3196 533 3274 ratoribu5‚
572 3209 648 3264 ut
681 3194 752 3263 in
800 3195 1127 3263 omnibus
1167 3195 1453 3263 omnino
1502 3195 1696 3276 locis,
1742 3195 1828 3263 ad
1862 3217 2072 3265 suum
2098 3197 2218 3283 Jus
2262 3219 2535 3287 proprie
2568 3217 2729 3286 per-

159 3282 569 3363 tinentibuS,
606 3304 1089 3369 quaecumque
1138 3282 1447 3352 invenire
1499 3295 1799 3372 possent,
1844 3283 1915 3350 in
1968 3297 2104 3354 tres
2153 3285 2506 3374 portiones
2560 3307 2720 3374 par-
2801 3301 2806 3308 ·

161 3372 507 3450 tir-entur,
569 3383 633 3440 et
681 3392 894 3439 unam
950 3393 1032 3439 ex
1093 3370 1249 3450 bis,
1304 3371 1455 3460 ipso
1516 3370 1748 3439 adbuc
1809 3371 2112 3451 vivente,
2183 3372 2604 3462 presbyteris
2661 3385 2729 3442 et

159 3459 594 3552 pauperibus
644 3458 1083 3548 largirentur.
1129 3463 1284 3545 Ipse
1312 3470 1545 3527 autern
1579 3458 1886 3544 quadam
1916 3458 2028 3527 die
2068 3479 2141 3526 se
2174 3458 2262 3528 ad
2287 3459 2721 3529 'audiendam

158 3549 440 3618 Missam
522 3546 589 3614 in
659 3546 1025 3615 ecelesiam
1097 3544 1347 3615 deferri
1386 3547 1622 3634 jussit.
1705 3550 1855 3627 Qua
1901 3545 2164 3625 audita,
2225 3568 2450 3615 unum
2504 3559 2731 3638 tapete

154 3658 393 3706 coram
445 3648 681 3704 sancta
731 3638 942 3703 Cruce
992 3635 1201 3702 sterni
1254 3633 1433 3714 fecit,
1476 3655 1761 3719 seseque
1796 3655 2006 3724 super
2041 3634 2169 3703 hoc
2221 3634 2290 3703 in
2342 3636 2729 3705 orationem

154 3725 374 3806 dedit,
406 3728 471 3791 et
517 3722 716 3809 quasi
765 3736 920 3813 post
951 3721 1313 3791 dimidiam
1370 3724 1609 3790 horam
1647 3744 1964 3823 surgens,
2001 3722 2333 3809 quicquid
2378 3724 2735 3814 suppelle-

152 3813 343 3897 ctilis
398 3813 651 3882 habere
718 3810 969 3900 potuit,
1023 3831 1257 3880 coram
1308 3832 1381 3879 se
1441 3811 1802 3900 importari
1851 3811 2226 3900 praecepit,
2285 3825 2554 3901 praeter
2603 3832 2722 3903 pa-

151 3913 467 3970 raturam
520 3901 731 3969 unius
770 3899 1024 3968 domus
1063 3921 1142 3966 ac
1196 3920 1621 3976 mensarum,
1659 3911 1724 3966 ct
1772 3920 1993 3966 unum
2043 3899 2495 3988 opertorium,
2548 3922 2728 3987 quae

151 3988 442 4075 reliquit
487 3987 575 4056 ad
626 3988 733 4058 sui
796 3986 1220 4056 successoris
1278 3986 1661 4078 servitium.
1714 3991 1990 4056 Caetera
2047 4009 2209 4056 cum
2264 3991 2727 4079 perspexisset

154 4076 687 4167 ingemiscendo
736 4075 938 4145 dixit:
978 4074 1099 4155 Ah,
1155 4074 1321 4160 quid
1377 4076 1550 4143 mihi
1602 4076 1774 4144 baec
1817 4075 2088 4144 omnia?
2123 4098 2302 4162 quae
2336 4077 2566 4146 statim
2604 4099 2724 4167 per

151 4187 415 4235 manus
466 4165 836 4254 praepositi
893 4164 1238 4253 praecepit
1290 4164 1539 4252 partim
1578 4163 1754 4231 inter
1803 4185 2144 4255 pauperes
2178 4164 2419 4246 dividi,
2461 4167 2715 4255 partim

149 4254 436 4325 clericis
468 4253 762 4343 erogari:
825 4251 1062 4338 sicque
1112 4250 1478 4341 vigilanter
1525 4251 1793 4320 studuit
1841 4274 1913 4322 se
1966 4252 2051 4320 ad
2106 4253 2231 4323 hoc
2284 4274 2719 4344 praeparare,

155 4354 245 4411 ut
308 4340 618 4431 pulsanti
665 4340 1027 4411 confestim
1078 4352 1309 4430 posset
1370 4339 1663 4429 aperire.
