3327 4999
680 348 761 414 74
2793 345 3047 412 MART.
3102 345 3149 411 7

1168 640 1177 653 .
1263 551 1347 652 S.
1418 551 1842 655 THOMAE
1917 551 2466 661 AQUlNA'l'lS

1114 720 1411 788 CONF.
1487 723 1615 787 ET
1686 721 1969 788 ECCL.
2045 721 2619 789 DOCTORIS

1373 864 1921 932 COGNOMENTO
1983 864 2361 932 ANGELICI

589 1026 736 1073 VITA
768 1025 886 1073 PER
936 1024 1128 1073 LAUR.
1173 1025 1413 1074 summ!
1450 1026 1530 1073 EX
1578 1024 1855 1074 semr'rls
1901 1025 2048 1073 rum
2099 1025 2311 1075 nlssms
2358 1024 2667 1075 COLLECTA
2713 1025 2789 1074 ET
2821 1025 3151 1074 CONFECTA

1107 1226 1308 1281 Anno
1349 1228 1554 1281 natue
1595 1226 1780 1291 1226,
1821 1223 1995 1281 obiit
2033 1224 2214 1282 1274.
2260 1253 2340 1266 -
2381 1224 2626 1280 Italus.

685 1427 721 1513 ξ
780 1427 857 1495 1.
914 1424 1554 1494 Praestantissimus
1600 1423 1704 1493 vir
1741 1427 1815 1492 D.
1881 1421 2176 1493 Thomas
2222 1424 2523 1511 Aquinas
2566 1424 2602 1460 ’⁴‘
2651 1436 2745 1495 tot
2787 1423 2921 1494 fuit
2967 1424 3157 1495 divi-

588 1515 778 1585 nitus
825 1526 1070 1583 auctus
1116 1526 1181 1582 et
1215 1525 1500 1582 naturae
1547 1524 1612 1582 et
1658 1511 1919 1603 gratiae
1955 1511 2181 1593 doniS,
2234 1525 2312 1582 ut
2350 1514 2529 1583 inter
2571 1513 2982 1605 praecipuas
3029 1520 3158 1583 Ec-

589 1602 836 1674 clesiae
868 1603 982 1671 Dei
1016 1601 1378 1672 columnas
1413 1623 1548 1670 non
1578 1601 1923 1671 immerito
1955 1612 2376 1671 numeretur.
2415 1603 2560 1671 Vita
2595 1602 2750 1691 ejus
2778 1625 2822 1671 a
2853 1602 3158 1673 diversis

593 1690 987 1781 conscripta
1034 1690 1346 1772 habetur,
1410 1690 1526 1759 sed
1578 1713 1618 1760 a
1670 1689 2015 1780 plerisque
2070 1689 2280 1760 nimis
2328 1690 2641 1771 breviter,
2697 1714 2737 1761 a
2786 1692 3162 1762 nonnullis

591 1803 749 1851 vero
807 1779 1066 1867 prolixe
1117 1779 1324 1861 satiS,
1357 1779 1476 1848 sed
1527 1778 1743 1868 styIO,
1814 1779 1994 1867 quod
2051 1779 2137 1848 ad
2187 1779 2523 1867 quosdam
2575 1780 2814 1850 attinet
2872 1781 3042 1850 rudi
3086 1794 3162 1851 et

590 1868 926 1959 impolito,
980 1880 1057 1938 ut
1103 1867 1425 1937 lectorem
1474 1868 1926 1937 emunctioris
1985 1868 2174 1936 naris
2238 1866 2438 1938 facile
2493 1870 2706 1959 possit
2769 1869 3153 1940 offendere.

593 1964 780 2042 Quae
827 1957 1043 2048 igitur
1088 1957 1173 2026 ad
1228 1958 1396 2027 tanti
1443 1957 1572 2027 viri
1631 1956 1907 2027 laudem
1966 1970 2031 2025 et
2077 1956 2367 2047 gloriam
2429 1956 2652 2027 facere
2697 1957 3150 2040 videbantur,

590 2047 942 2134 aliquanto
989 2045 1238 2128 fusius,
1292 2048 1555 2116 servata
1605 2059 1831 2116 tamen
1884 2044 2351 2115 mediocritate
2383 2045 2706 2138 colligere
2744 2046 3010 2129 studui,
3045 2048 3160 2117 id-

593 2157 726 2223 que
774 2134 1008 2226 paullo
1057 2135 1341 2205 latinius
1379 2156 1587 2223 quam
1639 2135 1690 2204 ii
1729 2157 1809 2204 ex
1866 2134 2122 2221 quibus
2168 2157 2248 2204 ea
2295 2134 2654 2226 descripsi,
2698 2148 2774 2205 ut
2822 2134 3162 2207 laudetur

593 2236 998 2315 praepotens
1048 2229 1225 2296 Deus
1259 2225 1329 2293 in
1380 2230 1626 2294 Sancto
1675 2245 1823 2305 su0,
1870 2236 1935 2293 et
1963 2223 2067 2291 vir
2098 2223 2541 2294 beatissimus
2584 2246 2663 2294 eo
2693 2246 2829 2312 quo
2879 2247 3010 2316 par
3047 2238 3162 2296 est

593 2313 680 2383 ab
729 2313 1055 2383 omnibus
1102 2313 1358 2383 honore
1404 2313 1771 2382 afliciatur.
1827 2312 2019 2393 Quod
2061 2311 2272 2413 igitur
2318 2311 2405 2381 ad
2447 2335 2670 2401 genus
2714 2315 2865 2404 ejus
2911 2326 2978 2383 et
3031 2337 3162 2405 pa-

595 2402 795 2471 triam
845 2403 1107 2484 attinet,
1148 2414 1410 2493 patrem
1446 2400 1691 2469 habuit
1735 2422 1816 2468 ex
1861 2399 2117 2469 illustrl
2147 2400 2413 2471 familia
2455 2404 2794 2472 Comitum
2837 2403 3163 2491 Aquina—

594 2505 765 2573 tum,
817 2514 1117 2580 eumque
1186 2489 1673 2580 Landulphum
1724 2488 2045 2570 nomine;
2117 2503 2402 2561 matrem
2458 2514 2613 2562 vero
2671 2491 3156 2574 Theodoram,

594 2595 660 2651 et
720 2582 992 2672 generis
1039 2593 1104 2650 et
1151 2601 1423 2650 morum
1474 2578 1830 2648 nobilitate
1876 2579 2261 2671 insignem,
2317 2580 2538 2671 patria
2595 2581 3154 2671 Neapolitanam.

595 2676 799 2740 Porro
846 2693 1005 2739 cum
1040 2669 1269 2738 adhuc
1305 2680 1520 2737 mater
1543 2668 1695 2758 ejus
1724 2690 1881 2737 eum
1933 2681 2125 2738 utero
2155 2680 2470 2760 gestaret,
2514 2670 2618 2739 vir
2648 2669 2931 2757 quidam
2981 2693 3161 2740 san-

596 2771 750 2829 ctus
797 2759 867 2827 in
919 2757 1328 2848 Campaniae
1363 2763 1592 2827 monte
1638 2758 1937 2845 quodam
1988 2781 2148 2828 cum
2251 2759 2522 2829 luribus
2554 2759 2713 2830 aliis
2757 2759 2962 2829 vitam
3017 2760 3161 2829 du-

603 2870 765 2917 cens
795 2845 1247 2928 eremiticam,
1300 2866 1373 2915 re
1420 2857 1485 2916 et
1524 2847 1805 2916 nomine
1859 2852 2111 2925 Bonus,
2165 2868 2204 2915 o
2305 2847 2480 2916 vitae
2529 2847 2957 2918 sanctitatem
2999 2850 3162 2940 jam

601 2936 788 3005 sama
833 2934 1146 3017 celebris,
1200 2935 1287 3004 ad
1335 2957 1487 3004 eam
1537 2936 1608 3004 in
1640 2951 1867 3006 castro
1915 2957 2041 3005 suo
2090 2935 2318 3004 Rocha
2371 2936 2566 3007 Sicca
2607 2948 2990 3007 morantem
3041 2960 3163 3007 ac-

596 3025 822 3105 cessit,
877 3024 1077 3111 eique
1125 3023 1295 3094 dixit
1343 3046 1375 3093 s
1429 3024 1593 3093 iritu
1643 3023 2088 3115 prophetico:
2145 3047 2180 3091 «
2230 3029 2527 3106 Laetare,
2603 3027 2891 3095 Domina
2938 3027 3162 3097 Theo—

599 3111 803 3194 dor'a;
858 3112 1084 3203 paries
1130 3112 1313 3182 enim
1366 3046 1591 3182 Elium
1642 3114 2000 3195 Thomam,
2038 3113 2158 3200 qui
2212 3124 2349 3183 toto
2396 3114 2562 3185 orbe
2607 3114 2696 3184 ob
2743 3115 2922 3186 vitae
2966 3128 3036 3186 et
3078 3137 3161 3186 e-

597 3202 967 3272 ruditionis
1030 3202 1522 3292 praestantiam
1595 3201 2097 3282 celebrabitur;
2168 3223 2371 3292 porro
2426 3208 2491 3273 S.
2546 3203 2884 3274 Dominici
2950 3204 3157 3274 iustis

600 3303 823 3361 tutum
859 3290 1037 3359 idern
1090 3290 1240 3381 ipse
1285 3290 1849 3382 complectetur.»
1886 3290 2008 3360 Cui
2057 3288 2175 3359 illa
2206 3291 2593 3382 respondit:
2639 3292 3157 3384 «Fiat-Domini

598 3380 940 3450 voluntas.
979 3402 1016 3446 »
1069 3385 1277 3449 Natus
1323 3379 1574 3449 deinde
1608 3401 1781 3469 puer
1810 3390 1912 3448 est
1956 3390 2022 3449 et
2053 3379 2351 3449 Thomas
2395 3392 2700 3464 vocatuS,
2756 3383 3164 3471 nutricique

600 3468 934 3549 traditus;
986 3489 1163 3555 quae
1196 3490 1354 3538 cum
1390 3490 1553 3538 eum
1587 3468 1964 3555 aliquando
2012 3468 2083 3537 in
2133 3467 2379 3539 balneo
2416 3469 2612 3540 vellet
2650 3470 2954 3552 abluere,
3012 3494 3167 3541 rna-

599 3580 767 3627 num
831 3557 1205 3628 extendens
1275 3556 1663 3628 infantulus
1721 3556 2111 3627 chartulam
2160 3580 2197 3626 e
2245 3569 2423 3628 terra
2470 3558 2754 3628 sustulit
2801 3560 2996 3630 nullo
3051 3561 3168 3631 in-

596 3658 872 3728 nuente,
926 3668 1216 3734 eamque
1262 3667 1658 3737 compressa
1717 3667 1933 3715 manu
1980 3647 2205 3738 coepit
2261 3648 2578 3717 retinere.
2632 3649 2873 3717 Nutrix
2921 3662 3166 3720 autem

597 3758 754 3805 eum
809 3735 1034 3804 lavare
1099 3736 1390 3827 cupiens
1419 3790 1435 3812 ,
1487 3747 1733 3805 conata
1777 3748 1882 3805 est
1938 3735 2323 3808 chartulam
2382 3757 2420 3805 e
2467 3757 2685 3806 manu
2730 3736 2883 3828 ejus
2929 3749 3170 3809 extra-

599 3825 802 3905 here;
855 3836 924 3894 at
953 3824 1068 3894 ille
1116 3825 1183 3894 id
1223 3846 1358 3893 non
1396 3823 1644 3905 ferens,
1684 3825 1932 3895 acriter
1962 3826 2128 3894 ssere
2169 3824 2415 3915 coepit.
2453 3829 2694 3913 Itaque
2738 3826 2973 3896 nutrix
3012 3829 3171 3918 pie-

601 3926 733 3984 tate
781 3925 1124 3984 commota
1173 3914 1395 3983 noluit
1440 3914 1506 3983 ei
1544 3912 1831 3984 molesta
1876 3936 2063 3996 esse;
2119 3913 2373 4001 illaque
2420 3925 2752 3997 cessante,
2806 3914 2925 3984 ille
2983 3937 3172 4003 quo—

597 4025 733 4092 que
773 4002 914 4072 lacr
968 4003 1141 4072 mari
1181 4002 1406 4072 desiit.
1452 4001 1715 4074 Relicta
1747 4003 1957 4094 igitur
1988 4004 2058 4072 in
2102 4024 2314 4072 manu
2342 4003 2494 4093 ejus
2526 4003 2867 4084 chartula,
2923 4005 3171 4076 nutrix

598 4114 760 4162 eum
827 4092 914 4162 ab
947 4091 1087 4173 uit,
1159 4091 1616 4179 ablutumque
1679 4092 1956 4162 extersit
2001 4103 2068 4160 et
2141 4090 2391 4161 induit.
2444 4097 2609 4162 Rem
2661 4105 2894 4163 autem
2943 4106 3169 4163 totam

601 4181 804 4251 matri
850 4180 1002 4271 ejus
1035 4180 1385 4262 indicavit,
1437 4202 1616 4269 quae
1663 4203 1824 4282 egre
1864 4179 2140 4281 tandem
2170 4179 2458 4251 infantis
2499 4203 2786 4251 manum
2836 4181 3163 4282 aperuit,

600 4292 679 4339 ex
711 4272 928 4357 eaque
959 4270 1347 4340 chartulam
1381 4269 1650 4350 evulsit,
1707 4292 1776 4339 ιη
1826 4291 1966 4357 qua
2003 4281 2224 4359 sclpta
2270 4269 2619 4342 visebatur
2663 4270 2989 4362 Angeltca
3036 4276 3168 4341 Sa-

609 4358 873 4430 lutatio.
927 4359 1163 4432 Infans
1213 4380 1368 4429 vero
1421 4358 1810 4428 chartulam
1861 4358 2198 4429 instanter
2243 4359 2552 4450 repetiit,
2617 4370 2822 4448 atque
2866 4359 3168 4431 demum

654 4488 680 4513 ¹·
710 4488 928 4539 Aquinum
947 4487 1125 4528 veteris
1144 4487 1269 4527 Latii
1288 4485 1515 4536 oppidum
1536 4486 1624 4532 est,
1648 4484 1984 4534 Neapolitanae
2004 4485 2176 4526 amoni
2194 4485 2448 4527 addictum.
