3327 4999
690 308 819 373 328
1289 326 1368 371 nr:
1417 325 1474 372 s.
1521 325 1877 373 narum-:aro
1925 324 2149 373 copon.
2203 324 2402 372 muse.
2769 307 3013 371 MART.
3073 309 3150 372 to

596 426 789 475 mors
829 416 1015 475 tanto
1042 404 1381 490 acquisita
1408 404 1685 485 scelere,
1722 405 1868 494 jam
1905 403 2135 473 debita
2157 403 2447 494 jamque
2480 414 2716 493 parata
2745 417 2868 473 est.
2907 427 2943 470 »
2975 410 3151 473 Haec

594 493 833 584 palam
881 493 1152 563 cunctis
1202 492 1564 560 minaciter
1609 493 1945 573 elocutuS,
1998 492 2260 582 optimo
2309 491 2514 587 illurn
2558 493 2924 573 executori,
2963 492 3152 561 scili-

600 594 707 651 cet
757 601 1148 671 pauperum
1201 580 1587 669 provisori,
1641 602 1839 649 reum
1888 580 2350 658 committenS,
2408 582 2739 649 secretius
2785 580 3016 660 edixit,
3070 591 3147 649 ut

597 668 1014 739 necessariis
1082 668 1482 757 sumptibus
1531 668 1830 737 ubertim
1882 667 2279 737 reficeretur
2323 666 2382 733 *.
2435 672 2463 736 Ι
2519 690 2592 737 se
2638 668 2722 736 ad
2775 668 3147 758 prandium

604 756 1098 836 discumbens»,
1132 776 1334 841 -quae
1404 756 1551 825 sola
1596 778 1812 826 causa
1859 777 2150 847 poenam
2202 755 2396 825 illius
2494 756 2719 824 ifferre
2764 756 3150 840 videbatur,

602 845 955 915 assidente
1009 845 1203 913 omni
1251 843 1636 931 frequentia
1669 898 1684 926 ,
1746 846 2156 930 cunctisque
2221 843 2309 913 ad
2358 843 2789 933 epulandum
2849 843 3154 925 intenti5‚

600 934 751 1024 ipse
801 931 1135 1022 propositi
1186 954 1322 1001 non
1354 933 1744 1013 immernor,
1774 934 1923 1023 jam
1973 932 2244 1002 dictum·
2289 932 2711 1021 provisorem
2762 952 3152 1022 pauperum

600 1021 782 1090 clam
825 1019 1195 1101 advocanS,
1247 1020 1569 1106 clamque
1617 1021 1772 1090 auri
1822 1022 2297 1090 insusurrans:
2328 1020 2594 1101 «Educ,
2648 1020 2897 1106 inquit,
2954 1019 3156 1088 cleri-

601 1131 787 1190 cum,
837 1129 1211 1194 meumque
1260 1130 1535 1178 sessuro
1583 1109 1688 1178 illi
1737 1121 1963 1180 sterne
2009 1120 2447 1197 quantocyus
2478 1130 2761 1194 equum,
2797 1120 3010 1193 tuque
3045 1130 3159 1199 pa-

603 1197 771 1266 riter
817 1196 1252 1282 adequitans,
1307 1197 1627 1267 deducito
1674 1196 1856 1266 ultra
1913 1197 2178 1281 sylvam
2226 1197 2636 1288 proximam:
2679 1196 3010 1282 'dansque
3055 1195 3156 1264 illi

604 1285 855 1353 libram
907 1286 1216 1374 argenti,
1275 1284 1394 1355 illo
1443 1285 1512 1354 in
1564 1284 1857 1355 salutem
1916 1285 2231 1365 dimis80,
2302 1296 2376 1355 tu
2435 1295 2870 1370 quantocyus
2929 1305 3152 1353 rever-

603 1383 780 1452 tens,
821 1393 1055 1442 coram
1104 1372 1451 1443 astabis.»
1485 1379 1763 1443 Factum
1815 1384 1939 1452 est,
1992 1385 2071 1441 ut
2126 1372 2511 1462 imperavit.
2548 1377 2626 1440 Et
2659 1371 2998 1453 ministr0,
3037 1372 3156 1459 qui

604 1461 903 1531 redierat
950 1481 1180 1529 coram
1234 1473 1520 1541 astante,
1562 1461 1712 1551 ipse
1743 1461 2069 1530 simulata
2100 1461 2478 1530 severitate:
2522 1482 2558 1525 «
2595 1465 2718 1541 En,
2755 1460 3004 1546 inquit,
3037 1459 3154 1529 ubi

606 1561 707 1618 est
750 1570 909 1617 reus
959 1547 1105 1616 ille?
1139 1571 1173 1615 »
1206 1554 1386 1618 Haec
1434 1549 1697 1627 dicenS,
1752 1549 2134 1628 videbatur,
2189 1550 2405 1618 immo
2452 1547 2668 1616 videri
2720 1548 3012 1630 volebat,
3077 1548 3158 1616 de

610 1658 834 1726 poena
880 1635 1073 1705 illius
1112 1636 1259 1726 jam
1313 1636 1726 1705 maturanda
1779 1648 2089 1707 tractare.
2161 1641 2238 1707 At
2286 1637 2402 1706 ille
2448 1637 2820 1707 voluntatis
2873 1638 3029 1726 ejus
3076 1637 3161 1706 si·

608 1723 756 1792 mul
805 1736 870 1792 et
930 1724 1090 1792 sacti
1152 1725 1521 1805 conscius,
1576 1724 1925 1794 tristitiam
1976 1725 2183 1794 simul
2236 1736 2302 1795 et
2349 1746 2670 1815 pavorem
2719 1724 3155 1814 confingens:

611 1836 647 1878 «
685 1814 895 1901 Fuga,
931 1812 1182 1898 inquit,
1230 1813 1320 1880 mi
1374 1812 1660 1881 Domine
1708 1813 1949 1903 lapsus
1985 1824 2158 1883 est.»
2193 1819 2382 1881 Tunc
2428 1827 2495 1883 et
2540 1815 2688 1902 ipse
2735 1812 3156 1894 discurrenS,

610 1900 992 1985 fictumque
1042 1911 1301 1968 metum
1353 1900 1578 1969 verbis
1626 1911 1830 1987 atque
1867 1900 2228 1987 questibus
2258 1901 2695 1991 depromens,
2728 1914 3018 1971 cunctos
3047 1899 3162 1987 qui

611 1988 919 2064 aderant,
955 1987 1278 2057 attonitos
1313 1988 1634 2057 reddidit.
1668 1993 1881 2071 Quem
1921 2001 2204 2058 sanctus
2237 1989 2538 2079 pontifex
2569 1990 2769 2075 quasi
2801 1989 3162 2058 vehemen-

614 2089 715 2146 ter
767 2075 1191 2164 increpitans
1246 2086 1310 2144 et
1364 2076 1727 2145 minaciter
1764 2078 2186 2167 objurganS,
2231 2099 2606 2147 conversus
2656 2077 2742 2145 ad
2793 2076 3154 2167 populum,

609 2163 989 2252 spectaculi
1016 2166 1227 2232 causa
1253 2165 1741 2246 confluentem,
1775 2171 2009 2246 «Ecce,
2038 2165 2285 2251 inquit,
2314 2188 2474 2235 reus
2496 2165 2610 2234 ille
2629 2166 2891 2254 effugit,
2922 2166 3154 2235 evasit.

612 2257 732 2332 Ite,
779 2252 1058 2331 currite,
1108 2254 1452 2336 quatenus
1496 2264 1829 2322 retractus
1860 2275 1941 2321 ex
1971 2252 2159 2341 suga,
2198 2254 2499 2323 debitam
2535 2266 2971 2339 quantocvus
3005 2274 3158 2343 poe·

615 2362 777 2408 nam
813 2339 1052 2408 solvat.
1086 2361 1121 2405 »
1158 2343 1301 2409 Hoc
1330 2340 1604 2430 insigne
1638 2341 1910 2430 pietatis
1960 2341 2100 2430 egit
2149 2341 2642 2412 memorandus
2679 2341 2792 2410 hic
2827 2325 3161 2410 fraternae

611 2427 858 2496 salutis
887 2426 1151 2510 artifex,
1188 2427 1552 2498 simulator
1589 2428 1841 2510 fidelis,
1887 2438 1972 2509 et,
2013 2429 2072 2497 si
2106 2428 2245 2497 dici
2275 2429 2378 2499 fas
2406 2442 2531 2510 est,
2578 2429 2939 2520 splendide
2973 2450 3160 2498 men-

611 2517 768 2586 dax:
807 2516 891 2584 de
939 2516 1141 2603 cujus
1191 2516 1311 2584 tali
1350 2530 1739 2586 commento
1788 2518 1847 2585 si
1895 2518 2223 2604 cuiquam
2268 2519 2615 2587 mendacii
2665 2522 2824 2587 nota
2865 2540 3006 2586 non
3059 2540 3162 2587 ca·

610 2626 758 2673 rere
801 2603 1166 2684 videretur,
1207 2604 1458 2673 iterum
1499 2616 1703 2691 atque
1734 2606 1984 2674 iterum
2018 2607 2383 2676 decantare
2423 2607 2603 2675 licet:
2642 2607 2808 2676 haec
2835 2607 3159 2692 iniquitas

611 2692 857 2761 melior
899 2704 1023 2772 est,
1078 2712 1289 2777 quam
1341 2692 1777 2762 benefactum
1824 2693 1997 2781 ejuS,
2050 2694 2173 2781 qui
2220 2695 2389 2764 dum
2430 2693 2744 2784 justitiae
2797 2694 3030 2764 zelum
3074 2694 3156 2763 si·

611 2780 855 2860 mulat‚
911 2779 1388 2849 crudelitatem
1438 2792 1724 2850 exercet.
2241 2810 2260 2826 ·

700 2871 737 2955 ἓ
790 2874 934 2939 21.
1016 2872 1202 2936 Inter
1250 2879 1345 2936 tot
1403 2889 1483 2938 ac
1549 2879 1738 2938 tanta
1789 2868 2058 2958 pietatis
2117 2890 2326 2958 opera
2374 2892 2612 2940 servus
2674 2870 2920 2941 Christi
2972 2868 3162 2958 quasi

614 2956 795 3025 male
841 2977 1160 3045 operam,
1218 2957 1838 3044 persecutionibus,
1893 2969 1970 3025 ut
1998 2957 2147 3046 jam
2192 2959 2516 3047 superius
2550 2959 3009 3048 praelibatum
3045 2968 3158 3037 est,

616 3065 752 3112 non
789 3045 1088 3113 carebat.
1142 3048 1273 3111 Nec
1315 3043 1597 3112 mirum.
1653 3045 1827 3113 Dicit
1857 3044 2043 3113 enim
2092 3045 2477 3136 Apostolus,
2531 3047 2746 3116 immo
2797 3047 2879 3127 is,
2917 3047 3043 3133 qui
3093 3045 3158 3112 in

613 3131 934 3287 Apostolo
983 3152 1111 3200 suo
1165 3129 1473 3216 loquitur
1521 3132 1854 3202 Christus:
1908 3136 2162 3202 Omnes
2208 3134 2330 3219 qui
2388 3135 2496 3223 pie
2536 3135 2775 3203 volunt
2822 3134 3047 3204 vivere
3098 3133 3164 3200 in

615 3226 658 3287 C
718 3219 905 3299 risto‚
972 3219 1521 3308 persecutionem
1563 3220 1951 3309 patiuntur.
1997 3223 2363 3309 Oportebat
2408 3241 2571 3312 ergo
2611 3235 2676 3293 et
2722 3223 2962 3303 istum,
3001 3241 3163 3309 quo-

617 3307 806 3375 niam
860 3305 971 3404 pie
1019 3305 1088 3374 in
1134 3305 1398 3376 Christo
1431 3308 1718 3389 vivebat,
1753 3310 2302 3399 persecutionem
2394 3313 2518 3380 ati:
2554 3323 2619 3379 et
2639 3311 2804 3396 quia
2835 3311 3068 3379 navim
3100 3309 3164 3376 in

616 3394 817 3473 mari,
861 3394 931 3461 1d
983 3407 1107 3469 est,
1146 3394 1508 3464 ecclesiam
1546 3396 1616 3464 in
1662 3398 1791 3466 hoc
1830 3396 2064 3466 seculo
2113 3419 2318 3487 regen
2374 3419 2485 3465 am
2518 3411 2937 3489 susceperat,
2969 3418 3165 3488 opor-

617 3484 799 3551 tebat
844 3503 1004 3550 eum
1057 3483 1386 3551 fluctibus
1437 3484 1701 3553 turbari
1739 3496 1805 3555 et
1835 3485 2115 3555 moveri.
2179 3484 2733 3554 Persecutionem
2788 3487 3166 3576 patiebatur

616 3569 703 3638 ab
745 3569 1025 3651 invidiS,
1077 3592 1376 3656 quorum
1415 3573 1729 3643 moribus
1763 3574 1912 3664 ipse
1944 3574 2237 3643 minime
2271 3574 2746 3644 conveniebat.
2793 3573 2940 3644 Illis
2971 3595 3164 3642 nam-

616 3678 752 3743 que
791 3657 1022 3747 gravis
1070 3672 1214 3728 erat
1253 3660 1459 3729 etiam
1509 3662 1595 3731 ad
1644 3663 2050 3744 videndum,
2086 3676 2151 3730 et
2207 3662 2333 3730 ubi
2376 3662 2685 3732 sanctius
2734 3674 2937 3748 atque
2986 3681 3164 3730 reve-

618 3747 885 3817 rentius
923 3768 1156 3817 coram
1193 3748 1505 3827 Domino,
1556 3751 1844 3820 humilis
1875 3764 1940 3819 et
1976 3772 2230 3838 parvus
2265 3750 2333 3818 in
2366 3751 2588 3820 oculis
2638 3751 2807 3830 suiS,
2849 3748 3166 3839 procede-

613 3833 731 3901 bat
779 3834 919 3903 sive
967 3835 1255 3916 astabat,
1296 3836 1393 3905 ibi
1432 3838 1740 3927 amplius
1788 3837 2045 3906 invidis
2093 3837 2529 3927 displicebat.
2576 3843 2733 3907 Erat
2772 3859 2932 3907 vero
2973 3835 3163 3906 vultu

614 3921 813 3991 valde
864 3924 1299 4006 reverendus,
1345 3936 1411 3994 et
1440 3946 1707 4006 earum,
1745 3947 1920 4012 quae
1969 3925 2040 3993 in
2092 3938 2320 3995 mente
2353 3924 2548 3994 illius
2579 3926 2986 4016 regnabant,
3033 3925 3166 3991 vir-

613 4021 841 4108 tutum
890 4011 1231 4097 quaedam
1283 4014 1604 4102 majestas
1652 4013 2037 4083 forinsecus
2086 4013 2157 4081 in
2205 4012 2380 4082 facie
2427 4013 2943 4099 quodammodo
3006 4010 3164 4110 visi-

613 4096 845 4166 biliter
891 4100 1314 4169 sentiebatur
1343 4155 1358 4180 ,
1425 4101 1722 4170 maxime
1781 4122 1944 4169 cum
1994 4112 2230 4170 sancto
2280 4101 2478 4170 altari
2532 4101 2904 4180 assisteret,
2951 4118 3165 4169 sacris

617 4185 984 4255 Missarum
1042 4187 1398 4257 solemniis
1454 4189 1786 4259 intentus.
1843 4193 2034 4257 Tunc
2079 4188 2331 4257 etenim
2384 4201 2524 4258 tam
2573 4189 2994 4259 reverendus
3046 4209 3164 4277 ap·

614 4274 951 4362 parebat,
1005 4286 1083 4344 ut
1127 4277 1200 4344 in
1249 4275 1494 4345 faciem
1543 4277 1695 4366 ejus
1746 4275 2104 4345 intendere
2184 4275 2487 4348 volentes
2516 4330 2532 4359 ‚
2598 4277 2901 4364 quadam
2980 4275 3162 4344 velut

667 4399 695 4428 ⁸¹
724 4400 846 4442 Nota
863 4402 991 4451 ptam
1008 4401 1362 4446 simulationem
1383 4411 1477 4451 qua
1496 4402 1731 4445 clericum
1750 4411 1883 4445 reum
1902 4403 2071 4445 mortis
2089 4401 2262 4447 liberet
2279 4412 2307 4445 ι
2325 4401 2576 4454 supplicio.
