3327 4999
719 290 845 357 730
1526 311 1603 357 na
1651 312 1704 357 s.
1761 308 1981 358 Ammo
2030 307 2277 356 crorum
2684 292 2788 357 EX
2835 292 3017 358 NOV.
3073 294 3159 359 26

628 394 1112 486 cognovimus:
1167 416 1287 485 per
1308 394 1626 484 jucunda
1679 394 2161 467 transivimus:
2214 393 2527 464 omnium
2562 393 2851 466 fecimus
2886 397 3158 487 pericu-

632 483 802 565 lum,
855 496 919 554 et
951 482 1179 554 omnia
1228 505 1401 552 vana
1446 504 1593 553 esse
1640 484 2110 575 cognovimus.
2153 487 2378 553 Unum
2429 482 2650 552 solum
2679 484 2941 554 scimus
2969 484 3160 555 Chri-

631 583 731 643 sto
782 572 1021 653 vivere,
1057 583 1121 642 et
1166 573 1315 661 ejus
1364 574 1743 664 praeceptis
1792 574 2049 664 parere.
2106 571 2280 641 Huic
2311 571 2598 661 pulchro
2631 573 2923 643 amatori
2953 574 3158 644 crede

631 682 756 730 nos
784 683 932 733 esse
978 661 1376 751 desponsaS.
1420 685 1454 729 »

716 752 753 838 ξ
811 755 942 824 Η.
998 755 1174 821 Haec
1223 773 1381 820 cum
1433 751 1808 823 audivisset
1838 761 2119 822 sanctus
2167 749 2640 840 illacrymavit,
2694 749 2993 839 diligens
3018 751 3154 822 fer-

630 859 853 918 vorem
904 860 1141 909 earum
1193 840 1259 908 in
1323 845 1532 910 Deum
1586 840 1944 932 propositi:
1999 852 2063 910 et
2110 838 2262 908 fixis
2318 838 2537 908 oculis
2583 840 2927 929 aspiciens
2976 841 3152 911 coeli

629 928 1085 1012 altitudinem,
1140 941 1272 998 toto
1335 929 1538 998 corde
1585 935 1796 1000 Deum
1828 929 2063 1011 oravit,
2111 928 2387 998 dicens:
2433 929 2791 1020 «Benigne
2841 929 3149 1012 Domine,

625 1017 746 1105 qui
790 1018 1200 1108 poenitentia
1248 1040 1452 1090 curas
1499 1018 1746 1089 delicta
1794 1018 2180 1100 hominum,
2238 1017 2614 1088 ascendant
2668 1019 2873 1089 verba
2921 1041 3156 1091 servo-

629 1128 781 1176 rum
818 1120 1093 1177 tuorum
1134 1129 1361 1178 coram
1413 1122 1497 1189 te,
1552 1120 1617 1178 et
1663 1109 1782 1178 fiat
1812 1109 1910 1178 eis
1959 1108 2137 1177 sicut
2184 1107 2663 1178 crediderunt:
2716 1118 2781 1177 et
2834 1106 2926 1177 da
2972 1108 3154 1180 vires

624 1217 815 1266 servo
864 1209 1003 1278 tu0,
1057 1207 1133 1267 ut
1170 1195 1541 1268 satisfaciat
1587 1197 1955 1267 animabus
2001 1217 2237 1266 eorum
2287 1197 2407 1284 qui
2437 1195 2846 1287 confugiunt
2875 1197 2959 1267 ad
2997 1197 3149 1268 fon-

627 1296 760 1355 tem
791 1296 947 1356 tuae
996 1286 1539 1356 misericordiae:
1591 1301 1656 1357 et
1700 1309 1816 1356 eas
1871 1286 2184 1356 exhibeat
2219 1286 2288 1354 in
2341 1286 2451 1355 die
2500 1286 2834 1357 adventus
2883 1285 2986 1357 tui
3034 1309 3152 1357 ca-

622 1386 761 1445 stas
801 1374 1059 1463 absque
1107 1375 1248 1445 ullo
1294 1375 1644 1458 dedecore,
1699 1376 1978 1446 indutas
2037 1375 2361 1465 operibus
2411 1374 2587 1445 lucis
2634 1388 2699 1445 et
2735 1375 3051 1465 justitiae
3083 1390 3148 1446 et

624 1464 1026 1546 sanctitatis,
1089 1465 1174 1533 ad
1223 1464 1511 1556 gloriam
1574 1465 2126 1558 magnificentiae
2172 1465 2549 1536 sanctitatis
2600 1475 2838 1535 tuae.»
2870 1469 2949 1534 Et
2982 1465 3154 1536 haec

621 1552 898 1640 quidem
936 1554 1193 1623 oravit:
1243 1576 1281 1622 a
1313 1576 1388 1624 sev
1432 1555 1723 1624 invicem
1771 1568 1994 1624 autem
2046 1553 2403 1624 distinctas
2450 1553 2623 1623 duas
2664 1576 2893 1624 sacras
2941 1555 3153 1626 aedes

621 1642 936 1723 extruxit,
973 1643 1041 1712 in
1091 1642 1344 1730 quibus
1372 1641 1734 1730 utriusque
1763 1665 1964 1714 sexus
2009 1664 2296 1732 corpora
2343 1642 2694 1713 distribuit
2740 1643 2908 1733 (non
2958 1645 3154 1714 enim

621 1730 907 1801 dixerim
961 1731 1246 1822 spiritus
1290 1745 1356 1802 et
1402 1732 1720 1823 animas),
1774 1732 1948 1802 dans
1997 1732 2303 1824 regulam
2362 1743 2427 1800 et
2478 1744 2913 1822 praeceptum
2985 1757 3151 1806 san·

620 1820 749 1892 ctis
778 1820 1117 1903 foeminis,
1162 1833 1239 1891 ut
1287 1820 1753 1892 masculorum
1801 1821 2020 1891 oculis
2052 1821 2983 1912 numquam'aspicerentur:
3037 1837 3153 1895 ut-

668 1920 774 1980 ote
805 1910 987 1998 quod
1039 1910 1126 1980 sit
1160 1910 1351 1980 valde
1398 1911 1861 2001 periculosum
1904 1912 1989 1981 iis
2040 1911 2243 1980 etiam
2294 1932 2470 1998 quae
2525 1920 2688 1982 sunt
2735 1911 2931 1982 valde
2982 1935 3147 2004 pro-

666 2011 833 2070 atae.
891 2005 1075 2084 Quae
1121 2000 1398 2087 quidem
1430 2000 1496 2070 id
1529 2000 1919 2089 usqueadeo
1952 2000 2349 2070 inviolatum
2388 2013 2845 2082 servaverunt,
2876 2013 2955 2072 ut
2985 2025 3152 2074 cum

618 2090 858 2159 beatus
903 2087 1186 2181 Alypius
1234 2090 1333 2161 eis
1381 2112 1580 2180 saepe
1629 2090 2052 2181 permisisset
2115 2089 2296 2178 quod
2356 2089 2427 2158 in
2495 2089 2734 2160 mortis
2799 2091 3157 2164 venissent

617 2178 1027 2269 periculum,
1068 2189 1142 2249 ut
1188 2178 1580 2249 viderentur
1609 2181 1696 2249 ab
1725 2200 1963 2249 eorum
1993 2179 2392 2270 parentibus
2420 2178 2804 2250 secundum
2833 2202 3146 2265 carnem,

618 2267 993 2337 noluerint:
1046 2279 1124 2338 ut
1168 2268 1586 2338 continentia
1628 2268 1696 2337 in
1750 2273 1985 2350 Deum,
2040 2279 2323 2340 naturae
2369 2290 2644 2356 quoque
2694 2268 2976 2341 vinculo
3026 2271 3149 2341 fie-

616 2368 768 2426 rent
815 2357 1224 2448 superiores.

701 2448 737 2535 §
784 2449 920 2520 18.
975 2450 1140 2517 Cum
1191 2446 1299 2515 his
1348 2447 1564 2519 sancti
1613 2467 1886 2535 quoque
1934 2456 2151 2516 mater
2197 2446 2403 2518 simul
2458 2468 2762 2529 versanS,
2814 2448 3150 2520 eamdem

614 2557 884 2624 quoque
933 2536 1244 2606 servabat
1291 2536 1624 2628 regulam:
1662 2536 1973 2607 habitum
2023 2550 2251 2608 autem
2301 2558 2735 2624 nequaquam
2789 2540 3153 2629 acceperat

615 2625 1097 2708 monasticum,
1150 2648 1190 2695 a
1239 2638 1473 2697 sancto
1522 2648 1634 2695 sae
1687 2648 1722 2696 e
1771 2639 2026 2717 rogata:
2082 2626 2264 2695 idem
2302 2647 2450 2695 esse
2498 2626 2737 2696 dicens
2786 2627 3148 2698 Diaconis-

613 2737 785 2798 sam,
822 2714 1006 2802 quod
1057 2715 1490 2786 monacham:
1538 2738 1607 2785 se
1704 2715 1763 2784 ei
1819 2716 2181 2806 persuadet
2227 2737 2539 2795 somnus,
2578 2728 2642 2786 et
2671 2715 2909 2787 divina
2939 2740 3149 2805 quae-

614 2803 773 2873 dam
808 2804 1148 2886 revelatiO,
1186 2817 1261 2875 ut
1292 2817 1605 2874 sanctum
1643 2817 1887 2887 oraret,
1929 2817 2004 2875 ut
2050 2805 2113 2873 ei
2162 2804 2543 2895 imponeret
2588 2804 2908 2876 habitum
2957 2829 3148 2877 exer·

612 2893 975 2964 citationis.
1059 2894 1209 2962 Visa
1261 2905 1360 2962 est
1409 2894 1478 2961 in
1529 2894 1792 2963 somnis
1841 2894 2082 2963 audire
2131 2894 2619 2984 symphoniam
2671 2909 3146 2967 sacrosancta·

610 3005 765 3052 rum
840 2981 1252 3062 mulierum,
1307 3004 1483 3070 quae
1547 2982 1815 3051 divinos
1861 2996 1925 3053 et
1974 2982 2359 3053 modulatos
2435 2984 2730 3071 hymnos
2801 2986 3150 3056 canebant

609 3071 680 3139 in
731 3077 981 3160 Regem
1052 3093 1255 3143 suum
1321 3084 1384 3141 et
1459 3076 1700 3140 Deum:
1768 3083 1831 3141 et
1880 3071 2209 3142 delectata
2284 3072 2534 3162 spiritu
2577 3104 2602 3150 ‚·
2644 3094 2804 3141 cum
2881 3074 3146 3146 voluis-

611 3171 710 3230 set
756 3159 1037 3228 domum
1089 3159 1381 3250 ingredi,
1421 3160 1490 3228 in
1539 3181 1675 3248 qua
1728 3160 2215 3231 modulabatur
2250 3161 2495 3230 choros
2546 3159 2953 3232 ducentium
2989 3187 3146 3234 coe-

614 3261 744 3331 tus,
796 3260 863 3319 et
907 3270 1068 3318 cum
1115 3249 1215 3318 eis
1262 3270 1504 3319 canere
1550 3262 1614 3318 et
1666 3255 1872 3319 Deum
1916 3250 2223 3332 laudare,
2272 3249 2573 3320 nonfuit
2608 3251 2673 3319 ei
2723 3251 3145 3341 permissum

611 3338 697 3408 ab
743 3359 867 3419 eo,
922 3338 1042 3425 qui
1095 3351 1399 3428 praeerat
1439 3339 1741 3427 januae,
1795 3350 1860 3409 et
1919 3341 2229 3410 servabat
2288 3340 2553 3409 aditum
2587 3394 2602 3421 ‚
2655 3341 2776 3427 qui
2824 3339 3143 3411 dicebat:

613 3450 647 3494 «
685 3431 823 3499 Non
874 3426 1185 3510 intrabiS‚
1234 3450 1451 3515 neque
1488 3430 1737 3520 poteris
1785 3429 2039 3499 versari
2086 3452 2246 3499 cum
2300 3427 2707 3500 venerandis
2760 3429 3146 3500 Dei-ancil-

611 3516 719 3600 lis,
770 3539 929 3588 cum
983 3517 1078 3586 sis
1126 3518 1419 3608 hospeS‚
1472 3530 1536 3587 et
1596 3518 1913 3609 imperita
1977 3540 2214 3589 earum
2265 3518 2544 3589 h‘abitus
2604 3518 3138 3591 exercitationis.

608 3611 888 3697 Propter
936 3606 1102 3677 haec
1161 3607 1422 3697 pudore
1489 3619 1554 3677 et
1602 3629 1850 3698 magno
1898 3608 2114 3677 animi
2161 3630 2417 3698 angore
2473 3607 2641 3678 forte
2707 3607 2973 3691 affecta,
3040 3623 3146 3680 est

609 3707 1018 3787 experrecta,
1062 3706 1126 3765 et
1174 3706 1406 3766 sancto
1454 3719 1637 3788 genu
1679 3697 1883 3778 flexit,
1922 3708 1986 3766 et
2031 3698 2293 3788 rogavit
2339 3719 2524 3779 eum,
2569 3708 2644 3767 ut
2674 3696 2991 3767 habitum
3024 3722 3144 3770 ac-

611 3786 885 3875 ciperet,
938 3807 1283 3876 exponens
1321 3786 1554 3854 omnia
1585 3807 1760 3873 quae
1797 3786 2053 3855 viderat
2085 3786 2150 3854 in
2189 3787 2474 3857 somnis.
2513 3791 2681 3856 Eum
2716 3798 2947 3856 autem
2976 3810 3143 3858 cum

610 3897 811 3944 mane
858 3875 1253 3965 accepisset,
1307 3875 1537 3945 animo
1587 3874 1830 3946 laetata
1874 3887 1975 3945 est
2020 3889 2086 3944 et
2130 3875 2475 3956 exultavit,
2516 3875 2710 3946 nulla
2749 3897 2819 3944 re
2863 3874 2949 3944 de
2988 3899 3148 3947 cae-

611 3976 749 4033 tero
783 3962 1063 4043 defecta,
1114 3985 1290 4051 quae
1337 3965 1703 4054 pertineret
1749 3964 1834 4033 ad
1877 3963 2378 4055 perfectionem.
2434 3969 2621 4046 Quae
2658 3963 2941 4052 quidem
2973 3988 3142 4035 cum

607 4053 859 4125 multos
904 4064 969 4122 et
1016 4054 1235 4125 varios
1285 4052 1505 4123 foetus
1544 4054 1951 4124 seminasset
1991 4053 2319 4142 justitiae,
2378 4076 2566 4123 nunc
2602 4053 2852 4125 fruitur
2891 4052 3141 4126 fructi-

607 4141 762 4226 bus,
812 4142 880 4211 in
930 4164 1104 4230 quos
1153 4164 1287 4213 non
1338 4142 1521 4214 cadit
1559 4142 1896 4213 interitus,

694 4235 730 4319 ξ
779 4236 926 4302 ss).
980 4236 1193 4319 Atque
1242 4231 1339 4301 sic
1411 4232 1693 4320 quidem
1761 4254 2069 4303 seorsum
2130 4244 2194 4302 et
2258 4232 2628 4324 separatim
2689 4230 2914 4301 effecit
2982 4233 3142 4303 bea-

607 4331 716 4390 tus
767 4319 880 4390 ille
936 4320 1243 4390 habitare
1310 4321 1624 4391 homines
1693 4332 1756 4391 et
1808 4321 2165 4392 mulieres:
2240 4326 2313 4391 In
2381 4327 2593 4392 Deum
2659 4333 2890 4391 autem
2946 4335 3014 4391 et
3067 4323 3136 4391 in

605 4408 868 4496 reliquo
943 4408 1115 4478 vitae
1190 4409 1544 4493 institutO,
1597 4424 1921 4499 tanquam
1971 4433 2337 4502 germanos
2387 4411 2458 4480 in
2519 4409 2783 4482 Christo
2857 4409 3132 4494 fratres,
