3327 4999
188 346 436 412 MART.
498 347 577 427 12
1081 366 1160 411 nn
1208 366 1263 411 s.
1318 365 1633 414 Gnaeomc
1679 367 1839 415 PAPA
2517 354 2646 418 225

183 457 247 515 et
294 458 577 514 sanctae
624 443 786 512 fidei
816 443 1102 514 adversa
1149 444 1551 528 seminasse,
1587 447 1683 516 ita
1712 459 1786 517 ut
1833 446 1944 516 die
1974 442 2240 518 sabbati
2272 449 2533 537 aliquid
2567 473 2733 541 ope-

179 535 324 604 rari
375 533 840 623 prohiberent.
895 538 1079 615 Quos
1118 535 1285 620 quid
1335 535 1551 616 aliud,
1606 537 1742 604 nisi
1786 537 2181 608 Antichristi
2237 539 2735 628 praedicatores

180 623 530 693 dixerim?
577 622 698 708 qui
748 622 1027 692 veniens
1074 622 1257 691 diem
1308 624 1673 693 sabbatum
1722 637 1925 713 atque
1962 626 2392 696 Dominicum
2429 628 2514 696 ab
2542 629 2735 698 omni

178 711 387 781 faciet
433 732 639 801 opere
700 711 1030 781 custodiri
1082 712 1139 779 *.
1193 712 1368 793 Quia
1414 714 1599 781 enim
1652 715 1824 783 mori
1887 737 1957 785 se
2006 716 2216 785 simul
2266 729 2332 785 et
2380 739 2738 808 resurgere

180 800 496 881 simulat,
535 799 772 867 haberi
821 800 891 867 in
943 801 1373 870 veneratione
1404 801 1551 870 vult
1584 801 1768 871 diem
1822 803 2279 874 Dominicum.
2319 810 2393 872 Et
2418 806 2580 891 quia
2608 812 2736 876 Ju-

181 890 459 959 daizare
501 888 839 977 populum
888 888 1259 978 compellit,
1298 902 1376 960 ut
1423 891 1824 959 exteriorem
1876 892 2086 961 ritum
2138 892 2309 983 legis
2357 896 2644 976 revocet,
2671 908 2738 967 et

183 979 316 1051 sibi
355 977 785 1047 ,Iudaeorum
837 977 1198 1067 perfidiam
1238 979 1509 1059 subdat,
1545 979 1679 1048 coli
1727 979 1875 1049 vult
1919 982 2312 1052 sabbatum.
2360 987 2500 1051 Hoc
2548 984 2737 1053 enim

180 1067 367 1155 quod
407 1089 532 1155 per
579 1065 985 1156 Prophetam
1018 1067 1313 1136 dicitur:
1367 1074 1458 1138 Ne
1486 1067 1796 1138 inferatis
1824 1091 2034 1138 onera
2067 1093 2187 1159 per
2219 1083 2449 1160 portas
2480 1085 2739 1142 vestras

181 1157 293 1225 die
341 1154 659 1225 sabbati:
717 1156 981 1224 tamdiu
1029 1156 1243 1224 teneri
1313 1158 1572 1248 potuit,
1640 1158 1978 1244 quamdiu
2028 1158 2245 1250 legem
2299 1159 2496 1230 licuit
2535 1162 2738 1248 juxta

186 1245 459 1314 literam
510 1243 863 1313 custodiri.
904 1249 979 1314 At
1026 1258 1391 1335 postquam
1442 1247 1662 1337 gratia
1700 1247 2191 1337 omnipotentis
2225 1249 2488 1318 Domini
2517 1250 2736 1319 nostri

185 1339 350 1403 Jesu
399 1332 654 1402 Christi
702 1332 1046 1422 apparuit,
1104 1348 1467 1425 praecepta
1535 1334 1706 1425 legis
1770 1358 1947 1423 quae
2012 1359 2135 1426 per
2198 1338 2493 1427 figuram
2552 1339 2738 1408 dicta

185 1436 374 1502 sunt,
422 1423 623 1512 juxta
682 1421 949 1491 literam
1001 1423 1258 1491 servari
1307 1446 1444 1493 non
1496 1438 1809 1514 possunt.
1864 1431 2030 1494 Nam
2082 1427 2141 1496 si
2188 1426 2347 1512 quis
2394 1427 2562 1497 dicit
2607 1428 2737 1497 hoc

186 1511 275 1580 de
305 1511 597 1580 sabbato
646 1532 793 1580 esse
841 1510 1282 1594 servandum,
1336 1512 1518 1582 dicat
1568 1534 1842 1583 necesse
1889 1527 2012 1595 est,
2051 1515 2256 1583 etiam
2290 1516 2596 1585 carnalia
2626 1538 2738 1585 sa-

187 1599 459 1670 crificia
508 1599 980 1689 persolvenda,
1037 1601 1218 1670 dicat
1269 1613 1711 1691 praeceptum
1753 1623 2028 1689 quoque
2074 1602 2160 1672 de
2206 1604 2738 1674 circumcisione

187 1688 505 1779 corporis
552 1688 1005 1774 adhucusque
1053 1690 1515 1771 retinendum,
1569 1690 1689 1759 sed
1739 1705 1977 1761 contra
2018 1713 2088 1761 se
2136 1692 2424 1762 Paulum
2459 1698 2740 1784 Aposto-

185 1776 337 1847 lum
388 1775 630 1846 audiat
657 1777 1036 1846 dicentem:
1089 1781 1167 1847 Si
1194 1780 1794 1858 circumcidamini,
1836 1782 2137 1851 Christ-as
2173 1784 2353 1850 vobis
2383 1784 2559 1852 nihil
2587 1807 2740 1873 pro-

190 1867 336 1935 dest
384 1867 647 1955 (Galat.
700 1866 815 1954 vi).
856 1871 986 1935 Nos
1034 1866 1264 1953 itaque
1310 1868 1463 1948 hoc,
1517 1868 1702 1954 quod
1751 1868 1835 1936 de
1876 1869 2160 1938 sabbato
2218 1870 2554 1960 scriptum
2604 1883 2730 1952 est,

193 1954 654 2045 spiritualiter
699 1954 1108 2044 accipimus,
1173 1956 1623 2045 spiritualiter
1680 1957 2079 2028 retinemus.
2129 1959 2500 2028 Sabbatum
2551 1960 2738 2028 enim

192 2044 471 2129 requies
518 2043 795 2113 dicitur.
830 2049 1078 2112 Verum
1129 2058 1356 2113 autem
1393 2045 1782 2126 sabbatum,
1821 2046 2051 2136 ipsum
2088 2046 2583 2137 redemptorem
2613 2069 2738 2115 no-

194 2143 420 2200 strum
472 2137 708 2201 Jesum
766 2132 1111 2201 Christum
1169 2133 1537 2202 Dominum
1598 2133 1960 2204 habemus.
2014 2140 2091 2203 Et
2136 2135 2258 2221 qui
2303 2136 2527 2204 lucem
2577 2136 2738 2205 fidei

194 2220 351 2307 ejus
399 2219 774 2321 cognoscit,
814 2221 872 2289 si
915 2232 1191 2311 peccata
1238 2222 1835 2311 concupiscentiae
1868 2223 1952 2290 ad
2004 2237 2299 2291 mentem
2355 2246 2475 2314 per
2502 2224 2740 2295 oculos

197 2309 432 2388 trahit,
477 2331 545 2378 1n
582 2310 692 2377 die
731 2311 999 2379 sabbati
1046 2331 1256 2380 onera
1302 2332 1425 2399 per
1473 2322 1703 2400 portas
1732 2310 2128 2380 introducit.
2166 2317 2308 2381 Non
2340 2334 2501 2413 ergo
2527 2312 2595 2381 in
2627 2313 2738 2382 die

186 2398 469 2468 sabbati
517 2419 726 2467 onera
771 2421 893 2488 per
942 2412 1173 2489 portas
1220 2398 1753 2479 introducimu5‚
1794 2400 1852 2470 si
1901 2399 1970 2467 in
1999 2399 2472 2491 Redemptoris
2523 2401 2739 2471 nostri

190 2487 420 2578 gratia
469 2487 846 2569 constituti,
883 2488 1187 2578 pondera
1236 2489 1496 2581 peccati
1544 2488 1631 2557 ad
1673 2489 1975 2558 animam
2037 2512 2158 2580 per
2210 2512 2455 2561 sensus
2501 2513 2741 2582 corpo-

186 2597 351 2647 reos
399 2598 538 2644 non
591 2576 971 2646 trahamus,
1040 2583 1205 2647 Nam
1275 2578 1456 2647 idem
1510 2578 1843 2649 Dominus
1892 2600 1970 2647 ac
2037 2579 2426 2669 redemptor
2483 2594 2733 2661 noster,

192 2665 421 2734 multa
470 2666 541 2733 in
595 2665 707 2734 die
755 2666 1021 2735 sabbati
1074 2666 1321 2756 legitur
1367 2679 1714 2757 operatuS,
1763 2668 1857 2736 ita
1902 2680 1978 2735 ut
2023 2668 2324 2737 Judaeos
2374 2669 2742 2758 reprehen-

186 2754 409 2834 deret,
457 2753 739 2822 dicens:
795 2756 959 2836 Quis
1001 2767 1290 2824 vestrum
1332 2758 1556 2825 bovem
1586 2768 1707 2825 aut
1747 2758 2013 2825 asinum
2059 2780 2256 2826 suum
2288 2781 2419 2827 non
2441 2760 2639 2826 solvit
2669 2760 2741 2826 in

187 2845 305 2912 die
350 2844 637 2919 sabbati,
687 2854 751 2911 et
798 2844 982 2911 ducit
1030 2846 1433 2935 adaquare?
1481 2845 1549 2914 Si
1597 2866 1759 2935 ergo
1808 2845 1960 2944 ipsa
2011 2867 2131 2935 per
2178 2868 2251 2914 se
2299 2847 2557 2917 Veritas
2602 2868 2741 2915 non

188 2931 532 3001 custodiri
576 2931 775 3018 juxta
825 2931 1088 3003 literam
1125 2933 1487 3003 sabbatum
1540 2947 1907 3024 praecepit,
1952 2935 2269 3021 quisquis
2299 2936 2559 3006 otiosus
2590 2935 2745 3004 sab-

192 3020 438 3089 batum
494 3020 879 3090 secundum
932 3020 992 3089 le
1045 3020 1102 3090 is
1151 3022 1417 3091 literam
1467 3023 1786 3103 custodit,
1835 3023 1948 3091 cui
1996 3023 2214 3105 alteri,
2255 3023 2389 3095 nisi
2439 3025 2571 3114 ipsi
2621 3030 2743 3093 Ve-

187 3109 380 3178 ritati
427 3108 876 3178 contradicit?
945 3115 992 3178 A
1029 3109 1145 3178 iud
1194 3132 1466 3197 quoque
1515 3111 1600 3179 ad
1669 3132 1778 3179 me
1836 3110 2177 3202 perlatum
2243 3126 2383 3194 est,
2462 3113 2653 3184 vobis
2702 3136 2742 3182 a

238 3198 540 3267 erversis
585 3196 990 3267 hominibus
1028 3219 1177 3267 esse
1225 3199 1722 3289 praedicatum,
1759 3213 1837 3268 ut
1876 3201 2388 3270 Dominicorum
2437 3201 2550 3270 die
2583 3202 2742 3270 nul-

216 3309 307 3356 us
354 3286 601 3356 debeat
651 3285 886 3355 lavari.
923 3292 1000 3356 Et
1045 3286 1322 3374 quidem
1376 3288 1434 3358 si
1492 3311 1616 3378 pro
1665 3287 1834 3357 luxu
1882 3289 2101 3359 animi
2147 3302 2350 3376 atque
2396 3290 2742 3381 voluptate

181 3376 351 3462 quis
383 3374 596 3444 lavari
628 3375 909 3465 appetit,
948 3375 1076 3444 hoc
1105 3376 1254 3445 fieri
1285 3399 1409 3446 nec
1440 3376 1704 3464 reliquo
1722 3377 2027 3463 quolibet
2052 3377 2162 3446 die
2179 3378 2629 3448 concedimus
2643 3379 2734 3448 ⁴²⁴².

184 3463 264 3534 Si
310 3477 541 3533 autem
597 3486 719 3553 pro
768 3465 1169 3534 necessitate
1214 3465 1544 3556 corporis,
1600 3466 1729 3535 hoc
1780 3488 1904 3536 nec
1955 3467 2309 3536 Dominico
2346 3467 2457 3535 die
2505 3468 2743 3558 prohi-

180 3553 463 3622 bemuS.
526 3553 870 3642 Scriptum
920 3554 1177 3644 quippe
1236 3567 1369 3623 est:
1422 3559 1624 3624 Nemo
1671 3578 1972 3646 unquam
2021 3579 2289 3625 carnem
2343 3579 2538 3625 suam
2593 3558 2741 3625 odio

183 3642 414 3721 habet,
450 3642 570 3710 sed
597 3644 811 3710 nutrit
840 3653 903 3711 et
948 3646 1123 3730 fovet
1158 3666 1306 3712 eam
1338 3644 1618 3734 (Ephes.
1656 3643 1746 3732 v).
1786 3649 1864 3713 Et
1892 3667 2175 3714 rursum
2215 3645 2549 3735 scriptum
2599 3657 2736 3714 est:

187 3732 437 3802 Carnis
466 3753 701 3799 curam
730 3754 811 3799 ne
841 3733 1135 3818 feceritis
1174 3734 1246 3801 in
1303 3734 1850 3822 concupiscentiis
1876 3733 2092 3833 (Rom.
2128 3733 2296 3821 xm).
2352 3733 2481 3816 Qui
2532 3734 2745 3825 igitur

183 3819 425 3889 carnis
473 3841 717 3889 curam
766 3819 835 3888 in
885 3821 1468 3909 concupiscentiis
1514 3821 1665 3889 fieri
1712 3822 2049 3911 prohibet,
2121 3822 2419 3911 profecto
2488 3821 2557 3891 in
2626 3844 2746 3892 ne-

184 3908 634 3979 cessitatibus
680 3908 1018 3978 concedit.
1093 3914 1257 3979 Nam
1323 3910 1382 3979 si
1449 3908 1962 3979 Dominicorum
2031 3909 2142 3980 die
2207 3932 2460 4001 corpus
2520 3910 2749 3981 lavare

280 4008 559 4066 ccatum
606 4008 731 4076 est,
772 3996 988 4066 lavari
1032 4020 1194 4090 ergo
1242 3999 1355 4067 die
1401 3998 1642 4068 eodem
1692 4019 1818 4068 nec
1869 3998 2077 4069 facies
2136 3999 2357 4070 debet.
2399 4000 2466 4070 Si
2515 4013 2745 4070 autem

233 4109 323 4156 oc
380 4086 454 4154 in
502 4085 813 4176 corporis
854 4100 1044 4176 parte
1098 4087 1522 4169 conceditur,
1577 4109 1704 4157 cur
1752 4087 1904 4171 hoc,
1961 4087 2267 4178 exigente
2315 4090 2740 4171 necessitate,

187 4176 308 4245 toti
364 4174 637 4263 corpori
684 4174 1103 4265 denegetur?
1150 4176 1670 4246 Dominicorum
1723 4197 1890 4259 ‚vero
1938 4175 2050 4246 die
2100 4199 2140 4246 a
2202 4177 2431 4248 labore
2481 4190 2747 4249 terreno

184 4263 613 4333 cessandum
661 4276 785 4346 est,
838 4277 1042 4353 atque
1086 4265 1486 4336 omnimodo
1532 4264 1963 4336 orationibus
2013 4266 2520 4338 insistendum:
2567 4279 2645 4338 ut
2686 4267 2744 4336 si

245 4429 273 4448 ³*
303 4427 335 4465 J
339 4426 657 4468 adstantium
678 4427 804 4467 inter
824 4428 1116 4469 Christianos
1135 4429 1391 4471 Sabbatum
1410 4428 1645 4480 reprobat.

244 4481 300 4508 ¹¹*
323 4480 457 4527 Quod
476 4482 625 4522 stulte
646 4480 839 4530 quidam
860 4484 1158 4526 autumarent
1173 4494 1259 4525 nec
1280 4495 1450 4535 corpus
1470 4486 1631 4526 lavare
1648 4484 1890 4528 Dominico
1907 4484 1986 4528 dte
2005 4486 2161 4528 licere.

360 4569 598 4626 stu-ius
642 4598 667 4611 ·
707 4566 871 4626 Vitae
910 4567 1015 4631 δ’δ’.
1072 4602 1095 4614 -
1135 4567 1262 4630 Vol.
1305 4569 1407 4633 111.
2441 4566 2507 4625 15
