3327 4999
641 324 770 389 240
1339 372 1348 378 -
1448 344 1525 391 nr.
1574 345 1629 391 s.
1684 343 1994 391 canonino
2044 343 2204 390 Para
2709 322 2955 390 MART.
3014 323 3104 387 ⁴2

552 428 986 499 vehementer
1046 426 1346 515 indigeo,
1408 439 1484 497 ut
1533 449 1848 515 quaeque
1911 427 2106 497 vobis
2172 427 2244 496 in
2296 424 2700 495 memoriam
2779 424 3098 509 redeunt,

549 537 863 605 quaeque
907 515 1308 604 cognovisse
1359 538 1474 585 vos
1533 517 1856 607 contigit,
1924 516 2098 585 mihi
2155 515 2447 585 breviter
2507 513 2852 583 indicetis.
2913 518 3100 583 Haec

552 628 739 696 ergo,
778 616 931 705 peto
967 604 1138 673 mihi
1172 606 1302 674 sub
1335 605 1679 674 celeritate
1713 605 2109 685 transmitti,
2152 604 2210 675 si
2246 617 2471 673 tamen
2505 604 2591 672 ad
2623 624 2733 671 me
2780 602 2930 693 ipse
2964 624 3108 673 non

553 692 1035 784 proficisceris
1085 693 1257 763 Hinc
1309 700 1435 764 Gre
1486 694 1676 764 orius
1724 694 2109 772 roboratus,
2146 705 2543 763 sanctorum
2595 691 2936 761 miracula
2976 697 3110 761 Pa-

556 797 737 853 trum
788 804 947 852 cum
1000 787 1194 852 Petro
1241 805 1369 852 suo
1467 785 1729 863 iacono,
1794 805 1970 870 quae
2061 805 2134 852 er
2181 782 2698 869 inquisitionem
2751 793 2953 867 atque
3002 802 3111 850 re·-

557 870 1000 962 sponsionem
1052 871 1448 961 protulerat,
1487 872 1933 962 expositionis
1962 806 2170 942 afiius
2209 870 2521 940 studium
2553 870 3103 959 interrumpenS,

557 959 702 1030 sola
752 961 1110 1028 nominum
1165 963 1679 1050 praenotatione
1739 960 2098 1041 distinxit,
2151 972 2216 1030 et
2264 960 2335 1028 in
2385 959 2599 1029 libros
2646 969 2941 1046 quatuor
2989 979 3108 1026 or·—

555 1049 839 1118 dinavit.
914 1054 993 1117 Ut
1058 1049 1237 1118 sicut
1282 1049 1352 1117 in
1417 1050 1610 1120 libris
1657 1049 2165 1140 expositionum
2215 1069 2504 1117 suarum
2539 1104 2554 1128 ,
2616 1048 2874 1134 quibus
2922 1058 3111 1117 esset

554 1137 924 1207 virtutibus
971 1137 1469 1218 insudandum,
1537 1138 1911 1208 docuerat:
1976 1139 2068 1207 ita
2108 1137 2338 1218 etiam,
2402 1136 2768 1225 descriptis
2823 1149 3101 1205 sancto·

557 1250 715 1297 rum
748 1226 1127 1306 miraculiS‚
1168 1248 1345 1313 quae
1375 1226 1707 1297 virtutum
1740 1227 1980 1297 suisset
2009 1227 2411 1295 earumdem
2444 1225 2746 1306 claritas,
2787 1224 2940 1294 luce
2966 1224 3112 1294 cla—

557 1316 706 1385 rius
737 1326 1127 1384 ostentaret.
1164 1320 1347 1397 Quos
1380 1314 1590 1387 libros
1618 1316 2000 1396 ZachariaS,
2041 1328 2316 1384 sanctae
2364 1314 2705 1384 Ecclesiae
2756 1319 3113 1382 Romanae

556 1405 949 1494 episcopus,
1011 1410 1262 1473 Graeco
1324 1406 1695 1493 Latinoque
1751 1425 2066 1474 sermone
2118 1404 2610 1484 doctissimus,
2677 1401 3112 1491 temporibus

560 1492 986 1564 Constantini
1034 1493 1515 1581 ImperatoriS,
1570 1506 1724 1583 post
1768 1514 1989 1563 annos
2036 1492 2249 1561 ferme
2308 1505 2584 1561 centum
2636 1492 3115 1581 septuaginta-

558 1582 724 1683 quin
778 1603 863 1650 ue
930 1581 1000 1649 in
1074 1586 1399 1651 Graecam
1476 1582 1791 1672 linguam
1849 1594 2298 1662 convertens,
2363 1580 2824 1650 Orientalibus
2889 1579 3116 1649 eccle·
3222 1623 3227 1627 ν

560 1671 683 1742 siis
779 1669 1130 1760 ivulgavit:
1167 1670 1494 1753 Quamvis
1541 1684 1770 1741 astuta
1815 1675 2228 1741 Graecorum
2281 1670 2732 1760 perversitas,
2801 1668 2875 1736 in
2916 1690 3113 1737 com-

560 1758 1056 1828 memoratione
1130 1759 1424 1849 Spiritus
1488 1760 1717 1829 Sancti
1765 1782 1801 1828 a
1854 1765 2047 1829 Patre
2096 1758 2573 1850 procedentis,
2636 1778 2884 1826 nomen
2956 1756 3116 1826 Filii

560 1850 861 1938 suaptim
913 1848 1162 1916 radens
1208 1847 1588 1918 abstulerit.
1637 1848 1937 1917 Primam
1987 1869 2263 1934 quoque
2310 1859 2375 1916 et
2421 1846 2739 1916 ultimam
2791 1846 3112 1915 Ezechie-

560 1936 647 2007 lis
696 1936 1066 2036 prophetae
1113 1949 1364 2027 parteS‚
1411 1959 1587 2023 quae
1636 1937 2048 2007 videbantur
2092 1938 2547 2014 obscuriores,
2602 1934 2931 2005 Romanis
2982 1956 3108 2024 po-

561 2024 981 2095 stulantibus
1032 2027 1485 2114 pertractavit,
1524 2046 1778 2113 easque
1829 2048 1948 2116 per
1995 2025 2329 2095 Homilias
2376 2023 2618 2114 viginti
2664 2034 2730 2092 et
2776 2022 2952 2093 duas
3001 2023 3110 2091 di-

562 2114 949 2203 stinguens.
1002 2127 1339 2200 quantum
1393 2114 1570 2186 lucis
1618 2115 1808 2185 intus
1856 2115 2174 2193 habeant,
2220 2113 2734 2184 demonstravit:
2770 2124 2836 2181 et
2874 2111 2946 2180 in
2996 2112 3110 2183 his

564 2202 926 2282 tractandi,
974 2203 1152 2272 sicut
1200 2205 1527 2294 superius
1578 2205 1819 2294 patuit,
1878 2204 2086 2272 tinem
2136 2203 2358 2272 fecit.»

650 2294 686 2378 ξ
736 2296 893 2363 65.
958 2292 1089 2373 Qui
1137 2292 1298 2361 libri
1345 2293 1508 2361 dum
1562 2316 1599 2361 a
1649 2293 2046 2362 doctoribus
2086 2291 2435 2378 sequentis
2468 2290 2795 2380 temporis
2832 2302 2970 2359 tam
3006 2311 3114 2358 re—

562 2380 891 2451 ctissimis
921 2381 1277 2451 sententiis
1307 2381 1494 2462 editi,
1522 2404 1731 2467 quam
1761 2380 2315 2451 luculentissimo
2342 2378 2720 2449 rethoricae
2745 2377 3118 2448 facundiae

564 2469 741 2559 stylo
767 2470 1131 2559 compositi
1158 2470 1484 2539 veraciter
1513 2469 1914 2552 doceantur,
1953 2492 2068 2540 eos
2102 2470 2340 2539 beatus
2372 2468 2741 2559 Gregorius
2769 2489 2849 2537 ex
2880 2468 3111 2537 humi·

562 2559 774 2629 litatis
808 2580 974 2627 suae
1021 2558 1391 2628 dulcedine
1435 2559 1731 2629 incultos
1779 2560 2112 2649 perhibet,
2147 2559 2454 2628 Leandro
2500 2558 2713 2648 episc.
2751 2558 2929 2625 inter
2960 2579 3117 2626 cae-

563 2662 704 2718 tera
754 2647 1086 2717 scribens:
1126 2653 1428 2730 «Quaeso
1476 2660 1551 2716 ut
1600 2649 1812 2736 hujus
1841 2649 2069 2738 operis
2099 2648 2318 2736 (haud
2353 2647 2646 2716 dubium
2679 2646 2850 2734 quin
2893 2651 3115 2715 Mora-

563 2736 796 2825 lium)
841 2736 1024 2806 dicta
1088 2758 1543 2825 percurrenS,
1603 2737 1673 2805 in
1735 2736 1844 2806 his
1905 2737 2268 2806 verborum
2328 2736 2491 2806 folia
2554 2758 2689 2804 non
2745 2734 3105 2822 requiras:

561 2826 726 2912 quia
778 2846 895 2914 per
944 2847 1139 2893 sacra
1202 2823 1476 2911 eloquia
1535 2826 1622 2894 ab
1670 2847 1910 2895 eorum
1975 2826 2457 2896 tractatoribus
2508 2824 2974 2894 infructuosae
3013 2820 3113 2890 lo-

562 2912 927 3001 quacitatis
978 2912 1212 2982 levitas
1245 2913 1549 2985 studiose
1587 2915 2072 3005 compescitur,
2110 2914 2277 2983 dum
2316 2915 2385 2982 in
2422 2914 2679 3004 templo
2715 2914 2827 2982 Dei
2859 2931 3103 2981 nemus

563 3000 864 3102 plantari
898 3002 1338 3091 prohibetur.
1378 3007 1453 3072 Et
1498 3003 1731 3073 cuncti
1830 3002 2241 3073 roculdubio
2291 3003 2574 3083 scimus,
2628 3002 2796 3090 quia
2840 2999 3110 3089 quoties

563 3113 634 3159 in
670 3089 852 3159 foliis
891 3089 1111 3159 malae
1146 3088 1359 3159 laetae
1390 3092 1639 3181 segetis
1685 3026 1901 3161 cqui
1950 3091 2344 3183 proficiunt,
2382 3092 2634 3161 minori
2683 3089 3119 3181 plenitudine

566 3178 921 3269 spicarum
958 3201 1175 3268 grana
1208 3192 1321 3248 tur
1369 3194 1635 3250 escunt.
1679 3181 1868 3249 Unde
1914 3194 1979 3251 et
2007 3182 2232 3272 ipsam
2269 3180 2595 3268 loquendi
2625 3195 2864 3260 artem,
2903 3199 3116 3265 quam

565 3267 1044 3357 magisterium
1094 3267 1316 3359 discip
1350 3270 1502 3338 inae
1544 3270 1895 3339 exterioris
1937 3270 2269 3349 insinuat,
2308 3290 2576 3339 servare
2608 3268 2911 3359 despexi.
2948 3272 3118 3337 Nam

563 3357 744 3427 sieut
803 3356 1017 3446 hujus
1078 3379 1352 3444 quoque
1419 3380 1455 3428 e
1510 3358 1748 3428 istolae
1797 3372 1989 3429 tenor
2035 3358 2409 3439 enunciat,
2469 3380 2605 3427 non
2655 3354 3118 3426 metacismi*

565 3444 996 3516 collisionem
1033 3444 1245 3536 fugio,
1283 3469 1417 3516 non
1503 3447 1873 3519 arbarismi
1911 3447 2383 3519 confusionem
2447 3446 2695 3528 devlt0,
2735 3446 2911 3515 situs
2964 3466 3118 3513 mo-

565 3546 813 3621 tusque
930 3535 1469 3625 raepositionum
1536 3558 1880 3624 casusque
1942 3558 2211 3607 servare
2257 3547 2646 3606 contemno.
2710 3535 2886 3617 Quia
2932 3531 3124 3601 indi-

564 3644 782 3714 gnum
817 3645 891 3691 ve
945 3637 1248 3694 ementer
1278 3625 1614 3706 existimO,
1653 3639 1732 3695 ut
1774 3627 1978 3697 verba
2023 3625 2337 3696 coelestis
2384 3624 2649 3694 oraculi
2698 3622 3122 3713 restringam

564 3712 696 3781 sub
732 3712 988 3812 regulis
1022 3713 1259 3782 Donati
1284 3713 1376 3782 *ἦ
1400 3719 1626 3801 Neque
1654 3714 1840 3784 enim
1877 3715 2042 3784 haec
2072 3715 2158 3785 ab
2178 3713 2393 3785 ullius
2426 3714 2754 3804 temporis
2777 3712 3124 3800 interpre-

566 3799 754 3872 tibus
803 3823 871 3868 1n
925 3802 1316 3891 Scripturae
1363 3825 1598 3872 sacrae
1643 3802 2046 3873 auctoritate
2077 3816 2339 3874 servata
2378 3815 2563 3872 sunt.
2604 3807 2696 3870 Ex
2724 3823 2865 3889 qua
2895 3799 3115 3868 nimi-

568 3911 722 3958 rum
773 3889 938 3977 quia
987 3902 1219 3960 nostra
1264 3892 1598 3982 expositio
1646 3893 1886 3970 oritur,
1941 3892 2234 3983 dignum
2285 3891 2589 3984 profecto
2636 3904 2761 3972 est,
2796 3901 2875 3959 ut
2915 3889 3119 3976 quasi

564 3978 749 4049 edita
796 3978 1062 4050 soboles
1099 3980 1400 4071 speciem
1451 4001 1617 4050 suae
1667 3980 1907 4052 matris
1955 3981 2283 4053 imitetur.
2339 3986 2417 4051 In
2464 3979 2723 4069 quibus
2770 3977 3000 4048 verbis
3049 3998 3125 4046 a·

618 4140 646 4166 '⁸
676 4140 947 4179 Meminimus
976 4138 1337 4192 (Mytacismus).
1365 4142 1580 4192 ejusdem
1608 4141 1776 4181 literae
1795 4142 2030 4191 repetitio,
2049 4152 2302 4193 earumque
2325 4142 2509 4183 collisio
2530 4151 2586 4180 ex
2617 4148 2831 4180 occursu.

615 4192 672 4220 ¹⁸*
689 4194 756 4233 Ne
784 4194 895 4233 hinc
922 4197 1081 4234 tamen
1100 4196 1305 4235 interant
1319 4205 1560 4236 sacrorum
1589 4196 1783 4238 alumni.
1807 4198 2234 4237 Grammaticorum
2255 4197 2610 4244 Raetorumque
2634 4191 2986 4242 parvitaetenda
3015 4202 3126 4233 esse

565 4247 829 4296 praecepta.
851 4249 1147 4289 soloecismis
1176 4250 1302 4289 enim
1324 4251 1365 4289 st
1393 4250 1585 4294 scateat,
1613 4250 1930 4291 rusticitatem
1959 4250 2000 4289 si
2029 4251 2318 4298 praeseferat
2346 4251 2509 4289 nostra
2545 4248 2765 4294 elocutio,
2794 4247 3127 4288 contemtibiles

564 4309 763 4348 prorsus
781 4302 902 4349 apud
922 4301 1041 4341 tilios
1064 4303 1242 4342 saeculi
1262 4303 1342 4342 net
1364 4304 1560 4342 verbum
1582 4303 1683 4341 Dei.
1706 4303 1964 4342 venustam
1994 4305 2209 4353 nunquid
2237 4304 2469 4343 sermonis
2505 4301 2872 4341 concinnitatem
2911 4302 3123 4340 aversati

564 4357 679 4393 sunt
706 4355 926 4400 Basilius.
942 4356 1302 4403 chrysostomus
1335 4358 1381 4395 et
1406 4357 1603 4404 Magnus
1624 4356 1720 4395 Leo
1743 4357 1842 4396 1²1³?
1873 4356 1967 4396 Nec
1987 4366 2116 4402 sane,
2141 4357 2370 4407 quidquid
2392 4365 2502 4404 prae
2523 4355 2793 4395 humilitate
2816 4353 2943 4394 dicat
2978 4354 3039 4392 <lc
3071 4363 3127 4394 ae

568 4406 838 4457 Gregorius.
864 4409 1122 4448 incomtum
1151 4409 1279 4448 dices
1300 4412 1348 4448 et
1368 4411 1533 4449 rudem
1554 4409 1659 4458 ejus
1679 4411 1870 4457 stylum,
1897 4411 1994 4455 sed.
2023 4421 2130 4451 cum
2159 4411 2502 4452 sententiarum
2526 4410 2758 4458 gravitate
2789 4409 2836 4448 et
2867 4406 3126 4448 verborum

566 4459 749 4509 robore,
779 4459 921 4503 aurea
938 4462 1170 4503 nitentem
1189 4465 1237 4502 et
1255 4464 1468 4504 modesta
1487 4462 1795 4513 ingenuitate.
