<?xml version="1.0" encoding="UTF-8"?>
<!DOCTYPE html PUBLIC "-//W3C//DTD XHTML 1.0 Transitional//EN"
    "http://www.w3.org/TR/xhtml1/DTD/xhtml1-transitional.dtd">
<html xmlns="http://www.w3.org/1999/xhtml" xml:lang="en" lang="en">
 <head>
  <title>
</title>
<meta http-equiv="Content-Type" content="text/html;charset=utf-8" />
  <meta name='ocr-system' content='tesseract 3.04.00' />
  <meta name='ocr-capabilities' content='ocr_page ocr_carea ocr_par ocr_line ocrx_word'/>
</head>
<body>
  <div class='ocr_page' id='page_1' title='image "./historiaeseuvit04lippgoog_0360.png"; bbox 0 0 3327 4999; ppageno 0'>
   <div class='ocr_carea' id='block_1_1' title="bbox 657 347 3118 414">
    <p class='ocr_par' dir='ltr' id='par_1_1' title="bbox 657 347 3118 414">
     <span class='ocr_line' id='line_1_1' title="bbox 657 347 3118 414; baseline -0 -2"><span class='ocrx_word' id='word_1_1' title='bbox 657 348 784 414; x_wconf 82' lang='lat'>346</span> <span class='ocrx_word' id='word_1_2' title='bbox 2725 347 2970 412; x_wconf 80' lang='lat' dir='ltr'><strong>MART.</strong></span> <span class='ocrx_word' id='word_1_3' title='bbox 3028 348 3118 412; x_wconf 68' lang='lat'>⁴8</span> 
     </span>
    </p>
   </div>
   <div class='ocr_carea' id='block_1_2' title="bbox 829 497 2841 601">
    <p class='ocr_par' dir='ltr' id='par_1_2' title="bbox 829 497 2841 601">
     <span class='ocr_line' id='line_1_2' title="bbox 829 497 2841 601; baseline 0.001 -2"><span class='ocrx_word' id='word_1_4' title='bbox 829 499 1066 600; x_wconf 83' lang='lat' dir='ltr'>VITA</span> <span class='ocrx_word' id='word_1_5' title='bbox 1117 498 1193 599; x_wconf 91' lang='lat' dir='ltr'>S.</span> <span class='ocrx_word' id='word_1_6' title='bbox 1267 498 1675 600; x_wconf 85' lang='lat' dir='ltr'>CYRILLI</span> <span class='ocrx_word' id='word_1_7' title='bbox 1732 499 2045 600; x_wconf 87' lang='lat' dir='ltr'>EPlSC.</span> <span class='ocrx_word' id='word_1_8' title='bbox 2115 497 2841 601; x_wconf 82' lang='lat' dir='ltr'>JEROSOLYMIT.</span> 
     </span>
    </p>
   </div>
   <div class='ocr_carea' id='block_1_3' title="bbox 750 738 2924 798">
    <p class='ocr_par' dir='ltr' id='par_1_3' title="bbox 750 738 2924 798">
     <span class='ocr_line' id='line_1_3' title="bbox 750 738 2924 798; baseline 0 -11"><span class='ocrx_word' id='word_1_9' title='bbox 750 741 924 798; x_wconf 70' lang='lat' dir='ltr'><strong>QUAM</strong></span> <span class='ocrx_word' id='word_1_10' title='bbox 972 742 1049 787; x_wconf 82' lang='lat' dir='ltr'>Ex</span> <span class='ocrx_word' id='word_1_11' title='bbox 1096 738 1487 789; x_wconf 78' lang='lat' dir='ltr'>ECCLESIAST.</span> <span class='ocrx_word' id='word_1_12' title='bbox 1541 741 1706 788; x_wconf 83' lang='lat' dir='ltr'>ms‘r.</span> <span class='ocrx_word' id='word_1_13' title='bbox 1762 739 1997 788; x_wconf 84' lang='lat' dir='ltr'>SCRIPT.</span> <span class='ocrx_word' id='word_1_14' title='bbox 2042 738 2336 788; x_wconf 85' lang='lat' dir='ltr'>COLLEGIT</span> <span class='ocrx_word' id='word_1_15' title='bbox 2381 739 2520 788; x_wconf 79' lang='lat' dir='ltr'>Jofl.</span> <span class='ocrx_word' id='word_1_16' title='bbox 2577 738 2924 787; x_wconf 83' lang='lat' dir='ltr'>GRODECIUS</span> 
     </span>
    </p>
   </div>
   <div class='ocr_carea' id='block_1_4' title="bbox 1181 918 2506 978">
    <p class='ocr_par' dir='ltr' id='par_1_4' title="bbox 1181 918 2506 978">
     <span class='ocr_line' id='line_1_4' title="bbox 1181 918 2506 978; baseline 0.001 -4"><span class='ocrx_word' id='word_1_17' title='bbox 1181 918 1387 975; x_wconf 81' lang='lat' dir='ltr'>sedit.</span> <span class='ocrx_word' id='word_1_18' title='bbox 1422 933 1636 977; x_wconf 80' lang='lat' dir='ltr'>annos</span> <span class='ocrx_word' id='word_1_19' title='bbox 1678 922 1782 978; x_wconf 82' lang='lat'>36.</span> <span class='ocrx_word' id='word_1_20' title='bbox 1814 949 1894 961; x_wconf 93' lang='lat'>—</span> <span class='ocrx_word' id='word_1_21' title='bbox 1922 919 2108 976; x_wconf 80' lang='lat' dir='ltr'><strong>Obiit</strong></span> <span class='ocrx_word' id='word_1_22' title='bbox 2143 934 2320 976; x_wconf 83' lang='lat' dir='ltr'>anno</span> <span class='ocrx_word' id='word_1_23' title='bbox 2361 921 2506 975; x_wconf 82' lang='grc'><strong>386.</strong></span> 
     </span>
    </p>
   </div>
   <div class='ocr_carea' id='block_1_5' title="bbox 554 1060 3114 4349">
    <p class='ocr_par' dir='ltr' id='par_1_5' title="bbox 554 1060 3114 4349">
     <span class='ocr_line' id='line_1_5' title="bbox 653 1060 3088 1149; baseline -0.001 -18"><span class='ocrx_word' id='word_1_24' title='bbox 653 1061 689 1146; x_wconf 67' lang='grc' dir='ltr'>ἓ</span> <span class='ocrx_word' id='word_1_25' title='bbox 736 1065 812 1131; x_wconf 80' lang='lat'>1.</span> <span class='ocrx_word' id='word_1_26' title='bbox 882 1060 1176 1143; x_wconf 80' lang='lat' dir='ltr'>Cyrillus</span> <span class='ocrx_word' id='word_1_27' title='bbox 1240 1061 1858 1149; x_wconf 81' lang='lat' dir='ltr'>Jerosolymitanus</span> <span class='ocrx_word' id='word_1_28' title='bbox 1915 1062 2091 1130; x_wconf 91' lang='lat' dir='ltr'>inter</span> <span class='ocrx_word' id='word_1_29' title='bbox 2135 1073 2392 1130; x_wconf 89' lang='lat' dir='ltr'>veteres</span> <span class='ocrx_word' id='word_1_30' title='bbox 2441 1060 2780 1129; x_wconf 77' lang='lat' dir='ltr'>Ecclesiae</span> <span class='ocrx_word' id='word_1_31' title='bbox 2826 1064 3088 1140; x_wconf 77' lang='lat' dir='ltr'>Patres.</span> 
     </span>
     <span class='ocr_line' id='line_1_6' title="bbox 566 1149 3104 1240; baseline 0 -22"><span class='ocrx_word' id='word_1_32' title='bbox 566 1159 839 1218; x_wconf 86' lang='lat' dir='ltr'>sanctos</span> <span class='ocrx_word' id='word_1_33' title='bbox 907 1149 1059 1217; x_wconf 91' lang='lat' dir='ltr'>illos</span> <span class='ocrx_word' id='word_1_34' title='bbox 1126 1171 1279 1219; x_wconf 90' lang='lat' dir='ltr'>vere</span> <span class='ocrx_word' id='word_1_35' title='bbox 1325 1150 1708 1219; x_wconf 80' lang='lat' dir='ltr'>Catholicae</span> <span class='ocrx_word' id='word_1_36' title='bbox 1753 1162 1818 1219; x_wconf 89' lang='lat' dir='ltr'>et</span> <span class='ocrx_word' id='word_1_37' title='bbox 1865 1150 2283 1240; x_wconf 79' lang='lat' dir='ltr'>Apostolicae</span> <span class='ocrx_word' id='word_1_38' title='bbox 2330 1150 2679 1219; x_wconf 85' lang='lat' dir='ltr'>doctrinae</span> <span class='ocrx_word' id='word_1_39' title='bbox 2726 1161 3104 1220; x_wconf 79' lang='lat' dir='ltr'><strong>assertores</strong></span> 
     </span>
     <span class='ocr_line' id='line_1_7' title="bbox 564 1237 3112 1328; baseline 0 -22"><span class='ocrx_word' id='word_1_40' title='bbox 564 1259 644 1306; x_wconf 89' lang='lat' dir='ltr'>ac</span> <span class='ocrx_word' id='word_1_41' title='bbox 696 1251 1262 1328; x_wconf 84' lang='lat' dir='ltr'>propugnatoreS,</span> <span class='ocrx_word' id='word_1_42' title='bbox 1317 1237 1750 1307; x_wconf 87' lang='lat' dir='ltr'>clarissimus</span> <span class='ocrx_word' id='word_1_43' title='bbox 1795 1240 2087 1308; x_wconf 80' lang='lat' dir='ltr'>Antistes</span> <span class='ocrx_word' id='word_1_44' title='bbox 2138 1253 2551 1308; x_wconf 88' lang='lat' dir='ltr'>recensetur.</span> <span class='ocrx_word' id='word_1_45' title='bbox 2591 1244 2757 1306; x_wconf 89' lang='lat' dir='ltr'>Nam</span> <span class='ocrx_word' id='word_1_46' title='bbox 2806 1250 2870 1306; x_wconf 86' lang='lat' dir='ltr'>et</span> <span class='ocrx_word' id='word_1_47' title='bbox 2918 1260 3112 1307; x_wconf 86' lang='lat' dir='ltr'>com-</span> 
     </span>
     <span class='ocr_line' id='line_1_8' title="bbox 564 1325 3111 1416; baseline 0.001 -24"><span class='ocrx_word' id='word_1_48' title='bbox 564 1325 887 1416; x_wconf 81' lang='lat' dir='ltr'>pluribus</span> <span class='ocrx_word' id='word_1_49' title='bbox 935 1349 1015 1395; x_wconf 82' lang='lat' dir='ltr'>ex</span> <span class='ocrx_word' id='word_1_50' title='bbox 1063 1327 1202 1396; x_wconf 90' lang='lat' dir='ltr'>illis</span> <span class='ocrx_word' id='word_1_51' title='bbox 1252 1328 1591 1397; x_wconf 79' lang='lat' dir='ltr'>Ecclesiae</span> <span class='ocrx_word' id='word_1_52' title='bbox 1638 1327 1983 1398; x_wconf 89' lang='lat' dir='ltr'>columnis</span> <span class='ocrx_word' id='word_1_53' title='bbox 2043 1329 2375 1414; x_wconf 88' lang='lat' dir='ltr'>aequalis,</span> <span class='ocrx_word' id='word_1_54' title='bbox 2432 1326 2668 1396; x_wconf 89' lang='lat' dir='ltr'>multis</span> <span class='ocrx_word' id='word_1_55' title='bbox 2716 1326 2926 1395; x_wconf 88' lang='lat' dir='ltr'>etiam</span> <span class='ocrx_word' id='word_1_56' title='bbox 2978 1348 3111 1395; x_wconf 88' lang='lat' dir='ltr'>an—</span> 
     </span>
     <span class='ocr_line' id='line_1_9' title="bbox 565 1414 3108 1501; baseline -0 -17"><span class='ocrx_word' id='word_1_57' title='bbox 565 1415 817 1501; x_wconf 89' lang='lat' dir='ltr'>tiquior</span> <span class='ocrx_word' id='word_1_58' title='bbox 864 1414 1014 1484; x_wconf 85' lang='lat' dir='ltr'>suit:</span> <span class='ocrx_word' id='word_1_59' title='bbox 1066 1416 1448 1485; x_wconf 79' lang='lat' dir='ltr'>doctrinam</span> <span class='ocrx_word' id='word_1_60' title='bbox 1484 1438 1640 1484; x_wconf 91' lang='lat' dir='ltr'>vero</span> <span class='ocrx_word' id='word_1_61' title='bbox 1674 1416 2122 1485; x_wconf 81' lang='lat' dir='ltr'>orthodoxam</span> <span class='ocrx_word' id='word_1_62' title='bbox 2169 1437 2610 1486; x_wconf 89' lang='lat' dir='ltr'>communem</span> <span class='ocrx_word' id='word_1_63' title='bbox 2661 1437 2823 1483; x_wconf 89' lang='lat' dir='ltr'>cum</span> <span class='ocrx_word' id='word_1_64' title='bbox 2874 1416 3108 1483; x_wconf 89' lang='lat' dir='ltr'>omni-</span> 
     </span>
     <span class='ocr_line' id='line_1_10' title="bbox 563 1504 3114 1595; baseline 0 -22"><span class='ocrx_word' id='word_1_65' title='bbox 563 1504 697 1573; x_wconf 90' lang='lat' dir='ltr'>bus</span> <span class='ocrx_word' id='word_1_66' title='bbox 743 1504 1096 1574; x_wconf 78' lang='lat' dir='ltr'>catholicis</span> <span class='ocrx_word' id='word_1_67' title='bbox 1133 1505 1447 1574; x_wconf 89' lang='lat' dir='ltr'>habebat.</span> <span class='ocrx_word' id='word_1_68' title='bbox 1490 1505 1746 1573; x_wconf 86' lang='lat' dir='ltr'>Claruit</span> <span class='ocrx_word' id='word_1_69' title='bbox 1779 1506 2202 1595; x_wconf 77' lang='lat' dir='ltr'>temporibus</span> <span class='ocrx_word' id='word_1_70' title='bbox 2247 1504 2620 1575; x_wconf 86' lang='lat' dir='ltr'>Constantii</span> <span class='ocrx_word' id='word_1_71' title='bbox 2661 1504 3114 1594; x_wconf 83' lang='lat' dir='ltr'>Imperatoris</span> 
     </span>
     <span class='ocr_line' id='line_1_11' title="bbox 564 1592 3114 1681; baseline 0 -20"><span class='ocrx_word' id='word_1_72' title='bbox 564 1604 631 1661; x_wconf 87' lang='lat' dir='ltr'>et</span> <span class='ocrx_word' id='word_1_73' title='bbox 677 1592 938 1679; x_wconf 78' lang='lat' dir='ltr'>aliquot</span> <span class='ocrx_word' id='word_1_74' title='bbox 987 1593 1135 1681; x_wconf 86' lang='lat' dir='ltr'>ejus</span> <span class='ocrx_word' id='word_1_75' title='bbox 1178 1615 1680 1673; x_wconf 80' lang='lat' dir='ltr'>successorum:</span> <span class='ocrx_word' id='word_1_76' title='bbox 1715 1593 1896 1680; x_wconf 91' lang='lat' dir='ltr'>quod</span> <span class='ocrx_word' id='word_1_77' title='bbox 1950 1595 2186 1662; x_wconf 88' lang='lat' dir='ltr'>multis</span> <span class='ocrx_word' id='word_1_78' title='bbox 2234 1594 2304 1662; x_wconf 93' lang='lat' dir='ltr'>in</span> <span class='ocrx_word' id='word_1_79' title='bbox 2357 1593 2525 1662; x_wconf 90' lang='lat' dir='ltr'>locis</span> <span class='ocrx_word' id='word_1_80' title='bbox 2573 1592 2888 1681; x_wconf 89' lang='lat' dir='ltr'>plerique</span> <span class='ocrx_word' id='word_1_81' title='bbox 2933 1593 3114 1662; x_wconf 85' lang='lat' dir='ltr'>scri·-</span> 
     </span>
     <span class='ocr_line' id='line_1_12' title="bbox 570 1681 3114 1770; baseline 0 -21"><span class='ocrx_word' id='word_1_82' title='bbox 570 1692 796 1770; x_wconf 89' lang='lat' dir='ltr'>ptores</span> <span class='ocrx_word' id='word_1_83' title='bbox 846 1681 1357 1750; x_wconf 89' lang='lat' dir='ltr'>Ecclesiasticae</span> <span class='ocrx_word' id='word_1_84' title='bbox 1404 1682 1767 1761; x_wconf 76' lang='lat' dir='ltr'>historiae,</span> <span class='ocrx_word' id='word_1_85' title='bbox 1836 1694 1910 1751; x_wconf 85' lang='lat' dir='ltr'>ut</span> <span class='ocrx_word' id='word_1_86' title='bbox 1960 1687 2306 1764; x_wconf 86' lang='lat' dir='ltr'>Socrates,</span> <span class='ocrx_word' id='word_1_87' title='bbox 2361 1681 3114 1761; x_wconf 76' lang='lat' dir='ltr'>TheodoretuS,.Sozo-</span> 
     </span>
     <span class='ocr_line' id='line_1_13' title="bbox 568 1769 3113 1871; baseline 0.001 -34"><span class='ocrx_word' id='word_1_88' title='bbox 568 1780 816 1839; x_wconf 80' lang='lat' dir='ltr'>me‘nus</span> <span class='ocrx_word' id='word_1_89' title='bbox 864 1782 928 1838; x_wconf 91' lang='lat' dir='ltr'>et</span> <span class='ocrx_word' id='word_1_90' title='bbox 975 1770 1089 1838; x_wconf 90' lang='lat' dir='ltr'>alii</span> <span class='ocrx_word' id='word_1_91' title='bbox 1141 1770 1633 1851; x_wconf 84' lang='lat' dir='ltr'>demonstrant,</span> <span class='ocrx_word' id='word_1_92' title='bbox 1680 1783 1744 1839; x_wconf 88' lang='lat' dir='ltr'>et</span> <span class='ocrx_word' id='word_1_93' title='bbox 1785 1770 2230 1840; x_wconf 86' lang='lat' dir='ltr'>honorificam</span> <span class='ocrx_word' id='word_1_94' title='bbox 2284 1792 2553 1871; x_wconf 88' lang='lat' dir='ltr'>semper</span> <span class='ocrx_word' id='word_1_95' title='bbox 2600 1770 2792 1838; x_wconf 91' lang='lat' dir='ltr'>illius</span> <span class='ocrx_word' id='word_1_96' title='bbox 2840 1769 3113 1840; x_wconf 82' lang='lat' dir='ltr'>faciunt</span> 
     </span>
     <span class='ocr_line' id='line_1_14' title="bbox 569 1858 3108 1949; baseline 0.001 -24"><span class='ocrx_word' id='word_1_97' title='bbox 569 1858 1015 1927; x_wconf 84' lang='lat' dir='ltr'>mentionem.</span> <span class='ocrx_word' id='word_1_98' title='bbox 1072 1863 1121 1926; x_wconf 87' lang='grc' dir='ltr'>Α</span> <span class='ocrx_word' id='word_1_99' title='bbox 1166 1859 1422 1944; x_wconf 88' lang='lat' dir='ltr'>quibus</span> <span class='ocrx_word' id='word_1_100' title='bbox 1468 1860 1669 1928; x_wconf 86' lang='lat' dir='ltr'>etiam</span> <span class='ocrx_word' id='word_1_101' title='bbox 1725 1859 2144 1949; x_wconf 77' lang='lat' dir='ltr'>Nicephorus</span> <span class='ocrx_word' id='word_1_102' title='bbox 2193 1860 2258 1928; x_wconf 92' lang='lat' dir='ltr'>id</span> <span class='ocrx_word' id='word_1_103' title='bbox 2311 1862 2680 1948; x_wconf 81' lang='lat' dir='ltr'>accipienS,</span> <span class='ocrx_word' id='word_1_104' title='bbox 2733 1870 2800 1926; x_wconf 89' lang='lat' dir='ltr'>et</span> <span class='ocrx_word' id='word_1_105' title='bbox 2848 1859 3108 1928; x_wconf 88' lang='lat' dir='ltr'>catalo-</span> 
     </span>
     <span class='ocr_line' id='line_1_15' title="bbox 567 1947 3104 2037; baseline 0 -22"><span class='ocrx_word' id='word_1_106' title='bbox 567 1969 735 2037; x_wconf 84' lang='lat' dir='ltr'>gum</span> <span class='ocrx_word' id='word_1_107' title='bbox 779 1952 1081 2026; x_wconf 88' lang='lat' dir='ltr'>Patrum,</span> <span class='ocrx_word' id='word_1_108' title='bbox 1120 1948 1238 2033; x_wconf 92' lang='lat' dir='ltr'>qui</span> <span class='ocrx_word' id='word_1_109' title='bbox 1272 1948 1540 2016; x_wconf 82' lang='lat' dir='ltr'>circiter</span> <span class='ocrx_word' id='word_1_110' title='bbox 1572 1960 1878 2037; x_wconf 88' lang='lat' dir='ltr'>tempora</span> <span class='ocrx_word' id='word_1_111' title='bbox 1913 1947 2338 2019; x_wconf 90' lang='lat' dir='ltr'>Sardicensis</span> <span class='ocrx_word' id='word_1_112' title='bbox 2372 1947 2653 2017; x_wconf 86' lang='lat' dir='ltr'>Concilii</span> <span class='ocrx_word' id='word_1_113' title='bbox 2686 1948 3104 2028; x_wconf 83' lang='lat' dir='ltr'>floruerunt,</span> 
     </span>
     <span class='ocr_line' id='line_1_16' title="bbox 567 2035 3112 2128; baseline 0.001 -25"><span class='ocrx_word' id='word_1_114' title='bbox 567 2035 752 2121; x_wconf 90' lang='lat' dir='ltr'>quod</span> <span class='ocrx_word' id='word_1_115' title='bbox 801 2036 885 2104; x_wconf 90' lang='lat' dir='ltr'>de</span> <span class='ocrx_word' id='word_1_116' title='bbox 935 2036 1305 2105; x_wconf 86' lang='lat' dir='ltr'>Constantii</span> <span class='ocrx_word' id='word_1_117' title='bbox 1363 2048 1427 2105; x_wconf 90' lang='lat' dir='ltr'>et</span> <span class='ocrx_word' id='word_1_118' title='bbox 1475 2037 1857 2107; x_wconf 85' lang='lat' dir='ltr'>Constantis</span> <span class='ocrx_word' id='word_1_119' title='bbox 1887 2037 2231 2107; x_wconf 84' lang='lat' dir='ltr'>voluntate</span> <span class='ocrx_word' id='word_1_120' title='bbox 2262 2038 2651 2107; x_wconf 88' lang='lat' dir='ltr'>institutum</span> <span class='ocrx_word' id='word_1_121' title='bbox 2686 2049 2853 2112; x_wconf 90' lang='lat' dir='ltr'>erat,</span> <span class='ocrx_word' id='word_1_122' title='bbox 2897 2037 3112 2128; x_wconf 70' lang='lat' dir='ltr'>longa</span> 
     </span>
     <span class='ocr_line' id='line_1_17' title="bbox 571 2125 3110 2216; baseline 0 -24"><span class='ocrx_word' id='word_1_123' title='bbox 571 2126 743 2192; x_wconf 82' lang='lat' dir='ltr'>serie</span> <span class='ocrx_word' id='word_1_124' title='bbox 792 2146 1176 2194; x_wconf 83' lang='lat' dir='ltr'>recensens:</span> <span class='ocrx_word' id='word_1_125' title='bbox 1230 2125 1406 2194; x_wconf 88' lang='lat' dir='ltr'>inter</span> <span class='ocrx_word' id='word_1_126' title='bbox 1451 2138 1751 2195; x_wconf 88' lang='lat' dir='ltr'>caeteros</span> <span class='ocrx_word' id='word_1_127' title='bbox 1800 2127 2117 2213; x_wconf 84' lang='lat' dir='ltr'>aequales</span> <span class='ocrx_word' id='word_1_128' title='bbox 2166 2125 2421 2216; x_wconf 79' lang='lat' dir='ltr'>cyrilli,</span> <span class='ocrx_word' id='word_1_129' title='bbox 2464 2148 2575 2195; x_wconf 92' lang='lat' dir='ltr'>ma</span> <span class='ocrx_word' id='word_1_130' title='bbox 2631 2146 2754 2193; x_wconf 90' lang='lat' dir='ltr'>nae</span> <span class='ocrx_word' id='word_1_131' title='bbox 2802 2126 3110 2194; x_wconf 87' lang='lat' dir='ltr'>auctori-</span> 
     </span>
     <span class='ocr_line' id='line_1_18' title="bbox 568 2211 3109 2285; baseline 0 -3"><span class='ocrx_word' id='word_1_132' title='bbox 568 2213 725 2282; x_wconf 82' lang='lat' dir='ltr'>tatis</span> <span class='ocrx_word' id='word_1_133' title='bbox 771 2236 913 2282; x_wconf 91' lang='lat' dir='ltr'>una</span> <span class='ocrx_word' id='word_1_134' title='bbox 961 2237 1118 2282; x_wconf 91' lang='lat' dir='ltr'>cum</span> <span class='ocrx_word' id='word_1_135' title='bbox 1171 2211 1288 2282; x_wconf 90' lang='lat' dir='ltr'>illo</span> <span class='ocrx_word' id='word_1_136' title='bbox 1335 2226 1399 2283; x_wconf 88' lang='lat' dir='ltr'>et</span> <span class='ocrx_word' id='word_1_137' title='bbox 1445 2214 1869 2285; x_wconf 88' lang='lat' dir='ltr'>clarissimos</span> <span class='ocrx_word' id='word_1_138' title='bbox 1935 2215 2146 2285; x_wconf 85' lang='lat' dir='ltr'>fuisse</span> <span class='ocrx_word' id='word_1_139' title='bbox 2211 2214 2506 2284; x_wconf 85' lang='lat' dir='ltr'>sanioris</span> <span class='ocrx_word' id='word_1_140' title='bbox 2614 2213 2918 2283; x_wconf 88' lang='lat' dir='ltr'>octrinae</span> <span class='ocrx_word' id='word_1_141' title='bbox 2987 2214 3109 2283; x_wconf 87' lang='lat' dir='ltr'>de-</span> 
     </span>
     <span class='ocr_line' id='line_1_19' title="bbox 567 2300 3108 2393; baseline 0.001 -24"><span class='ocrx_word' id='word_1_142' title='bbox 567 2300 895 2381; x_wconf 84' lang='lat' dir='ltr'>fensores,</span> <span class='ocrx_word' id='word_1_143' title='bbox 931 2316 1421 2373; x_wconf 86' lang='lat' dir='ltr'>commemorat</span> <span class='ocrx_word' id='word_1_144' title='bbox 1441 2304 1730 2373; x_wconf 91' lang='lat' dir='ltr'>Paulum</span> <span class='ocrx_word' id='word_1_145' title='bbox 1758 2304 2610 2393; x_wconf 69' lang='lat' dir='ltr'>constantinopolitanum,</span> <span class='ocrx_word' id='word_1_146' title='bbox 2650 2302 3108 2373; x_wconf 78' lang='lat' dir='ltr'>Athanasium</span> 
     </span>
     <span class='ocr_line' id='line_1_20' title="bbox 566 2390 3112 2481; baseline 0.001 -23"><span class='ocrx_word' id='word_1_147' title='bbox 566 2390 1143 2471; x_wconf 81' lang='lat' dir='ltr'>Alexandrinum,</span> <span class='ocrx_word' id='word_1_148' title='bbox 1191 2392 1557 2461; x_wconf 79' lang='lat' dir='ltr'>Antonium</span> <span class='ocrx_word' id='word_1_149' title='bbox 1609 2393 2012 2481; x_wconf 79' lang='lat' dir='ltr'>Aegyptium</span> <span class='ocrx_word' id='word_1_150' title='bbox 2051 2448 2065 2473; x_wconf 93' lang='lat'><em>‚</em></span> <span class='ocrx_word' id='word_1_151' title='bbox 2120 2415 2259 2461; x_wconf 93' lang='lat' dir='ltr'>una</span> <span class='ocrx_word' id='word_1_152' title='bbox 2308 2415 2466 2461; x_wconf 91' lang='lat' dir='ltr'>cum</span> <span class='ocrx_word' id='word_1_153' title='bbox 2520 2390 2838 2460; x_wconf 89' lang='lat' dir='ltr'>universo</span> <span class='ocrx_word' id='word_1_154' title='bbox 2887 2398 3112 2481; x_wconf 78' lang='lat' dir='ltr'>Aegy-</span> 
     </span>
     <span class='ocr_line' id='line_1_21' title="bbox 568 2479 3106 2570; baseline 0.001 -21"><span class='ocrx_word' id='word_1_155' title='bbox 568 2479 868 2570; x_wconf 86' lang='lat' dir='ltr'>ptiorum</span> <span class='ocrx_word' id='word_1_156' title='bbox 922 2480 1415 2550; x_wconf 86' lang='lat' dir='ltr'>monachorum</span> <span class='ocrx_word' id='word_1_157' title='bbox 1468 2495 1688 2551; x_wconf 81' lang='lat' dir='ltr'>coetu.</span> <span class='ocrx_word' id='word_1_158' title='bbox 1751 2480 1997 2550; x_wconf 85' lang='lat' dir='ltr'>Deinde</span> <span class='ocrx_word' id='word_1_159' title='bbox 2045 2481 2300 2550; x_wconf 86' lang='lat' dir='ltr'>subdit:</span> <span class='ocrx_word' id='word_1_160' title='bbox 2357 2480 2544 2550; x_wconf 89' lang='lat' dir='ltr'>Multi</span> <span class='ocrx_word' id='word_1_161' title='bbox 2597 2479 2898 2567; x_wconf 80' lang='lat' dir='ltr'>denique</span> <span class='ocrx_word' id='word_1_162' title='bbox 2947 2504 3106 2569; x_wconf 85' lang='lat' dir='ltr'>spe-</span> 
     </span>
     <span class='ocr_line' id='line_1_22' title="bbox 566 2569 3102 2658; baseline -0 -20"><span class='ocrx_word' id='word_1_163' title='bbox 566 2570 726 2638; x_wconf 87' lang='lat' dir='ltr'>ctati</span> <span class='ocrx_word' id='word_1_164' title='bbox 759 2569 877 2639; x_wconf 89' lang='lat' dir='ltr'>alii</span> <span class='ocrx_word' id='word_1_165' title='bbox 911 2570 1038 2637; x_wconf 89' lang='lat' dir='ltr'>viri</span> <span class='ocrx_word' id='word_1_166' title='bbox 1076 2569 1331 2640; x_wconf 90' lang='lat' dir='ltr'>eisdem</span> <span class='ocrx_word' id='word_1_167' title='bbox 1368 2571 1570 2639; x_wconf 89' lang='lat' dir='ltr'>annis</span> <span class='ocrx_word' id='word_1_168' title='bbox 1602 2571 1900 2658; x_wconf 78' lang='lat' dir='ltr'>viguere,</span> <span class='ocrx_word' id='word_1_169' title='bbox 1941 2583 2142 2657; x_wconf 87' lang='lat' dir='ltr'>atque</span> <span class='ocrx_word' id='word_1_170' title='bbox 2172 2571 2243 2639; x_wconf 88' lang='lat' dir='ltr'>in</span> <span class='ocrx_word' id='word_1_171' title='bbox 2278 2569 2587 2640; x_wconf 89' lang='lat' dir='ltr'>ecclesiis</span> <span class='ocrx_word' id='word_1_172' title='bbox 2622 2569 2735 2638; x_wconf 89' lang='lat' dir='ltr'>Dei</span> <span class='ocrx_word' id='word_1_173' title='bbox 2769 2571 3102 2639; x_wconf 79' lang='lat' dir='ltr'>enituere:</span> 
     </span>
     <span class='ocr_line' id='line_1_23' title="bbox 563 2657 3106 2747; baseline 0.001 -21"><span class='ocrx_word' id='word_1_174' title='bbox 563 2657 742 2727; x_wconf 89' lang='lat' dir='ltr'>inter</span> <span class='ocrx_word' id='word_1_175' title='bbox 802 2681 976 2745; x_wconf 89' lang='lat' dir='ltr'>quos</span> <span class='ocrx_word' id='word_1_176' title='bbox 1043 2659 1410 2747; x_wconf 81' lang='lat' dir='ltr'>praecipue</span> <span class='ocrx_word' id='word_1_177' title='bbox 1474 2658 1859 2727; x_wconf 84' lang='lat' dir='ltr'>eruditione</span> <span class='ocrx_word' id='word_1_178' title='bbox 1917 2671 1981 2727; x_wconf 88' lang='lat' dir='ltr'>et</span> <span class='ocrx_word' id='word_1_179' title='bbox 2045 2659 2435 2746; x_wconf 71' lang='lat' dir='ltr'>eloquentia</span> <span class='ocrx_word' id='word_1_180' title='bbox 2482 2659 2716 2727; x_wconf 89' lang='lat' dir='ltr'>floruit</span> <span class='ocrx_word' id='word_1_181' title='bbox 2763 2659 3106 2729; x_wconf 88' lang='lat' dir='ltr'>Eusebius</span> 
     </span>
     <span class='ocr_line' id='line_1_24' title="bbox 562 2747 3105 2838; baseline 0 -23"><span class='ocrx_word' id='word_1_182' title='bbox 562 2749 938 2817; x_wconf 76' lang='lat' dir='ltr'>Emesenus</span> <span class='ocrx_word' id='word_1_183' title='bbox 977 2747 1379 2836; x_wconf 82' lang='lat' dir='ltr'>Episcopus,</span> <span class='ocrx_word' id='word_1_184' title='bbox 1434 2748 1621 2816; x_wconf 87' lang='lat' dir='ltr'>Titus</span> <span class='ocrx_word' id='word_1_185' title='bbox 1672 2747 2071 2827; x_wconf 80' lang='lat' dir='ltr'>BostrensiS‚</span> <span class='ocrx_word' id='word_1_186' title='bbox 2131 2748 2454 2838; x_wconf 82' lang='lat' dir='ltr'>Serapion</span> <span class='ocrx_word' id='word_1_187' title='bbox 2506 2754 2871 2828; x_wconf 87' lang='lat' dir='ltr'>Tmuaeus,</span> <span class='ocrx_word' id='word_1_188' title='bbox 2911 2748 3105 2816; x_wconf 89' lang='lat' dir='ltr'>Basi-</span> 
     </span>
     <span class='ocr_line' id='line_1_25' title="bbox 563 2833 3100 2923; baseline 0.001 -21"><span class='ocrx_word' id='word_1_189' title='bbox 563 2835 700 2904; x_wconf 81' lang='lat' dir='ltr'>lius</span> <span class='ocrx_word' id='word_1_190' title='bbox 750 2840 1150 2923; x_wconf 79' lang='lat' dir='ltr'>Ancyranus</span> <span class='ocrx_word' id='word_1_191' title='bbox 1180 2889 1194 2914; x_wconf 93' lang='lat'>,</span> <span class='ocrx_word' id='word_1_192' title='bbox 1250 2833 1597 2904; x_wconf 86' lang='lat' dir='ltr'>Eudoxius</span> <span class='ocrx_word' id='word_1_193' title='bbox 1658 2837 2206 2906; x_wconf 80' lang='lat' dir='ltr'>Germanicensis</span> <span class='ocrx_word' id='word_1_194' title='bbox 2237 2893 2251 2919; x_wconf 90' lang='lat'>,</span> <span class='ocrx_word' id='word_1_195' title='bbox 2303 2836 2586 2905; x_wconf 81' lang='lat' dir='ltr'>Aeacius</span> <span class='ocrx_word' id='word_1_196' title='bbox 2628 2836 3100 2905; x_wconf 80' lang='lat' dir='ltr'>caesareensis</span> 
     </span>
     <span class='ocr_line' id='line_1_26' title="bbox 562 2923 3100 3012; baseline 0 -21"><span class='ocrx_word' id='word_1_197' title='bbox 562 2924 839 2993; x_wconf 90' lang='lat' dir='ltr'>Eusebii</span> <span class='ocrx_word' id='word_1_198' title='bbox 876 2944 1251 3003; x_wconf 89' lang='lat' dir='ltr'>successor,</span> <span class='ocrx_word' id='word_1_199' title='bbox 1289 2923 1606 3012; x_wconf 75' lang='lat' dir='ltr'>cyrillus,</span> <span class='ocrx_word' id='word_1_200' title='bbox 1652 2924 1773 3010; x_wconf 88' lang='lat' dir='ltr'>qui</span> <span class='ocrx_word' id='word_1_201' title='bbox 1872 2938 1977 2992; x_wconf 82' lang='lat' dir='ltr'>ost</span> <span class='ocrx_word' id='word_1_202' title='bbox 2025 2926 2393 2994; x_wconf 85' lang='lat' dir='ltr'>Maximum</span> <span class='ocrx_word' id='word_1_203' title='bbox 2441 2924 3100 3012; x_wconf 79' lang='lat' dir='ltr'>Jerosolymitanam</span> 
     </span>
     <span class='ocr_line' id='line_1_27' title="bbox 564 3011 3101 3103; baseline 0.001 -25"><span class='ocrx_word' id='word_1_204' title='bbox 564 3011 1093 3080; x_wconf 87' lang='lat' dir='ltr'>administrabat</span> <span class='ocrx_word' id='word_1_205' title='bbox 1123 3012 1504 3092; x_wconf 89' lang='lat' dir='ltr'>ecclesiam,</span> <span class='ocrx_word' id='word_1_206' title='bbox 1543 3016 1805 3082; x_wconf 89' lang='lat' dir='ltr'>etTheo</span> <span class='ocrx_word' id='word_1_207' title='bbox 1859 3035 2020 3082; x_wconf 92' lang='lat' dir='ltr'>orus</span> <span class='ocrx_word' id='word_1_208' title='bbox 2048 3014 2457 3095; x_wconf 82' lang='lat' dir='ltr'>PerinthiuS‚</span> <span class='ocrx_word' id='word_1_209' title='bbox 2492 3025 2632 3083; x_wconf 87' lang='lat' dir='ltr'>tum</span> <span class='ocrx_word' id='word_1_210' title='bbox 2663 3024 2728 3081; x_wconf 89' lang='lat' dir='ltr'>et</span> <span class='ocrx_word' id='word_1_211' title='bbox 2758 3013 3101 3103; x_wconf 88' lang='lat' dir='ltr'>Ephraem</span> 
     </span>
     <span class='ocr_line' id='line_1_28' title="bbox 565 3100 3101 3191; baseline 0.001 -24"><span class='ocrx_word' id='word_1_212' title='bbox 565 3105 607 3167; x_wconf 92' lang='lat' dir='ltr'>S</span> <span class='ocrx_word' id='word_1_213' title='bbox 660 3121 801 3168; x_wconf 90' lang='lat' dir='ltr'>rus.</span> <span class='ocrx_word' id='word_1_214' title='bbox 855 3104 1034 3169; x_wconf 89' lang='lat' dir='ltr'>Haec</span> <span class='ocrx_word' id='word_1_215' title='bbox 1099 3112 1165 3169; x_wconf 91' lang='lat' dir='ltr'>et</span> <span class='ocrx_word' id='word_1_216' title='bbox 1221 3100 1355 3170; x_wconf 89' lang='lat' dir='ltr'>alia</span> <span class='ocrx_word' id='word_1_217' title='bbox 1407 3102 1747 3186; x_wconf 86' lang='lat' dir='ltr'>permulta</span> <span class='ocrx_word' id='word_1_218' title='bbox 1812 3103 2048 3173; x_wconf 90' lang='lat' dir='ltr'>scribit</span> <span class='ocrx_word' id='word_1_219' title='bbox 2094 3125 2172 3171; x_wconf 91' lang='lat' dir='ltr'>eo</span> <span class='ocrx_word' id='word_1_220' title='bbox 2220 3104 2291 3171; x_wconf 90' lang='lat' dir='ltr'>in</span> <span class='ocrx_word' id='word_1_221' title='bbox 2345 3102 2491 3171; x_wconf 92' lang='lat' dir='ltr'>loco</span> <span class='ocrx_word' id='word_1_222' title='bbox 2541 3102 2967 3191; x_wconf 89' lang='lat' dir='ltr'>Nicephorus</span> <span class='ocrx_word' id='word_1_223' title='bbox 3015 3102 3101 3169; x_wconf 91' lang='lat' dir='ltr'>de</span> 
     </span>
     <span class='ocr_line' id='line_1_29' title="bbox 563 3188 3106 3279; baseline 0.001 -23"><span class='ocrx_word' id='word_1_224' title='bbox 563 3190 769 3258; x_wconf 88' lang='lat' dir='ltr'>caris</span> <span class='ocrx_word' id='word_1_225' title='bbox 834 3200 897 3258; x_wconf 85' lang='lat' dir='ltr'>et</span> <span class='ocrx_word' id='word_1_226' title='bbox 960 3188 1294 3259; x_wconf 88' lang='lat' dir='ltr'>catholica</span> <span class='ocrx_word' id='word_1_227' title='bbox 1355 3190 1598 3279; x_wconf 88' lang='lat' dir='ltr'>pietate</span> <span class='ocrx_word' id='word_1_228' title='bbox 1654 3191 2142 3260; x_wconf 83' lang='lat' dir='ltr'>excellentibus</span> <span class='ocrx_word' id='word_1_229' title='bbox 2190 3191 2382 3260; x_wconf 91' lang='lat' dir='ltr'>illius</span> <span class='ocrx_word' id='word_1_230' title='bbox 2431 3190 2648 3260; x_wconf 87' lang='lat' dir='ltr'>seculi</span> <span class='ocrx_word' id='word_1_231' title='bbox 2696 3190 2863 3261; x_wconf 88' lang='lat' dir='ltr'>viris</span> <span class='ocrx_word' id='word_1_232' title='bbox 2925 3191 3106 3270; x_wconf 75' lang='lat' dir='ltr'>inter</span> 
     </span>
     <span class='ocr_line' id='line_1_30' title="bbox 562 3278 3108 3368; baseline 0.001 -23"><span class='ocrx_word' id='word_1_233' title='bbox 562 3299 735 3365; x_wconf 88' lang='lat' dir='ltr'>quos</span> <span class='ocrx_word' id='word_1_234' title='bbox 795 3299 955 3346; x_wconf 91' lang='lat' dir='ltr'>cum</span> <span class='ocrx_word' id='word_1_235' title='bbox 1004 3289 1068 3347; x_wconf 92' lang='lat' dir='ltr'>et</span> <span class='ocrx_word' id='word_1_236' title='bbox 1116 3278 1407 3366; x_wconf 84' lang='lat' dir='ltr'>Cyrillus</span> <span class='ocrx_word' id='word_1_237' title='bbox 1453 3279 2070 3368; x_wconf 85' lang='lat' dir='ltr'>Jerosolymitanus</span> <span class='ocrx_word' id='word_1_238' title='bbox 2133 3291 2606 3359; x_wconf 89' lang='lat' dir='ltr'>recenseatur,</span> <span class='ocrx_word' id='word_1_239' title='bbox 2659 3300 2837 3366; x_wconf 88' lang='lat' dir='ltr'>quae</span> <span class='ocrx_word' id='word_1_240' title='bbox 2905 3280 2992 3348; x_wconf 89' lang='lat' dir='ltr'>sit</span> <span class='ocrx_word' id='word_1_241' title='bbox 3042 3289 3108 3347; x_wconf 90' lang='lat' dir='ltr'>et</span> 
     </span>
     <span class='ocr_line' id='line_1_31' title="bbox 562 3366 3106 3459; baseline 0.001 -24"><span class='ocrx_word' id='word_1_242' title='bbox 562 3375 821 3452; x_wconf 88' lang='lat' dir='ltr'>quanta</span> <span class='ocrx_word' id='word_1_243' title='bbox 870 3366 1058 3436; x_wconf 89' lang='lat' dir='ltr'>illius</span> <span class='ocrx_word' id='word_1_244' title='bbox 1106 3368 1513 3448; x_wconf 78' lang='lat' dir='ltr'>auctoritaS‚</span> <span class='ocrx_word' id='word_1_245' title='bbox 1567 3369 1766 3437; x_wconf 86' lang='lat' dir='ltr'>facile</span> <span class='ocrx_word' id='word_1_246' title='bbox 1820 3370 2044 3456; x_wconf 91' lang='lat' dir='ltr'>quivis</span> <span class='ocrx_word' id='word_1_247' title='bbox 2143 3369 2479 3459; x_wconf 86' lang='lat' dir='ltr'>erspicere</span> <span class='ocrx_word' id='word_1_248' title='bbox 2532 3379 2771 3457; x_wconf 88' lang='lat' dir='ltr'>potest.</span> <span class='ocrx_word' id='word_1_249' title='bbox 2829 3368 3106 3459; x_wconf 85' lang='lat' dir='ltr'>Legitur</span> 
     </span>
     <span class='ocr_line' id='line_1_32' title="bbox 562 3455 3105 3546; baseline 0 -23"><span class='ocrx_word' id='word_1_250' title='bbox 562 3477 838 3541; x_wconf 88' lang='lat' dir='ltr'>quoque</span> <span class='ocrx_word' id='word_1_251' title='bbox 886 3455 971 3524; x_wconf 89' lang='lat' dir='ltr'>de</span> <span class='ocrx_word' id='word_1_252' title='bbox 1017 3455 1254 3524; x_wconf 87' lang='lat' dir='ltr'>eodem</span> <span class='ocrx_word' id='word_1_253' title='bbox 1304 3456 1573 3543; x_wconf 80' lang='lat' dir='ltr'>Cyrillo,</span> <span class='ocrx_word' id='word_1_254' title='bbox 1632 3480 1764 3526; x_wconf 91' lang='lat' dir='ltr'>non</span> <span class='ocrx_word' id='word_1_255' title='bbox 1810 3458 2011 3526; x_wconf 91' lang='lat' dir='ltr'>modo</span> <span class='ocrx_word' id='word_1_256' title='bbox 2056 3481 2093 3527; x_wconf 87' lang='lat' dir='ltr'>a</span> <span class='ocrx_word' id='word_1_257' title='bbox 2125 3458 2212 3526; x_wconf 90' lang='lat' dir='ltr'>iis</span> <span class='ocrx_word' id='word_1_258' title='bbox 2269 3456 2661 3537; x_wconf 89' lang='lat' dir='ltr'>virtutibus,</span> <span class='ocrx_word' id='word_1_259' title='bbox 2716 3478 2875 3525; x_wconf 85' lang='lat' dir='ltr'>vero</span> <span class='ocrx_word' id='word_1_260' title='bbox 2944 3457 3105 3546; x_wconf 89' lang='lat' dir='ltr'>Epi-</span> 
     </span>
     <span class='ocr_line' id='line_1_33' title="bbox 563 3544 3109 3645; baseline 0 -31"><span class='ocrx_word' id='word_1_261' title='bbox 563 3566 770 3635; x_wconf 87' lang='lat' dir='ltr'>scopo</span> <span class='ocrx_word' id='word_1_262' title='bbox 811 3544 1064 3636; x_wconf 81' lang='lat' dir='ltr'>dignis,</span> <span class='ocrx_word' id='word_1_263' title='bbox 1117 3544 1315 3612; x_wconf 92' lang='lat' dir='ltr'>illum</span> <span class='ocrx_word' id='word_1_264' title='bbox 1369 3545 1581 3616; x_wconf 88' lang='lat' dir='ltr'>fuisse</span> <span class='ocrx_word' id='word_1_265' title='bbox 1631 3545 2043 3636; x_wconf 87' lang='lat' dir='ltr'>praeditum,</span> <span class='ocrx_word' id='word_1_266' title='bbox 2081 3568 2320 3614; x_wconf 89' lang='lat' dir='ltr'>verum</span> <span class='ocrx_word' id='word_1_267' title='bbox 2354 3547 2555 3615; x_wconf 87' lang='lat' dir='ltr'>etiam</span> <span class='ocrx_word' id='word_1_268' title='bbox 2593 3545 2773 3614; x_wconf 91' lang='lat' dir='ltr'>dono</span> <span class='ocrx_word' id='word_1_269' title='bbox 2812 3545 3109 3645; x_wconf 89' lang='lat' dir='ltr'>prophe-</span> 
     </span>
     <span class='ocr_line' id='line_1_34' title="bbox 563 3633 3107 3724; baseline 0 -23"><span class='ocrx_word' id='word_1_270' title='bbox 563 3634 692 3702; x_wconf 87' lang='lat' dir='ltr'>tiae</span> <span class='ocrx_word' id='word_1_271' title='bbox 742 3656 877 3703; x_wconf 89' lang='lat' dir='ltr'>non</span> <span class='ocrx_word' id='word_1_272' title='bbox 939 3634 1267 3704; x_wconf 87' lang='lat' dir='ltr'>caruisse.</span> <span class='ocrx_word' id='word_1_273' title='bbox 1323 3639 1489 3704; x_wconf 90' lang='lat' dir='ltr'>Nam</span> <span class='ocrx_word' id='word_1_274' title='bbox 1553 3657 1713 3703; x_wconf 89' lang='lat' dir='ltr'>cum</span> <span class='ocrx_word' id='word_1_275' title='bbox 1761 3633 2082 3704; x_wconf 86' lang='lat' dir='ltr'>Julianus</span> <span class='ocrx_word' id='word_1_276' title='bbox 2140 3639 2519 3724; x_wconf 87' lang='lat' dir='ltr'>Imperator</span> <span class='ocrx_word' id='word_1_277' title='bbox 2564 3633 2695 3722; x_wconf 87' lang='lat' dir='ltr'>(ut</span> <span class='ocrx_word' id='word_1_278' title='bbox 2742 3634 3107 3718; x_wconf 20' lang='lat' dir='ltr'>scribit-in</span> 
     </span>
     <span class='ocr_line' id='line_1_35' title="bbox 560 3721 3103 3811; baseline 0.001 -21"><span class='ocrx_word' id='word_1_279' title='bbox 560 3721 738 3791; x_wconf 90' lang='lat' dir='ltr'>Eccl.</span> <span class='ocrx_word' id='word_1_280' title='bbox 786 3722 945 3791; x_wconf 89' lang='lat' dir='ltr'>hist.</span> <span class='ocrx_word' id='word_1_281' title='bbox 1001 3727 1164 3792; x_wconf 90' lang='lat' dir='ltr'>Socr</span> <span class='ocrx_word' id='word_1_282' title='bbox 1243 3722 1360 3792; x_wconf 91' lang='lat' dir='ltr'>lib.</span> <span class='ocrx_word' id='word_1_283' title='bbox 1428 3725 1491 3804; x_wconf 85' lang='lat'>3,</span> <span class='ocrx_word' id='word_1_284' title='bbox 1546 3747 1605 3792; x_wconf 90' lang='lat' dir='ltr'>c.</span> <span class='ocrx_word' id='word_1_285' title='bbox 1651 3729 1761 3803; x_wconf 76' lang='lat'>20,</span> <span class='ocrx_word' id='word_1_286' title='bbox 1816 3724 2196 3793; x_wconf 90' lang='lat' dir='ltr'>secundum</span> <span class='ocrx_word' id='word_1_287' title='bbox 2239 3724 2573 3810; x_wconf 89' lang='lat' dir='ltr'>quosdam</span> <span class='ocrx_word' id='word_1_288' title='bbox 2627 3723 2761 3811; x_wconf 69' lang='lat'>⁴7).</span> <span class='ocrx_word' id='word_1_289' title='bbox 2815 3723 3103 3792; x_wconf 85' lang='lat' dir='ltr'>Judaeis</span> 
     </span>
     <span class='ocr_line' id='line_1_36' title="bbox 561 3810 3109 3903; baseline 0.001 -24"><span class='ocrx_word' id='word_1_290' title='bbox 561 3810 896 3901; x_wconf 86' lang='lat' dir='ltr'>templum</span> <span class='ocrx_word' id='word_1_291' title='bbox 945 3810 1387 3900; x_wconf 76' lang='lat' dir='ltr'>Jerosolymis</span> <span class='ocrx_word' id='word_1_292' title='bbox 1434 3813 1822 3881; x_wconf 90' lang='lat' dir='ltr'>instaurare</span> <span class='ocrx_word' id='word_1_293' title='bbox 1859 3812 2205 3902; x_wconf 83' lang='lat' dir='ltr'>jussisset,</span> <span class='ocrx_word' id='word_1_294' title='bbox 2253 3812 2431 3881; x_wconf 87' lang='lat' dir='ltr'>etde</span> <span class='ocrx_word' id='word_1_295' title='bbox 2472 3811 2751 3901; x_wconf 89' lang='lat' dir='ltr'>publico</span> <span class='ocrx_word' id='word_1_296' title='bbox 2783 3823 3109 3903; x_wconf 85' lang='lat' dir='ltr'>sumptus</span> 
     </span>
     <span class='ocr_line' id='line_1_37' title="bbox 557 3900 3109 3992; baseline 0.001 -25"><span class='ocrx_word' id='word_1_297' title='bbox 557 3900 1189 3970; x_wconf 87' lang='lat' dir='ltr'>subministrasset:</span> <span class='ocrx_word' id='word_1_298' title='bbox 1247 3912 1411 3970; x_wconf 90' lang='lat' dir='ltr'>tunc</span> <span class='ocrx_word' id='word_1_299' title='bbox 1463 3902 1791 3992; x_wconf 86' lang='lat' dir='ltr'>temporis</span> <span class='ocrx_word' id='word_1_300' title='bbox 1840 3901 2129 3989; x_wconf 84' lang='lat' dir='ltr'>Cyrillus</span> <span class='ocrx_word' id='word_1_301' title='bbox 2174 3901 2317 3970; x_wconf 91' lang='lat' dir='ltr'>illic</span> <span class='ocrx_word' id='word_1_302' title='bbox 2363 3901 2771 3991; x_wconf 82' lang='lat' dir='ltr'>episcopuS,</span> <span class='ocrx_word' id='word_1_303' title='bbox 2842 3921 3109 3970; x_wconf 91' lang='lat' dir='ltr'>memor</span> 
     </span>
     <span class='ocr_line' id='line_1_38' title="bbox 556 3988 3107 4081; baseline 0.002 -27"><span class='ocrx_word' id='word_1_304' title='bbox 556 3988 861 4057; x_wconf 87' lang='lat' dir='ltr'>vaticinii</span> <span class='ocrx_word' id='word_1_305' title='bbox 916 3988 1211 4058; x_wconf 87' lang='lat' dir='ltr'>Danielis</span> <span class='ocrx_word' id='word_1_306' title='bbox 1259 3991 1653 4081; x_wconf 89' lang='lat' dir='ltr'>prophetae,</span> <span class='ocrx_word' id='word_1_307' title='bbox 1701 3989 1882 4077; x_wconf 87' lang='lat' dir='ltr'>quod</span> <span class='ocrx_word' id='word_1_308' title='bbox 1919 4003 1985 4060; x_wconf 89' lang='lat' dir='ltr'>et</span> <span class='ocrx_word' id='word_1_309' title='bbox 2032 3990 2450 4059; x_wconf 71' lang='lat' dir='ltr'>Christus‘in</span> <span class='ocrx_word' id='word_1_310' title='bbox 2502 3990 2759 4059; x_wconf 87' lang='lat' dir='ltr'>sanctis</span> <span class='ocrx_word' id='word_1_311' title='bbox 2806 4010 3107 4080; x_wconf 83' lang='lat' dir='ltr'>evange-</span> 
     </span>
     <span class='ocr_line' id='line_1_39' title="bbox 556 4076 3102 4169; baseline 0.001 -25"><span class='ocrx_word' id='word_1_312' title='bbox 556 4076 669 4145; x_wconf 90' lang='lat' dir='ltr'>liis</span> <span class='ocrx_word' id='word_1_313' title='bbox 718 4077 1172 4155; x_wconf 87' lang='lat' dir='ltr'>confirmavit,</span> <span class='ocrx_word' id='word_1_314' title='bbox 1225 4101 1305 4147; x_wconf 87' lang='lat' dir='ltr'>ac</span> <span class='ocrx_word' id='word_1_315' title='bbox 1355 4079 1593 4148; x_wconf 87' lang='lat' dir='ltr'>multis</span> <span class='ocrx_word' id='word_1_316' title='bbox 1640 4077 1953 4149; x_wconf 89' lang='lat' dir='ltr'>futurum</span> <span class='ocrx_word' id='word_1_317' title='bbox 2008 4078 2363 4169; x_wconf 85' lang='lat' dir='ltr'>praedixit,</span> <span class='ocrx_word' id='word_1_318' title='bbox 2399 4079 2580 4164; x_wconf 89' lang='lat' dir='ltr'>quod</span> <span class='ocrx_word' id='word_1_319' title='bbox 2617 4078 2688 4147; x_wconf 90' lang='lat' dir='ltr'>in</span> <span class='ocrx_word' id='word_1_320' title='bbox 2728 4099 2806 4147; x_wconf 88' lang='lat' dir='ltr'>eo</span> <span class='ocrx_word' id='word_1_321' title='bbox 2843 4077 3102 4168; x_wconf 84' lang='lat' dir='ltr'>templo</span> 
     </span>
     <span class='ocr_line' id='line_1_40' title="bbox 555 4164 3112 4255; baseline 0.001 -22"><span class='ocrx_word' id='word_1_322' title='bbox 555 4164 734 4255; x_wconf 89' lang='lat' dir='ltr'>lapis</span> <span class='ocrx_word' id='word_1_323' title='bbox 783 4187 994 4255; x_wconf 90' lang='lat' dir='ltr'>super</span> <span class='ocrx_word' id='word_1_324' title='bbox 1042 4166 1105 4234; x_wconf 90' lang='lat' dir='ltr'>la</span> <span class='ocrx_word' id='word_1_325' title='bbox 1159 4167 1339 4236; x_wconf 91' lang='lat' dir='ltr'>idem</span> <span class='ocrx_word' id='word_1_326' title='bbox 1393 4189 1529 4236; x_wconf 91' lang='lat' dir='ltr'>non</span> <span class='ocrx_word' id='word_1_327' title='bbox 1582 4180 1913 4237; x_wconf 87' lang='lat' dir='ltr'>maneret:</span> <span class='ocrx_word' id='word_1_328' title='bbox 1952 4190 1987 4233; x_wconf 89' lang='lat'>«</span> <span class='ocrx_word' id='word_1_329' title='bbox 2020 4172 2184 4249; x_wconf 88' lang='lat' dir='ltr'>Hoc,</span> <span class='ocrx_word' id='word_1_330' title='bbox 2239 4168 2487 4254; x_wconf 88' lang='lat' dir='ltr'>inquit.</span> <span class='ocrx_word' id='word_1_331' title='bbox 2528 4167 2901 4238; x_wconf 90' lang='lat' dir='ltr'>Servatoris</span> <span class='ocrx_word' id='word_1_332' title='bbox 2952 4189 3112 4236; x_wconf 86' lang='lat' dir='ltr'>ora-</span> 
     </span>
     <span class='ocr_line' id='line_1_41' title="bbox 554 4253 3112 4349; baseline 0.002 -27"><span class='ocrx_word' id='word_1_333' title='bbox 554 4256 793 4325; x_wconf 89' lang='lat' dir='ltr'>culum</span> <span class='ocrx_word' id='word_1_334' title='bbox 870 4253 1107 4345; x_wconf 88' lang='lat' dir='ltr'>adimp</span> <span class='ocrx_word' id='word_1_335' title='bbox 1139 4255 1386 4325; x_wconf 90' lang='lat' dir='ltr'>ebitur.</span> <span class='ocrx_word' id='word_1_336' title='bbox 1427 4279 1462 4323; x_wconf 89' lang='lat'>»</span> <span class='ocrx_word' id='word_1_337' title='bbox 1514 4260 1685 4326; x_wconf 89' lang='lat' dir='ltr'>Cum</span> <span class='ocrx_word' id='word_1_338' title='bbox 1757 4256 1888 4326; x_wconf 90' lang='lat' dir='ltr'>hoc</span> <span class='ocrx_word' id='word_1_339' title='bbox 1944 4255 2225 4326; x_wconf 84' lang='lat' dir='ltr'>dixisset</span> <span class='ocrx_word' id='word_1_340' title='bbox 2289 4257 2669 4349; x_wconf 89' lang='lat' dir='ltr'>Episcopus</span> <span class='ocrx_word' id='word_1_341' title='bbox 2715 4255 2749 4291; x_wconf 68' lang='lat'>⁴*</span> <span class='ocrx_word' id='word_1_342' title='bbox 2801 4310 2817 4337; x_wconf 92' lang='lat'>,</span> <span class='ocrx_word' id='word_1_343' title='bbox 2895 4268 3112 4326; x_wconf 87' lang='lat' dir='ltr'>noctu</span> 
     </span>
    </p>
   </div>
   <div class='ocr_carea' id='block_1_6' title="bbox 554 4418 3110 4523">
    <p class='ocr_par' dir='ltr' id='par_1_6' title="bbox 554 4418 3110 4523">
     <span class='ocr_line' id='line_1_42' title="bbox 608 4418 3110 4467; baseline 0 -8"><span class='ocrx_word' id='word_1_344' title='bbox 608 4418 635 4446; x_wconf 82' lang='lat'>¹⁸¹</span> <span class='ocrx_word' id='word_1_345' title='bbox 665 4419 784 4459; x_wconf 71' lang='lat' dir='ltr'>Nota</span> <span class='ocrx_word' id='word_1_346' title='bbox 804 4420 862 4459; x_wconf 68' lang='lat' dir='ltr'>ad</span> <span class='ocrx_word' id='word_1_347' title='bbox 882 4418 1209 4458; x_wconf 76' lang='lat' dir='ltr'>confusionem</span> <span class='ocrx_word' id='word_1_348' title='bbox 1230 4419 1258 4457; x_wconf 83' lang='lat' dir='ltr'><strong>J</strong></span> <span class='ocrx_word' id='word_1_349' title='bbox 1262 4419 1517 4459; x_wconf 66' lang='lat' dir='ltr'>udaeorum</span> <span class='ocrx_word' id='word_1_350' title='bbox 1537 4419 1585 4458; x_wconf 79' lang='lat' dir='ltr'>et</span> <span class='ocrx_word' id='word_1_351' title='bbox 1608 4420 1636 4458; x_wconf 83' lang='lat' dir='ltr'><strong>J</strong></span> <span class='ocrx_word' id='word_1_352' title='bbox 1640 4419 1790 4459; x_wconf 72' lang='lat' dir='ltr'>aliani</span> <span class='ocrx_word' id='word_1_353' title='bbox 1809 4419 2059 4467; x_wconf 63' lang='lat' dir='ltr'>apostatae</span> <span class='ocrx_word' id='word_1_354' title='bbox 2078 4418 2470 4459; x_wconf 80' lang='lat' dir='ltr'>instaurationem</span> <span class='ocrx_word' id='word_1_355' title='bbox 2489 4418 2656 4467; x_wconf 76' lang='lat' dir='ltr'>tempu</span> <span class='ocrx_word' id='word_1_356' title='bbox 2675 4418 2992 4465; x_wconf 80' lang='lat' dir='ltr'>molientium,</span> <span class='ocrx_word' id='word_1_357' title='bbox 3013 4419 3110 4459; x_wconf 78' lang='lat' dir='ltr'>ter·</span> 
     </span>
     <span class='ocr_line' id='line_1_43' title="bbox 554 4473 2740 4523; baseline 0 -11"><span class='ocrx_word' id='word_1_358' title='bbox 554 4476 817 4514; x_wconf 74' lang='lat' dir='ltr'>raemotum</span> <span class='ocrx_word' id='word_1_359' title='bbox 836 4483 958 4514; x_wconf 74' lang='lat' dir='ltr'>nova</span> <span class='ocrx_word' id='word_1_360' title='bbox 977 4482 1121 4522; x_wconf 73' lang='lat' dir='ltr'>opera.</span> <span class='ocrx_word' id='word_1_361' title='bbox 1137 4473 1440 4519; x_wconf 77' lang='lat' dir='ltr'>evertentem,</span> <span class='ocrx_word' id='word_1_362' title='bbox 1460 4483 1513 4513; x_wconf 63' lang='lat' dir='ltr'>ac</span> <span class='ocrx_word' id='word_1_363' title='bbox 1536 4473 1784 4514; x_wconf 69' lang='lat' dir='ltr'>mirificam</span> <span class='ocrx_word' id='word_1_364' title='bbox 1803 4473 1972 4513; x_wconf 73' lang='lat' dir='ltr'>deinde</span> <span class='ocrx_word' id='word_1_365' title='bbox 1992 4473 2117 4523; x_wconf 72' lang='lat' dir='ltr'>signi</span> <span class='ocrx_word' id='word_1_366' title='bbox 2135 4474 2178 4514; x_wconf 80' lang='lat'>8.</span> <span class='ocrx_word' id='word_1_367' title='bbox 2202 4473 2364 4515; x_wconf 71' lang='lat' dir='ltr'>Crucis</span> <span class='ocrx_word' id='word_1_368' title='bbox 2386 4473 2740 4523; x_wconf 68' lang='lat' dir='ltr'>apparitionem.</span> 
     </span>
    </p>
   </div>
  </div>
 </body>
</html>
