3327 4999
753 325 875 390 ’144
1557 343 1636 387 nn
1685 343 1740 389 s.
1794 341 2106 391 cancomo
2157 343 2319 390 PAPA
2819 325 3038 390 MART.
3085 324 3146 386 t2

715 421 965 491 ravitas
995 421 1422 510 reprobatur,
1468 431 1604 491 tota
1634 422 1991 492 devotione
2016 423 2455 514 complector,
2495 422 2922 513 integerrima
2948 444 3151 513 appro-

710 511 935 579 atione
980 510 1316 580 custodio,
1371 511 1544 593 Quia
1591 511 1661 579 in
1713 510 1845 592 his,
1886 512 2067 581 velut
2114 512 2184 580 in
2235 512 2570 598 quadrato
2619 511 2874 602 lapide,
2922 523 3151 580 sanctae

663 600 825 668 fidei
874 612 1221 669 structura
1267 600 1668 690 consurgit:
1723 613 1788 669 et
1833 601 2204 687 quuslibet
2246 601 2421 670 vitae
2482 614 2688 687 atque
2735 600 3004 672 actionis
3044 598 3155 667 exi-

662 701 815 768 stat,
872 688 1191 775 quisquis
1238 709 1476 757 eorum
1527 688 1939 759 soliditatem
1996 712 2135 759 non
2185 702 2386 771 tenet,
2440 690 2644 760 etiam
2704 691 2762 759 si
2827 689 2988 779 lapis
3035 708 3152 756 esse

660 777 989 856 cernitur,
1025 788 1252 845 tamen
1283 789 1472 846 extra
1500 777 1898 847 aedificium
1921 778 2123 867 jacet.
2161 779 2492 861 Quintum
2526 801 2798 865 quoque
2820 776 3151 847 Concilium

659 867 917 957 pariter
950 887 1254 945 veneror,
1309 866 1382 935 in
1430 887 1567 952 quo
1614 867 1926 957 epistola,
1962 891 2138 955 quae
2190 868 2346 936 Ibae
2393 867 2671 948 dicitur,
2707 867 2947 936 erroris
2990 864 3155 966 plena

660 955 1071 1045 reprobatur
1106 966 1170 1023 et
1225 954 1641 1035 TheodoruS,
1698 978 2061 1046 personam
2116 956 2514 1025 mediatoris
2564 957 2677 1025 Dei
2735 968 2799 1026 et
2843 956 3155 1025 hominum

662 1043 731 1113 in
765 1044 1040 1113 duabus
1088 1043 1495 1114 substantiis
1526 1067 1879 1134 separans,
1934 1045 2018 1114 ad
2055 1045 2426 1134 impietatis
2476 1045 2833 1135 perfidiam
2875 1042 3157 1140 cecidisse}

660 1132 1114 1202 convincitur.
1171 1133 1434 1222 Scripta
1498 1155 1773 1220 quoque
1834 1134 2271 1214 Theodoriti,
2327 1156 2449 1224 per
2493 1155 2669 1220 quae
2723 1135 2898 1204 beati
2963 1128 3153 1220 Cyrilli

658 1222 833 1291 fides
882 1220 1430 1312 reprehenditur,
1484 1245 1663 1292 ausu
1712 1222 2127 1292 invidentiae
2207 1222 2423 1292 rolata
2470 1222 2876 1292 refutantur.
2915 1227 3156 1291 Cunctas

657 1332 854 1391 vero,
906 1333 1079 1398 quas
1156 1310 1457 1400 praefata
1514 1312 1902 1381 veneranda
1951 1311 2153 1382 Conci
2187 1313 2251 1381 ia
2301 1333 2627 1402 personas
2676 1315 3034 1401 respuunt,
3077 1327 3158 1375 re-

659 1421 875 1489 spuo:
941 1421 1114 1486 quas
1163 1413 1613 1479 venerantur,
1669 1401 2110 1491 complector.
2166 1401 2339 1484 Quia
2407 1401 2577 1470 dum
2626 1398 2993 1471 universali
3035 1405 3158 1492 sunt

655 1511 999 1560 consensu
1046 1489 1455 1570 constituta,
1507 1511 1581 1558 se
1630 1510 1766 1558 non
1819 1491 1936 1560 illa
1967 1546 1982 1572 ,
2063 1490 2400 1569 destruit,
2457 1490 2776 1576 quisquis
2831 1493 3158 1580 praesuunt

654 1590 773 1647 aut
821 1577 1081 1647 solvere
1125 1600 1299 1664 quos
1334 1579 1647 1668 religant,
1703 1592 1822 1649 aut
1869 1580 2082 1671 ligare
2129 1601 2304 1667 quos
2338 1578 2632 1648 solvunt.
2670 1577 2998 1666 Quisquis
3029 1591 3154 1662 ergo

655 1666 848 1736 aliud
901 1667 1101 1756 sapit,
1155 1667 1524 1736 anathema
1558 1667 1669 1736 sit.
2100 1702 2105 1708 ·

745 1758 782 1842 ἓ
854 1762 940 1828 5.
997 1761 1136 1824 Hoc
1187 1756 1390 1825 modo
1429 1769 1793 1846 postquam
1822 1757 2189 1847 Gregorius
2236 1756 2765 1825 fundamentum
2824 1754 2978 1826 fidei
3011 1769 3156 1826 suae,

659 1845 1044 1913 secundum
1096 1844 1470 1933 pristinum
1507 1845 2107 1935 praedecessorum
2147 1867 2430 1915 suorum
2477 1845 2886 1934 pontificum
2924 1859 3158 1912 morem.

660 1932 1045 2002 luculenter
1092 1933 1494 2023 Apostolicis
1543 1934 1809 2004 thronis
1870 1934 2217 2025 exposuit,
2272 1934 2830 2004 animadvertens
2872 1932 3014 2002 ideo
3044 1950 3103 1998 se
3137 1947 3164 1993 a

661 2022 950 2091 Domino
1000 2044 1208 2112 super
1254 2034 1490 2112 gentes
1535 2034 1601 2092 et
1634 2046 1843 2113 regna
1872 2046 2224 2093 summum
2281 2022 2675 2114 pontificem
2723 2022 3158 2093 constitut-um,

658 2123 735 2181 ut
758 2113 950 2198 juxta
998 2111 1170 2179 illud
1216 2112 1719 2201 propheticum,
1760 2113 2079 2182 vitiorum
2113 2112 2376 2181 radices
2431 2113 2769 2192 evelleret,
2836 2112 3167 2181 destrueret

659 2212 861 2286 atque
910 2200 1366 2290 disperderet:
1420 2201 1657 2288 sicque
1691 2202 1973 2270 demum
2022 2201 2415 2270 aedificaret
2465 2201 2949 2291 plantaretque
2994 2197 3167 2264 virtu-

659 2300 793 2358 tes:
848 2311 1089 2359 omnes
1120 2290 1655 2360 consuetudines
1705 2313 1878 2377 quas
1923 2303 2158 2359 contra
2200 2289 2498 2379 priscam
2548 2291 2987 2360 traditionem
3031 2291 3165 2373 Apo-

658 2377 966 2446 stolicam
1020 2378 1281 2447 noviter
1319 2378 1699 2468 pullulasse
1744 2392 2173 2468 cognoverat,
2230 2378 2540 2447 videlicet
2588 2380 2672 2448 de
2725 2375 3075 2452 ministris,
3099 2368 3163 2467 de

657 2467 1078 2549 cantoribuS,
1132 2466 1217 2536 de
1268 2467 1462 2537 laicis
1513 2466 1821 2557 pontifici
1870 2466 2299 2538 familiariter
2346 2467 2922 2548 adhaerentibuS,
2977 2464 3053 2534 de
3103 2471 3167 2527 tl-

657 2556 964 2626 tulandis
1013 2556 1596 2647 praejudicialiter
1663 2556 2091 2643 quibuslibet
2157 2558 2397 2627 rebus:
2450 2557 2535 2626 de
2582 2555 3009 2648 contegendo
3051 2546 3170 2619 dal·

655 2647 928 2717 maticis
976 2646 1359 2736 Apostolico
1407 2646 1674 2726 feretro,
1723 2646 1806 2714 de
1842 2646 2252 2736 pastillatico
2284 2668 2405 2736 pro
2451 2646 2662 2746 pallio
2694 2647 2797 2716 vel
2850 2659 3168 2715 consecra·

656 2735 837 2804 tione
885 2735 1317 2823 pontificum,
1365 2745 1429 2803 et
1476 2734 1560 2803 de
1609 2757 1745 2804 non
1796 2735 2240 2804 admittendis
2284 2757 2541 2824 passim
2594 2735 2790 2804 laicis
2847 2734 2933 2804 ad
2991 2727 3170 2802 eccle·

655 2823 912 2893 siastici
951 2824 1134 2913 juris
1180 2822 1537 2893 officium:
1593 2824 1817 2914 primo
1864 2824 2148 2911 quidem
2190 2847 2230 2893 a
2278 2831 2625 2893 Romanae
2665 2824 3029 2901 Ecclesiae,
3082 2836 3168 2907 ρο-

654 2912 1003 2983 stmodum
1054 2933 1210 2981 vero
1241 2967 1257 2992 ,
1309 2911 1611 2982 collectis
1661 2913 2207 3000 circumquaque
2255 2913 2636 3001 positarum
2689 2910 3169 3004 provinciarum

653 3001 1020 3101 episcopis,
1059 3024 1100 3069 a
1131 3001 1336 3071 totius
1382 3014 1660 3072 sanctae
1708 3002 2119 3073 universalis
2167 3002 2506 3071 Ecclesiae
2538 3024 2826 3093 corpore
2889 3014 3171 3091 segrega·

650 3101 768 3168 vit,
820 3112 1037 3176 eaque
1083 3091 1214 3160 sub
1263 3090 1440 3160 inter
1491 3091 1780 3161 ositione
1830 3090 2155 3162 terribilis
2201 3091 2692 3172 anathematis,
2732 3102 2877 3161 tam
2928 3101 3173 3181 genera-

653 3177 808 3247 liter
851 3202 1063 3266 quam
1114 3192 1442 3270 perpetua
1473 3181 1598 3250 iter
1645 3181 2151 3250 condemnavit.
3113 3257 3125 3269 ‚

741 3271 778 3355 ξ
826 3274 918 3340 6.
977 3267 1228 3336 Deinde
1261 3269 1328 3337 in
1364 3269 1651 3339 domum
1686 3269 1980 3350 Domini,
2021 3291 2209 3338 more
2236 3268 2733 3359 sapientissimi
2791 3268 3174 3338 salomoms.
3286 3340 3287 3357 χ

650 3369 930 3448 propter
977 3357 1283 3427 musicae
1314 3359 1919 3447 compunctionem
1968 3358 2397 3439 dulcedinis,
2450 3358 3019 3448 antiphonarium
3052 3368 3181 3420 cen·
3285 3360 3287 3439 f

653 3459 881 3516 tonem
929 3458 1286 3516 cantorum
1326 3447 1881 3518 studiosissimus
1912 3447 2121 3515 nimis
2155 3447 2413 3516 utiliter
2450 3445 2851 3537 compilavit
2897 3447 2955 3527 ’ἢ
3007 3440 3179 3511 scho-

650 3534 929 3622 lamque
975 3545 1331 3605 cantorum
1383 3559 1562 3623 quae
1611 3536 1944 3605 hactenus
2001 3535 2260 3605 eisdem
2312 3536 2869 3606 institutionibus
2921 3535 2995 3603 in
3040 3547 3180 3623 san-

650 3635 758 3693 cta
803 3629 1113 3694 Romana
1145 3625 1447 3694 Ecclesia
1495 3622 1914 3706 modulatur,
1968 3625 2344 3705 constituit,
2398 3624 2598 3711 eique
2633 3647 2797 3694 cum
2847 3613 3180 3714 nonnullis

651 3713 953 3804 praediis
1001 3714 1139 3783 duo
1189 3712 1607 3791 habitacula,
1661 3712 1923 3783 scilicet
1969 3712 2261 3784 alterum
2313 3714 2444 3783 sub
2492 3714 2830 3805 gradibus
2880 3709 3185 3800 eoelestaf}

652 3803 872 3872 sancti
930 3804 1106 3872 Petri
1154 3802 1477 3892 Apostoli,
1534 3802 2031 3871 alterum-vero
2082 3802 2213 3873 sub
2261 3803 2738 3873 Lateranensis
2800 3794 3185 3893 patriarcha

651 3891 973 3962 domibus
1032 3891 1409 3962 fabricavit.
1467 3892 1593 3960 Ubi
1643 3912 1865 3978 usque
1912 3890 2114 3962 hodie
2163 3891 2380 3961 lectus
2450 3892 2601 3982 ejus
2649 3913 2785 3979 quo
2866 3887 3185 3959 recubans

648 3981 1139 4051 modulabatur
1180 3992 1246 4049 et
1293 3979 1642 4071 flagellum
1710 3980 1930 4071 ipsius
1982 4003 2121 4069 quo
2209 3981 2393 4050 ueris
2447 3980 2872 4059 minabatur,
2930 3991 3188 4046 venera-

650 4070 832 4140 tione
880 4091 1210 4159 congrua,
1266 4091 1426 4138 cum
1495 4070 1889 4140 authentico
1954 4070 2145 4160 antip
2202 4069 2438 4139 onario
2499 4082 2968 4139 reservantur.
3022 4068 3188 4148 Quae

648 4159 964 4229 videlicet
1013 4158 1159 4227 loca
1207 4180 1329 4249 per
1364 4160 1705 4261 praecepti
1739 4159 2011 4239 seriem,
2065 4160 2196 4229 sub
2235 4159 2754 4250 interpositione
2801 4155 3189 4251 anathema·

651 4249 759 4330 tis,
813 4249 900 4318 ob
952 4247 1311 4318 ministerii
1362 4249 1748 4334 quotidiani
1797 4248 2164 4335 utrobique
2193 4249 2485 4339 gratiam
2528 4246 2924 4318 subdivisit.
2981 4247 3190 4335 Hujus

651 4336 1143 4408 modulationis
1192 4335 1656 4418 dulcedinem,
1716 4338 1892 4407 inter
1960 4337 2131 4408 alias
2195 4343 2503 4428 Europae
2552 4351 2810 4429 genteS‚
2882 4340 3186 4404 Germanl

703 4457 729 4484 *
758 4456 934 4496 Cantus
951 4456 1261 4498 ecclesiastici
1284 4455 1409 4509 (ideo
1428 4458 1708 4509 angariant)
1727 4456 1981 4501 institutam
2019 4457 2233 4507 corrupti
2254 4457 2364 4498 (lein
2381 4456 2433 4497 in
2458 4455 2681 4498 Gautset
2713 4453 2971 4497 Germanis
2997 4451 3191 4491 causu-
