3327 4999
652 324 781 391 648
1275 342 1352 390 na
1401 342 1454 389 s.
1494 341 1856 390 MEINULPHO
1906 341 2072 389 nuc.
2109 339 2183 387 ΕΤ
2231 338 2414 389 conr.
2694 322 2800 389 EX
2847 320 3025 388 OCT.
3082 324 3129 387 ὃ

566 422 1038 494 Paderbonam
1088 422 1293 503 venit,
1355 434 1420 492 et
1466 421 1552 491 ab
1591 443 1670 491 eo
1704 421 2081 491 honorifice
2122 419 2446 511 inprimis
2482 432 2830 511 acceptus,
2883 419 3125 490 sedem

566 513 755 582 illam
806 511 1210 581 auctoritate
1256 510 1639 601 Apostolica
1688 509 2144 580 confirmavit.

652 602 689 688 ξ
740 604 830 671 8.
887 605 1011 668 Per
1043 599 1109 668 id
1163 610 1438 690 tempus
1468 599 1572 667 vir
1602 598 1885 686 quidam
1919 598 2293 689 opulentus
2322 609 2387 668 et
2426 597 2701 678 nobilis,
2745 618 2880 665 non
2916 596 3130 697 longe

563 690 649 759 ab
680 710 759 759 eo
807 688 955 758 loco
991 687 1336 768 habitanS,
1392 686 1777 757 Christiana
1810 686 2139 777 religione
2177 689 2329 779 jam
2359 686 2694 767 initiatuS,
2729 686 2906 753 viam
2959 706 3128 753 um-

564 798 800 847 versae
845 777 1079 847 carnis
1126 776 1485 867 ingressus
1522 786 1645 857 est,
1714 774 1951 845 relicta
1990 798 2200 847 uxore
2246 775 2584 847 catholica
2635 772 3009 865 'Wigtrude,
3055 786 3129 843 et

568 887 781 957 parvo
830 864 996 945 filio,
1052 865 1176 951 qui
1230 865 1356 934 etsi
1407 885 1528 954 per
1574 877 1859 934 aetatem
1911 864 2272 935 ambulare
2309 865 2453 955 jam
2508 874 2766 955 posset,
2822 861 3127 931 necdum

568 968 797 1026 tamen
847 953 1284 1043 baptismatis
1314 952 1497 1023 fonte
1527 964 1810 1023 renatus
1858 964 2024 1022 erat.
2060 958 2152 1022 Ea
2199 975 2363 1043 ergo
2399 950 2794 1031 Wictrudis,
2846 962 3128 1040 captata

568 1041 1134 1133 opportunitate,
1188 1041 1271 1110 ad
1301 1041 1641 1111 -Carolum
1695 1047 1945 1132 Regem
1995 1064 2155 1111 cum
2208 1042 2421 1111 filiolo
2482 1062 2608 1111 suo
2670 1038 2961 1109 fidenter
3007 1062 3130 1108 ac-

570 1130 799 1210 cessit,
859 1143 1063 1216 atque
1111 1129 1260 1219 ejus
1308 1130 1598 1220 gratiam
1648 1142 1714 1199 et
1783 1128 2325 1200 benevolentiam
2390 1129 2655 1199 studuit
2713 1127 3121 1218 promereri.

570 1226 646 1290 At
694 1223 833 1289 Rex
867 1217 1238 1288 foeminam
1293 1217 1688 1287 humaniter
1730 1231 1795 1287 et
1845 1219 1955 1308 pie
2003 1219 2371 1309 accipiens,
2414 1217 2637 1287 filium
2687 1217 2840 1306 ejus
2886 1238 3124 1285 coram

570 1329 641 1379 se
689 1306 954 1377 curavit
1002 1306 1332 1397 baptizari
1366 1319 1429 1377 et
1477 1328 1637 1377 eum
1688 1305 1774 1375 de
1821 1328 2016 1377 sacro
2047 1307 2230 1377 fonte
2279 1307 2692 1397 suscipiens,
2737 1304 2990 1373 Meinul
3056 1305 3127 1372 hi

575 1417 826 1466 nomen
876 1395 1341 1485 eiimposuit.
1396 1400 1764 1482 Postquam
1814 1406 2045 1465 autem
2078 1396 2524 1466 Hatumarius
2558 1394 2826 1485 primus
2875 1399 2966 1462 Pa
3018 1414 3130 1462 er-

571 1483 902 1554 bonensis
950 1483 1329 1584 Episcopus
1376 1505 1525 1552 eam
1579 1482 1940 1554 ecclesiam
1992 1485 2196 1554 annis
2262 1496 2412 1554 octo
2466 1482 3028 1561 administravit,
3089 1505 3128 1551 e

570 1572 707 1642 vita
768 1571 1082 1642 decessit.
1138 1577 1211 1640 Ει
1262 1593 1417 1642 vero
1488 1572 1905 1661 subrogatus
1979 1583 2080 1642 est
2127 1571 2307 1643 alius
2375 1570 2658 1659 quidam
2737 1570 3129 1639 Canonicus

566 1660 777 1742 Herbi
875 1660 1109 1741 lensiS,
1156 1659 1562 1729 Baduradus
1611 1660 1913 1741 nomine,
1955 1661 2228 1730 natione
2277 1658 2736 1750 Westphalus,
2791 1658 3128 1748 praefuit-

570 1771 704 1837 que
766 1749 869 1817 ili
918 1747 1257 1818 Ecclesiae
1318 1748 1400 1829 ad
1454 1769 1674 1818 annos
1721 1747 2181 1839 quadraginta
2227 1761 2292 1818 et
2339 1762 2522 1817 octo:
2576 1747 3129 1838 primariamque

571 1838 713 1908 sive
760 1835 1221 1907 cathedralem
1271 1836 1632 1906 ecclesiam
1691 1858 1899 1923 quam
1971 1838 2250 1907 Carolus
2299 1841 2588 1938 Magnus
2654 1834 3119 1915 inchoaverat,

568 1925 719 2016 ipse
751 1924 1040 1995 absolvit
1080 1924 1265 2015 apud
1304 1945 1514 2012 quam
1551 1924 1992 2015 Meinulphus
2040 1946 2214 2026 puer
2261 1925 2476 1995 literis
2524 1924 2967 1995 addiscendis
3018 1937 3123 1995 est

569 2013 913 2085 admotuS.
969 2019 1274 2101 Cumque
1321 2026 1385 2083 et
1432 2025 1646 2083 aetate
1704 2025 1769 2084 et
1814 2013 2102 2082 scientia
2152 2014 2529 2103 proficeret,
2585 2011 2991 2083 Baduradus
3042 2018 3119 2081 E·

569 2103 901 2194 piscopus
958 2122 1119 2172 eum
1169 2101 1566 2172 monasterii
1612 2101 1943 2172 ecclesiae
1999 2101 2545 2172 Paderbonensis
2594 2101 2954 2171 canonicis
3014 2124 3131 2170 ac-

568 2201 808 2262 curate
853 2189 1384 2272 commendavit,
1436 2201 1513 2259 ut
1562 2190 1692 2261 sub
1739 2191 2050 2261 instituto
2102 2213 2171 2260 re
2223 2190 2425 2271 ulari,
2479 2189 2749 2280 pietatis
2789 2201 2854 2258 et
2898 2188 3123 2258 bono-

572 2301 730 2349 rum
782 2300 1056 2349 morum
1105 2279 1444 2368 acciperet
1474 2278 1921 2349 incrementa.
1977 2279 2104 2349 Ubi
2137 2278 2181 2347 il
2217 2301 2253 2349 e
2301 2300 2465 2350 sane
2510 2298 2668 2347 cum
2720 2277 2959 2348 aetatis
3008 2301 3126 2347 ac-

571 2367 880 2438 cessione
912 2379 1136 2438 tantos
1183 2365 1426 2437 habuit
1474 2367 1544 2436 in
1594 2388 1752 2437 vera
1801 2368 2047 2458 pietate
2101 2389 2531 2458 progressus,
2594 2378 2670 2437 ut
2711 2366 3121 2467 EpiscopuS,

574 2478 848 2527 morum
899 2456 1049 2549 ejus
1083 2457 1410 2548 gravitate
1461 2468 1526 2527 et
1573 2455 1758 2527 haud
1808 2455 2124 2529 obscuris
2177 2457 2506 2527 virtutum
2557 2454 2837 2526 indiciis
2884 2454 3130 2525 multi-

574 2546 783 2616 variis
846 2557 1221 2636 permotus,
1264 2568 1425 2615 eum
1495 2545 1628 2616 sibi
1698 2546 2136 2635 peculiariter
2172 2568 2214 2615 a
2261 2545 2541 2616 secretis
2586 2565 2737 2616 esse
2801 2542 3119 2614 voluerit.

576 2640 733 2704 Erat
782 2656 1081 2722 namque
1129 2635 1408 2724 ingenio
1457 2635 1838 2724 perspicax,
1909 2656 2194 2723 corpore
2240 2645 2504 2714 castus,
2559 2645 2786 2703 mente
2835 2632 2996 2723 pius
3045 2656 3130 2703 ac

572 2728 705 2792 Deo
753 2722 1061 2803 devotus,
1120 2723 1394 2813 justitia
1469 2721 1759 2813 pollens,
1843 2722 2224 2793 instructus
2303 2722 2778 2813 temperantia,
2834 2721 3133 2792 consilio

572 2811 927 2901 providUS‚
963 2810 1155 2880 fortis
1186 2811 1255 2880 in
1304 2810 1633 2890 adversiS,
1694 2810 1930 2900 largus
1979 2810 2456 2911 eleemosyni5‚
2511 2830 2828 2879 sermone
2875 2808 3129 2879 facun-

570 2899 727 2980 dus,
771 2899 1080 2989 corporis
1141 2897 1361 2968 forma
1408 2897 1723 2966 decorus,
1800 2897 2054 2967 Deinde
2120 2920 2336 2968 sacris
2386 2897 2721 2979 initiatus,
2780 2898 3131 2969 Diaconus

570 2988 934 3087 ordinatus
980 2999 1103 3067 est,
1148 2987 1218 3055 in
1249 3007 1386 3072 quo
1433 2983 1676 3055 ordine
1700 2985 1783 3054 ad
1837 3007 2244 3077 supremum
2279 3008 2500 3074 usque
2533 2986 2708 3056 vitae
2754 2985 2939 3056 diem
2972 3007 3133 3076 per-

573 3088 852 3145 mansit.

659 3164 696 3249 ξ
750 3166 844 3234 8.
898 3161 1092 3245 Quod
1143 3181 1297 3231 vero
1338 3161 1718 3264 Episcopus
1776 3162 2204 3244 BaduraduS‚
2262 3163 2377 3233 cui
2430 3161 2870 3252 Meinulphus
2937 3166 3135 3234 tanta

572 3250 700 3321 fuit
747 3249 1211 3319 familiaritate
1257 3262 1669 3338 conjunctus
1709 3305 1723 3331 ,
1771 3253 1875 3320 vir
1924 3252 2140 3323 multa
2197 3251 2443 3321 virtute
2490 3250 2721 3321 clarus
2777 3250 3122 3333 extiterit,

572 3338 722 3409 suis
772 3349 1103 3410 testantur
1137 3338 1413 3429 scriptis
1460 3340 1580 3426 qui
1635 3339 1788 3429 ejus
1826 3352 2042 3410 aetate
2100 3339 2346 3420 vixere,
2385 3339 2719 3409 virtutum
2779 3339 2933 3428 ejus
2996 3340 3135 3411 hoc

573 3426 930 3518 singulare
977 3427 1326 3514 quoddam
1361 3427 1857 3497 documentum
1903 3429 1988 3497 ad
2052 3440 2477 3518 posterorum
2534 3428 2845 3497 notitiam
2908 3449 3133 3498 anno-

575 3528 819 3586 tantes,
860 3521 1027 3586 Cum
1057 3516 1270 3597 enim,
1306 3527 1383 3585 ut
1429 3516 1649 3605 ajunt,
1689 3519 1776 3585 ab
1825 3517 2020 3587 obitu
2061 3517 2211 3606 ejus
2259 3537 2445 3585 anno
2501 3516 3133 3606 vicesimoseptimo

575 3604 974 3695 sepulcrum
1026 3604 1217 3675 illius
1264 3603 1565 3690 quadam
1615 3626 1694 3672 ex
1745 3626 1956 3674 causa
2010 3605 2416 3695 aperiretur,
2477 3604 2908 3688 indumenta,
2964 3627 3130 3675 cum

573 3692 831 3780 quibus
877 3715 1132 3783 corpus
1179 3692 1329 3778 ejus
1390 3693 1753 3761 humatum
1805 3691 2047 3772 fuerat,
2110 3705 2249 3762 tam
2310 3714 2478 3761 sana
2533 3702 2598 3761 et
2646 3693 2910 3792 integra
2965 3707 3134 3763 sunt

572 3782 872 3861 inventa,
928 3793 1006 3850 ut
1055 3802 1138 3849 ne
1167 3780 1444 3850 fimbria
1500 3779 1784 3867 quidem
1842 3781 2180 3850 dissoluta
2228 3779 2327 3848 vel
2378 3793 2703 3871 corrupta
2751 3780 3126 3851 videretur.

572 3874 664 3939 Ex
710 3891 847 3956 qua
879 3891 952 3938 re
1000 3869 1113 3969 pia
1164 3869 1466 3938 manavit
1521 3868 1779 3958 opini0,
1826 3890 1904 3937 ea
1941 3867 2230 3938 vestium
2280 3890 2455 3955 quae
2517 3881 2612 3938 tot
2659 3870 2863 3938 annis
2910 3870 3132 3941 humo

570 3957 858 4027 obrutae
917 3957 1258 4038 fuissent,
1336 3957 1855 4046 incorruptione
1907 3969 2168 4026 certum
2224 3956 2535 4047 praeberi
2584 3956 3077 4028 documentum
3109 4015 3125 4040 ,

570 4045 768 4115 illum
841 4045 1091 4115 mentis
1157 4045 1546 4135 integritate
1603 4057 1670 4114 et
1716 4045 1889 4113 vitae
1942 4045 2236 4134 puritate
2311 4045 2518 4114 vitam
2570 4045 2703 4116 sibi
2775 4057 3130 4115 aeternam

569 4133 977 4205 conciliasse
1033 4156 1112 4203 ac
1164 4134 1653 4223 promeruisse.
1710 4132 1968 4202 Accidit
2026 4145 2282 4215 autem,
2336 4145 2411 4203 ut
2458 4132 2875 4220 quandoque
2943 4133 3132 4204 idem

572 4220 979 4293 Baduradus
1005 4222 1073 4290 in
1101 4221 1427 4291 familiari
1451 4221 1796 4308 colloquio
1830 4222 2442 4292 circumstantibus
2469 4223 2942 4309 quaestionem
2976 4244 3136 4312 pro-

575 4321 878 4466 Eoneret,
915 4309 1081 4397 quid
1121 4310 1255 4380 sibi
1304 4310 1552 4379 vellent
1588 4332 1669 4379 ea
1714 4309 2080 4380 Salvatoris
2127 4311 2353 4391 verba,
2413 4310 2663 4402 Vulpes
2720 4309 2948 4379 foveas
3000 4310 3129 4380 ha·

623 4411 738 4468 ent
767 4412 834 4469 et
880 4398 1193 4468 volucres
1239 4398 1409 4469 coeli
1446 4397 1671 4470 nidos:
1711 4396 1898 4471 lilius
1945 4410 2174 4469 autem
2207 4397 2513 4470 hominis
2558 4419 2690 4470 non
2742 4399 2946 4470 babet
3004 4398 3130 4470 ubi
