3327 4999
686 295 814 361 732
1484 314 1562 361 nn
1609 315 1663 360 S.
1720 312 1940 361 Ammo
1988 311 2238 361 morum
2653 293 2755 359 Ex
2802 293 2984 360 NOV.
3039 296 3124 359 26

596 416 838 466 rursus
867 392 1146 476 factum,
1181 407 1254 464 ut
1279 394 1361 462 ad
1396 415 1550 463 eum
1581 405 2088 464 concurrerent:
2126 393 2444 463 nonnulli
2476 391 2762 481 quidem
2799 391 2883 462 de
2912 391 3124 484 longa

598 483 978 553 amicorum
1040 494 1159 552 aut
1205 493 1648 572 cognatorum
1701 483 2031 564 absentia,
2086 493 2433 569 tamquam
2484 504 2526 551 a
2573 480 2929 582 propheta,
2971 498 3121 551 cer-

598 585 742 642 tum
792 570 965 642 scire
1014 571 1334 651 volentes,
1373 593 1458 639 an
1502 585 1963 662 superessent:
2003 571 2120 641 alii
2165 593 2319 641 vero
2369 572 2591 642 morbi
2635 569 2950 639 diuturni
2999 593 3124 640 cu-

598 661 859 751 pientes
927 659 1203 747 aliquod
1266 659 1575 750 accipere
1624 661 2026 731 remedium.
2104 665 2243 729 Hoc
2307 660 2493 729 enim
2543 658 2857 740 habebat,
2931 660 3119 746 quod

598 748 834 819 nullus
882 769 961 818 ex
1009 749 1226 817 doctis
1272 763 1337 818 et
1386 749 1620 840 peritis
1674 749 1978 820 medicis:
2034 749 2101 818 id
2152 761 2380 820 autem
2428 762 2592 830 erat,
2649 770 2772 839 pro
2820 749 3122 839 aegrotis

598 837 947 908 effundere
995 837 1358 927 lacrymas.
1425 839 1665 924 utqui
1717 838 2138 919 laborabant,
2191 860 2270 907 ex
2327 837 2460 907 alto
2526 838 2855 908 haberent
2917 859 3122 907 cura-

599 927 875 996 tionem.
929 926 1054 995 Alii
1103 939 1328 997 autem
1379 941 1782 1013 quaerentes
1820 928 1903 998 de
1944 929 2004 996 vi
2040 928 2434 1018 principum
2474 940 2538 996 et
2588 948 2696 996 ma
2751 926 3116 996 istratuum

599 1028 661 1085 et
710 1015 1182 1085 violentiorum
1263 1027 1741 1087 contractuum
1803 1017 2207 1104 iniquitate:
2263 1039 2555 1105 quorum
2611 1038 2698 1086 no
2751 1039 2825 1086 os
2894 1029 2961 1087 et
3007 1038 3118 1085 ca-

600 1104 855 1263 ptiosos
907 1104 1145 1195 plexus
1185 1105 1298 1175 hic
1361 1105 1813 1176 dissolvebat:
1844 1129 2001 1189 ,non
2055 1106 2121 1175 in
2173 1105 2280 1188 iis,
2317 1115 2494 1194 quae
2525 1105 2755 1176 doceri
2797 1118 3112 1196 possunt,

649 1214 942 1263 umanae
989 1194 1362 1285 sapientiae
1410 1195 1656 1265 verbis:
1713 1195 1825 1267 sed
1878 1197 1948 1264 in
2000 1195 2108 1277 iis,
2140 1217 2314 1283 quae
2348 1194 2577 1264 doceri
2624 1207 2916 1285 possunt
2948 1199 3120 1265 San-

597 1282 687 1353 cti
735 1282 1052 1372 Spiritus:
1098 1294 1174 1355 ut
1221 1284 1455 1354 nullus
1502 1285 1711 1375 hujus
1760 1285 2026 1366 mundi,
2072 1284 2192 1373 qui
2224 1284 2607 1375 gloriantur
2645 1285 2715 1354 in
2746 1283 3107 1375 sapientia,

597 1372 827 1441 omnia
894 1372 1148 1442 faciens
1194 1385 1258 1442 et
1310 1373 1618 1464 cogitans
1669 1396 1788 1465 per
1836 1373 2212 1444 orationem
2263 1387 2326 1443 et
2392 1373 2475 1443 de
2529 1373 2986 1454 recationem,
3037 1383 3114 1442 ut

597 1461 877 1531 omnino
946 1461 1213 1549 aliquos
1272 1474 1337 1533 et
1382 1475 1538 1532 ante
1599 1485 1839 1533 omnes
1906 1463 2246 1533 Christum
2299 1463 2469 1532 lucri
2503 1473 2747 1545 aceret‚
2808 1461 2893 1531 ad
2947 1461 3120 1533 alios

526 1623 537 1639 ,
596 1548 874 1638 quidem
925 1552 1259 1622 scribens:
1313 1550 1484 1621 alios
1532 1564 1759 1621 autem
1815 1574 2121 1626 monens:
2227 1551 2499 1622 Iuribus
2545 1552 2747 1621 etiam
2799 1550 3114 1621 donans:

597 1660 834 1710 omnes
896 1652 1150 1722 autem,
1203 1641 1322 1728 qui
1374 1653 1646 1732 propter
1708 1642 2129 1722 inimicitiaS,
2212 1642 2508 1729 itemque
2553 1654 2617 1711 et
2681 1662 2955 1732 gravem
3007 1639 3122 1710 su-

599 1750 816 1799 rorem
876 1751 1074 1801 enses
1137 1751 1338 1820 saepe
1401 1743 1635 1800 contra
1699 1753 1770 1799 se
1833 1730 2123 1799 invicem
2191 1731 2650 1812 strinxerant,
2703 1751 2862 1799 cum
2927 1729 3117 1820 apud

597 1819 823 1909 ipsum
874 1817 1165 1888 fuissent
1210 1820 1580 1889 concordes
1612 1831 1678 1889 et
1710 1842 1780 1889 se
1809 1820 2144 1911 complexi
2176 1820 2547 1901 exiverunt,
2579 1819 2817 1894 fratres
2849 1819 3116 1901 anim0,

596 1907 944 1978 con'uncti
992 1908 1370 1990 affectione:
1405 1908 1572 1980 adeo
1621 1921 1699 1979 ut
1743 1909 2029 1997 quilibet
2076 1909 2279 1979 homo
2317 1910 2551 2000 justus
2600 1907 3024 2000 glorificaret
3055 1920 3121 1978 et

598 1997 714 2067 lau
766 2010 908 2068 aret
955 1997 1321 2068 Dominum
1367 1998 1903 2070 misericordem.
1959 2004 2113 2091 Ipse
2144 1999 2330 2068 enim
2362 1998 2597 2069 beatae
2635 1998 2942 2068 tiliorum
2999 1999 3140 2068 Dei·

599 2086 811 2176 partis
858 2086 1063 2157 veluti
1100 2087 1516 2178 pacificator,
1554 2087 2079 2189 appellationem
2115 2110 2314 2158 suam
2349 2088 2568 2158 laetus
2613 2086 3112 2159 lucrifaciebat.

596 2174 717 2245 Ille
763 2188 828 2245 et
884 2177 953 2244 in
1005 2188 1401 2267 paupertate
1449 2177 1732 2268 spiritus
1780 2190 1844 2248 et
1891 2177 1960 2246 in
2032 2177 2647 2269 persecutionibuS,
2700 2176 2919 2266 gratia
2971 2179 3115 2264 Dei,

593 2276 944 2353 tamquam
998 2287 1284 2356 regnum
1338 2265 1450 2335 Dei
1504 2288 1973 2357 possessuruS,
2017 2277 2160 2337 erat
2206 2265 2469 2338 beatus,

679 2355 716 2440 ξ
767 2358 925 2426 ²2.
1008 2355 1075 2423 Si
1141 2367 1365 2424 autem
1419 2355 1465 2423 ii
1514 2377 1787 2443 quoque
1846 2356 1968 2442 qui
2024 2355 2295 2446 lugent,
2362 2368 2523 2426 sunt
2570 2354 3113 2425 consolationem

593 2442 939 2532 accepturi
988 2454 1338 2531 tamquam
1390 2445 1605 2515 beati:
1645 2445 1766 2533 qui
1822 2456 1923 2516 est
1979 2443 2098 2514 illo
2147 2444 2427 2527 beatior,
2479 2445 2600 2533 qui
2699 2467 2772 2515 ro
2820 2445 3113 2516 commi-

594 2532 927 2602 seratione
972 2545 1036 2603 et
1082 2534 1549 2604 misericordia
1598 2546 1661 2603 ct
1709 2556 1939 2604 amore
2002 2557 2040 2602 a
2092 2534 2187 2604 ud
2237 2540 2446 2604 Deum
2496 2535 2634 2606 effu
2688 2535 2738 2603 it
2790 2547 2884 2604 tot
2933 2535 3116 2604 rivos

594 2621 1091 2712 lacrymarum?
1151 2628 1353 2694 Porro
1402 2637 1630 2693 autem
1680 2623 1808 2694 fuit
1850 2623 1952 2691 vir
2000 2623 2047 2691 il
2079 2646 2115 2692 e
2177 2623 2343 2694 adeo
2394 2623 2663 2693 Domini
2722 2636 2785 2692 et
2859 2623 3111 2693 Christi

593 2732 856 2792 amanS,
911 2725 987 2782 ut
1018 2714 1386 2800 quotannis
1434 2713 1583 2803 ejus
1632 2712 1972 2813 passionis
2022 2712 2252 2803 legens
2301 2713 2742 2804 Evangelium
2791 2712 2882 2801 (is
2920 2712 3103 2780 enim

591 2812 735 2869 erat
781 2822 930 2870 mos
976 2801 1177 2891 ejus)
1228 2824 1346 2892 pro
1416 2803 1685 2893 probris
1732 2814 1796 2872 et
1843 2801 2325 2883 contumeliis,
2380 2801 2646 2890 quibus
2688 2801 2902 2871 suerat
2944 2800 3104 2869 affe-

592 2901 764 2970 ctus,
820 2889 1313 2980 lacrymaretur
1357 2905 1422 2960 et
1467 2891 2016 2981 discerperetur:
2071 2891 2262 2973 adeo,
2316 2904 2393 2961 ut
2442 2903 2707 2981 putaret
2764 2914 2836 2962 se
2883 2889 3112 2960 videre

595 2978 959 3048 Dominum
1016 2980 1083 3048 in
1135 2980 1304 3069 ipsis
1352 2979 1813 3068 passionibus
1897 2979 2088 3063 Quod
2152 2992 2381 3051 autem
2443 2993 2620 3050 esset
2686 2980 2864 3049 inter
2911 2980 3114 3049 mites

589 3067 1124 3148 enumerandus,
1182 3068 1468 3159 planum
1518 3068 1772 3138 sactum
1821 3082 1943 3149 est,
2001 3091 2159 3139 cum
2211 3081 2457 3139 terram
2559 3069 2912 3141 ossederit.
2985 3073 3115 3139 Pro

588 3155 1018 3245 eleemosyna
1064 3170 1288 3227 autem
1341 3168 1598 3227 tantam
1648 3170 2104 3246 consequetur
2144 3159 2495 3229 misericor
2548 3159 2710 3240 iam,
2768 3170 3114 3246 quantum

589 3244 977 3315 misericors
1023 3245 1149 3315 fuit
1194 3268 1405 3337 supra
1455 3260 1918 3339 praeceptum.
1973 3247 2314 3331 Quidnam
2366 3261 2593 3318 autem
2628 3247 2899 3327 sithoc,
2935 3270 3119 3337 opus

586 3342 687 3405 est
731 3333 1003 3405 dicere:
1056 3335 1249 3406 Petiit
1312 3336 1684 3423 aliquando
1734 3337 2096 3407 mendicus
2143 3338 2229 3407 ab
2275 3360 2353 3407 eo
2402 3337 2912 3408 indumentum.
2993 3336 3122 3408 Ille

587 3446 742 3494 vero
793 3424 964 3494 nihil
1012 3424 1359 3507 dubitanS,
1414 3426 1481 3495 in
1523 3426 1751 3498 cordis
1782 3427 2143 3507 hilaritate,
2183 3449 2339 3498 cum
2378 3427 2508 3498 sibi
2542 3425 2938 3507 ademisset,
2973 3448 3120 3514 qua

586 3513 869 3585 indutus
915 3527 1079 3598 erat,
1135 3514 1466 3598 tunicam,
1519 3528 1581 3587 et
1629 3516 1902 3586 dextera
1953 3516 2370 3597 involuisset,
2411 3515 2654 3586 de'ecit
2699 3537 2733 3584 a
2784 3513 3120 3586 columna

587 3603 901 3676 sinistrae
949 3605 1187 3674 manui
1236 3627 1483 3675 arcano
1534 3627 1667 3675 non
1720 3604 1998 3675 creditO.
2054 3610 2184 3675 Deo
2231 3605 2417 3674 enim
2493 3604 2777 3685 aciebat,
2816 3604 2938 3691 qui
2973 3626 3117 3676 non

585 3692 729 3762 vult
792 3694 955 3763 tuba
1022 3695 1178 3776 cani
1228 3695 1566 3784 pietatem.
1637 3699 1714 3764 Et
1768 3695 1887 3782 qui
1952 3694 2492 3764 misericordiam
2557 3694 2778 3763 fuerat
2825 3693 3119 3781 quidem

585 3794 1014 3864 consecutus,
1068 3806 1227 3853 cum
1274 3784 1452 3870 quod
1510 3783 1771 3875 petebat
1835 3785 2287 3874 impetrasset,
2344 3784 2655 3865 recessit,
2716 3787 2846 3853 Deo
2894 3805 3121 3873 agens

582 3871 858 3960 gratias,
910 3872 1093 3959 quod
1133 3895 1372 3942 curam
1421 3886 1685 3964 gereret
1732 3872 2218 3964 indigentium.

671 3963 706 4047 ξ
757 3965 915 4033 23.
961 3965 1114 4051 Ipse
1162 3973 1389 4032 autem
1443 3962 1681 4032 tandiu
1734 3961 2180 4053 perseveravit
2214 3961 2282 4030 in
2324 3964 2479 4030 aere
2523 3961 2946 4052 congelatus,
2987 3961 3123 4032 do-

585 4071 709 4118 nec
754 4049 1037 4136 quidam
1089 4050 1189 4120 vir
1239 4050 1603 4141 religiosus
1649 4073 1729 4121 ex
1788 4050 1872 4123 iis
1917 4051 2037 4138 qui
2084 4061 2278 4120 erant
2329 4048 2605 4131 inclusi,
2650 4071 2808 4120 cum
2843 4049 2914 4116 in
2946 4072 3115 4119 eum

584 4138 990 4210 intendisset
1037 4139 1297 4223 oculoS,
1354 4142 1451 4211 sic
1499 4140 1673 4212 dixit
1718 4141 1803 4210 ei:
1841 4164 1875 4208 «
1906 4145 1955 4211 Ο
2007 4162 2201 4210 sacra
2248 4151 2313 4210 et
2359 4140 2556 4209 beata
2601 4138 2855 4218 anima,
2893 4159 3118 4225 quae-

586 4249 744 4298 nam
797 4228 898 4298 vis
937 4227 1236 4311 dicendi,
1291 4241 1410 4300 aut
1455 4242 1622 4317 quot
1671 4230 1949 4321 linguae
1997 4229 2353 4301 doctorum
2408 4240 2727 4319 poterunt
2763 4225 3120 4317 explicare

585 4330 771 4387 tuam
825 4317 1126 4387 divinam
1182 4318 1535 4389 virtutem?
1565 4319 1649 4388 ab
1690 4331 1842 4389 ortu
1878 4319 2314 4390 benedictum
2368 4329 2522 4388 tuae
2567 4316 2740 4387 vitae
2791 4338 2916 4407 pro
2972 4338 3119 4385 res-

582 4411 773 4478 sum?
802 4406 1323 4498 intelligentiam
1356 4430 1568 4479 canae
1592 4409 2012 4498 juventutis?
2043 4408 2409 4480 senectutis
2435 4406 2637 4497 plane
2668 4404 2937 4476 admira
2994 4404 3118 4475 ilis
