3327 4999
688 324 817 394 ²¹08
1377 340 1457 387 ΒΕ
1506 339 1962 397 onAnnAmNTA
2009 340 2416 388 narramus
2789 319 3026 386 MART.
3078 320 3141 385 10

591 420 1006 511 martyrium
1056 419 1382 489 fecerant.
1436 424 1528 489 Ea
1575 441 1739 489 cum
1789 432 1970 492 esset
2018 420 2356 489 moritura
2392 474 2407 500 ,
2462 418 2696 490 locum
2766 418 2955 489 hunc
3000 418 3142 488 reli-

593 510 745 597 quit
792 509 1176 590 monachis,
1214 508 1347 578 sibi
1395 508 1467 576 in
1518 506 1854 599 religione
1890 508 2396 588 conformibus,
2432 520 2499 577 et
2546 529 2663 577 eos
2703 507 3139 597 jurejurando

594 597 988 678 adstrinxit,
1040 609 1121 666 ut
1168 618 1239 667 se
1287 595 1546 666 ibidem
1599 597 1998 686 sepelirent,
2053 609 2261 683 atque
2307 608 2385 666 ut
2432 617 2647 685 supra
2689 607 2901 686 caput
2938 596 3005 663 in
3043 618 3143 664 su-

594 686 796 756 blimi
843 684 1153 755 loculum
1205 705 1415 753 suum
1468 684 1792 775 privatim
1841 685 2247 776 expolirent,
2302 696 2370 754 et
2417 705 2655 753 secum
2708 706 2854 753 una
2905 695 3072 753 mart
3113 721 3141 732 -

594 795 754 844 rum
783 773 1115 861 reliquias
1147 772 1620 855 reconderent,
1667 796 1747 843 ac
1783 774 2048 843 nemini
2084 795 2228 842 rem
2263 773 2678 842 indicarent.
2722 777 2809 841 Ac
2843 793 3075 841 monac
3120 771 3141 839 i

595 861 881 950 quidem
941 862 1294 940 fecerunt,
1349 861 1554 930 sicuti
1622 861 2032 932 mandatum
2089 861 2335 931 fuerat.
2410 866 2491 931 Ut
2556 872 2789 930 autem
2851 860 3141 930 debitum

596 950 865 1020 cultum
936 960 1276 1038 martyres
1333 961 1960 1036 consequerentur,
2025 962 2092 1020 et
2136 949 2397 1019 externi
2457 963 2689 1019 tamen
2739 971 2886 1018 rem
2940 946 3142 1020 nesci-

597 1051 798 1120 rent,
855 1036 1243 1107 secundum
1303 1036 1545 1107 datum
1595 1038 1931 1108 Eusebiae
1968 1037 2471 1128 jusjurandum
2509 1091 2525 1118 ,
2577 1038 2959 1107 oratorium
3024 1037 3138 1105 sub

599 1138 780 1197 terra
825 1137 1364 1197 construxerunt
1409 1124 1495 1194 ad
1537 1125 1731 1196 illius
1781 1125 2115 1196 loculum:
2151 1126 2224 1195 in
2255 1125 2571 1195 aedificio
2611 1138 2843 1194 autem
2886 1147 3045 1195 cons
3091 1122 3137 1191 i-

598 1236 733 1285 cuo
779 1236 1083 1305 superne
1115 1212 1327 1284 coctis
1368 1213 1702 1284 lateribus
1751 1217 2075 1285 vestitum
2116 1215 2620 1304 pavimentum,
2677 1227 2744 1283 et
2788 1235 2872 1283 ex
2917 1236 2994 1282 eo
3078 1233 3138 1281 e-

599 1325 926 1374 scensum
967 1301 1476 1371 clancularium
1525 1302 1612 1372 ad
1666 1315 2027 1403 martyres.

688 1394 725 1478 §
777 1398 866 1462 ἓ.
920 1395 1077 1461 Post
1125 1391 1292 1459 haec
1359 1391 1742 1472 CaesariuS,
1796 1413 1902 1459 vir
1946 1413 2026 1461 ea
2074 1402 2477 1481 tempestate
2523 1411 2686 1460 cum
2741 1389 2988 1478 primis
3032 1409 3137 1479 po·

600 1491 773 1560 tens,
821 1479 943 1566 qui
988 1490 1055 1548 et
1100 1477 1186 1547 ad
1237 1478 1675 1548 consularem
1725 1490 1791 1549 et
1837 1479 1924 1548 ad
1974 1479 2494 1580 praefectoriam
2547 1477 2958 1569 dignitatem
3008 1498 3137 1568 per—

598 1579 900 1649 venerat,
941 1566 1337 1636 defunctam
1400 1588 1687 1636 uxorem
1736 1589 1935 1638 suam
1975 1581 2175 1658 Juxta
2223 1565 2530 1637 loculum
2582 1566 2920 1637 Eusebiae
2966 1587 3136 1656 sepe-

598 1655 771 1725 livit:
826 1655 958 1724 hoc
1005 1655 1194 1724 enim
1244 1654 1386 1723 illis
1434 1656 1528 1725 ita
1586 1655 1942 1725 decretum
2002 1669 2170 1737 erat,
2214 1656 2386 1725 dum
2435 1653 2666 1725 adhuc
2716 1655 2788 1724 in
2838 1655 3010 1725 vivis
3046 1675 3138 1722 es-

598 1757 791 1825 sent,
863 1764 1024 1813 cum
1074 1754 1140 1812 et
1186 1742 1364 1812 miro
1435 1765 1670 1813 amore
1729 1744 1910 1813 inter
1973 1765 2123 1815 sese
2169 1756 2413 1813 mutuo
2465 1755 2910 1826 tenerentur,
2963 1754 3026 1813 et
3080 1742 3141 1810 in

597 1832 934 1922 religione
1004 1854 1085 1900 ac
1133 1831 1452 1901 doctrina
1497 1831 1876 1902 concordes
1921 1843 2174 1903 essent.
2250 1837 2329 1901 Et
2376 1831 2539 1900 hinc
2586 1832 2904 1903 Caesario
2952 1832 3141 1921 hujus

600 1921 737 1991 loci
784 1918 1063 1990 emendi
1112 1918 1273 1988 data
1320 1921 1590 1990 occasio
1637 1919 1793 2002 fuit,
1837 1933 1915 1989 ut
1958 1932 2024 1990 et
2070 1921 2220 2011 ipse
2275 1941 2491 2010 prope
2558 1941 2844 1989 uxorem
2918 1919 3142 2011 sepeli-

597 2020 812 2080 retur.
867 2007 1208 2077 Praedicti
1244 2029 1408 2098 ergo
1455 2008 1570 2079 isti
1618 2008 1944 2079 monachi
1992 2009 2128 2078 alio
2175 2009 2631 2099 emigrarunt,
2671 2029 2901 2095 neque
2935 2020 3139 2079 tamen

598 2097 685 2167 de
732 2096 1161 2186 martyribus
1207 2096 1584 2183 quicquam
1632 2096 2057 2167 indicarunt.
2113 2102 2325 2166 Domo
2372 2109 2610 2187 postea
2646 2097 2980 2188 collapsa,
3027 2107 3141 2166 ter·

598 2190 817 2287 raque
864 2208 945 2255 ac
993 2184 1369 2254 ruderibus
1416 2185 1731 2276 ingestiS,
1769 2187 2139 2257 universus
2174 2184 2294 2254 ille
2325 2184 2519 2255 locus
2550 2198 2973 2272 exaequatus
3004 2184 3138 2262 fuit,

597 2296 765 2362 quia
813 2273 1153 2364 templum
1204 2273 1379 2342 inibi
1429 2275 1889 2364 magnificum
1938 2280 2069 2344 Deo
2118 2274 2478 2344 Caesarius
2527 2275 2676 2365 ipse
2709 2274 2779 2342 in
2818 2274 3139 2344 honorem

597 2363 844 2452 Thyrsi
892 2361 1220 2452 martyris
1269 2361 1690 2432 aedificarat.
1728 2367 1910 2433 Deus
1947 2373 2203 2445 autem,
2241 2375 2319 2432 ut
2350 2374 2660 2452 apparet,
2698 2363 2890 2433 hunc
2923 2362 3137 2433 locum

597 2451 693 2522 ita
741 2451 1138 2533 obscurare,
1177 2437 1243 2520 εἳ
1291 2460 1559 2520 tantum
1610 2451 1940 2542 temporis
1988 2451 2168 2521 elabi
2225 2451 2310 2519 de
2378 2450 2726 2521 industria
2771 2452 3028 2533 voluit,
3076 2459 3142 2520 ut

597 2551 664 2610 et
712 2552 1103 2629 martyrum
1136 2539 1638 2620 inventionem,
1676 2540 2179 2613 etinventricis
2212 2541 2530 2631 pietatem
2569 2540 3143 2611 admirabiliorem

601 2629 1200 2714 illustrioremque
1247 2626 1584 2697 redderet:
1621 2650 1703 2697 ea
1740 2640 1885 2699 erat
1930 2630 2334 2720 imperatrix
2367 2629 2755 2709 Pulcheria,
2796 2649 2993 2701 soror
3020 2634 3143 2696 Im-

599 2718 963 2807 peratoris,
1035 2716 1214 2784 Huic
1269 2715 1460 2784 enim
1528 2737 1692 2785 cum
1769 2718 1965 2789 tertio
2030 2719 2468 2809 apparuisset
2525 2718 2986 2789 admirandus
3045 2713 3146 2784 ille

598 2806 932 2896 Thyrsus,
985 2825 1103 2873 eos
1149 2802 1270 2891 qui
1328 2803 1459 2872 sub
1509 2814 1689 2874 terra
1735 2805 2128 2876 absconditi
2175 2806 2480 2876 latebant
2529 2805 2912 2890 indicavit,
2965 2818 3027 2875 et
3069 2802 3143 2872 ad

597 2916 673 2964 se
722 2892 1083 2963 transferri
1121 2890 1358 2981 jussit,
1411 2904 1489 2962 ut
1543 2904 1610 2961 et
1654 2893 1965 2983 ejusdem
2019 2894 2173 2978 loci,
2227 2906 2293 2964 et
2351 2893 2663 2985 ejusdem
2715 2916 2997 2982 quoque
3033 2893 3143 2962 ho-

596 2981 789 3050 noris
838 3002 1074 3051 secum
1159 2979 1483 3072 articipes
1511 2995 1786 3051 essent:
1827 2982 2036 3053 simul
2073 2997 2138 3053 et
2184 2983 2320 3073 ipsi
2367 3004 2644 3069 quoque
2690 2982 3142 3073 quadraginta

597 3081 962 3158 martyres,
1011 3068 1108 3137 mi
1141 3067 1435 3138 itaribus
1468 3070 1897 3140 vestimentis
1941 3071 2263 3142 candidis
2309 3071 2561 3153 induti,
2609 3072 3021 3163 semetipsos
3056 3066 3146 3138 illi

594 3156 1013 3247 conspicuos
1060 3155 1393 3227 fecerunt.

689 3254 727 3327 ἓ
777 3250 869 3317 8.
925 3250 1107 3314 Haec
1153 3267 1314 3315 vero
1361 3267 1469 3315 res
1516 3258 1580 3316 et
1628 3268 1846 3339 supra
1891 3248 2098 3317 fidem
2134 3303 2150 3330 ‚
2205 3258 2271 3318 et
2327 3269 2616 3338 prorsus
2664 3243 3147 3318 inextricabilis

597 3355 747 3406 esse
793 3332 1199 3403 videbatur:
1252 3356 1476 3434 neque
1522 3335 1712 3405 enim
1762 3348 1882 3406 aut
1927 3336 2194 3418 Clerici,
2247 3336 2369 3423 qui
2427 3336 2557 3406 hoc
2605 3335 2677 3404 in
2729 3336 2883 3407 loco
2936 3333 3148 3406 senio-

3244 3326 3249 3413 l

595 3444 706 3492 res
753 3434 990 3504 erant,
1042 3444 1362 3509 quamv1s
1425 3445 1629 3513 saepe
1678 3425 1942 3514 rogati,
2009 3436 2132 3494 aut
2177 3423 2360 3493 alius
2405 3425 2777 3511 quisquam
2842 3424 3149 3494 indicare
3248 3420 3249 3489 ἶ

594 3523 935 3612 martyres
983 3523 1270 3602 poterat.
1323 3510 1416 3580 Ad
1468 3524 1852 3583 extremum
1900 3513 2173 3583 cunctis
2212 3512 2358 3603 jam
2410 3512 2948 3613 desperantibus
2978 3567 2994 3593 ,
3032 3516 3144 3581 Po·
3248 3556 3249 3573 t

593 3597 958 3755 lychromo
1005 3600 1283 3669 cuidam
1335 3600 1760 3690 presbyterO,
1820 3601 1942 3703 qui
1990 3601 2157 3671 olim
2205 3624 2287 3670 ex
2335 3600 2806 3671 famillaribus
2857 3595 3145 3673 Caesarii

622 3700 840 3769 uerat,
878 3709 951 3756 ιη
987 3700 1288 3759 mentem
1325 3693 1504 3758 Deus
1543 3688 1805 3780 redegit
1844 3703 2011 3760 istos
2059 3691 2464 3771 monachOS,
2511 3690 2633 3777 qui
2685 3690 2875 3759 hunc
2921 3688 3147 3758 locum

591 3775 948 3863 quondam
1003 3776 1484 3847 incoluerant:
1527 3777 1651 3866 qui
1698 3777 1981 3866 quidem
2029 3779 2115 3848 ad
2167 3777 2825 3849 Macedonianorum
2864 3776 3145 3849 clericos

589 3863 900 3945 veniens,
945 3865 1338 3935 sciscitatur
1382 3864 1469 3935 de
1515 3865 1712 3957 ipsiS.
1750 3868 2091 3938 Omnibus
2120 3878 2351 3937 autem
2402 3866 2543 3967 illis
2583 3867 2734 3957 jam
2780 3861 3144 3940 defunctis,
3244 3946 3247 3963 1

589 3975 750 4022 cum
799 3974 1023 4024 unum
1076 3953 1412 4026 duntaxat
1457 3956 1900 4046 superstitem
1967 3956 2371 4047 reperisset,
2423 3977 2544 4043 qut
2594 3956 2666 4024 in
2737 3954 2867 4024 hoc
2919 3954 3145 4044 ipsum

588 4041 955 4112 videbatur
1000 4042 1070 4111 in
1123 4043 1259 4113 vita
1305 4057 1775 4126 conservatus,
1841 4056 1919 4115 ut
1964 4047 2312 4132 quaesitos
2362 4054 2701 4133 martyres
2752 4042 3138 4111 indicaret:

589 4130 832 4201 orabat
877 4142 955 4201 ut
1001 4130 1279 4213 diceret,
1331 4133 1765 4223 cognovisset
1830 4154 1918 4204 ne
1966 4146 2238 4204 sanctas
2285 4132 2617 4219 reliquias
2656 4131 2787 4203 sub
2836 4129 3135 4199 indicato

588 4218 742 4290 loco
773 4218 1186 4290 reconditas.
1243 4218 1370 4288 Sed
1410 4243 1572 4292 cum
1621 4243 1783 4291 eum
1832 4233 2113 4313 propter
2144 4221 2385 4292 datum
2421 4220 2757 4291 Eusebiae
2792 4219 3138 4309 ‘usjuran-

587 4308 761 4378 dum
809 4306 1433 4378 subdetrectantem
1481 4309 1742 4380 videret
1779 4309 2282 4399 Polychronius
2310 4364 2326 4391 ,
2398 4309 2708 4379 divinam
2763 4331 2787 4377 1
2819 4306 2869 4377 li
2927 4322 3136 4397 appa-

588 4396 937 4478 ritionem,
968 4406 1035 4465 et
1062 4396 1612 4486 perturbationes
1638 4398 2132 4488 Imperatricis,
2157 4411 2224 4469 et
2250 4399 2563 4490 ipsorum
2598 4394 3140 4487 desperationem
