3327 4999
162 333 281 399 Ex
333 331 503 398 OCT.
558 331 641 399 ⁴4
711 349 790 397 nn
836 349 896 398 a.
946 343 1180 398 :acono
1227 347 1562 397 Amnum
1606 348 1753 397 oan.
1808 347 2175 397 raAnchr.
2493 332 2622 397 695

162 446 302 517 est,
357 435 734 506 confricare
793 449 1191 527 coeperunt,
1242 448 1309 506 et
1355 456 1606 523 aquam
1656 435 1728 503 in
1779 432 2022 504 faciem
2061 435 2318 535 jacere,
2370 444 2435 504 et
2480 435 2715 506 omnia

167 550 259 598 ex
319 526 504 608 eriri,
540 546 718 613 quae
745 525 928 595 circa
975 527 1397 595 exanimatos
1443 525 1588 594 fieri
1640 525 1880 595 solent.
1921 523 2231 615 Resipuit
2278 524 2392 594 ille
2439 525 2715 595 tandem

162 640 252 686 ve
286 626 366 685 ut
409 638 490 686 ex
536 615 724 706 gravi
772 613 1073 702 quodam
1124 636 1366 705 sopore
1413 615 1770 696 excitatus,
1823 624 1887 683 et
1932 623 2351 702 conquestus
2397 627 2500 684 est
2559 636 2717 706 gra-

164 707 376 786 viter,
412 704 596 792 quod
648 727 718 776 se
765 704 1161 774 incredibili
1195 704 1525 776 suavitate
1564 725 1644 772 ac
1679 703 2023 793 voluptate
2071 703 2478 794 privassent.

269 797 310 883 ξ
358 799 503 867 13.
576 793 912 885 Prodigiis
974 793 1212 865 multis
1278 793 1526 863 claruit
1573 793 1802 862 adhuc
1850 793 2044 862 vivus
2079 847 2094 872 ,
2146 814 2183 861 e
2231 814 2526 879 quorum
2588 815 2719 862 nu-

178 906 371 954 mero
410 882 752 972 quaedam
801 884 1114 953 referam.
1169 882 1460 966 Quidam
1511 881 1959 952 Bononiensis
1999 881 2321 952 sacerdos
2366 883 2712 972 optimu5‚

175 975 292 1045 cui
341 980 712 1062 Jeronymo
751 971 977 1041 Aviolo
1017 993 1266 1041 nomen
1301 972 1451 1053 fuit,
1507 972 1703 1041 beato
1748 970 2002 1041 Jacobo
2045 969 2419 1042 familiaris
2456 983 2522 1040 et
2555 970 2719 1040 cha-

177 1084 303 1134 rus
350 1062 728 1133 admodum
776 1073 941 1131 erat.
996 1065 1062 1131 Is
1129 1061 1298 1130 forte
1346 1062 1414 1130 in
1464 1082 1739 1151 gravem
1789 1059 2031 1130 incidit
2077 1059 2570 1141 valetudinem,
2638 1072 2717 1131 ut

178 1152 477 1222 minima
539 1151 625 1220 de
679 1150 829 1240 ejus
878 1150 1095 1222 salute
1144 1172 1301 1241 spes
1347 1164 1545 1220 esset.
1601 1149 1780 1220 Misit
1828 1149 1964 1229 ille,
2017 1149 2136 1236 qui
2185 1149 2464 1224 beatum
2509 1156 2712 1219 Jaco-

177 1241 350 1312 bum
400 1242 485 1311 ad
538 1262 609 1311 se
656 1239 1129 1330 perducerent.
1184 1240 1376 1310 Venit
1421 1238 1770 1319 continuo,
1810 1251 1886 1308 ut
1911 1250 2054 1307 erat
2100 1237 2443 1330 benignus
2482 1239 2709 1308 omni-

176 1331 323 1400 bus
362 1341 428 1401 et
471 1328 843 1421 expositus
909 1334 1213 1417 Cumque
1260 1351 1332 1399 se
1378 1340 1622 1398 mutuo
1671 1327 2104 1408 salutassent,
2159 1339 2225 1409 et
2270 1327 2460 1398 dulci
2508 1327 2715 1398 collo-

178 1419 356 1507 quio
388 1419 674 1510 paulum
724 1440 795 1487 se
845 1430 1303 1498 recreassent,
1349 1418 1612 1508 rogavit
1657 1416 1899 1487 beatus
1944 1417 2285 1496 Jacobus‚
2353 1427 2424 1486 ut
2470 1438 2713 1487 omnes

179 1508 584 1579 cubiculum
634 1507 1143 1598 egrederentur.
1197 1506 1388 1591 Quod
1438 1507 1558 1576 ubi
1606 1505 1863 1576 factum
1918 1517 2062 1585 est,
2119 1505 2447 1576 continuo
2495 1507 2720 1598 coepit

178 1619 430 1678 orare,
475 1619 555 1667 ac
623 1619 746 1687 pro
795 1596 1014 1667 salute
1061 1596 1170 1667 sui
1219 1595 1579 1667 familiaris
1628 1595 1917 1686 precari.
1981 1600 2126 1664 Mox
2196 1616 2608 1684 assurgenS‚
2678 1619 2720 1665 a

178 1686 412 1777 capite
459 1685 873 1777 aegrotantis
927 1685 1014 1755 ad
1088 1686 1292 1776 pedes
1347 1685 1693 1755 dexteram
1752 1707 1947 1755 suam
1999 1683 2240 1753 leniter
2298 1684 2517 1754 duxit.
2595 1685 2720 1753 Mi-

181 1797 336 1844 ram
389 1798 523 1845 rem
575 1775 880 1845 afferam.
928 1781 1131 1844 Prout
1179 1797 1461 1844 manum
1513 1796 1635 1865 per
1682 1796 1934 1863 corpus
1967 1772 2281 1856 ducebat,
2317 1773 2412 1843 ita
2442 1786 2717 1864 repente

181 1888 268 1934 ex
320 1864 459 1934 illis
502 1865 813 1957 partibus
865 1864 1235 1954 fugabatur
1282 1863 1587 1944 morbus,
1628 1876 1705 1932 ut
1751 1863 2120 1933 subsecuta
2168 1863 2256 1932 sit
2303 1863 2584 1933 sanitas,
2631 1867 2715 1932 E-

173 1953 461 2046 jusdem
528 1953 898 2028 sacerdotis
966 1975 1158 2022 soror
1218 1953 1513 2043 graviter
1573 1954 1988 2044 aegrotavit:
2057 1951 2349 2043 speravit
2401 1952 2713 2022 eamdem

180 2066 414 2144 opem,
466 2066 669 2131 quam
718 2043 785 2111 in
839 2042 1043 2111 fratre
1091 2042 1309 2112 fuerat
1354 2054 1650 2131 experta.
1690 2041 1908 2131 Igitur
1955 2040 2040 2110 ad
2084 2062 2154 2112 se
2195 2045 2487 2111 accltum
2522 2064 2717 2131 roga·

182 2144 307 2213 νη,
361 2145 437 2202 ut
484 2134 625 2204 suis
673 2131 859 2223 apud
913 2137 1121 2201 Deum
1174 2131 1493 2222 precibus
1541 2131 1673 2201 sibi
1721 2130 2119 2221 adjumento
2166 2141 2362 2201 esset.
2405 2130 2526 2200 Ille
2556 2153 2714 2200 vero

187 2222 426 2293 habita
474 2222 653 2292 brevi
690 2221 1017 2301 oratione,
1062 2220 1352 2292 frontem
1400 2219 1816 2311 aegrotantis
1863 2224 2073 2290 Cruce
2122 2219 2455 2311 signavit,
2491 2231 2557 2290 et
2607 2242 2717 2292 so-

185 2312 437 2402 spitem
486 2311 817 2412 extemplo
867 2310 1187 2379 reddidit.

284 2401 320 2487 §
364 2405 508 2473 14.
562 2406 766 2469 Venio
814 2422 999 2469 nunc
1047 2400 1130 2469 ad
1182 2400 1329 2490 eJus
1377 2397 1640 2468 felicem
1693 2398 1981 2468 obitum.
2046 2401 2272 2470 Annos
2318 2407 2461 2467 erat
2511 2409 2715 2468 natus

237 2499 486 2559 uatuor
530 2502 595 2560 et
638 2490 981 2581 octoginta
1028 2489 1266 2560 beatus
1312 2489 1631 2571 JacobuS,
1686 2511 1842 2557 cum
1895 2488 1962 2557 in
2015 2487 2476 2557 valetudinem
2547 2487 2717 2556 inci-

242 2579 312 2660 it,
347 2600 521 2665 quae
571 2579 670 2648 illi
720 2601 1041 2669 suprema
1091 2579 1239 2648 fuit.
1294 2579 1691 2668 Intelligens
1741 2577 2124 2669 ipsefinem
2157 2576 2514 2647 advenisse
2547 2599 2713 2647 suae

185 2668 362 2737 vitae
392 2721 412 2747 ,
467 2668 727 2738 vocavit
775 2668 859 2738 ad
909 2690 1055 2737 sese
1104 2668 1300 2738 illum
1333 2723 1348 2742 .
1401 2669 1509 2737 cui
1559 2667 2061 2758 aegrotantium
2110 2688 2277 2735 cura
2345 2667 2718 2737 commissa

184 2769 353 2839 erat,
397 2769 462 2827 et
507 2758 641 2828 ait:
679 2780 714 2825 «
750 2762 909 2848 Eg0,
963 2756 1190 2839 frater,
1230 2759 1383 2848 jam
1437 2759 1710 2837 del-ebor,
1754 2767 1816 2825 et
1850 2768 2107 2847 tempus
2154 2779 2341 2825 meac
2367 2758 2718 2824 resolutio-

181 2850 286 2916 nis
346 2849 574 2917 instat.
652 2848 850 2916 Proin
904 2868 1066 2936 rogo
1115 2860 1199 2926 te,
1257 2847 1392 2916 huc
1439 2867 1636 2915 voces
1686 2845 2028 2936 insignem
2078 2844 2389 2914 doctrina
2445 2857 2511 2914 et
2557 2844 2715 2913 reli-

236 2937 456 3005 ionem
487 2936 706 3004 virum
742 2936 1146 3026 magistrum
1182 2936 1610 3005 Vincentium
1648 2939 2275 3014 Castronovensem,
2320 2934 2713 3003 monasterii

181 2959 393 3115 lgiujus
411 3024 854 3106 Praefectum,
889 3025 1003 3095 cui
1034 3025 1279 3095 delicta
1314 3048 1460 3093 mea
1494 3024 1901 3115 generaliter
1927 3023 2237 3093 confiteri
2271 3022 2491 3092 volo.»
2525 3021 2716 3105 Quod

181 3113 304 3183 ubi
354 3114 533 3195 fecit,
588 3127 652 3184 et
700 3114 975 3204 plenam
1027 3114 1501 3185 remissionem
1550 3136 1632 3183 ex
1680 3136 1866 3182 more
1913 3127 2270 3183 assecutus
2315 3125 2447 3194 est,
2493 3133 2721 3181 acces-

188 3202 277 3272 sit
324 3203 407 3271 ad
458 3226 617 3273 eum
684 3225 762 3272 ex
818 3204 1194 3273 coenobitis
1258 3226 1479 3284 unuS‚
1532 3203 1644 3272 cui
1706 3203 2028 3291 Dionysio
2077 3202 2204 3271 fuit
2253 3223 2545 3281 nomen,
2600 3202 2716 3272 cui

187 3292 511 3360 intestina
558 3293 885 3373 fluebant,
939 3292 1083 3382 spei
1133 3314 1212 3361 ac
1262 3292 1555 3362 fiduciae
1590 3290 1862 3382 plenus,
1906 3303 1970 3360 et
2007 3291 2437 3360 ait:«Dilecte
2483 3290 2712 3372 frater,

186 3392 263 3450 tu
308 3380 584 3467 quidem
650 3380 733 3449 ad
808 3381 1097 3471 patriam
1178 3384 1550 3471 properas,
1605 3403 1730 3470 ego
1778 3391 2003 3449 autem
2057 3380 2266 3449 atroci
2317 3379 2556 3450 morbo
2605 3379 2717 3449 hic

183 3470 478 3539 crucior:
533 3492 657 3540 nec
704 3479 977 3540 cantare
1036 3492 1345 3558 possum,
1392 3492 1513 3539 nec
1562 3469 1980 3539 concionari.
2038 3469 2165 3539 Sed
2216 3482 2278 3539 te
2335 3491 2455 3560 per
2504 3474 2714 3539 Deum

126 3614 131 3617 -
186 3580 387 3649 rogO,
440 3558 525 3629 ad
575 3581 775 3647 quem
843 3558 1098 3637 tendis,
1154 3570 1231 3628 ut
1278 3581 1435 3628 cum
1509 3558 1612 3627 illi
1651 3558 1939 3648 junctus
1988 3558 2200 3629 fueris
2233 3614 2248 3639 ,
2319 3558 2716 3628 memineris

186 3649 362 3729 mei,
416 3672 495 3718 ac
571 3649 707 3719 tuis
768 3648 1088 3738 precibus
1137 3648 1315 3717 hanc
1362 3670 1398 3717 a
1451 3670 1562 3717 me
1610 3647 1989 3716 molestiam
2040 3647 2432 3737 depellasz»
2490 3647 2609 3733 qui
2644 3668 2716 3716 se

180 3738 460 3825 quidem
511 3738 581 3807 id
631 3737 975 3808 facturum
1042 3737 1432 3828 spopondit.
1494 3742 1659 3807 Cum
1710 3747 1937 3806 autem
2001 3735 2088 3804 ad
2138 3736 2465 3805 ultimum
2514 3735 2716 3805 deve-

180 3827 417 3907 nisset,
464 3828 868 3918 priusquam
920 3827 1309 3916 expiraret,
1363 3827 1510 3926 ipse
1558 3825 1692 3895 sibi
1743 3846 1992 3894 manus
2039 3823 2359 3895 decenter
2405 3836 2470 3894 et
2508 3825 2717 3916 pedes

176 3917 590 4007 composuit,
640 3928 706 3983 et
739 3916 829 3984 ita
878 3915 1141 3985 felicem
1193 3915 1445 3985 efflant
1493 3918 1830 3984 animam.
1867 3914 2203 3983 Continuo
2235 3928 2464 3984 autem
2500 3913 2713 3995 color,

173 4007 295 4092 qui
349 4005 689 4085 morienti,
744 4018 818 4073 ut
867 4004 1058 4084 solet,
1111 4004 1406 4079 abierat.
1453 4018 1519 4073 et
1568 4004 1801 4073 vultus
1848 4003 2185 4090 quaedam
2240 4003 2550 4074 hilaritas
2585 4058 2601 4084 ‚
2655 4014 2722 4072 et

182 4116 304 4184 per
351 4108 567 4165 totum
617 4116 870 4183 corpus
918 4093 1178 4163 candor
1223 4094 1520 4164 eximius
1569 4092 1792 4173 rediit,
1824 4104 1891 4161 et
1934 4091 2211 4162 claritas
2258 4092 2716 4173 admirabilis,

180 4195 259 4253 ut
306 4184 480 4254 nulli
530 4183 823 4253 dubium
873 4195 1071 4264 esset,
1127 4184 1296 4270 quin
1348 4194 1530 4253 recta
1579 4183 1647 4251 in
1701 4180 1970 4252 coelum
2035 4181 2419 4272 migrasset.
2467 4186 2534 4251 Is
2595 4204 2720 4250 au-

188 4282 349 4352 tem,
404 4273 520 4344 cui
569 4272 913 4353 intestina,
947 4271 1124 4344 sicut
1174 4272 1375 4342 modo
1422 4272 1585 4356 dixi,
1632 4272 1961 4351 fluebant,
2006 4270 2265 4359 quique
2293 4270 2485 4341 illius
2512 4290 2715 4360 opem

192 4362 398 4449 paulo
468 4373 623 4433 ante
671 4362 1003 4453 petierat,
1059 4361 1391 4431 accedens
1457 4361 1541 4430 ad
1591 4361 1742 4451 ejus
1802 4359 2126 4441 cadaver,
2178 4370 2244 4430 et
2293 4358 2509 4430 multo
2555 4379 2716 4429 cum

191 4450 357 4521 fletu
416 4452 844 4545 amplexatus
874 4506 889 4534 ,
942 4451 1165 4544 coepit
1225 4451 1566 4545 promissa
1614 4471 2008 4541 reposcere,
2074 4459 2142 4519 et
2187 4470 2427 4540 rogare
2472 4457 2551 4518 ut
2608 4446 2722 4517 sui
