3327 4999
236 322 452 386 MART.
510 322 590 386 ,12
1096 339 1173 384 ns
1221 338 1276 384 s,
1330 336 1638 384 cni-:como
1688 336 1846 382 PAPA
2521 322 2645 387 ⁴97

230 441 414 506 quam
462 420 701 489 beatus
735 418 1100 509 Gregorius
1147 440 1270 488 suo
1306 430 1628 506 ternpore,
1682 415 1978 503 quodam
2009 416 2330 507 episcopo
2363 418 2727 501 deferente,

231 508 532 598 suscepit.
574 506 763 576 Unde
807 508 1058 577 Joanni
1105 506 1342 576 Abbati
1390 506 1565 575 inter
1618 518 1879 574 caetera
1950 505 2213 588 scribit,
2257 506 2530 576 dicens:
2584 514 2737 578 «De

228 597 441 665 tunica
488 596 707 666 sancti
750 596 1039 666 Joannis
1084 595 1368 664 omnino
1416 607 1605 685 grate
1653 593 1950 683 suscepi,
1994 595 2160 680 quia
2205 594 2513 665 solicitus
2541 595 2735 669 fuisti

226 684 379 755 mihi
425 684 750 755 indicare.
788 684 916 755 Sed
950 684 1220 755 studeat
1265 682 1537 753 dilectio
1572 695 1687 751 tua
1735 682 1907 752 mihi
1958 682 2177 773 ipsam
2229 685 2560 764 tunicam,
2616 697 2736 756 aut

220 774 384 860 quod
421 787 524 844 est
572 772 843 853 melius,
873 772 1191 842 eumdem
1225 772 1625 862 episcopum
1658 772 1775 858 qui
1806 792 1956 840 eam
2001 772 2223 850 habet,
2265 795 2422 840 cum
2457 772 2732 846 clericis

218 863 348 931 suis
391 876 457 931 et
503 883 662 930 cum
710 861 862 951 ipsa
904 861 992 930 ad
1056 884 1163 929 me
1212 860 1703 930 transmittere:
1756 871 2099 946 quatenus
2141 874 2206 928 et
2250 860 2728 932 benedictione

217 952 471 1021 tunicae
504 950 961 1041 perfruamur,
998 962 1063 1018 et
1108 949 1194 1019 de
1238 949 1475 1018 eodem
1523 949 1846 1040 episcopo
1889 948 1989 1017 vel
2036 948 2307 1020 clericis
2342 950 2729 1020 mercedem

216 1038 447 1111 habere
498 1039 935 1108 valeamus.»
984 1038 1202 1107 Altera
1250 1059 1405 1108 vero
1442 1059 1616 1124 quae
1663 1037 2080 1128 largioribus
2107 1038 2420 1119 manicis,
2454 1061 2589 1108 non
2621 1053 2734 1111 tu-

216 1127 373 1211 nica,
426 1128 544 1199 sed
598 1127 862 1197 videtur
916 1127 1119 1218 plane
1182 1149 1331 1196 esse
1393 1126 1786 1207 dalmatica,
1852 1126 1988 1195 nisi
2053 1125 2272 1207 fallor,
2338 1130 2556 1197 sancti
2607 1134 2728 1197 Pa-

218 1217 452 1286 schasii
501 1216 919 1306 apostolicae
969 1216 1159 1285 Sedis
1212 1214 1485 1284 diaconi
1530 1226 1817 1286 constat.
1864 1215 2017 1297 Qui,
2063 1215 2262 1301 juxta
2309 1217 2488 1302 quod
2543 1217 2728 1286 idem

214 1302 433 1377 beatus
491 1305 854 1395 Gregorius
901 1305 973 1373 in
1021 1316 1262 1390 quarto
1309 1304 1742 1394 dialogorum
1811 1303 1986 1373 libro
2049 1304 2359 1373 meminit
2418 1310 2531 1391 (C.
2590 1305 2722 1393 xii),

104 1425 124 1454 ν
210 1414 351 1462 cum
400 1394 827 1484 temporibus
875 1393 1271 1481 Symmachi
1318 1398 1536 1482 Papae
1576 1392 1818 1463 fuisset
1846 1392 2235 1473 defunctus,
2273 1394 2423 1482 ejus
2455 1393 2723 1462 dalma-

209 1481 395 1551 ticam
445 1481 692 1552 feretro
722 1482 1222 1572 superpositam
1273 1481 1763 1551 daemoniacus
1812 1481 2050 1571 tetigit,
2094 1481 2460 1568 statimque
2525 1505 2726 1552 sana-

208 1581 303 1641 tus
347 1582 486 1641 est:
540 1571 667 1641 Sed
715 1571 1160 1658 quamobrem
1211 1571 1453 1640 ambae
1501 1583 1719 1640 vestes
1773 1570 1991 1640 sancti
2038 1568 2327 1640 Joannis
2374 1570 2720 1652 dicantur,

211 1658 350 1728 ideo
396 1660 698 1752 priscam
766 1658 1335 1730 consuetudinem
1396 1659 1779 1730 obtinuisse
1842 1657 2294 1737 crediderim,
2347 1658 2532 1744 quod
2598 1660 2731 1730 sub

201 1746 338 1820 e'us
404 1749 611 1819 altari
680 1748 1333 1819 consuetudinaliter
1408 1748 1891 1818 recondantur.
1975 1752 2142 1817 Nam
2221 1747 2406 1833 quod
2481 1769 2725 1816 eorum

202 1770 398 1907 altera
441 1838 736 1908 Joannis
782 1836 1269 1926 Evangelistae‚
1335 1858 1468 1905 non
1520 1850 1750 1906 autem
1803 1836 2140 1927 Baptistae
2188 1836 2307 1917 sit,
2369 1858 2572 1906 nemo
2620 1849 2721 1906 est

202 1926 310 2011 qui
356 1926 665 1996 dubitet:
715 1924 1119 2026 pracsertim
1174 1947 1334 1994 cum
1395 1926 1621 1994 omnis
1687 1927 1962 2016 sapiens
2011 1925 2292 2004 noverit,
2346 1926 2721 2015 Baptistam

201 2015 612 2084 camelorum
662 2014 820 2105 pilis
871 2036 992 2103 pro
1059 2013 1357 2082 vestibus
1401 2036 1611 2082 usum
1658 2014 1914 2083 fuisse:
1969 2014 2470 2083 Evantrelistam
2532 2035 2718 2095 vere,

204 2103 312 2187 qui
368 2126 497 2194 per
562 2115 652 2172 tot
714 2124 932 2172 annos
1045 2114 1149 2172 ost
1208 2102 1598 2191 passionem
1650 2102 1920 2170 Domini
1968 2066 2397 2192 pontfficium
2447 2123 2716 2191 gerenS,

205 2192 561 2262 Missarum
608 2191 943 2261 solemnia
1012 2190 1528 2276 requentissime
1558 2188 1966 2271 celebrabat,
2006 2191 2153 2261 sine
2185 2189 2725 2260 sacerdotalibus

199 2299 332 2348 esse
377 2301 816 2366 nequaquam
870 2279 1170 2349 vestibus
1218 2280 1542 2369 potuisse.
1582 2279 1650 2347 Si
1698 2291 1925 2347 autem
1954 2279 2207 2347 dicitur
2253 2278 2438 2365 quod
2490 2278 2726 2347 tunica

198 2378 253 2435 et
296 2367 690 2448 dalmatica,
745 2368 909 2454 quia
955 2367 1377 2458 pontificalia
1436 2379 1597 2436 sunt
1653 2367 2097 2447 indumenta,
2167 2370 2455 2453 utraque
2507 2367 2729 2438 sancti

192 2459 471 2528 loannis
518 2457 699 2528 credi
750 2457 1063 2537 debeant,
1110 2455 1691 2527 considerandum
1719 2469 1843 2538 est,
1886 2456 2050 2543 quia
2076 2456 2443 2546 Gregorius
2466 2456 2719 2526 Joanni

192 2545 415 2617 Abbati
475 2569 611 2617 non
660 2547 1124 2626 dalmaticam,
1177 2546 1296 2615 sed
1347 2547 1651 2615 tunicam
1702 2545 2097 2615 nominarit.
2166 2545 2296 2627 Qui
2343 2545 2404 2614 si
2451 2545 2721 2614 dalma-

194 2633 382 2705 ticam
432 2657 713 2723 quoque
761 2636 980 2705 sancti
1025 2635 1313 2704 Joannis
1359 2634 1571 2705 fuisse
1620 2636 1922 2717 sentiret,
1974 2636 2124 2724 ejus
2161 2634 2462 2704 tunicam
2515 2651 2724 2720 quae-

193 2743 362 2804 rens,
414 2736 915 2810 consequenter
950 2724 1198 2793 habere
1234 2746 1307 2792 se
1340 2723 1557 2813 ipsius
1586 2722 2026 2793 dalmaticam
2062 2744 2196 2791 non
2232 2735 2503 2792 taceret.
2541 2728 2721 2792 Haec

192 2811 268 2880 de
312 2812 536 2884 sancti
584 2813 871 2882 Joannis
918 2813 1240 2892 vestibus„
1284 2811 1368 2881 de
1398 2812 1654 2899 quibus
1683 2835 1724 2881 a
1755 2811 2293 2902 quamplurimis
2332 2811 2712 2892 dubitatur,

191 2920 286 2970 me
331 2915 717 2989 utcumque
750 2902 818 2969 in
868 2900 1045 2971 beati
1094 2900 1393 2991 Gregorii
1444 2902 1651 2991 gestis
1700 2901 2075 2970 inseruisse
2122 2899 2509 2970 sufficiat.»

262 2992 297 3077 ἓ
343 2996 502 3064 43.
563 2995 908 3060 Caeterum
943 2996 1243 3059 ,Ioannes
1273 2990 2065 3078 constantinopolitanus
2096 2989 2453 3079 hypocrita
2478 2989 2599 3075 qui
2631 2989 2719 3059 ab

197 3080 598 3149 Universalis
662 3078 964 3149 nominis
1027 3078 1400 3147 ambitione
1462 3078 1762 3147 converti
1839 3077 2079 3148 multis
2143 3077 2719 3168 tergiversationi-

187 3163 304 3236 bus
338 3167 728 3246 recusabat,
775 3168 972 3256 juxta
1016 3166 1321 3254 ejusdem
1375 3167 1587 3255 patris
1634 3166 2092 3257 prophetiam,
2127 3167 2397 3255 judicia
2447 3166 2717 3235 Domini

186 3274 261 3323 su
308 3278 384 3326 er
431 3280 507 3326 se
559 3255 839 3347 vigilare
885 3277 1327 3355 cognoscens,
1375 3266 1526 3344 post
1573 3277 1708 3323 non
1759 3254 1959 3324 multi
2011 3255 2337 3346 temporis
2387 3255 2713 3344 spatium,

184 3345 257 3411 su
309 3346 401 3415 ita
453 3357 673 3414 morte
718 3343 1159 3432 defungitur:
1212 3356 1276 3413 et
1331 3345 1532 3433 cujus
1591 3344 2030 3413 ambitiosam
2090 3343 2484 3433 superbiam
2539 3356 2722 3412 totus

184 3451 417 3522 capere
452 3432 765 3502 mundus
800 3433 910 3501 vix
945 3445 1224 3522 poterat,
1271 3432 1342 3501 in
1393 3432 1603 3502 unius
1635 3433 1934 3521 sepulcri
1982 3432 2305 3522 angustia
2351 3431 2552 3501 facile
2581 3430 2725 3499 col-

181 3516 460 3592 locatur.
518 3527 674 3590 Post
718 3521 919 3610 cujus
970 3521 1299 3605 paulatim
1347 3520 1756 3601 discessum,
1809 3543 1969 3591 cum
2020 3521 2379 3589 Mauritius
2410 3524 2725 3609 Impera-

182 3616 296 3689 tor,
350 3611 790 3680 sacerdotum
840 3608 1150 3679 videlicet
1214 3609 1460 3679 Christi
1533 3621 2001 3698 contemptor,
2082 3631 2207 3699 pro
2265 3614 2308 3678 C
2365 3609 2547 3677 riaco
2597 3608 2722 3696 qui

179 3699 423 3768 Joanni
473 3709 920 3779 successerat,
973 3699 1310 3777 suaderet,
1368 3718 1454 3766 ne
1510 3720 1634 3788 pro
1693 3720 1903 3768 causa
1950 3709 2088 3768 tam
2135 3696 2362 3767 frivoi
2411 3697 2721 3767 nominis

181 3787 547 3887 Gregorius
608 3787 965 3867 laboraret,
1020 3786 1165 3876 ipse
1232 3786 1496 3855 tamdiu
1544 3786 1986 3857 Pontificatus
2033 3786 2142 3856 sui
2192 3786 2722 3856 auctoritatibus

180 3878 439 3958 restitit,
492 3898 855 3963 quousque
886 3887 1142 3966 pestem
1191 3874 1607 3945 Universalis
1638 3875 1941 3945 nominis
1967 3876 2055 3946 ab
2107 3874 2279 3966 ipsis
2311 3875 2516 3944 etiam
2549 3875 2715 3944 sub-

182 3959 349 4034 dolis
408 3965 851 4035 adulatorum
900 3964 1101 4034 labiis
1150 3963 1422 4053 penitus
1487 3963 1903 4035 abstulisset.
1957 3969 2387 4054 Quapropter
2433 3963 2720 4054 Eulogio

181 4054 604 4139 patriarchae
651 4053 1101 4123 Alexandrino
1151 4065 1300 4143 post
1345 4051 1580 4138 aliqua
1626 4052 1936 4123 scribens
1983 4053 2108 4121 ait:
2163 4076 2198 4119 «
2236 4053 2550 4123 Indicare
2598 4074 2714 4121 ve-

185 4151 312 4210 stra
366 4142 720 4214 beatitudo
766 4141 1053 4221 studuit,
1106 4142 1253 4230 jam
1304 4161 1376 4210 se
1422 4141 1841 4227 quibusdam
1887 4163 2019 4210 non
2074 4141 2370 4211 scribere
2417 4141 2716 4232 superba

183 4230 511 4301 vocabula
539 4253 714 4318 quae
760 4253 839 4300 ex
888 4230 1204 4300 vanitatis
1257 4230 1486 4299 radice
1538 4229 1978 4320 prodierunt:
2031 4241 2095 4299 et
2164 4231 2335 4299 mihi
2384 4231 2710 4317 loquitur,

184 4315 446 4389 dicens:
505 4321 690 4390 Sicut
709 4318 1060 4410 jussistis:
1113 4318 1292 4408 quod
1343 4319 1627 4389 verbum
1666 4318 2036 4408 jussionis,
2094 4332 2266 4410 pete,
2313 4342 2352 4388 a
2404 4341 2554 4389 meo
2602 4341 2726 4387 au-

185 4403 325 4476 ditu
374 4424 752 4479 removete:
813 4408 977 4496 quia
1023 4409 1164 4478 scio
1223 4409 1344 4495 qui
1404 4428 1582 4489 sum,
1635 4408 1757 4494 qui
1803 4407 1987 4478 estis.
2043 4412 2212 4478 Loco
2262 4407 2482 4491 enim,
2541 4406 2717 4475 mihi
