3327 4999
759 314 882 378 724
1547 330 1623 376 nr„
1673 330 1727 375 s.
1784 329 2006 375 ALYPIO
2053 328 2301 377 monim
2716 307 2820 371 Ex
2872 306 3060 372 NOV.
3115 306 3206 371 26

673 428 935 486 emotae
984 413 1253 483 mentis:
1306 412 1557 503 desipit
1602 412 1701 484 sic
1750 414 2053 505 seipsum
2137 412 2410 483 tradens
2457 410 2661 481 malis
2710 410 3206 479 daemonibus

668 510 843 575 Haec
894 524 1094 593 saepe
1152 502 1526 572 clamantes
1573 515 1636 571 et
1685 525 1848 573 suas
1896 503 2204 572 dexteras
2265 499 2740 580 extendentes,
2794 498 3208 568 annuebant

672 607 746 664 ut
786 594 1047 682 fugeret
1093 604 1157 660 et
1203 590 1395 660 illinc
1455 591 1587 660 cito
1642 591 2042 661 discederet.
2099 597 2386 661 Sanctus
2434 601 2659 659 autem
2712 588 2818 656 vix
2878 587 3207 666 tandem,

672 682 908 753 multis
955 702 1192 750 eorum
1241 701 1609 748 conversus
1656 679 2101 761 clamoribuS‚
2147 679 2445 749 suaviter
2492 692 2553 748 et
2601 677 2871 768 placide
2917 699 3037 746 eos
3087 677 3205 744 in-

672 785 893 850 tuenS,
948 768 1229 840 subrisit
1275 767 1452 854 quod
1508 791 1669 860 prae
1718 769 1957 837 timore
2006 769 2286 856 quidem
2335 768 2742 847 clamarent,
2798 788 2936 835 non
2989 765 3210 835 aude-

670 873 818 929 rent
865 869 1092 928 autem
1144 858 1428 947 propius
1475 857 1796 927 accedere
1833 870 1897 928 et
1935 881 2132 948 opem
2174 857 2347 927 serre
2391 856 2478 937 ei,
2517 856 2635 943 qui
2687 855 2876 945 apud
2925 875 3046 925 eos
3097 876 3209 922 ve-

670 949 845 1017 niret
890 947 961 1015 in
1013 945 1395 1036 periculum

754 1039 791 1124 §
851 1039 930 1108 8.
986 1040 1150 1105 Cum
1202 1035 1302 1104 illi
1366 1056 1520 1105 vero
1585 1035 2090 1122 aliquantulum
2153 1035 2220 1103 in
2290 1057 2367 1105 eo
2431 1035 2577 1104 loco
2643 1046 2871 1103 essent
2921 1033 3193 1111 morati,

671 1126 966 1200 volentes
1014 1125 1187 1194 scire
1219 1124 1449 1205 finem,
1488 1135 1847 1214 postquam
1897 1147 2054 1194 eum
2105 1135 2516 1215 aspexerunt
2553 1121 2853 1193 sublime
2905 1134 3194 1192 stantem

670 1236 878 1304 super
922 1235 1144 1284 unum
1178 1236 1254 1283 ex
1294 1213 1378 1282 iis
1409 1213 1529 1301 qui
1564 1212 1705 1283 illic
1753 1227 1946 1283 erant
2001 1214 2310 1294 tumulis,
2366 1213 2499 1303 ipsi
2532 1210 2812 1300 quidem
2848 1210 2916 1278 in
2956 1210 3198 1279 domos
3289 1279 3290 1292 ,

669 1326 830 1373 suas
879 1302 1126 1372 reversi
1176 1315 1336 1372 sunt
1385 1301 1740 1392 fugientes.
1797 1307 1874 1372 In
1924 1324 2195 1372 summo
2243 1315 2469 1372 autem
2508 1301 2751 1372 vertice
2781 1299 3035 1370 tumuli
3066 1313 3196 1368 sta-
3289 1301 3290 1316 ¹

669 1393 783 1462 bat
829 1393 1172 1471 columna,
1238 1391 1536 1492 positum
1589 1391 1849 1462 liabens
1898 1390 2411 1461 Tauroleonem.
2475 1390 2565 1460 Ad
2624 1412 2783 1459 eum
2838 1402 3186 1476 tamquam

668 1482 1049 1572 animatum
1100 1494 1165 1549 et
1203 1503 1309 1548 vix
1346 1479 1614 1549 tandem
1671 1481 1892 1551 visum
1946 1480 2272 1563 amicum,
2305 1479 2617 1551 exultans
2648 1478 2935 1556 accedit,
2973 1490 3039 1547 et
3089 1500 3193 1547 ar-

668 1570 1067 1641 dentissime
1114 1591 1269 1638 eum
1336 1568 1756 1659 complexus,
1812 1570 2110 1640 suaviter
2164 1584 2227 1640 et
2275 1570 2556 1640 comiter
2594 1590 2753 1640 eum
2805 1566 3191 1653 alloquens,

668 1659 976 1729 dicebat:
1018 1657 1285 1739 «Salve,
1318 1680 1356 1727 o
1405 1657 1714 1749 lapidum
1770 1680 2025 1728 merces
2058 1659 2227 1727 mihi
2261 1658 2777 1749 pretiosissima.
2839 1656 2943 1725 Sic
3002 1657 3191 1724 enim

668 1761 729 1818 te
777 1749 1240 1839 reprobatum,
1294 1759 1357 1816 et
1406 1749 1491 1816 ab
1546 1747 1630 1818 iis
1676 1747 1793 1835 qui
1837 1748 2312 1818 ‘aedificarunt
2368 1747 2452 1816 ad
2502 1768 2574 1817 se
2628 1745 2899 1816 ulcrum
2968 1756 3033 1814 et
3087 1768 3189 1815 se-

669 1836 892 1928 pulcri
941 1835 1220 1929 signum.
1264 1835 1691 1927 deputatum,
1737 1836 2035 1907 salutare
2083 1836 2429 1918 constitui,
2472 1835 2564 1905 mi
2622 1835 2895 1926 lpotius
2937 1832 3190 1904 factum

666 1926 748 1995 ad
800 1938 1009 2016 caput
1054 1924 1317 2015 anguli,
1383 1925 1551 1996 adeo
1597 1938 1676 1994 ut
1722 1925 1886 1995 satis
1935 1938 2088 2026 apte
2137 1925 2393 2017 possim
2444 1925 2693 2005 dicere,
2757 1922 3189 2023 maci-edere

668 2026 730 2084 et
771 2028 1010 2105 putare
1057 2035 1213 2084 eum
1254 2036 1403 2084 esse
1433 2013 1688 2084 sactum
1726 2036 1766 2083 a
1813 2018 2122 2094 Domino,
2159 2027 2223 2084 et
2269 2036 2416 2084 esse
2452 2012 2838 2084 mirabilem
2867 2035 2937 2080 1n
2970 2012 3188 2083 oculis

671 2104 942 2174 nostris,
1011 2101 1201 2172 Salve
1252 2102 1445 2184 mihi,
1501 2124 1541 2172 o
1604 2116 1836 2193 petra,
1882 2116 2156 2193 propter
2202 2103 2569 2173 Christum.
2624 2101 2816 2172 Salve
2864 2112 2963 2181 tu,
3018 2122 3186 2187 quo-

667 2193 852 2261 niam
905 2213 1061 2260 vera
1107 2213 1379 2279 quoque
1434 2203 1625 2281 petra
1695 2192 1999 2261 Christus
2065 2214 2248 2279 quae
2304 2191 2696 2261 labefactari
2757 2212 2892 2258 non
2945 2202 3183 2279 potest,

663 2282 765 2350 vis
796 2294 898 2351 est
944 2280 1316 2371 appellatu,
1370 2303 1577 2382 super
1623 2302 1830 2366 quam
1930 2280 2175 2351 edibus
2208 2281 2379 2351 meis
2411 2280 2697 2351 firmiter
2725 2278 3040 2348 insistere
3067 2301 3191 2347 cu—

666 2371 883 2461 pienS,
925 2368 1093 2460 elegi
1131 2369 1258 2439 boc
1310 2369 1778 2439 habltaculum
1830 2392 1896 2438 a(
1965 2383 2310 2440 aeternam
2359 2369 2739 2457 requiem.»
2764 2372 2944 2437 Haec
2967 2378 3032 2436 et
3076 2366 3186 2435 his

668 2457 867 2550 plura
931 2481 1091 2528 curn
1152 2456 1433 2529 dixisset
1494 2480 1655 2550 prae
1717 2458 2018 2549 gaudio,
2089 2459 2170 2529 ad
2222 2481 2417 2530 suam
2468 2457 2768 2528 excurrit
2813 2457 3178 2527 civitatem.

665 2552 873 2620 Cruce
921 2560 1144 2618 autem
1197 2561 1471 2639 accepta
1520 2561 1584 2618 et
1619 2563 1800 2618 vecte
1848 2548 2083 2632 ferreo,
2124 2550 2349 2620 statim
2401 2548 2736 2628 reversuS,
2792 2546 2984 2633 leoni·
3021 2546 3184 2617 sub-

651 2638 818 2728 jecit
883 2649 1135 2708 vectem
1200 2637 1531 2719 ferreum,
1604 2651 1746 2707 erat
1804 2640 1988 2709 enim
2062 2637 2509 2729 praegrandis
2555 2649 2620 2707 et
2667 2636 2864 2707 valde
2912 2635 3179 2727 gravis:

663 2728 967 2818 seipsum
1017 2741 1244 2796 autem
1297 2726 1499 2796 vecti:
1600 2749 1971 2815 emensque
1997 2742 2061 2798 et
2100 2727 2442 2807 laborans,
2485 2727 2590 2795 vix
2639 2725 2915 2796 tandem
2967 2725 3186 2815 potuit

666 2815 862 2884 humi
891 2814 1179 2904 dejicere
1227 2827 1518 2885 statuam
1579 2818 1928 2885 eratenim
1963 2815 2202 2887 beatus
2245 2814 2356 2886 ille
2387 2815 2600 2895 sortis,
2638 2816 2858 2903 utqui
2889 2826 3064 2883 esset
3113 2813 3182 2883 in

661 2904 809 2994 ipso
857 2903 1084 3003 vigore
1121 2904 1533 2994 juventutis)
1563 2903 1712 2986 eius
1763 2926 1915 2972 vero
1967 2903 2112 2973 loco
2149 2904 2350 2995 erigit
2394 2918 2458 2974 et
2504 2903 2762 2974 extollit
2794 2902 3184 2994 potentissi-

663 3015 853 3062 mum
892 3013 1194 3082 signum,
1240 3013 1484 3082 nempe
1531 2993 1765 3061 Crucis
1815 2993 2257 3083 trophaeum:
2313 3005 2387 3063 ut
2437 2993 2708 3082 tyranni
2751 2991 2994 3062 bellica
3032 2991 3184 3060 offi-

659 3081 816 3149 cina
863 3079 1253 3149 divinarum
1294 3080 1620 3150 virtutum
1658 3082 2048 3171 operatione
2097 3105 2334 3151 secure
2382 3103 2565 3151 nunc
2599 3081 2930 3161 videatur,
2967 3092 3035 3149 et
3069 3080 3186 3149 ha-

658 3169 900 3238 beatur
948 3168 1270 3238 ludibrio.
1324 3169 1431 3238 Sic
1479 3191 1596 3238 vas
1644 3192 1928 3239 aureum
1962 3184 2026 3241 et
2063 3170 2378 3251 electum,
2415 3171 2627 3240 armis
2656 3170 2848 3240 omni
2878 3191 2958 3239 ex
2993 3182 3183 3259 parte

660 3258 1031 3338 munitum,
1095 3259 1165 3326 in
1213 3279 1290 3328 eo
1341 3256 1486 3328 loco
1525 3258 1671 3348 jam
1721 3281 2005 3329 securus
2053 3282 2124 3328 se
2173 3259 2401 3349 sopori
2449 3258 2658 3328 dedit.
2713 3259 2902 3328 Videt
2951 3271 3182 3328 autem

658 3346 831 3416 duos
881 3346 1101 3427 vir05‚
1158 3347 1645 3418 sacerdotalem
1713 3371 1873 3438 prae
1921 3370 1992 3417 se
2039 3348 2328 3420 ferentes
2375 3347 2777 3439 dignitatem
2808 3402 2827 3427 ,
2883 3347 2967 3416 ad
3021 3369 3180 3417 eum

658 3436 1102 3518 accedenteS,
1155 3450 1219 3506 et
1263 3458 1418 3506 eum
1474 3436 1715 3507 leniter
1764 3437 2332 3528 reprehendentes
2397 3451 2460 3506 et
2525 3438 3000 3526 increpantes,
3080 3436 3182 3504 di-

657 3524 895 3595 cend0.
952 3531 1363 3613 «Quousque
1392 3526 1609 3597 sivisti
1659 3549 1781 3597 nos
1828 3540 2201 3618 expectare,
2238 3549 2275 3596 o
2310 3528 2512 3596 homo
2541 3526 2688 3595 Dei?
2736 3525 2800 3596 Si
2833 3537 2904 3596 tu
2934 3548 3009 3595 es
3039 3526 3181 3615 ipsc

655 3613 939 3706 Alypius
984 3637 1023 3684 a
1061 3620 1186 3684 Deo
1222 3615 1786 3705 praedestinatuS,
1841 3631 1918 3686 ut
1966 3617 2130 3686 haec
2180 3616 2320 3686 loca
2371 3614 2455 3684 ad
2508 3615 2822 3706 pietatem
2861 3614 3182 3684 traducas

654 3717 718 3773 et
743 3704 1165 3794 religionem,
1208 3726 1292 3773 ne
1318 3705 1592 3775 differas
1618 3706 1838 3774 facere
1870 3727 2045 3792 quae
2080 3719 2140 3775 te
2168 3717 2516 3774 manent.»
2541 3704 2620 3772 Hi
2650 3704 2878 3780 etiam,
2904 3705 3182 3791 quando

656 3815 946 3883 magnae
997 3794 1319 3881 martyris
1386 3794 1799 3879 Euphemiae
1862 3793 2052 3864 aedis
2118 3795 2340 3884 coepit
2393 3793 2622 3881 jacere
2680 3791 3174 3871 fundamenta,

654 3894 889 3951 sancto
937 3904 971 3950 a
1032 3895 1431 3971 paruerunt.
1487 3884 1676 3953 Unus
1722 3881 2002 3971 quidem
2052 3904 2287 3952 eorum
2321 3904 2533 3951 manu
2580 3892 2817 3951 tenens
2868 3882 3181 3951 thuribu-

655 3968 825 4052 lum,
880 3970 963 4039 de
993 3970 1239 4041 initum
1292 3970 1660 4059 quemdam
1713 3971 1937 4042 locum
1990 3971 2556 4060 circumscripsit.
2597 3970 3012 4040 Ostendebat
3061 3995 3176 4040 au-

653 4069 787 4127 tem
837 4080 986 4129 eam
1022 4080 1197 4146 quae
1238 4058 1366 4130 suit
1398 4072 1651 4151 postea,
1690 4061 2076 4130 ecclesiam.
2113 4060 2291 4130 Alter
2339 4059 2471 4129 leni
2524 4081 2680 4129 voce
2715 4058 3172 4129 acclamabat:

657 4170 692 4214 «
719 4152 989 4217 Osanna
1018 4147 1180 4218 huic
1230 4149 1449 4220 loco.»
1478 4154 1554 4219 Et
1578 4150 1862 4236 quinam
1891 4162 2116 4219 essent
2145 4148 2424 4236 quidem
2455 4148 2521 4217 bi
2556 4148 2701 4230 viri,
2743 4147 2916 4217 nulli
2950 4162 3178 4238 aperte

653 4236 1087 4307 indicarunt:
1140 4260 1379 4308 eorum
1410 4250 1640 4309 autem
1689 4237 2016 4325 reliquiae
2047 4238 2277 4325 aliquo
2326 4250 2477 4328 post
2524 4249 2825 4337 tempore
2867 4238 3178 4307 inventae

651 4338 815 4397 sunt
845 4325 1034 4408 taleS,
1057 4327 1299 4414 quales
1326 4338 1560 4398 sancto
1591 4327 1660 4396 in
1693 4327 1955 4399 somnis
1982 4339 2465 4418 apparuerant,
2499 4347 2689 4394 suavi
2714 4324 2922 4395 odore
2951 4324 3173 4395 locum

653 4413 1041 4507 implentes:
1077 4427 1153 4487 ut
1181 4416 1619 4499 mirarentur,
1658 4414 1779 4504 qui
1814 4414 1930 4486 illo
1961 4428 2284 4506 tempore,
2323 4416 2389 4485 in
2422 4437 2534 4485 eas
2566 4413 2974 4498 inciderant,
3005 4437 3178 4503 quae
