3327 4999
629 290 761 355 272
1410 307 1489 354 nn
1535 309 1591 355 s.
1645 308 2005 360 nurnmsu
2054 307 2224 355 vme.
2373 328 2384 341 -
2699 288 2943 355 MART.
3001 290 3083 356 ⁴3

540 388 763 488 spatia
792 386 1199 478 expleverat.
1234 387 1434 473 Atqui
1485 392 1768 458 Senator
1814 388 2169 475 aliquanto
2210 397 2360 478 post
2391 385 2474 456 ad
2518 384 2740 477 ipsius
2773 388 3085 477 Euphra-

542 498 682 548 siae
729 477 1020 547 senioris
1070 475 1591 546 matrimonium
1646 478 1870 567 coepit
1898 477 2210 546 animum
2246 475 2563 565 adjicere,
2608 477 3086 566 persuasitque

541 588 665 656 per
709 578 1059 635 matronas
1102 563 1443 652 quasdam
1479 570 1578 634 Im
1593 567 1932 655 peratrici,
1966 578 2040 635 ut
2072 566 2415 634 nesciente
2443 568 2862 655 Imperatore
2891 586 2971 635 ea
2999 567 3087 636 de

541 676 614 724 re
642 655 955 724 animum
982 653 1403 744 Euphrasiae
1432 654 1826 724 solicitaret.
1861 654 2242 745 Euphrasia
2273 653 2393 722 ubi
2424 652 2492 721 id
2525 653 2863 743 cognovit,
2896 676 3086 724 acer-

542 743 831 815 bissime
859 743 1064 822 flevit,
1106 764 1488 832 parumque
1535 742 1758 813 abfuit
1792 744 1961 829 quin
2016 764 2177 833 prae
2217 763 2525 811 moerore
2562 764 2599 810 e
2629 742 2765 811 vita
2793 743 3081 813 decede-

542 844 667 913 ret,
704 831 1180 922 cogitabatque
1213 830 1349 900 alio
1383 831 1748 920 proficisci.
1785 835 2117 919 Flens'que
2154 831 2422 909 acriter,
2462 830 2634 899 dixit
2660 832 3088 921 Euphrasiae

544 920 727 991 filiae
760 942 964 990 suae:
1002 948 1031 981 α
1069 919 1239 988 Filia
1270 941 1442 1001 mea,
1481 934 1645 990 sunt
1687 922 1883 992 nobis
1925 919 2198 1012 amplae
2230 919 2588 989 facultates
2634 920 2704 988 in
2755 926 3080 1011 Aegypto:

545 1031 785 1079 eamus
825 1009 1025 1089 illuc,
1063 1021 1129 1077 et
1163 1020 1481 1099 paternas
1520 1010 1903 1080 invisamus
1954 1008 2441 1099 possessiones.
2481 1013 2624 1077 Mea
2669 1009 2927 1087 omnia,
2968 1024 3086 1079 tua

547 1098 708 1169 sint.
748 1126 780 1159 n
815 1103 915 1167 Ita
959 1119 1122 1187 ergo
1168 1098 1255 1166 ab
1302 1096 1475 1166 urbe
1530 1100 1718 1190 regia
1763 1099 2078 1168 discessit
2114 1120 2272 1167 cum
2318 1097 2482 1177 filia,
2516 1097 2862 1166 nesciente
2894 1098 3085 1167 Prin-

546 1187 721 1277 cipe,
764 1187 1081 1272 venitque
1128 1185 1198 1253 in
1249 1189 1652 1276 Aegyptum,
1692 1200 1756 1258 et
1795 1188 1936 1257 illic
1973 1188 2400 1267 morabatur,
2437 1185 2732 1255 subinde
2779 1186 3085 1256 invisens

549 1275 830 1367 praedia
895 1297 1043 1345 sua.
1113 1274 1416 1343 Profecta
1469 1288 1697 1345 autem
1748 1290 1848 1346 est
1894 1276 1965 1343 in
2017 1275 2408 1344 interiorem
2458 1274 2869 1344 Thebaidem
2917 1297 3081 1345 cum

548 1363 1111 1455 procuratoribus
1172 1377 1239 1432 et
1292 1364 1624 1434 ministris
1688 1366 1874 1446 suis,
1926 1365 2185 1452 quibus
2244 1385 2412 1432 cura
2466 1375 2531 1431 et
2577 1363 3087 1434 administratio

549 1475 780 1523 rerum
817 1452 1037 1542 ipsius
1068 1452 1324 1521 credita
1353 1450 1519 1534 erat,
1557 1452 1835 1540 illicque
1863 1452 2077 1524 sacris
2107 1453 2276 1521 locis
2301 1452 2689 1532 inhaerens,
2722 1452 2792 1521 in
2825 1453 3086 1523 utrius—

547 1563 682 1628 que
721 1563 921 1611 sexus
963 1541 1374 1610 monasteria
1409 1542 1699 1611 multam
1734 1543 1866 1611 vim
1910 1541 2244 1633 pecuniae
2289 1540 2577 1631 elargita
2622 1551 2746 1621 est,
2803 1541 3085 1613 multas·-
3151 1564 3155 1568 *

551 1652 689 1717 que
734 1629 892 1698 fecit
936 1628 1337 1699 oblationes.

639 1720 675 1806 ἓ
737 1725 825 1791 5.
880 1723 1035 1786 Erat
1084 1732 1310 1788 autem
1359 1720 1430 1789 in
1478 1719 1780 1805 quadam
1828 1719 1999 1789 urbe
2049 1718 2540 1788 monasterium
2596 1716 3082 1798 foeminarum,

549 1808 622 1876 in
672 1829 810 1894 quo
859 1806 1015 1897 plus
1067 1806 1297 1877 minus
1345 1821 1620 1877 centum
1670 1821 1736 1878 et
1784 1809 2060 1897 triginta
2108 1807 2467 1897 degebant.
2505 1810 2582 1874 In
2629 1827 2709 1875 eo
2757 1807 3089 1876 coenobio

550 1917 753 1965 nemo
800 1894 902 1964 vel
952 1895 1214 1975 vinum,
1259 1896 1357 1965 vel
1408 1897 1660 1978 oleum,
1704 1897 1804 1966 vel
1854 1920 2045 1977 υνδε,
2087 1908 2205 1965 aut
2253 1896 2419 1965 ficos
2465 1908 2585 1964 aut
2637 1917 2836 1984 poma
2885 1896 2951 1964 in
2987 1896 3088 1963 ci-

553 1986 723 2055 bum
772 1986 1111 2054 sumebat.
1151 1989 1379 2054 Erant
1406 1987 1581 2056 inter
1625 2008 1741 2057 eas
1787 2008 1961 2072 quae
1983 1986 2071 2055 ab
2105 1986 2253 2075 ipsa
2279 1983 2570 2053 infantia
2599 2006 2671 2053 se
2707 2006 2788 2053 ne
2818 1984 3088 2053 novisse

552 2073 832 2161 quidem
871 2095 1070 2162 poma
1116 2088 1516 2154 assererent,
1554 2097 1808 2162 eaeque
1841 2075 2181 2144 interdum
2216 2073 2710 2164 leguminibuS,
2747 2072 2918 2142 alias
2947 2072 3089 2141 ole-

554 2163 751 2232 ribus
798 2162 1265 2242 vescebantur‚
1318 2165 1435 2233 sed
1487 2164 1680 2233 nullo
1725 2164 1874 2233 oleo
1915 2163 2233 2233 conditis.
2287 2160 2635 2243 Quaedam
2687 2183 2926 2230 earum
2977 2182 3089 2230 ve-

557 2251 741 2342 speri
798 2250 1164 2320 sumebant
1214 2252 1473 2334 cibum,
1531 2252 1867 2339 quaedam
1922 2266 2070 2342 post
2117 2250 2448 2328 biduum,
2503 2248 2877 2319 nonnullae
2984 2261 3091 2320 ost

554 2341 891 2421 triduum,
944 2339 1224 2409 balneas
1284 2364 1462 2422 vero,
1514 2341 1697 2427 quod
1749 2354 1814 2409 et
1859 2360 2224 2431 corporum
2266 2338 2549 2408 nudatio
2605 2338 2927 2416 abomina
2981 2339 3092 2407 ilis

554 2429 921 2509 videretur,
975 2450 1100 2496 nec
1147 2429 1387 2498 audire
1433 2430 1887 2499 sustinebant.
1946 2430 2300 2499 cubabant
2345 2449 2585 2497 omnes
2635 2426 2825 2495 humi
2876 2428 2945 2496 in
2996 2427 3095 2497 ci-

556 2518 738 2598 licio,
794 2519 973 2602 quod
1027 2518 1097 2585 in
1150 2517 1364 2587 latum
1413 2520 1649 2595 unius,
1718 2519 1786 2586 in
1842 2518 2126 2609 longum
2176 2517 2382 2587 trium
2446 2528 2623 2585 esset
2668 2517 3086 2586 cubitorum:

557 2630 682 2678 nec
729 2619 873 2677 erat
920 2607 1190 2692 requies
1222 2607 1574 2676 diuturna.
1616 2612 1844 2676 Vestes
1889 2628 2162 2694 quoque
2195 2606 2537 2675 habebant
2565 2605 2877 2676 cilicinas
2915 2627 3096 2692 quae

556 2698 629 2766 in
681 2694 888 2787 pedes
937 2716 1157 2780 usque
1216 2717 1287 2762 se
1340 2696 1786 2786 porrigerent.
1828 2697 2104 2766 Laboris
2170 2707 2398 2765 autem
2456 2707 2719 2763 tantum
2780 2716 3097 2782 quaeque

560 2786 699 2858 sive
748 2783 973 2873 operis
1008 2783 1447 2874 suscipiebat,
1484 2797 1821 2872 quantum
1874 2785 2049 2854 vires
2101 2795 2500 2875 paterenter.
2543 2783 2610 2852 Si
2639 2805 2775 2868 qua
2806 2783 2874 2851 in
2910 2804 3094 2851 mor-

556 2875 724 2944 bum
776 2871 1151 2952 incidisset,
1212 2872 1404 2941 nulla
1459 2874 1518 2943 ei
1568 2873 1995 2943 medicorum
2048 2873 2344 2942 fomenta
2389 2871 2916 2954 adhibebantur,
2972 2870 3089 2941 sed

558 2985 682 3053 pro
734 2960 1031 3029 maximo
1080 2960 1194 3028 Dei
1241 2960 1575 3032 beneficio
1623 2961 2003 3053 accipiebat
2047 2984 2196 3032 eam
2249 2960 2473 3030 morbi
2522 2959 2926 3041 molestiam,
2995 2959 3095 3028 fe-

556 3072 716 3120 rens
746 3049 1266 3135 aequanimiter,
1321 3051 1538 3119 donec
1587 3073 1624 3118 a
1669 3052 1954 3120 Domino
2001 3063 2380 3120 curaretur.
2416 3047 2616 3119 Nulla
2659 3070 2738 3117 ex
2763 3049 2923 3118 eise
2954 3070 3099 3117 mo-

557 3138 855 3208 nasterio
899 3137 1396 3226 egrediebatur.
1451 3139 1544 3208 Ad
1596 3140 1996 3209 monasterii
2058 3140 2234 3209 fores
2273 3138 2558 3228 janitrix
2604 3150 2749 3206 erat
2801 3159 2978 3224 quae
3031 3136 3095 3209 si

560 3227 727 3315 quid
779 3227 1184 3296 nunciatum
1247 3240 1446 3308 esset,
1506 3229 1685 3297 intro
1749 3228 2158 3319 perferebat,
2225 3229 2689 3316 responsaque
2734 3224 3092 3296 referebat.

565 3315 813 3385 Multae
861 3314 1004 3385 illic
1050 3317 1440 3387 curationes
1487 3317 1819 3386 divinitus
1852 3317 2130 3387 fiebant.

651 3407 688 3492 ξ
752 3409 846 3473 6.
900 3407 1158 3473 Harum
1208 3405 1439 3493 itaque
1489 3404 1946 3476 venerabilem
2014 3403 2283 3474 vivendi
2331 3401 2905 3473 consuetudinem
2954 3423 3095 3471 non

563 3492 996 3562 mediocriter
1027 3515 1269 3564 amans
1317 3496 1721 3585 Euphrasia,
1757 3494 1995 3564 crebro
2044 3493 2198 3562 illas
2248 3492 2583 3575 visitabat,
2618 3493 2910 3561 offerens
2949 3491 3105 3579 thy-

563 3582 821 3650 miama
857 3595 921 3650 et
967 3603 1221 3653 cereos
1275 3584 1584 3666 Quodam
1616 3595 1846 3653 autem
1896 3583 2007 3651 die
2054 3583 2149 3652 ait
2177 3581 2260 3651 ad
2290 3583 2719 3652 abbatissam
2745 3593 2810 3650 et
2837 3579 3101 3670 primas

563 3671 714 3760 ejus
760 3671 1112 3740 coenobii:
1166 3673 1559 3773 «Exiguum
1611 3672 1761 3742 volo
1813 3694 2069 3741 munus
2108 3669 2416 3740 conferre
2445 3670 2606 3740 huic
2657 3667 3095 3749 monasterio,

563 3780 811 3849 nempe
857 3761 1009 3829 auri
1059 3760 1272 3830 libras
1309 3760 1546 3851 viginti
1581 3761 1682 3832 vel
1713 3760 2014 3851 triginta,
2050 3773 2125 3830 ut
2150 3760 2354 3829 oretis
2387 3781 2507 3850 pro
2535 3760 2662 3829 hac
2696 3757 2864 3828 orba
2889 3756 3107 3826 filiola

561 3870 718 3916 mea
762 3860 827 3917 et
856 3848 1006 3918 sitis
1043 3857 1377 3920 memores
1411 3850 1731 3950 Antigoni
1783 3849 1995 3940 patris
2025 3849 2199 3937 ejuS.
2225 3872 2261 3914 »
2311 3847 2687 3939 Respondit
2718 3845 3098 3916 Abbatissa:

563 3959 599 4001 «
643 3937 933 4006 Domina
986 3939 1391 4028 Euphrasia,
1453 3939 1746 4008 ancillae
1809 3950 1965 4008 tuae
2028 3959 2163 4006 non
2212 3937 2466 4008 habent
2510 3959 2687 4026 opus
2734 3934 3106 4034 reditibuS,

561 4046 786 4110 neque
883 4027 1163 4098 ecunias
1228 4027 1756 4117 concupiscunt.
1818 4026 2085 4096 Idcirco
2142 4027 2327 4095 enim
2391 4046 2466 4096 se
2529 4024 2797 4095 cunctis
2859 4022 3110 4093 mundi

562 4113 776 4204 hujus
852 4116 1268 4187 acultatibus
1315 4116 1694 4196 nudarunt,
1731 4126 1809 4185 ut
1837 4115 2108 4216 possint
2138 4114 2277 4185 frui
2308 4114 2507 4185 bonis
2536 4136 2677 4185 sem
2736 4112 2998 4182 iternis,
3031 4115 3112 4181 Et

564 4202 734 4273 haec
784 4204 984 4274 nobis
1043 4206 1211 4274 ratio
1258 4217 1382 4286 est,
1435 4227 1561 4274 cur
1605 4204 1783 4273 nihil
1830 4227 1903 4273 in
1956 4203 2153 4275 terris
2200 4204 2473 4285 habere,
2530 4203 2676 4272 nihi
2753 4199 3113 4292 possidere

566 4290 879 4374 velimus,
926 4315 1011 4363 ne
1059 4293 1320 4362 scilicet
1367 4293 1453 4362 ab
1512 4292 1630 4362 illa
1679 4291 1956 4364 coelesti
2020 4292 2443 4363 beatitudine
2490 4291 2964 4361 excludamur.
3021 4293 3115 4359 Ne

565 4393 791 4451 tamen
840 4404 920 4452 ex
969 4382 1167 4453 nobis
1213 4381 1449 4468 aliqua
1510 4382 1634 4452 tibi
1704 4380 2034 4452 moeroris
2098 4381 2423 4452 offeratur
2479 4379 2802 4460 materia,
2858 4398 3111 4469 parum
