3327 4999
625 314 755 378 220
1440 327 1521 375 m:
1570 326 1624 374 s.
1681 319 1997 373 caesonio
2045 322 2208 369 rArA
2713 299 2955 367 MART.
3008 302 3085 367 ⁴2

529 422 845 481 nostrum
895 406 1180 477 instanti
1234 404 1462 496 pulsat
1508 404 1771 484 aculeo,
1805 425 2058 503 magua
2108 423 2232 471 nos
2278 400 2592 472 ecclesiis
2627 423 2798 470 cura
2825 422 2982 489 pros
3035 400 3087 467 i-

486 520 706 578 cere,
757 510 822 567 et
869 509 1235 582 antequam
1290 494 1540 562 harum
1593 493 1810 584 possit
1860 491 2123 561 utilitas
2169 490 2506 581 deperire,
2560 489 2744 576 quod
2795 488 2940 559 fieri
3024 510 3089 557 e-

530 585 728 665 beat,
783 590 916 653 Deo
964 596 1243 653 auctore
1291 582 1684 672 disponere.
1760 578 2073 648 Pervenit
2121 578 2335 669 igitur
2381 577 2467 646 ad
2521 599 2670 660 ηοε,
2725 576 3092 664 quemdam

530 674 938 764 episcopum
991 671 1088 740 ita
1135 670 1530 760 passionem
1580 669 1830 759 capitis
1879 665 2283 747 incurrisse,
2338 678 2416 735 ut
2462 686 2640 752 quae
2681 677 2907 737 mente
2936 664 3099 734 alie-

533 774 695 831 nata
742 781 945 851 agere
993 757 1229 837 soleat,
1283 758 1586 848 gemitus
1631 769 1699 827 et
1738 756 1942 826 fietus
1970 754 2216 824 audire
2254 754 2365 824 sit.
2411 759 2505 824 Ne
2535 776 2610 823 er
2660 776 2701 822 o
2735 753 3100 843 languente

535 863 852 941 pastore,
905 869 1069 938 grex
1108 900 1124 928 ,
1178 846 1364 932 quod
1415 845 1643 926 absit,
1697 843 2126 915 insidiatoris
2176 841 2553 912 laniandus
2655 842 2929 912 entibus
2993 862 3105 910 ex-

534 948 911 1029 ponantur,
966 935 1071 1004 vel
1123 933 1455 1003 ecclesiae
1505 933 1735 1024 ipsius
1782 931 2113 1002 utilitates
2159 931 2553 1020 depereant,
2595 933 2799 1000 cauta
2831 952 2959 1000 nos
2990 949 3107 998 ne—

535 1046 727 1096 cesse
773 1033 876 1093 est
928 1022 1319 1114 provisione
1368 1033 1683 1092 tractare.
1738 1025 1815 1090 Et
1845 1020 2000 1089 ideo
2029 1018 2195 1106 quia
2227 1019 2489 1088 vivente
2520 1018 2870 1109 episcope,
2905 1037 3107 1103 quem

536 1113 625 1182 ab
674 1111 900 1182 officio
950 1134 1076 1183 suo
1126 1110 1495 1182 necessitas
1545 1108 1995 1190 infirmitatis,
2054 1129 2190 1177 non
2232 1106 2496 1176 crimen
2540 1106 2853 1186 abducit,
2894 1105 3108 1175 alium

538 1200 687 1271 loco
734 1200 909 1290 ejus,
965 1199 1100 1269 nisi
1152 1211 1510 1269 recusante
1556 1219 1659 1277 ee,
1717 1195 1911 1266 nulla
1958 1195 2126 1266 sinit
2174 1195 2346 1265 ratio
2394 1195 2742 1264 ordinari:
2797 1195 2857 1264 si
2902 1195 3106 1261 iuter-

537 1288 717 1357 valla
769 1288 1228 1379 aegritudinis
1276 1286 1529 1356 habere
1574 1296 1679 1357 est
1727 1284 1995 1365 solitus,
2053 1283 2203 1374 ipse
2249 1283 2407 1353 data
2459 1283 2813 1374 petitione,
2876 1304 3000 1351 nec
3039 1301 3108 1349 se

538 1376 834 1446 ulterius
883 1375 966 1444 ad
1019 1376 1148 1445 hoo
1197 1374 1692 1454 ministerium,
1746 1374 2185 1442 subvertente
2226 1371 2652 1452 infirmitate,
2690 1393 2819 1440 nec
2852 1370 2939 1439 ad
2975 1368 3108 1438 alia

539 1464 766 1534 officia
817 1485 1014 1553 posse
1060 1463 1355 1532 fateatur
1400 1482 1790 1552 assurgere,
1844 1472 1910 1530 et
1958 1459 2173 1529 alium
2223 1458 2374 1529 loco
2423 1481 2549 1530 suo
2596 1471 2872 1550 expetat
2924 1455 3106 1527 ordi-

540 1552 880 1622 nandum.
932 1552 1088 1633 Quo
1134 1550 1335 1631 facto,
1388 1551 1705 1621 omnium
1757 1547 2051 1618 solemni
2082 1547 2413 1617 electione
2453 1547 2648 1628 alter,
2693 1547 2823 1635 qui
2856 1547 3113 1637 dignus
3174 1609 3177 1613 .

540 1639 770 1722 fuerit,
823 1639 1194 1730 episcopus
1241 1649 1714 1708 consecretur:
1770 1636 1869 1705 sic
1919 1648 2187 1716 tamen,
2241 1648 2319 1704 ut
2364 1657 2732 1724 quousque
2793 1633 3114 1704 eumdem

540 1728 950 1818 episcopum
1003 1728 1070 1795 in
1126 1728 1253 1797 hoc
1304 1726 1537 1796 seculo
1585 1726 1725 1795 vita
1775 1724 2093 1800 tenuerit.
2148 1746 2303 1793 sum
2363 1738 2474 1793 tus
2520 1724 2583 1793 ei
2630 1723 2854 1794 debiti
2888 1723 2974 1791 de
3012 1744 3120 1790 ea·-

542 1816 699 1885 dem
750 1814 1044 1885 ecclesia
1091 1814 1596 1884 ministrentur.
1650 1812 1848 1882 Enim
1903 1834 2060 1882 vero
2109 1811 2165 1881 si
2217 1834 2315 1881 nu
2349 1812 2411 1882 lo
2445 1824 2756 1903 tempore
2790 1811 2878 1880 ad
2916 1832 3120 1880 sanae

544 1903 799 1973 mentis
848 1903 1024 1972 redit
1071 1902 1404 1983 officium,
1459 1924 1756 1993 persona
1806 1899 2031 1970 fidelis
2078 1922 2159 1969 ac
2207 1901 2382 1969 vitae
2429 1911 2530 1969 est
2581 1898 2974 1989 probabilis
3004 1896 3123 1968 eli-

544 1991 798 2148 genda,
852 2013 1030 2077 quae
1077 1992 1164 2060 ad
1218 1990 1524 2080 regimen
1575 1989 1905 2060 ecclesiae
1953 1988 2202 2058 idonea
2251 1988 2469 2078 possit
2515 1988 2857 2068 existere,
2914 1998 3118 2074 atque

594 2103 632 2149 e
678 2080 1071 2149 animarum
1125 2078 1419 2148 utilitate
1466 2079 1792 2167 cogitare,
1830 2076 2172 2163 inquietos
2204 2076 2335 2146 suh
2366 2075 2788 2165 disciplinae
2822 2075 3126 2145 vindicta

545 2168 1004 2257 restringere,
1060 2165 1686 2238 ecclesiasticarum
1738 2186 1970 2234 reruni
2021 2186 2262 2234 curam
2313 2186 2590 2265 gerere,
2643 2178 2714 2235 et
2764 2176 3123 2234 maturum

545 2268 751 2342 atque
799 2255 1145 2325 efficacem
1196 2277 1270 2324 se
1318 2254 1386 2324 in
1438 2254 1770 2325 omnibus
1817 2252 2158 2323 exhibere.
2214 2253 2352 2333 Qui
2399 2252 2632 2333 etiam,
2690 2253 2750 2324 si
2795 2252 3123 2351 episcopo

542 2345 664 2431 qui
701 2365 889 2413 nunc
915 2346 1242 2433 aegrotat,
1283 2356 1633 2433 superstes
1661 2341 1978 2423 extiterit,
2012 2340 2159 2410 loco
2189 2339 2341 2430 ejus
2370 2340 2614 2410 debeat
2642 2360 3121 2411 consecrari.»

634 2433 673 2520 ἐ
728 2436 893 2504 32.
933 2431 1281 2523 Virginem
1343 2442 1728 2522 stupratam
1780 2429 2148 2529 Gregorius
2194 2428 2487 2519 jubebat
2542 2450 2837 2499 uxorem
2896 2425 3118 2521 perci-

547 2542 752 2612 pere,
807 2533 927 2590 aut
997 2531 1458 2610 stupratorem
1525 2519 1716 2618 ejus,
1785 2530 2197 2618 castigatum
2263 2517 2691 2598 verberibus,
2756 2518 2832 2587 in
2887 2539 3127 2587 mona-

546 2609 754 2679 sterio
802 2608 1158 2698 deputare.
1220 2607 1411 2677 Unde
1446 2606 1654 2676 Felici
1712 2605 2073 2695 Sipontino
2120 2605 2444 2696 episcopo
2493 2605 2767 2688 scribit,
2834 2606 3117 2675 dicens:

545 2720 581 2764 «
627 2697 1177 2788 Expectabamus
1215 2694 1709 2765 fraternitatem
1763 2706 1951 2764 tuam
2002 2716 2129 2764 sua
2159 2693 2430 2781 aliquos
2462 2693 2545 2763 ad
2583 2699 2808 2765 Deum
2856 2692 3127 2784 praedi·

542 2785 813 2854 catione
850 2796 1241 2854 convertere
1286 2793 1353 2853 et
1402 2783 1580 2852 male
1600 2794 1882 2873 agentes
1919 2781 2003 2852 ad
2048 2782 2531 2870 rectitudinem
2582 2804 2943 2853 revocare.
2979 2786 3123 2864 Qua

543 2873 631 2942 de
678 2894 752 2941 re
801 2872 1011 2942 nimis
1083 2871 1577 2942 contristamur
1648 2870 1816 2958 quia
1861 2891 1899 2939 e
1947 2870 2216 2940 diverso
2273 2869 2346 2939 in
2410 2870 2685 2961 nepotis
2739 2872 2849 2942 tui
2887 2867 3130 2940 Felicis

546 2961 903 3051 pravitate,
959 2970 1076 3028 tua
1124 2958 1471 3029 evidenter
1501 2959 1623 3046 qui
1682 2958 1882 3029 talem
1933 2958 2250 3039 nutristi,
2295 2958 2503 3059 culpa
2552 2971 2955 3029 monstrata
2993 2965 3115 3027 est.

546 3048 859 3118 Pervenit
906 3046 1136 3134 itaque
1185 3046 1269 3116 ad
1324 3069 1447 3117 nos
1494 3046 1680 3135 quod
1732 3047 2251 3137 suprascriptus
2300 3047 2525 3128 Felix,
2579 3048 2955 3139 Evangelii
2986 3045 3131 3115 dia-

543 3136 702 3205 coni
739 3137 836 3205 tui
870 3134 1084 3205 filiam
1121 3147 1361 3225 stupro
1394 3135 1762 3226 deceperit.
1799 3135 1993 3217 Quod
2043 3135 2102 3203 si
2133 3155 2369 3204 verum
2400 3147 2524 3214 est,
2560 3136 2905 3221 quamvis
2937 3132 3129 3226 gravi

546 3235 725 3293 esset
770 3223 856 3294 de
905 3222 965 3292 le
1016 3245 1052 3292 e
1101 3245 1318 3314 poena
1368 3223 1794 3313 plectendus,
1850 3243 1976 3292 nos
2025 3235 2251 3292 tamen
2303 3222 2755 3310 aliquatenus
2807 3224 2950 3316 legi
3000 3222 3129 3291 du-

548 3311 777 3382 ritiam
832 3311 1241 3393 molientes,
1296 3310 2259 3402 hujuscemodi‘disponendo
2307 3311 2819 3410 praecipimus,
2880 3324 2961 3382 ut
3014 3318 3133 3380 aut

546 3422 756 3487 quam
796 3400 1157 3489 stupravit,
1208 3422 1490 3470 uxorem
1528 3400 1816 3469 habeat:
1869 3411 1990 3468 aut
2038 3409 2219 3468 certe
2268 3421 2325 3469 sl
2355 3399 2811 3470 renuendum
2852 3412 3135 3492 putave-

547 3489 658 3568 rit,
713 3487 1069 3559 districtus
1117 3510 1196 3557 ac
1243 3487 1692 3579 corporaliter
1736 3487 2112 3578 castigatus
2160 3486 3007 3576 excommunicatusque,
3061 3486 3131 3554 in

546 3577 1075 3658 monasterium,
1129 3577 1198 3644 in
1249 3598 1388 3663 quo
1442 3576 1932 3667 poenitentiam
1986 3577 2312 3665 peragat,
2365 3575 2801 3658 retrudatur,
2860 3577 2950 3647 de
2997 3594 3134 3664 quo

544 3664 609 3734 ei
661 3665 853 3735 nulla
905 3665 993 3735 sit
1038 3663 1438 3756 egrediendi
1485 3665 1637 3733 sine
1684 3676 1917 3735 nostra
1958 3663 2438 3754 praeceptione
2488 3663 2864 3735 licentia.»

585 3755 667 3853 ’ξ
715 3758 877 3825 33.
922 3754 1159 3824 Virum
1211 3752 1362 3822 sine
1394 3753 1631 3823 uxoris
1678 3751 1999 3843 propriae
2038 3751 2387 3822 voluntate
2426 3773 2890 3838 conversum,
2921 3751 3131 3823 etiam

543 3864 603 3912 si
653 3840 897 3912 fuisset
958 3842 1105 3928 jam
1171 3852 1594 3923 tonsuratuS,
1647 3839 2018 3931 Gregorius
2068 3840 2263 3910 uxori
2322 3839 2518 3909 reddi
2556 3839 2900 3929 jubebat.
2957 3846 3139 3925 Qua-

540 3941 824 4088 propter
869 3929 1166 4000 Adriano
1232 3928 1720 4000 Panormitano
1786 3928 2050 3998 notario
2099 3929 2435 4010 scribenS,
2499 3929 2647 3997 ait:
2710 3953 2751 3997 «
2789 3930 3137 4022 Agathosa

571 4030 746 4088 atrix
782 4018 1250 4107 praesentium
1299 4029 1541 4106 questa
1589 4028 1716 4097 est,
1775 4016 2104 4085 maritum
2155 4039 2365 4087 suum
2396 4028 2645 4086 contra
2694 4019 3134 4090 voluntatem

544 4129 747 4177 suam
800 4106 867 4174 in
922 4107 1340 4177 monasterio
1401 4106 1631 4177 Urbici
1670 4104 1949 4176 Abbatis
2003 4126 2152 4176 esse
2210 4126 2655 4175 conversum.
2715 4108 2923 4189 Quod
2975 4106 3141 4194 quia

542 4196 632 4266 ad
681 4193 995 4285 ejusdem
1034 4194 1312 4265 Abbatis
1359 4195 1638 4286 culpam
1690 4205 1756 4263 et
1811 4192 2143 4263 invidiam
2209 4214 2345 4262 non
2392 4204 2496 4262 est
2552 4190 2878 4265 dubium
2929 4192 3141 4286 perti-

545 4304 734 4362 nere,
787 4281 1247 4373 experientiae
1296 4295 1454 4352 tuae
1501 4281 1995 4438 praecipimus,
2027 4293 2104 4351 ut
2150 4280 2467 4371 diligenti
2513 4280 2996 4368 inquisitione
3034 4281 3138 4351 di-

551 4372 831 4453 scutiat,
904 4392 986 4439 ne
1034 4370 1204 4440 forte
1250 4392 1410 4440 cum
1461 4392 1611 4462 ejus
1658 4391 1741 4438 vo
1773 4381 2008 4440 untate
2054 4390 2428 4439 conversus
2497 4366 2613 4451 sit,
2679 4371 2794 4443 vel
2845 4372 3004 4464 ipsa
3065 4390 3138 4440 se
