3327 4999
163 336 268 402 EX
318 336 491 404 DEC.
549 341 630 404 40
1050 362 1143 409 ss.
1196 362 1368 424 ΜΕΝᾼ
1415 364 1492 411 Er
1538 363 1736 412 socns
1784 366 1898 412 uu.
2491 349 2620 414 737

160 448 589 593 praesentem
623 439 983 511 ecclesiam
1015 442 1638 517 walciodorensem
1673 445 1727 514 *.
1761 444 1888 515 Ubi
1929 467 2087 515 cum
2123 445 2466 527 intrasset,
2504 448 2707 518 multi

212 547 290 595 ac
336 526 447 594 die
493 549 573 596 ex
631 528 839 600 variis
908 531 1455 614 infirmitatibus,
1523 547 1891 623 antequam
1945 534 2305 606 Missarum
2369 537 2709 607 solemnia

162 613 697 706 complerentur,
745 620 966 690 sanati
1016 632 1199 690 sunt.

248 704 314 802 ξ.
354 708 429 775 ⁸¹3.
485 706 844 796 Presbyter
891 709 1103 800 hujus
1152 710 1483 781 ecclesiae
1531 712 1811 781 nomine
1860 712 2236 792 DendinuS,
2273 711 2700 796 febricitans,

162 800 391 861 statim
439 804 517 863 ut
564 794 775 884 hujus
825 796 1035 867 limen
1076 799 1406 869 ecclesiae
1447 800 1784 880 transivit,
1839 813 2124 871 sanatus
2169 812 2294 870 est.
2349 801 2537 871 Alius
2588 825 2710 905 per

164 885 245 948 46
292 903 512 982 annos
560 905 831 984 caecus,
888 886 1326 958 illuminatus
1384 901 1508 957 est.
1558 889 1981 978 Paralyticus
2044 890 2113 958 in
2166 889 2437 979 porticu
2489 891 2704 978 hujus

160 967 490 1040 ecclesiae
519 972 763 1043 solitus
795 974 1301 1066 eleemosynam
1356 987 1604 1066 petere,
1644 990 1929 1050 sanatus
1975 988 2097 1048 est.
2138 983 2375 1049 Postea
2419 979 2705 1066 quidam

162 1080 223 1158 a·
250 1057 583 1130 daemone
632 1063 930 1152 graviter
974 1067 1323 1145 obsessus,
1380 1064 1502 1134 ubi
1551 1066 1636 1134 ad
1691 1067 2088 1156 sepulcrum
2138 1067 2290 1158 ejus
2348 1067 2705 1137 obdormi-

164 1159 370 1218 visset
419 1161 822 1238 prostratuS,
878 1155 1104 1223 statim
1155 1154 1474 1234 surrexit,
1527 1166 1592 1224 et
1640 1177 1855 1225 sanus
1885 1155 1964 1243 ⁴in
2016 1155 2301 1225 domum
2355 1157 2706 1248 propriam

160 1247 258 1305 est
312 1258 646 1310 reversus.
702 1241 898 1312 Illius
936 1242 1160 1330 itaque
1193 1243 1665 1313 translationis
1692 1265 1772 1313 ac
1804 1243 2200 1334 sepulturae
2240 1244 2475 1327 decus,
2517 1247 2711 1316 tertio

162 1330 511 1425 Nonarum
562 1329 1042 1427 Decembrium
1075 1330 1462 1403 celebratur
1510 1354 1672 1402 cum
1722 1332 1980 1403 honore
2027 1333 2113 1403 ad
2157 1332 2432 1403 laudem
2485 1336 2710 1405 nomi-

162 1435 272 1482 nis
310 1418 423 1483 Dei
472 1436 592 1502 qul
643 1418 803 1488 vivit
851 1419 920 1489 in
962 1421 1199 1491 omnia
1246 1420 1505 1502 secula,
1561 1426 1798 1491 Amen.

818 1841 827 1848 .
1105 1706 1765 1790 MARTYRIUM

371 1942 510 2043 SS.
589 1943 965 2058 MENAE,
1036 1942 1703 2076 HERMOGENIS
1771 1932 2499 2057 ETZEUGRAPHI

306 2198 591 2248 AUCTORE
639 2195 910 2247 SIMEONE
958 2198 1432 2248 METAPHRASTE.
1487 2198 1780 2247 HABETUR
1827 2198 1893 2246 IN
1940 2197 2127 2246 'roms
2174 2176 2587 2246 LIPPOMANI**

1283 2356 1477 2413 Circa
1518 2359 1671 2415 306.

256 2539 293 2624 ξ
356 2543 434 2611 1.
487 2542 652 2606 Cum
686 2538 1144 2608 Diocletianus
1190 2550 1255 2608 et
1304 2538 1760 2608 Maximianus
1793 2537 2164 2628 imperium
2197 2537 2708 2627 deposuissent,

169 2626 549 2695 Maxentius
595 2625 874 2711 quidem
924 2628 1010 2696 ab
1058 2626 1159 2697 eis
1210 2634 1487 2707 Romae,
1543 2627 1978 2697 Constantius
2008 2638 2239 2695 autem
2272 2624 2537 2706 Galliis,
2576 2631 2713 2696 Ma-

166 2715 476 2785 ximinus
525 2736 680 2783 vero
730 2715 984 2785 Orienti
1035 2715 1537 2805 praeficiuntur
1572 2721 2047 2805 Imperatores.
2091 2714 2244 2784 Fuit
2290 2736 2454 2805 ergo
2504 2715 2721 2805 proti-

140 2810 305 2874 ‘²nus
344 2803 412 2872 in
466 2802 735 2872 Oriente
786 2826 1038 2893 magna
1077 2804 1458 2893 persecutio
1508 2803 1839 2873 adversus
1889 2802 2334 2883 ChristianOS‚
2367 2814 2431 2872 et
2481 2824 2714 2872 rerum

169 2891 646 2963 communium
699 2890 1034 2973 confusio,
1089 2904 1152 2961 et
1194 2904 1270 2961 ut
1309 2893 1517 2961 semel
1569 2892 1820 2972 dicam,
1875 2914 2130 2983 magna
2168 2890 2510 2979 quaedam
2610 2913 2718 2960 er-

170 2981 467 3057 turbatio
515 2993 579 3049 et
627 2979 870 3049 seditio
911 2981 979 3048 in
1033 2992 1209 3050 terra
1249 2992 1314 3050 et
1345 2981 1411 3049 in
1448 2981 1645 3061 mari,
1687 2980 2055 3050 Maximino
2086 2979 2403 3051 studente
2429 2978 2548 3066 qui
2605 3002 2717 3049 em

171 3070 584 3140 confirmare
636 3070 975 3159 majorum
1017 3092 1302 3139 suorum
1346 3069 1845 3159 deceptionem,
1890 3082 1955 3139 et
2000 3068 2246 3138 falsam
2281 3067 2713 3158 religionem:

172 3180 209 3226 e
259 3169 437 3226 terra
484 3168 739 3236 autem,
795 3157 854 3227 si
902 3158 1050 3226 fieri
1096 3171 1347 3247 posset,
1391 3157 1625 3227 tollere
1687 3180 1792 3227 res
1841 3157 2412 3237 Christianorum,
2465 3168 2532 3226 et
2578 3179 2726 3226 om-

174 3246 337 3314 nino
387 3245 653 3314 auferre
690 3245 775 3313 de
826 3246 1075 3345 mediO,
1129 3250 1295 3315 Cum
1346 3268 1503 3315 vero
1530 3247 1590 3315 ei
1626 3246 1916 3315 relatum
1959 3257 2159 3325 esset,
2198 3256 2402 3313 totam
2437 3243 2722 3313 Alexan-

170 3334 395 3402 driam
440 3333 550 3422 (ea
598 3345 698 3403 est
735 3344 963 3402 autem
1013 3335 1252 3402 civitas
1293 3334 1583 3403 illustris
1618 3335 1689 3401 in
1720 3333 2044 3424 Aegypto)
2072 3345 2138 3401 et
2171 3354 2294 3422 per
2323 3354 2395 3401 se
2431 3331 2718 3418 quidem

171 3422 577 3493 seditionem
627 3421 884 3511 agitare
931 3426 1143 3490 eausa
1178 3421 1621 3511 reipublicae,
1651 3434 1718 3491 et
1756 3421 2159 3490 seditionem
2194 3421 2397 3490 etiam
2430 3421 2714 3510 agitare,

175 3532 334 3580 cum
366 3509 613 3579 Christi
662 3509 744 3578 ad
797 3531 947 3579 eam
998 3511 1294 3580 venisset
1342 3510 1785 3599 praedicatio,
1839 3510 1960 3578 ubi
2001 3508 2448 3578 deliberasset
2477 3520 2543 3577 et
2568 3530 2730 3578 con-

174 3599 567 3680 siderasset,
619 3610 684 3667 et
732 3597 953 3667 visum
1005 3610 1107 3668 est
1150 3598 1510 3697 (quoniam
1564 3620 1701 3667 non
1752 3609 2015 3686 poterat
2074 3618 2197 3686 per
2262 3618 2335 3668 se
2401 3618 2729 3687 praesens

173 3688 516 3757 civitatem
567 3685 968 3774 conciliare)
1012 3686 1255 3755 edictis
1306 3686 1564 3756 interea
1611 3686 1986 3778 reprimere
2031 3684 2311 3772 quidem
2366 3684 2725 3774 praedica-

174 3777 455 3855 tionem,
509 3796 919 3863 eomponere
953 3786 1181 3844 autem
1222 3775 1722 3846 controversias
1766 3772 2080 3864 publicas
2127 3785 2192 3842 et
2239 3772 2499 3843 civiles.
2554 3777 2724 3855 Cum

173 3888 330 3934 vero
377 3862 599 3933 edicta
646 3863 990 3932 videretur
1037 3883 1364 3951 superare
1411 3885 1651 3933 eorum
1692 3862 1813 3950 qui
1879 3860 2289 3932 seditionem
2339 3860 2721 3951 agitabant,

173 3952 637 4023 controversia
684 3965 748 4021 et
782 3951 954 4021 ratio
1003 3951 1558 4041 praedicationis,
1598 3950 1810 4022 relata
1856 3961 2021 4020 sunt
2050 3949 2219 4019 haec
2266 3970 2544 4036 quoque
2576 3971 2729 4018 rur-

177 4064 299 4112 sus
347 4040 434 4110 ad
483 4041 1004 4130 Imperatorem.
1076 4039 1200 4109 Ille
1254 4052 1484 4110 autem
1546 4039 1876 4110 continuo
1943 4058 2080 4106 non
2145 4059 2392 4128 parum
2443 4037 2730 4124 quidem

178 4152 380 4221 aegre
427 4128 685 4200 ferebat
731 4150 1017 4198 suarum
1082 4129 1661 4219 contemptionem
1726 4126 2342 4198 constitutionum:
2395 4125 2738 4195 irasceba-

183 4232 294 4288 tur
325 4239 483 4287 vero
533 4216 716 4305 quod
769 4216 866 4286 dii
898 4216 1104 4307 patrii
1154 4216 1617 4287 abolerentur.

234 4327 288 4410 ἒ*
297 4328 879 4430 εἴηοιὲιῗιὲῗιᾱαεῖὲαῶιέῑῖιια
900 4380 991 4424 est.
1009 4388 1062 4418 ac
1092 4378 1206 4418 licet
1235 4378 1602 4428 metaphrastes.
1630 4379 1748 4420 satis
1772 4378 1863 4419 nde
1882 4377 2039 4428 digna.
2067 4377 2313 4419 Praeclara
2331 4376 2500 4427 prebet
2523 4377 2738 4425 exempla

184 4435 553 4477 facundissimae
575 4435 625 4474 et
644 4433 929 4475 fortissimae
950 4432 1280 4475 confessionis.

340 4521 585 4581 Suritls
601 4550 625 4566 -
657 4518 820 4582 Vitae
843 4517 951 4584 SS.
976 4550 999 4564 ·
1018 4517 1145 4580 Vol.
1188 4514 1293 4577 111.
1691 4524 1694 4527 ’
2502 4514 2577 4575 47
