3327 4999
663 351 749 413 48
1512 363 1591 408 na
1640 362 1697 407 s.
1751 360 1986 409 comm
2032 362 2205 409 vmc.
2796 284 3047 408 tiART.
3105 345 3147 408 6

572 445 780 515 fratre
826 443 1130 532 quodam
1181 441 1347 510 satis
1390 440 1535 509 indi
1588 440 1882 510 oscindi
1932 463 2271 532 pannum,
2326 441 2513 509 unde
2559 441 2625 509 ei
2679 441 2888 510 vestis
2936 463 3146 532 para-

572 546 786 603 retur.
844 532 972 604 Sed
1021 551 1182 599 cum
1234 531 1313 597 ea
1363 464 1586 598 caus}
1623 529 2054 600 accersiisset
2119 530 2399 598 fratrem
2444 529 2820 609 Andr-eam,
2874 529 3146 599 bonum

572 634 932 702 sartorem,
984 617 1535 703 ostendissetque
1608 617 1713 687 illi
1764 640 2105 708 pannum,
2161 617 2516 718 respondit
2587 617 2744 697 ille,
2822 640 3145 708 pannum

576 732 715 779 non
770 730 969 800 posse
1033 705 1349 776 sufficere
1424 706 1593 774 vesti
1653 705 2149 788 conficiendae,
2213 707 2486 777 etlamsi
2534 705 2598 775 ei
2660 707 2930 797 integra
2977 707 3151 777 ulna

574 798 894 867 addatur.
928 801 1004 865 At
1034 795 1153 864 illa
1194 794 1585 875 subridenS,
1635 794 1927 863 fidenter
1956 795 2089 864 ait:
2127 818 2162 861 «
2197 795 2341 875 Abi,
2374 794 2603 877 frater,
2648 809 2716 864 et
2754 817 2878 864 ora
2901 801 3141 864 Deum.

574 886 745 956 Inde
822 883 1083 954 redibis
1147 883 1230 951 ad
1285 905 1395 952 me
1443 895 1508 951 et
1572 883 1903 969 utrinque
1966 883 2408 954 extrahemus
2457 904 2811 973 pannum,
2867 883 2926 951 si
2977 883 3151 953 forte

575 975 792 1065 possit
827 973 971 1042 fieri
1026 971 1371 1062 longior.»
1423 974 1583 1040 Orat
1629 971 1860 1053 frater,
1914 972 2092 1041 redit
2133 971 2219 1041 ad
2271 971 2592 1053 Coletam‚
2646 993 2726 1040 ea
2787 984 3150 1062 praesente

574 1062 920 1133 scinditur
970 1082 1246 1151 pannus
1276 1073 1341 1130 et
1389 1059 1644 1128 nedum
1698 1060 1866 1129 satis
1901 1060 2168 1130 multus
2214 1072 2337 1139 est,
2379 1061 2494 1129 sed
2546 1072 2612 1128 et
2650 1060 2999 1129 intantum
3028 1082 3150 1129 ex-

576 1151 779 1230 cedit,
826 1161 904 1220 ut
936 1147 1315 1238 oportuerit
1362 1148 1448 1216 de
1499 1160 1677 1217 veste
1717 1148 1878 1217 inde
1906 1149 2215 1219 confecta
2244 1148 2509 1236 aliquid
2544 1148 2815 1218 auferre
2844 1148 3029 1237 quod
3084 1161 3153 1218 et

579 1238 853 1329 longior
898 1250 964 1307 et
1012 1237 1213 1306 latior
1244 1248 1422 1306 esset
1450 1258 1659 1322 quam
1711 1236 1914 1307 ferret
1962 1250 2200 1307 sancta
2250 1250 2642 1328 paupertas.

665 1331 702 1415 ἓ
754 1334 899 1399 21.
955 1325 1239 1396 Cas-titas
1288 1325 1505 1394 virtus
1537 1325 1932 1414 gratissima
1966 1339 2089 1407 est,
2129 1325 2302 1395 mire
2343 1326 2658 1394 animum
2709 1323 3137 1405 exhilaranS‚

577 1437 879 1502 eumque
928 1420 1059 1483 Deo
1112 1414 1503 1502 proximum
1533 1413 1865 1484 efficiens.
1913 1418 2005 1483 Ea
2055 1437 2191 1484 non
2238 1414 2672 1483 mediocriter
2723 1428 2968 1483 ornata
3019 1412 3149 1482 fuit

581 1504 833 1574 Christi
899 1502 1153 1572 ancilla
1202 1503 1425 1571 Coleta
1491 1514 1625 1571 toto
1684 1502 1858 1571 vitae
1908 1525 2073 1572 suae
2148 1515 2478 1593 tempore.
2532 1506 2698 1571 Nam
2762 1502 2891 1588 etsi
2944 1501 3148 1571 valde

579 1593 815 1662 oderat
845 1612 1050 1660 omne
1097 1591 1417 1660 vitiorum
1469 1612 1715 1680 genus,
1754 1592 2110 1681 speciatim
2148 1603 2372 1661 tamen
2423 1590 2960 1660 abominabatur
2992 1613 3150 1681 pec-

577 1692 731 1750 cata
781 1680 1128 1749 carnalia:
1165 1693 1377 1765 utque
1410 1701 1491 1747 ea
1523 1679 1798 1748 facilius
1831 1680 2091 1761 vitaret,
2138 1680 2521 1750 arctissime
2551 1679 2866 1748 servabat
2895 1701 3150 1750 sensus

582 1769 917 1859 corporis,
970 1781 1324 1854 tamquam
1364 1767 1622 1857 januas
1672 1769 1776 1836 vel
1829 1767 2202 1848 fenestras,
2262 1791 2383 1858 per
2429 1789 2603 1853 quas
2653 1766 2853 1836 facile
2902 1767 3149 1858 irrepit

585 1880 810 1926 mors:
854 1878 977 1926 nec
1009 1878 1318 1942 unquam
1375 1859 1511 1924 tota
1558 1855 1696 1925 vita
1743 1860 1871 1925 sua.
1917 1857 2018 1925 vel
2069 1878 2284 1925 vanae
2333 1855 2791 1936 delectationi,
2840 1856 2944 1925 vel
2995 1878 3148 1925 car-

582 1946 724 2014 nali
774 1945 1378 2045 concupiscentiae
1426 1959 1788 2014 assensum
1825 1945 2162 2035 praebuit,
2219 1944 2335 2014 sed
2373 1945 2637 2034 abipsa
2690 1943 2986 2013 infantia
3022 1967 3144 2014 cor

583 2055 789 2103 suum
837 2055 1122 2101 omnmo
1153 2032 1486 2103 castitatis
1534 2034 1765 2106 studio
1812 2033 2075 2102 addixit
2098 2045 2163 2102 et
2210 2032 2572 2111 dedicavit,
2609 2032 2778 2101 adeo
2826 2045 2904 2101 ut
2940 2055 3149 2102 num·

586 2144 795 2208 quam
847 2121 1219 2208 quisquam
1271 2121 1339 2189 in
1389 2143 1471 2190 ea
1518 2123 1869 2212 percipere
1965 2122 2215 2190 otuerit
2263 2121 2543 2211 signum
2592 2120 2870 2207 aliquod
2919 2121 3153 2211 impu-

585 2232 703 2279 rae
736 2210 1192 2300 cogitationis:
1248 2232 1374 2280 nec
1421 2232 1731 2296 unquam
1801 2145 2087 2279 verbum
2136 2208 2414 2296 aliquod
2484 2209 2628 2279 leve
2688 2224 2808 2279 aut
2857 2208 3152 2278 inhone-

582 2311 767 2367 stum
822 2299 1103 2388 prbtulit
1152 2321 1267 2367 ore
1318 2320 1467 2379 suc,
1522 2298 1642 2367 sed
1693 2320 1964 2388 semper
2011 2299 2216 2368 verba
2266 2298 2468 2389 plane
2521 2299 2808 2367 honesta
2868 2310 2934 2366 et
2986 2319 3152 2366 san—

581 2398 689 2455 cta
737 2408 914 2473 quae
962 2386 1326 2457 coelestem
1374 2388 1524 2475 ejus
1574 2385 2004 2456 declararent
2050 2387 2641 2456 conversationem
2688 2400 2754 2455 et
2813 2386 3153 2474 proximis

582 2474 935 2545 salubrem
984 2477 1305 2550 afferrent
1352 2473 1926 2545 aedificationem.
1980 2480 2202 2546 Potest
2250 2496 2414 2546 sane
2463 2474 2584 2544 illa
2635 2475 2991 2544 numerari
3042 2475 3155 2544 in-

585 2577 687 2633 ter
738 2565 1148 2655 purissimas
1196 2564 1521 2654 virgines.
1567 2568 1733 2632 Nam
1785 2577 1851 2632 et
1897 2586 2150 2654 corpus
2196 2565 2347 2651 ejus
2380 2575 2516 2632 tam
2567 2575 2712 2633 erat
2759 2562 3153 2633 formosum

583 2665 648 2722 et
696 2655 924 2722 omnis
976 2652 1287 2722 maculae
1349 2673 1590 2741 expers
1641 2652 1870 2738 quoad
1922 2653 2338 2741 supervixit,
2394 2663 2470 2721 ut
2516 2652 2969 2743 integerrima
3015 2652 3154 2721 vir-

582 2742 838 2896 ginitas
887 2761 1048 2809 cum
1100 2738 1353 2829 puerili
1402 2740 1796 2809 innocentia
1844 2752 1908 2809 et
1942 2741 2074 2810 sim
2132 2740 2384 2810 licitate
2423 2763 2503 2810 ex
2537 2739 2655 2809 illo
2707 2741 3006 2811 mirifice
3036 2763 3148 2811 re-

613 2833 866 2898 uceret.
922 2827 1061 2896 Etsi
1109 2828 1295 2896 enim
1346 2828 1416 2896 in
1467 2828 1551 2896 iis
1591 2850 1767 2914 quae
1797 2828 1880 2897 ad
1927 2830 2041 2898 Dei
2113 2851 2421 2899 tonorem
2471 2842 2535 2899 et
2582 2829 2984 2900 animarum
3037 2853 3150 2899 sa-

584 2916 798 2987 lutem
852 2915 1304 3007 pertinebant,
1357 2930 1532 2984 osset
1584 2916 2166 3007 prudentissima,
2223 2930 2291 2986 at
2340 2932 2567 2987 tamen
2619 2918 2690 2986 in
2741 2919 3155 2988 carnalibus

585 3018 653 3075 et
700 3003 1077 3072 mundanis
1127 3004 1333 3074 rebus
1382 3004 1601 3073 instar
1647 3005 1918 3094 parvuli
1951 3006 2246 3097 simplex
2292 3017 2357 3076 et
2406 3007 2738 3077 innocens
2786 3006 2940 3076 fuit.
3003 3013 3154 3090 Quo

584 3094 815 3172 fiebat,
870 3104 947 3160 ut
998 3092 1288 3161 libenter
1326 3092 1594 3162 adesset
1633 3094 1966 3184 parvulis,
2021 3096 2256 3181 eisque
2304 3117 2376 3164 se
2424 3095 2755 3165 blandam
2802 3107 2869 3164 et
2901 3096 3151 3166 affabi-

587 3181 723 3250 lem
773 3180 1144 3249 exhiberet.
1220 3180 1690 3251 Delectabatur
1736 3195 1967 3252 autem
2033 3184 2289 3253 mirum
2344 3184 2413 3252 in
2468 3184 2749 3254 modum
2801 3185 3145 3274 agnellis,

585 3268 977 3338 turturibus
1023 3281 1088 3337 et
1145 3267 1212 3336 id
1286 3291 1506 3358 genus
1555 3270 1712 3341 aliis
1760 3271 1968 3341 castis
2045 3272 2492 3342 animalibus.
2562 3272 2882 3362 Solebant
2939 3274 3156 3343 etiam

585 3357 825 3425 crebro
873 3356 958 3425 ad
991 3378 1142 3425 eam
1192 3357 1512 3427 advolare
1544 3372 1772 3428 castae
1818 3359 2148 3441 aviculae,
2184 3360 2484 3432 suaviter
2530 3360 2888 3430 cantillare
2913 3384 3155 3431 coram

586 3444 730 3525 illa,
767 3444 1126 3514 comedere
1174 3460 1239 3514 et
1286 3446 1520 3516 bibere
1568 3447 1830 3534 absque
1870 3448 2013 3518 ulla
2062 3449 2431 3520 formidine
2461 3450 2646 3540 apud
2697 3471 2876 3518 eam.
2933 3451 3156 3519 Mitte-

585 3535 845 3634 bantur
889 3533 1053 3635 illae
1096 3534 1406 3634 aviculae
1437 3558 1478 3603 a
1527 3537 1814 3605 Domino
1857 3559 1979 3626 pro
2021 3538 2211 3609 illius
2273 3538 2777 3608 consolatione:
2838 3552 3039 3608 erant
3085 3560 3158 3607 e-

588 3643 732 3690 mm
768 3645 829 3691 et
881 3635 1315 3713 gratissimae
1344 3635 1620 3715 propter
1652 3626 2016 3713 puritatem
2067 3639 2132 3698 et
2160 3629 2538 3697 castitatem
2587 3649 2725 3713 qua
2772 3627 2927 3716 ipsa
2961 3649 3159 3718 prae-

586 3709 771 3780 clare
821 3710 1144 3801 pollebat.
1211 3711 1495 3782 Oblatus
1541 3712 1604 3781 ei
1642 3714 2060 3801 quandoque
2107 3739 2188 3785 ex
2235 3716 2592 3786 devotione
2652 3715 2783 3786 fuit
2829 3716 3158 3806 agnellus

585 3798 898 3886 quidam,
952 3821 1158 3886 quem
1209 3798 1329 3869 illa
1378 3813 1516 3870 tam
1565 3802 1652 3871 ob
1721 3804 2178 3885 munditiam,
2231 3827 2439 3891 quam
2499 3804 2587 3874 ob
2635 3825 2892 3895 agnum
2947 3804 3159 3875 illum

589 3887 741 3957 sine
776 3888 1075 3970 macula,
1132 3888 1424 3959 libenter
1451 3891 1740 3982 accepit.
1796 3898 1952 3961 Erat
1999 3916 2155 3962 vero
2206 3893 2265 3961 is
2312 3894 2415 3962 illi
2464 3892 2704 3963 multis
2735 3891 2963 3962 modis
3015 3914 3159 3962 non

587 3998 798 4067 parvo
846 3976 1113 4059 solatio,
1168 3977 1467 4048 maxime
1510 3980 1696 4066 quod
1732 3982 1999 4062 soleret,
2056 4005 2095 4050 a
2143 3981 2338 4051 nullo
2373 4004 2658 4072 prorsus
2708 3980 2810 4049 vel
2859 3981 3160 4051 edoctus

586 4063 692 4167 vel
743 4065 1176 4166 compulsuS,
1228 4089 1390 4160 cum
1434 4068 1679 4139 Christi
1724 4093 1979 4161 corpus
2027 4069 2099 4139 in
2142 4070 2344 4141 Missa
2393 4069 2810 4151 elevabatur,
2864 4091 2938 4139 se
2987 4070 3163 4140 sub-

590 4164 859 4222 mlttere
908 4176 974 4221 1n
1028 4177 1278 4246 genua,
1338 4179 1463 4225 nec
1500 4179 1804 4247 surgere,
1858 4158 2077 4228 donec
2116 4158 2401 4228 elevatio
2452 4158 2572 4227 illa
2621 4169 2896 4249 peracta
2943 4169 3154 4229 esset.

673 4244 709 4327 ξ
761 4248 921 4343 ²²1·
960 4248 1102 4312 Duo
1150 4265 1309 4314 vero
1357 4246 1686 4336 specialia
1720 4247 1835 4315 Dei
1867 4246 2070 4326 dona,
2106 4248 2365 4333 quibus
2394 4247 2547 4338 ejus
2580 4247 2843 4337 puritas
2878 4259 3158 4316 astrue-

585 4329 814 4411 batur,
871 4353 940 4399 1n
990 4354 1070 4401 ea
1116 4333 1434 4403 extitere:
1481 4334 1792 4403 Primum
1839 4348 1963 4414 est,
2020 4336 2204 4423 quod
2256 4358 2642 4422 numquam
2693 4335 2883 4404 ullus
2933 4335 3159 4405 foetor

587 4419 674 4488 ab
721 4420 873 4510 ejus
920 4443 1204 4512 corpore
1254 4422 1493 4492 sentiri
1557 4422 1819 4513 potuit:
1895 4424 2014 4493 sed
2075 4447 2200 4495 nec
2256 4448 2337 4495 ex
2407 4425 2591 4508 1000,
2654 4424 2724 4493 in
2776 4445 2914 4511 quo
2963 4438 3154 4494 erat:
