3327 4999
203 352 448 420 MART.
499 354 589 420 29
919 372 1000 420 nn
1044 372 1101 421 s.
1152 371 1360 421 muco
1407 371 1762 422 aazrnusio
1806 370 2005 421 susc.
2519 354 2649 423 539

201 450 879 522 excandescentibus:
923 451 1129 540 *quod
1181 452 1371 522 illius
1419 452 1716 524 reditum
1749 473 1829 523 ac
1880 450 2361 543 praesentiam,
2413 473 2549 521 non
2596 464 2734 523 tam

203 540 672 699 fosstitudinem
715 540 1045 612 adversus
1091 541 1400 633 pericula
1454 563 1665 631 quam
1724 554 2192 632 contemptum
2242 540 2353 614 sui
2406 541 2740 633 interpre-

204 641 270 699 ta
322 642 552 700 antur.

289 720 326 807 ξ
375 722 463 788 2.
518 718 902 789 Ducebatur
948 730 1424 789 sacrosanctus
1471 738 1676 788 senex
1707 773 1723 798 ,
1790 717 2043 788 athleta
2090 729 2512 809 spontaneus
2546 773 2561 799 ,
2616 740 2739 809 per

201 806 497 875 mediam
550 806 888 877 civitatem
926 863 941 889 ,
993 806 1318 878 omnibus
1369 821 1634 898 praeter
1697 820 2162 897 persecutores
2207 820 2272 875 et
2318 806 2680 878 carnifices
2714 861 2730 889 ‚

199 907 343 964 tum
386 907 599 965 aetate
657 895 1107 977 veneranduS,
1161 909 1306 966 tum
1374 896 1548 966 vitae
1606 895 1942 988 probitate
1988 895 2464 965 venerabilior.
2523 901 2735 966 Duce-

195 984 400 1054 batur
450 1005 651 1075 porro
695 985 783 1054 ab
829 986 1176 1065 omnibus,
1230 984 1600 1073 cujuslibet
1622 986 1863 1057 aetatis
1910 999 1975 1055 et
2019 984 2435 1055 conditionis
2480 1006 2561 1053 ac
2598 984 2733 1053 for·

199 1086 408 1142 tunae
436 1125 457 1153 ‚
513 1073 838 1143 omnibus
885 1095 1096 1161 aeque
1145 1072 1552 1164 urgentibus
1586 1128 1603 1153 ,
1656 1073 1821 1144 viris
1867 1085 1932 1143 et
1992 1073 2403 1143 mulieribus
2434 1127 2450 1154 ,
2501 1072 2736 1143 adole-

196 1160 551 1233 scentibus
597 1174 662 1230 et
707 1163 1013 1244 senibus,
1071 1163 1291 1249 iisque
1338 1163 1568 1242 etiam,
1600 1162 1719 1249 qui
1762 1162 1862 1233 vel
1896 1162 2175 1253 publica
2223 1162 2416 1231 urbis
2465 1160 2736 1253 negotia

195 1248 813 1331 administrabant,
879 1251 979 1321 vel
1029 1250 1359 1342 dignitate
1406 1251 1638 1338 aliqua
1704 1251 2011 1342 insignes
2057 1264 2275 1320 erant.
2345 1255 2556 1337 Atque
2605 1251 2735 1320 hoc

192 1360 413 1408 unum
450 1352 792 1409 certamen
834 1340 1102 1411 cunctis
1152 1340 1578 1431 propositum
1625 1356 1790 1422 erat,
1846 1353 1922 1409 ut
1968 1340 2219 1409 furoris
2257 1338 2590 1409 adversus
2622 1361 2730 1407 se-

195 1448 351 1496 nem
423 1427 850 1497 immanitate
899 1450 1045 1500 sese
1113 1442 1350 1499 mutuo
1424 1442 1876 1520 superarent,
1952 1428 2412 1514 omnibusque
2464 1427 2732 1518 pietatis

194 1537 358 1605 pars
404 1517 944 1599 existimabatur,
1008 1517 1544 1608 quamplurimis
1590 1538 1750 1587 eum
1800 1517 2222 1587 cruciatibus
2255 1516 2547 1595 afficere,
2604 1538 2735 1607 pu-

192 1604 543 1693 gilemque
583 1627 812 1676 senem
863 1606 1155 1687 vincere,
1203 1606 1531 1676 adversus
1579 1618 1784 1676 totam
1836 1606 2178 1675 civitatem
2236 1605 2725 1675 decertantem.

192 1693 618 1782 Raptabatur
675 1715 794 1785 per
832 1694 1111 1785 plateaS,
1221 1694 1703 1765 rotrudebatur
1766 1716 1887 1785 per
1932 1694 2249 1773 cloacas,
2303 1693 2616 1764 crinibus
2663 1705 2729 1763 et

191 1784 436 1868 quavis
472 1783 779 1872 corporis
830 1798 1017 1873 parte
1068 1784 1097 1873 (
1143 1717 1399 1853 <Ruina
1450 1805 1696 1871 nempe
1750 1783 2105 1853 tormentis
2150 1781 2598 1872 contumelia)
2644 1782 2731 1852 ab

192 1870 282 1939 iis
330 1872 745 1952 trahebatur,
802 1873 919 1959 qui
980 1873 1047 1941 in
1088 1872 1368 1942 Mithrae
1416 1872 1630 1941 sacris
1682 1871 2081 1963 hujusmodi
2129 1870 2494 1961 suppliciis
2545 1872 2732 1960 juste

190 1959 617 2029 divexantur.
671 1964 717 2028 Α
771 1961 1001 2050 pueris
1047 1960 1130 2029 ad
1172 1983 1430 2117 (pueros
1493 1960 1839 2051 pendulus
1904 1959 2373 2030 remittebatur
2405 2014 2420 2038 ,
2485 1958 2731 2029 cultris

190 2048 545 2138 pennariis
582 2070 990 2138 generosum
1042 2050 1168 2119 illu
1262 2070 1515 2140 corpus
1576 2049 1760 2120 susci
1820 2050 2061 2130 ientes,
2115 2063 2319 2135 atque
2366 2048 2544 2117 hanc
2595 2059 2732 2116 tra-

190 2136 506 2237 goediam
557 2160 681 2227 pro
735 2138 1000 2207 ludicro
1081 2138 1430 2207 habentes,
1483 2138 1747 2220 Quibus
1798 2160 1909 2206 am
1959 2140 2161 2206 etiam
2229 2149 2725 2207 tormentorum

191 2226 670 2313 lnstrumentis
720 2227 925 2297 tibiae
971 2226 1161 2296 illius
1207 2226 1293 2296 ad
1347 2227 1495 2317 ipsa
1541 2248 1762 2312 usque
1816 2246 1972 2295 ossa
2038 2226 2719 2315 comprimebantur:

192 2313 395 2385 lineis
445 2314 578 2385 filis
626 2337 828 2385 aures
875 2315 1458 2386 abscindebantur
1487 2327 1552 2384 et
1586 2314 1864 2402 quidem
1920 2314 2346 2385 tenuissimis
2375 2329 2439 2383 et
2466 2313 2725 2383 firmis-

193 2403 412 2483 simis,
455 2404 604 2495 ipso
653 2404 923 2475 interim
976 2406 1201 2487 sporta
1277 2404 1345 2473 in
1394 2402 1610 2473 altum
1691 2403 1983 2472 sublate.
2065 2402 2256 2472 Melle
2329 2416 2393 2471 et
2442 2402 2728 2491 jusculo

189 2491 498 2579 undique
545 2493 888 2584 perfusus,
942 2494 1029 2564 ab
1075 2493 1324 2585 apibus
1369 2506 1435 2563 et
1482 2492 1707 2583 vespis
1758 2491 2042 2562 meridie
2100 2491 2560 2583 pungebatur,
2613 2513 2727 2561 ar-

193 2579 595 2653 dentissimo
642 2584 784 2653 sole
832 2583 1123 2653 lucente:
1174 2596 1378 2670 atque
1423 2582 1587 2652 huic
1633 2581 1915 2669 quidem
1963 2603 2206 2651 carnes
2253 2580 2675 2668 colliquante
2704 2634 2721 2662 ,

192 2667 331 2738 illis
377 2683 604 2741 autem
645 2673 999 2743 beatarum
1050 2671 1324 2741 illarum
1374 2671 1693 2742 carnium
1720 2670 1890 2760 (non
1939 2670 2124 2739 enim
2174 2669 2462 2738 dixerim
2518 2670 2725 2739 mise-

190 2759 457 2849 rarum)
500 2781 694 2830 esum
759 2762 1089 2831 acriorem
1138 2761 1492 2831 efficiente.
1546 2759 1672 2829 Hic
1718 2759 2104 2840 enimvero,
2154 2770 2233 2827 ut
2279 2758 2407 2828 hoc
2452 2779 2729 2846 quoque

188 2843 404 2917 literis
453 2849 796 2931 mandem,
849 2871 1052 2920 senex
1101 2850 1237 2929 ille,
1292 2849 1612 2937 idemque
1644 2846 1731 2917 ad
1780 2848 2157 2918 certamina
2195 2846 2475 2937 juvenis
2518 2848 2724 2937 (nam

187 2956 275 3004 ne
338 2936 408 3005 in
457 2938 811 3008 tormentis
858 2938 1137 3026 quidem
1203 2938 1443 3009 frontis
1489 2937 1844 3024 animique
1919 2936 2244 3007 laetitiam
2308 2934 2719 3024 reliquerat,

184 3045 419 3093 verum
457 3026 799 3117 supplicia
835 3028 1039 3097 etiam
1092 3029 1241 3118 ipsa
1281 3026 1639 3112 irridebat)
1677 3025 2095 3096 celebratum
2132 3024 2302 3094 illud
2352 3039 2416 3094 et
2466 3045 2725 3095 memo-

184 3113 404 3182 rabile
449 3113 703 3185 dixisse
750 3115 982 3196 fertur,
1021 3120 1232 3186 Omen
1283 3115 1456 3185 illud
1506 3115 1637 3186 sibi
1685 3114 1957 3216 placere
2004 3113 2187 3202 quod
2238 3113 2607 3184 sublimem
2654 3134 2727 3184 se

182 3201 620 3301 perspiceret,
675 3203 829 3273 illos
873 3218 1109 3274 contra
1156 3205 1456 3294 abjectos
1503 3203 1839 3292 humique
1885 3203 2268 3294 depressos.
2326 3201 2724 3289 Usqueadeo

184 3310 505 3378 superior
550 3290 636 3360 iis
702 3306 890 3373 erat,
942 3315 979 3362 a
1029 3293 1283 3379 quibus
1346 3291 1749 3373 tenebatur,
1816 3292 2122 3380 adeoque
2167 3315 2205 3361 a
2255 3291 2613 3362 doloribus
2659 3303 2729 3361 et

184 3375 520 3448 molestiis
566 3393 890 3462 remotus,
938 3403 1069 3451 non
1105 3381 1301 3451 aliter
1344 3381 1486 3450 acsi
1520 3380 1765 3452 alienis
1800 3380 2517 3470 periculisinteresset,
2556 3401 2732 3469 sup-

183 3465 613 3557 pliciumque
657 3489 861 3538 suum
896 3490 1244 3560 pompam,
1282 3491 1417 3539 non
1451 3468 1935 3543 calamitatem.
1969 3469 2408 3538 existimaret.
2455 3473 2533 3536 Et
2562 3467 2726 3569 qui-

183 3553 343 3624 dem
392 3555 505 3623 cui
555 3576 686 3625 non
742 3557 906 3627 haec
954 3558 1222 3628 virtutis
1272 3558 1685 3649 praestantia
1720 3555 2123 3646 religionem
2169 3569 2236 3626 et
2269 3569 2719 3625 reverentiam

184 3642 553 3732 injecisset,
608 3646 809 3714 etiam
850 3646 1172 3716 mediocri
1206 3646 1479 3715 lenitate
1511 3658 1714 3732 atque
1746 3644 2175 3715 humanitate
2205 3644 2726 3734 praeditorum?

188 3731 316 3800 Sed
367 3731 504 3804 illis
553 3733 681 3803 hoc
731 3749 864 3803 non
900 3734 1092 3804 licuit
1138 3757 1259 3826 per
1304 3734 1692 3825 tyrannidis
1724 3734 2092 3814 turbinem,
2148 3737 2247 3802 Im
2304 3733 2727 3820 eratorisque

184 3819 656 3911 cupiditatem,
702 3833 849 3892 tum
898 3845 937 3892 a
987 3823 1285 3914 populiS,
1334 3837 1479 3892 tum
1513 3821 1599 3892 ab
1638 3820 1930 3892 urbibus
1976 3835 2041 3891 et
2084 3842 2242 3911 prae
2269 3822 2437 3892 ectis
2485 3820 2734 3891 crude-

190 3908 446 3979 litatem
495 3912 945 4003 exposcentis,
997 3911 1265 3982 etiamsi
1316 3910 1659 4001 plerisque
1706 3931 1908 3981 secus
1956 3909 2342 3992 videretur,
2398 3910 2728 4001 maligni-

191 3999 348 4069 tatis
395 3998 586 4070 illius
632 4012 697 4070 et
745 4000 1207 4092 perversitatis
1252 4021 1583 4070 arcanum
1635 3998 2143 4091 ignorantibus.

275 4089 450 4174 §a
516 4094 696 4160 Haec
769 4090 1013 4160 firmus
1089 4109 1296 4160 senex
1360 4088 1816 4159 admirandus
1888 4100 1955 4159 et
2023 4098 2348 4160 constans
2397 4085 2727 4179 pertulit,

191 4186 270 4244 ut
335 4196 419 4245 ne
468 4198 833 4249 nummum
901 4200 1121 4248 unum
1193 4200 1482 4250 aureum
1560 4175 1932 4247 tortoribus
1996 4177 2145 4247 suis
2206 4175 2587 4268 projiceret.
2643 4180 2739 4245 Ex

189 4283 329 4351 quo
400 4267 765 4358 perspicue
828 4266 1120 4369 intelligi
1195 4279 1456 4359 potest,
1537 4287 1697 4335 eum
1771 4265 2038 4357 pietatis
2098 4267 2307 4336 causa
2382 4263 2737 4364 cruciatus

194 4351 539 4426 tolerasse.
592 4361 758 4427 Nam
805 4356 1146 4445 quamdiu
1191 4355 1534 4426 Arethusii
1560 4355 1619 4438 *,
1658 4354 2015 4426 aestimato
2043 4354 2259 4425 eversi
2298 4352 2443 4424 fani
2484 4364 2731 4445 pretio,

244 4479 271 4508 ⁶¹
299 4479 661 4524 Arethuslomm
678 4483 795 4525 urb·
813 4483 866 4525 tn
886 4484 1023 4534 Syria.
1039 4483 1151 4526 fuit.
