3327 4999
669 370 795 435 1132
1487 385 1564 429 nn
1613 385 1668 430 s.
1724 384 2033 431 cnecomo
2083 382 2242 430 rArA
2736 365 2987 430 MART.
3049 365 3129 430 ⁴2

580 491 617 535 «
654 467 998 558 Scriptum
1047 477 1188 536 est:
1229 466 1532 536 Christus
1585 487 1941 555 resurqens
1989 489 2031 534 a
2078 465 2378 544 mortuis,
2412 465 2566 554 jam
2620 487 2749 532 non
2806 465 3121 543 moritur,

576 580 754 626 mors
801 558 916 626 illi
967 558 1157 624 ultra
1204 577 1332 623 non
1380 554 1833 622 dominabitur
1890 554 2106 643 (Rom.
2161 554 2276 642 vi).
2316 553 2384 622 Si
2431 552 2596 639 quid
2648 573 2810 642 ergo
2858 552 2927 620 in
2973 554 3128 643 ejus

579 667 864 735 corpore
912 656 1064 735 post.
1109 643 1679 712 recurrentionem
1788 644 1961 713 otuit
2007 641 2386 723 immutari,
2450 655 2689 710 contra
2744 641 3128 713 veridicam

576 733 771 804 Pauli
805 732 1239 812 sententiam,
1279 732 1613 801 Dominus
1645 753 1717 800 re
1772 731 1847 800 iit
1881 732 1950 800 in
2000 745 2288 801 mortem
2327 743 2479 822 post
2520 731 3122 800 resurrectionem.

579 823 772 906 Quod
822 823 980 909 quis
1026 821 1253 890 dicere
1300 821 1403 889 vel
1453 821 1709 889 stultus
1757 831 2203 910 praesumat,
2259 820 2391 889 nisi
2440 820 2561 905 qui
2612 842 2839 888 veram
2890 821 3130 892 carnis

578 912 730 1003 ejus
753 911 1323 981 resurrectionem
1367 913 1642 1000 negati»
1676 915 1863 978 Tunc
1905 909 2282 1000 Eutychius
2312 908 2582 998 objecit,
2620 908 2881 978 dicens:
2911 914 3129 978 «Cum

578 1000 913 1091 scriptum
967 1000 1075 1081 sit,
1131 1004 1297 1068 Caro
1336 1011 1402 1068 et
1447 997 1733 1089 sanguis
1782 1021 2075 1091 regnum
2125 999 2241 1067 Dei
2288 1019 2425 1066 non
2479 997 2954 1087 possidebunt,
2988 1020 3134 1085 qua

576 1089 842 1159 ratione
889 1088 1306 1159 credendum
1359 1101 1462 1158 est
1509 1109 1866 1179 resurgere
1914 1087 2243 1157 veraciter
2290 1089 2662 1156 carnem?›>
2698 1087 2819 1155 Cui
2872 1091 3128 1178 Grego-

577 1178 725 1248 rius
774 1177 1326 1269 respondit:«1n
1378 1198 1570 1247 sacro
1618 1177 1890 1263 eloquio
1937 1177 2135 1246 aliter
2173 1197 2331 1245 earo
2380 1175 2634 1244 dicitur
2671 1176 2871 1265 juxta
2924 1191 3128 1245 natu-

577 1290 726 1338 ram
759 1324 802 1350 ,x
838 1266 1284 1354 atquealiter
1320 1266 1517 1357 juxta
1562 1266 1844 1357 culpam
1892 1265 1994 1334 vel
2045 1265 2583 1356 corruptionem.
2647 1270 2813 1334 Caro
2862 1264 3129 1355 quippe

576 1357 833 1426 dicitur
868 1357 1067 1446 juxta
1115 1369 1458 1435 naturam,
1512 1355 1691 1424 sicut
1740 1354 2077 1445 scriptum
2118 1368 2257 1423 est:
2294 1359 2432 1422 Hoc
2458 1377 2633 1422 nunc
2658 1377 2728 1423 os
2755 1378 2846 1423 θα)
2871 1355 3129 1424 ossibus

575 1448 763 1525 meix,
812 1455 873 1513 et
924 1469 1078 1514 caro
1119 1445 1197 1513 de
1245 1468 1444 1514 carne
1497 1467 1647 1513 mea
1693 1444 1882 1532 (Gen.
1918 1442 1992 1532 1).
2032 1449 2145 1511 Et:
2197 1445 2472 1512 Verbum
2503 1466 2658 1511 caro
2704 1446 2961 1530 sactmn
2994 1453 3116 1520 est,

579 1546 641 1603 et
674 1535 1003 1603 habitavit
1036 1536 1104 1602 in
1133 1535 1336 1602 nobis.
1374 1537 1539 1602 Caro
1587 1555 1744 1601 vero
1783 1533 1980 1621 juxta
2029 1532 2334 1621 culpam,
2373 1532 2552 1600 sicut
2600 1533 2941 1622 scriptum
2990 1544 3121 1601 est:

579 1629 724 1692 Non
771 1624 1185 1712 permanebit
1239 1624 1310 1691 in
1363 1622 1737 1690 hominibus
1792 1623 1936 1689 istis
1991 1623 2271 1709 spiritus
2327 1644 2511 1690 meus
2542 1675 2557 1702 ‚
2609 1644 2682 1690 eo
2741 1622 2921 1712 quod
2965 1632 3130 1689 sunt

581 1730 736 1780 caro
781 1711 970 1800 (Gen.
1025 1710 1140 1798 vr).
1196 1716 1272 1779 Et
1319 1710 1500 1779 sicut
1543 1709 1906 1781 Psalmista
1960 1709 2095 1778 ait:
2149 1716 2549 1779 Memoratus
2598 1720 2715 1786 est,
2757 1713 2925 1801 quia
2970 1734 3135 1779 caro

578 1810 770 1880 sunt,
821 1824 853 1868 s
901 1802 1101 1868 ¹&ritus
1153 1801 1400 1868 vadens
1456 1810 1517 1867 et
1568 1823 1697 1868 non
1747 1800 2007 1867 rediens
2051 1799 2286 1889 (Psal.
2343 1799 2481 1888 77).
2572 1799 2757 1868 Unde
2805 1809 2870 1868 et
2919 1799 3137 1868 disci-

555 1888 772 1980 pulis
869 1887 1074 1957 aulus
1123 1887 1437 1956 dicebat:
1501 1893 1617 1956 Vos
1655 1898 1881 1956 autem
1924 1890 1996 1956 in
2049 1912 2248 1957 carne
2295 1912 2424 1957 non
2474 1890 2650 1967 excisi.
2712 1888 2829 1956 sed
2877 1890 2947 1957 in
3000 1891 3141 1980 spi·

577 1979 743 2047 ritu.
783 1983 1012 2064 Neque
1049 1976 1234 2044 enim
1283 1977 1354 2044 in
1404 1998 1610 2044 carne
1659 1998 1796 2045 non
1847 1989 2063 2057 erant,
2100 1977 2358 2064 quibus
2396 1977 2722 2067 epistolas
2772 1979 3140 2046 transmit-

582 2068 786 2136 tebat.
843 2065 968 2134 Sed
1009 2066 1173 2152 quia
1223 2066 1574 2156 passiones
1623 2065 2008 2135 carnalium
2059 2065 2556 2135 desideriorum
2608 2066 2945 2147 vicerant,
2976 2066 3145 2157 jam

580 2155 779 2224 liberi
814 2178 936 2245 per
965 2154 1282 2242 virtutem
1319 2154 1625 2244 spiritus,
1663 2155 1734 2223 in
1770 2177 1975 2224 carne
2011 2177 2147 2224 non
2180 2168 2397 2223 erant.
2435 2154 2628 2236 Quod
2669 2176 2831 2245 ergo
2866 2156 3140 2225 Paulus

580 2245 943 2333 Apostolus
991 2243 1192 2324 dicit,
1248 2246 1420 2326 Quia
1472 2267 1626 2312 caro
1678 2254 1740 2313 et
1785 2246 2064 2333 sanquis
2110 2267 2395 2334 reqnum
2447 2247 2572 2312 Dei
2611 2245 2947 2334 possidere
2997 2269 3147 2314 non

577 2344 850 2424 possunt
895 2333 956 2423 (Ι
1008 2338 1151 2403 Cor.
1205 2333 1334 2421 xv):
1390 2353 1670 2401 carnem
1720 2332 2106 2401 secundum
2173 2332 2450 2422 culpam
2519 2332 2809 2423 intelligi
2878 2331 3137 2415 voluit,

583 2443 723 2491 non
773 2443 1050 2490 earnem
1093 2420 1477 2490 secundum
1529 2430 1873 2488 naturam.
1917 2420 2107 2489 Unde
2155 2434 2220 2490 et
2268 2444 2447 2502 mox,
2500 2422 2664 2509 quia
2711 2443 2988 2491 carnem
3030 2445 3153 2493 se-

584 2510 896 2580 cundum
945 2511 1224 2602 culpam
1274 2510 1550 2587 diceret,
1609 2509 1908 2579 ostendit
1954 2511 2311 2580 subdens:
2365 2516 2589 2602 Neque
2635 2514 2973 2601 corruptio
3034 2515 3151 2582 in-

580 2604 1032 2691 corruptelam
1082 2599 1459 2689 possidebit.
1533 2604 1608 2666 In
1676 2598 1794 2667 illa
1858 2621 2020 2690 ergo
2085 2599 2395 2668 coelestis
2455 2599 2648 2689 regni
2696 2600 2917 2690 gloria
2966 2623 3151 2671 caro

580 2689 964 2759 secundum
1019 2700 1335 2756 naturam
1388 2686 1537 2766 erit,
1595 2686 1714 2755 sed
1757 2688 2141 2758 secundum
2190 2688 2702 2777 corruptionem
2762 2689 2867 2759 vel
2918 2690 3151 2761 etiam

579 2777 924 2868 passionis
973 2776 1314 2845 desideria
1363 2798 1496 2845 non
1546 2776 1697 2844 erit.
1760 2778 1933 2859 Quia
1982 2777 2243 2847 devicto
2295 2777 2534 2846 mortis
2573 2777 2838 2859 aculeo,
2895 2779 2967 2847 in
3026 2802 3153 2850 ae-

578 2878 773 2936 terna
819 2865 1335 2955 incorruptione
1366 2865 1701 2955 regnabit.
1752 2893 1775 2929 υ
1813 2866 2081 2948 Quibus
2111 2866 2389 2947 audit'iS,
2427 2867 2805 2955 Eutychius
2840 2889 3150 2938 cousen-

580 2955 709 3025 tire
755 2976 826 3022 se
876 2954 1192 3043 protinus
1242 2953 1634 3044 respondit,
1692 2954 1809 3023 sed
1871 2967 2099 3023 tamen
2164 2955 2394 3024 adhuc
2460 2977 2712 3046 corpus
2780 2956 3153 3046 palpabile

579 3064 939 3132 resurgere
986 3065 1184 3133 posse
1231 3043 1635 3133 denegabat.
1691 3043 1821 3126 Qui
1868 3043 2073 3113 etiam
2124 3043 2194 3113 in
2259 3043 2514 3124 libano,
2570 3066 2775 3131 quem
2829 3046 3149 3137 scripse-

579 3143 733 3212 rat,
792 3131 983 3200 Pauli
1033 3153 1306 3219 quoque
1354 3132 1822 3201 testimonium
1876 3132 2242 3211 indiderat,
2298 3132 2638 3203 dicentis:
2700 3156 2736 3201 «
2796 3140 2898 3204 Tu
2943 3135 3147 3223 quod

579 3220 906 3301 seminaS,
962 3243 1097 3290 non
1150 3220 1555 3302 vivificatur,
1610 3221 1745 3290 nisi
1796 3221 1990 3312 prius
2040 3222 2397 3291 moriatur.
2451 3227 2529 3290 Et
2575 3223 2740 3309 quia
2790 3245 2927 3292 non
2983 3247 3155 3294 cor-

579 3332 736 3401 puS‚
790 3309 971 3396 quod
1023 3309 1332 3378 futurum
1384 3323 1507 3390 est,
1563 3310 1888 3392 seminas,
1935 3310 2053 3380 sed
2095 3310 2363 3380 nudum
2401 3333 2789 3401 granum.»
2840 3317 2986 3382 Hoc
3030 3314 3155 3383 ni-

580 3398 838 3467 mirum
873 3398 1229 3468 ostendere
1262 3397 1627 3479 festinans,
1663 3399 1830 3485 quia
1876 3422 2034 3469 caro
2082 3400 2183 3468 vel
2236 3400 2628 3491 palpabilis,
2670 3402 2769 3470 vel
2809 3402 2961 3491 ipsa
2998 3425 3155 3473 non

576 3487 731 3557 erit.
771 3492 942 3557 Dum
997 3499 1278 3557 sanctus
1326 3488 1687 3577 Apostolus
1735 3488 1819 3556 de
1868 3489 2392 3558 resurrectionis
2441 3511 2654 3579 agens
2702 3490 2949 3581 gloria,
2998 3513 3161 3562 uon

577 3597 835 3667 corpus
882 3576 1067 3663 quod
1117 3575 1429 3646 futurum
1478 3590 1600 3656 est,
1654 3577 1982 3646 seminari
2030 3577 2297 3658 dixerit,
2339 3577 2457 3647 sed
2496 3578 2764 3647 nudum
2801 3602 3155 3667 granum.

582 3665 711 3734 Sed
760 3664 845 3734 ad
896 3665 1064 3735 haec
1112 3665 1319 3735 citius
1368 3664 1735 3734 Grecrorius
1785 3667 2172 3757 respondit:
2225 3689 2262 3734 «
2310 3667 2567 3737 Paulus
2613 3668 2984 3758 Apostolus
3032 3667 3163 3740 di-

580 3775 746 3823 cens
782 3810 796 3835 ,
848 3759 993 3824 Non
1046 3777 1305 3845 corpu&
1357 3721 1539 3844 qum}
1585 3757 1896 3844 futurum
1945 3767 2062 3836 est,
2118 3758 2430 3835 semina&
2493 3757 2610 3825 sed
2662 3759 2925 3827 nudum
2979 3783 3166 3849 qra-

577 3866 767 3924 num,
825 3842 953 3912 hoc
1002 3842 1332 3923 insinuat,
1385 3843 1569 3929 quod
1621 3843 1959 3914 videmus:
2024 3844 2188 3931 quia
2236 3844 2552 3914 videlicet
2618 3868 2924 3936 granum
2977 3870 3165 3917 cum

578 3932 813 4000 culmo
861 3944 926 4001 et
973 3930 1154 4003 soliis
1205 3931 1534 4013 nascitur,
1587 3933 1768 4018 quod
1807 3933 1957 4002 sine
1992 3933 2224 4003 culmo
2254 3947 2318 4002 et
2348 3933 2529 4005 foliis
2564 3935 2979 4005 seminatur.
3018 3937 3171 4009 nte

580 4020 811 4107 itaque
860 4020 930 4088 in
981 4033 1352 4111 augmento
1400 4021 1657 4111 gloriae
1705 4022 2227 4091 resurrectionis
2276 4044 2411 4092 non
2462 4023 2633 4092 dixit
2671 4047 2889 4113 grano
2932 4026 3173 4097 serni-

580 4110 693 4178 nis
725 4109 960 4179 deesse
1007 4110 1193 4196 quod
1241 4118 1408 4192 erat,
1450 4111 1567 4181 sed
1619 4110 1859 4182 adesse
1897 4110 2080 4199 quod
2131 4133 2267 4180 non
2317 4124 2481 4181 erat.
2537 4118 2635 4181 Tu
2682 4127 2914 4183 autem
2965 4114 3171 4186 dum

580 4219 820 4268 verum
870 4221 1124 4288 corpus
1174 4221 1529 4291 resurgere
1577 4199 1899 4292 denegas,
1949 4223 2382 4288 nequaquam
2420 4200 2596 4272 dicis
2644 4201 2887 4272 adesse
2949 4205 3174 4290 quod

582 4286 857 4369 deerat,
915 4288 1034 4359 sed
1083 4288 1320 4360 deesse
1366 4289 1550 4375 quod
1600 4301 1767 4358 erat.
1831 4316 1854 4352 a

670 4378 706 4464 ξ
769 4380 911 4449 15.
967 4383 1156 4447 Tunc
1204 4378 1432 4465 itaque
1482 4378 1850 4467 Gregorius
1878 4389 1943 4448 et
1992 4378 2391 4468 Eutychius,
2439 4378 2567 4448 hac
2593 4379 2678 4448 de
2718 4400 2789 4449 re
2820 4379 2893 4447 in
2926 4379 3174 4473 longa

579 4465 1012 4537 contentione
1049 4466 1387 4557 perducti,
1440 4466 1850 4559 gravissima
1894 4479 2268 4559 coeperunt
2314 4468 2400 4537 ad
2435 4468 2727 4538 invicem
2777 4467 3170 4543 simultate
