3327 4999
214 310 468 375 MART.
533 309 620 375 29
1095 328 1175 374 nn
1223 328 1276 375 s.
1331 326 1638 377 Ensnsm
1687 327 1927 374 Annus
1972 274 1975 277 Ι
2567 316 2695 380 555

215 412 304 481 ad
357 411 840 501 supradictum
919 413 1328 481 coenobium
1366 467 1381 493 ,
1455 413 1687 498 ibique
1735 424 1871 481 tam
1949 410 2191 483 fratres
2237 414 2526 484 interius
2569 438 2781 503 quam

215 501 490 570 vicinos
539 500 834 591 populos
882 501 967 569 ad
1020 501 1485 570 Christianum
1526 502 1824 590 vigorem
1859 502 2152 569 excitare
2187 502 2435 583 studet,
2490 503 2784 574 multos-

214 611 354 675 que
403 611 644 659 eorum
696 589 781 658 ad
849 590 1307 679 poenitentiae
1378 589 1879 658 medicamenta
1952 592 2298 678 pertraxit.
2353 592 2505 660 Fuit
2552 606 2784 664 autem

127 732 138 740 .
213 677 348 747 hoc
401 677 506 746 illi
556 676 809 758 studio,
854 690 928 746 ut
960 678 1213 747 multos
1262 680 1387 747 sua
1423 676 1749 746 facundia
1783 677 2127 747 erudiret:
2171 691 2236 749 et
2285 680 2561 764 quidem
2597 703 2786 751 com·

213 764 462 855 plures
509 787 588 834 ex
636 766 735 834 eis
794 777 1022 855 postea
1073 766 1520 834 ecclesiarum
1605 766 1957 855 praesules
2006 767 2420 835 extiterunt:
2477 768 2786 855 chagno-

210 854 425 922 aldus
462 854 807 943 Lugduni,
847 854 1178 922 Acharius
1231 854 1803 923 viromandorum
1853 865 1917 922 et
1966 855 2438 923 Noviomensis
2487 877 2565 923 ac
2616 863 2779 926 Tor-

212 941 548 1011 nacensis
595 943 988 1042 episcopus,
1043 942 1560 1012 Rachnacarius
1608 941 2092 1042 Augustoduni
2136 955 2203 1012 et
2254 942 2589 1024 Basileae,
2656 950 2787 1014 Au-

209 1029 552 1100 demarus
600 1036 942 1099 Bononiae
974 1043 1039 1099 et
1088 1030 1540 1101 Taraonensis
1581 1031 1846 1120 oppidi.

305 1122 343 1205 §
391 1123 474 1189 θ.
531 1124 839 1204 Cumque
877 1119 1022 1207 jam
1075 1120 1444 1188 haberetur
1513 1120 1840 1188 omnibus
1901 1129 2139 1208 gratus
2201 1124 2271 1188 B.
2328 1121 2775 1200 Eustachius,

214 1205 313 1276 ita
354 1219 434 1276 ut
486 1206 726 1275 nullus
775 1229 848 1275 se
896 1208 1169 1276 beatum
1243 1207 1747 1276 Columbanum
1819 1206 2202 1295 perdidisse
2250 1221 2591 1296 gemeret,
2660 1210 2784 1294 qui

206 1295 369 1386 ejus
418 1295 756 1364 doctrinis
803 1295 1117 1364 imbutus
1167 1295 1429 1374 fuisset,
1490 1295 1890 1384 praesertim
1940 1317 2100 1363 cum
2151 1309 2510 1365 cernerent
2559 1297 2628 1365 in
2679 1298 2783 1366 di-

210 1384 495 1473 scipulo
546 1383 861 1471 magistri
916 1383 1231 1452 instituta
1281 1406 1600 1452 manere:
1654 1405 1813 1451 cum
1848 1437 1862 1463 ,
1934 1383 2258 1468 inquam,
2318 1384 2403 1453 iis
2450 1385 2780 1456 omnibus

206 1472 475 1540 charus
523 1484 701 1540 esset
746 1484 812 1539 et
868 1472 1179 1540 omnium
1253 1494 1527 1558 quoque
1585 1470 1913 1541 Franciae
1977 1473 2337 1561 procerum
2417 1473 2646 1542 studio
2715 1487 2783 1544 et

208 1561 481 1629 honore
532 1558 912 1640 fulciretur,
967 1575 1172 1646 atque
1221 1560 1495 1629 Clotarii
1531 1561 1711 1649 regis
1751 1580 1986 1629 amore
2031 1571 2096 1628 et
2145 1562 2578 1629 veneratione
2625 1561 2777 1630 elu-

207 1650 423 1722 ceret.
462 1648 715 1716 exarsit
765 1670 954 1716 more
995 1670 1119 1717 suo
1172 1648 1424 1718 lividus
1472 1648 1806 1717 adversus
1866 1662 2261 1717 sanctorum
2316 1648 2570 1717 famam
2621 1650 2781 1718 che-

208 1736 490 1825 lydrus
546 1737 928 1821 excitatque
961 1757 998 1804 e
1046 1736 1319 1807 sinibus
1373 1738 1608 1805 matris
1642 1758 1896 1804 novum
1942 1737 2101 1805 Cain
2152 1736 2272 1821 qui
2308 1735 2584 1805 fratrem
2624 1738 2782 1807 velit

135 1878 154 1893 .
208 1825 356 1893 zelo
407 1824 848 1912 extinguere:
890 1824 989 1892 vel
1039 1825 1242 1893 etiam
1284 1846 1534 1893 novum
1580 1825 2021 1911 proditorem,
2062 1825 2182 1909 qui
2237 1825 2545 1913 magistri
2596 1826 2780 1895 dicta

211 1913 568 1982 scinderet
614 1925 677 1981 et
725 1912 1115 1982 collidendo
1182 1912 1402 1981 solida
1434 1968 1449 1992 ,
1504 1913 1586 1981 ad
1642 1912 1919 2001 fragiles
1974 1913 2330 1980 turbarum
2383 1935 2591 1981 auras
2643 1913 2781 1983 fra-

209 2001 426 2090 gilem
485 2014 780 2070 mentem
857 2001 1427 2069 accommodaret.
1485 2001 1742 2068 Excitat
1792 2022 2011 2067 unum
2061 2021 2099 2069 e
2166 2000 2512 2080 subditis,
2570 2007 2774 2091 Agre-

209 2089 435 2157 stium
486 2090 766 2158 nomine
813 2090 934 2175 qui
995 2090 1348 2175 quondam
1405 2088 1806 2157 Theodorici
1855 2088 2036 2175 regis
2086 2089 2395 2157 notarius
2445 2087 2666 2157 fuerat
2714 2104 2781 2159 et

206 2176 524 2263 quadam
573 2178 801 2246 cordis
877 2178 1411 2266 compunctione
1481 2189 1724 2254 tactus,
1780 2176 2015 2245 omnia
2090 2198 2267 2262 quae
2316 2177 2767 2265 possederat,

209 2265 622 2351 relinquens
661 2279 726 2334 et
765 2264 848 2333 ad
896 2266 1269 2334 Luxovium
1320 2264 1623 2345 veniens,
1680 2287 1751 2333 se
1797 2275 1861 2332 et
1910 2285 2035 2332 sua
2081 2266 2316 2332 omnia
2375 2264 2776 2353 supradicto

211 2354 395 2443 patri
464 2354 858 2422 tradiderat.
917 2359 980 2421 Is
1026 2375 1189 2442 ergo
1224 2408 1239 2432 ,
1295 2353 1650 2443 religionis
1725 2352 2021 2439 speciem
2074 2352 2141 2419 in
2198 2354 2611 2423 monasterio
2661 2378 2779 2443 ge-

214 2454 436 2521 stans,
476 2453 628 2532 post
676 2440 1024 2511 licentiam
1078 2441 1400 2532 postulat,
1456 2452 1531 2511 ut
1578 2441 1887 2531 gentium
1943 2461 2091 2510 esse
2153 2441 2583 2531 praedicator
2679 2464 2781 2511 er-

213 2533 628 2600 mitteretur.
682 2537 759 2599 At
809 2531 909 2598 vir
940 2544 1220 2600 sanctus
1267 2531 1465 2599 illum
1500 2530 1622 2597 diu
1660 2530 2041 2683 objurgans
2076 2529 2406 2618 increpat,
2444 2531 2537 2598 ait
2577 2530 2624 2597 il
2658 2552 2777 2599 um

215 2642 287 2689 se
336 2640 476 2687 non
524 2620 772 2689 debere
818 2619 900 2688 ad
943 2620 1073 2689 tale
1119 2641 1297 2708 opus
1345 2619 1671 2687 idoneum
1727 2617 1826 2685 vel
1917 2616 2180 2702 ignum,
2220 2619 2480 2706 quippe
2523 2618 2766 2686 rudem

214 2707 450 2777 adhuc
516 2709 580 2777 in
644 2707 1001 2798 religione,
1057 2720 1347 2796 putare:
1415 2706 1744 2776 omnibus
1820 2703 2303 2774 ecclesiasticis
2351 2707 2780 2776 ornamenfis

215 2795 617 2865 decoratum
651 2818 800 2865 esse
848 2809 1157 2886 oportere
1205 2796 1322 2882 qui
1357 2794 1442 2863 ad
1497 2807 1761 2863 tantum
1814 2815 1991 2882 opus
2027 2794 2191 2862 sati's
2240 2806 2445 2882 aptus
2493 2816 2779 2863 censea-

215 2896 330 2952 tur
375 2886 432 2951 *.
486 2889 988 2954 Commemorat
1034 2884 1094 2952 ei
1141 2885 1514 2954 Jeremiam
1560 2884 1682 2969 qui
1724 2881 1878 2950 licet
1916 2882 2186 2950 Domini
2234 2882 2563 2951 electione
2606 2882 2778 2951 mis-

217 2994 362 3051 sus,
401 2984 629 3040 tamen
673 2993 743 3040 se
791 2971 1086 3071 dignum
1137 2972 1504 3060 negaverit,
1558 2971 1836 3039 dicens:
1874 2975 1943 3050 Α,
1998 2992 2060 3050 a,
2116 2992 2177 3050 a,
2236 2971 2517 3039 Domine
2571 2975 2772 3050 DeuS,

214 3080 373 3127 ecce
423 3060 651 3128 nescio
702 3059 890 3145 loqu1
954 3060 1118 3145 quia
1169 3082 1340 3148 puer
1394 3081 1521 3148 ego
1569 3081 1753 3128 sum.
1824 3063 2092 3144 Moysen
2144 3080 2419 3145 quoque.
2496 3059 2783 3127 adducit

214 3146 512 3215 electum
563 3170 604 3214 a
659 3147 964 3226 Domino,
1021 3159 1085 3215 et
1120 3160 1344 3216 tamen
1398 3148 1679 3237 linguae
1726 3158 2129 3216 causantem
2184 3147 2599 3216 tarditatem.
2649 3146 2779 3215 Sed

215 3255 379 3332 cum
419 3235 525 3304 his
559 3234 943 3304 rationibus
992 3235 1165 3303 nihil
1209 3236 1570 3324 proficeret
1615 3257 1824 3321 quem
1868 3248 2097 3303 tenere
2143 3257 2278 3303 non
2333 3235 2530 3314 valet,
2585 3235 2781 3304 abire

219 3333 410 3389 smlt.

307 3410 344 3492 ξ
392 3412 472 3478 S.
527 3408 656 3490 Qui
709 3409 830 3478 ubi
878 3409 964 3477 ad
1027 3408 1377 3498 Bajoarios
1437 3410 1782 3499 pervenit,
1849 3409 1945 3478 ibi
2000 3407 2364 3497 paululum
2421 3421 2729 3478 moratus
2762 3464 2777 3490 ,

215 3495 495 3564 nullum
532 3496 831 3566 fructum
885 3496 1152 3567 attulit:
1210 3499 1326 3568 sed
1377 3497 1560 3567 velut
1607 3498 1745 3565 alta
1807 3497 2155 3586 platanus,
2203 3495 2484 3585 garrula
2546 3498 2786 3566 verbo-

215 3606 372 3653 rum
413 3585 573 3653 folia
622 3586 951 3655 tremulas
1003 3586 1321 3671 quatiens
1382 3586 1467 3654 ad
1520 3607 1751 3665 auras,
1815 3584 2081 3653 fructus
2145 3584 2415 3672 copiam
2467 3585 2781 3656 nescivit.

217 3673 477 3742 Deinde
526 3673 902 3762 Aquilejam
958 3675 1443 3763 proficiscitur.
1498 3678 1704 3742 Porro
1770 3673 2238 3762 Aquileienses
2290 3686 2434 3740 tum
2486 3673 2789 3743 descive-

217 3773 375 3829 rant
407 3785 445 3830 a
481 3762 972 3831 communione
1003 3763 1186 3832 sedis
1226 3761 1674 3852 Apostolicae;
1706 3760 2135 3830 desciverant
2164 3771 2391 3828 autem
2446 3762 2534 3830 ob
2573 3762 2781 3831 trium

218 3850 682 3939 capitulorum
734 3849 1260 3932 dissensionem,
1317 3850 1502 3919 unde
1550 3848 1940 3918 discordiae
1992 3848 2418 3916 incrementa
2450 3849 2785 3918 diuturna

217 3951 591 4008 manarunt
636 3938 727 4006 μ.
783 3937 1075 4008 Veniens
1133 3938 1344 4028 igitur
1392 3937 1743 4026 Agrestius
1789 3935 2199 4022 Aquilejam,
2254 3936 2487 4006 socius
2554 3938 2787 4006 statim

218 4026 611 4097 schismatis
656 4027 961 4105 effectuS,
1017 4049 1058 4096 a
1106 4033 1453 4096 Romanae
1502 4025 1699 4095 Sedis
1745 4023 2242 4093 communione
2300 4025 2659 4114 sejunctus
2706 4045 2786 4093 ac

223 4128 579 4203 separatus
618 4127 740 4195 est,
820 4115 1027 4185 totius
1076 4116 1265 4184 orbis
1316 4114 1908 4192 communionem,
1961 4113 2386 4199 quicumque
2440 4118 2791 4183 Romanae

227 4203 385 4270 sedi
422 4204 909 4294 jungerentur,
964 4204 1351 4282 damnans,
1405 4203 1475 4272 in
1527 4202 1675 4272 sola
1720 4200 2031 4290 AquileJa
2078 4200 2526 4271 orthodoxam
2578 4199 2786 4270 fidem

271 4363 299 4390 ¹·
328 4364 499 4405 Nullus
522 4366 613 4404 ulei
636 4366 846 4415 legitime
866 4365 1042 4406 missus
1063 4366 1427 4415 praedicationis
1446 4365 1655 4405 officium
1678 4364 1924 4412 suscipere
1946 4363 2230 4412 praesumat.

270 4415 327 4443 ⁰⁰
355 4420 421 4460 De
443 4418 700 4459 schismate
719 4419 875 4460 Trium
895 4421 1200 4472 capitulorum
1220 4421 1402 4469 egimus
1419 4420 1471 4459 tn
1490 4419 1613 4459 Not·
1632 4418 1692 4458 ad
1710 4418 1869 4458 Vitam
1891 4417 1934 4457 S.
1956 4417 2173 4467 Gregorii
2190 4416 2364 4466 ungat,
2384 4425 2453 4457 xit
2472 4415 2572 4463 hm.
