3327 4999
239 346 489 412 MART.
542 346 630 411 27
971 365 1051 412 nn
1100 365 1156 411 s,
1210 365 1585 412 Amul-tuno
1631 365 1845 413 mmm
1890 364 2081 412 MART.
2593 349 2722 415 525

244 442 479 513 adhuc
521 443 593 512 in
643 465 723 512 eo
771 442 1069 532 profeci:
1123 444 1302 512 dura
1348 444 1536 513 enim
1593 443 1937 532 quaedam
1969 444 2419 543 respondenS,
2471 456 2537 513 et
2592 466 2702 514 me
2747 456 2819 515 et

245 531 648 621 deos-ipsos
685 531 1114 600 contemnit:
1167 554 1470 618 cumque
1519 532 1762 601 multis
1819 532 2245 601 cruciatibus
2292 553 2451 602 eum
2504 532 2817 602 sub'ece-

247 620 408 701 rim,
463 620 638 688 nihil
683 619 824 688 illis
873 619 1105 689 laesus
1157 632 1282 688 est.
1339 620 1407 688 Si
1513 621 1689 689 lacet
1738 621 1990 710 igitur,
2044 621 2237 689 vobis
2285 620 2625 709 praesenti
2678 643 2763 690 us
2796 675 2812 701 ‚

250 708 389 776 huc
438 707 640 776 illum
704 707 1029 777 accersiri
1092 709 1399 797 jubebo:
1483 722 1744 779 ortasse
1801 708 2059 777 multos
2105 708 2465 787 reveritu8‚
2518 708 2603 780 ad
2653 707 2820 776 deos

252 796 447 886 ipsos
494 818 568 865 se
613 806 1030 865 convertet.»
1058 796 1517 865 Alexandrum
1569 796 1788 885 igitur
1832 796 2159 865 eductum
2211 817 2249 864 e
2296 815 2593 876 carcere,
2652 795 2821 864 illuc

251 884 578 954 accersiri
623 895 690 952 et
736 897 893 952 ante
940 883 1247 952 tribunal
1311 884 1463 953 sisti
1516 884 1751 973 jussit.
1807 888 1975 952 Cum
2027 883 2242 973 igitur
2286 905 2366 952 eo
2414 883 2665 952 duetus
2711 904 2821 954 es-

253 984 376 1053 set,
431 972 862 1062 Tyberianus
911 993 1071 1040 cum
1133 971 1427 1043 civitatis
1490 972 1805 1043 Praeside
1871 970 2328 1040 Alexandrum
2381 972 2479 1041 sic
2526 971 2822 1040 interro·
2876 1044 2887 1054 β

254 1061 479 1151 gavit:
526 1064 752 1149 «Age,
792 1059 1191 1141 Alexander,
1245 1082 1333 1128 an
1395 1059 1627 1128 adhuc
1677 1081 2090 1149 persuasum
2143 1080 2280 1128 non
2349 1059 2604 1139 habeS,
2656 1072 2735 1128 ut
2782 1081 2823 1128 a

256 1149 486 1240 priore
532 1149 874 1218 sententia
919 1147 1237 1218 discedas
1262 1151 1293 1215 ⁶?
1325 1151 1634 1233 Cumque
1665 1147 2035 1216 Christiani
2077 1147 2395 1217 homines
2433 1146 2555 1234 qui
2588 1147 2658 1214 in
2690 1147 2821 1215 hac

253 1238 429 1307 urbe
478 1248 662 1314 sunt,
704 1257 947 1305 omnes
993 1235 1129 1304 diis
1177 1236 1591 1317 sacrificent,
1649 1248 1814 1304 tune
1862 1235 2055 1305 solus
2103 1235 2303 1304 nobis
2352 1256 2705 1325 repugnas
2758 1249 2826 1303 et

258 1326 426 1394 deos
473 1324 912 1394 contemnis?
956 1327 1091 1414 Age
1138 1323 1382 1393 saltem
1430 1346 1617 1394 nunc
1659 1345 1933 1393 mecum
1984 1344 2127 1391 una
2174 1335 2239 1392 et
2286 1344 2446 1391 cum
2505 1322 2825 1392 Praeside

256 1413 596 1502 templum
643 1412 1027 1501 ingredere,
1084 1423 1147 1480 et
1212 1412 1347 1480 diis
1396 1412 1735 1481 sacrifica.
1782 1439 1812 1472 n
1866 1417 2038 1479 Tum
2086 1411 2331 1480 beatus
2392 1409 2817 1479 Alexander:

258 1523 297 1567 «
331 1506 740 1569 Excaecatae
776 1500 1025 1567 mentis
1074 1499 1303 1578 home,
1363 1498 1466 1567 fili
1513 1513 1794 1570 satanae
1842 1510 2069 1568 tecum
2121 1521 2263 1567 una
2304 1497 2605 1567 sedentis
2653 1497 2824 1585 quid

262 1611 302 1657 a
351 1610 461 1657 me
501 1589 602 1657 vis
642 1587 946 1676 amplius
995 1588 1292 1656 audire?
1330 1587 1746 1675 Saepissime
1794 1587 1918 1655 tibi
1969 1585 2135 1668 dixi,
2194 1608 2305 1655 me
2353 1586 2824 1655 Christianum

257 1697 410 1746 esse
457 1688 522 1745 et
568 1674 1028 1743 daemonibus
1075 1675 1372 1763 impuris
1421 1696 1557 1744 non
1589 1675 2003 1744 sacrificare.
2041 1680 2237 1743 Nunc
2268 1673 2482 1764 igitur
2516 1673 2627 1743 his
2674 1695 2826 1742 om-

259 1764 474 1834 nibus
522 1762 973 1837 audientibus
1020 1762 1364 1851 profiteor,
1419 1783 1530 1831 me
1577 1762 1891 1832 coelestis
1939 1763 2054 1831 Dei
2105 1761 2440 1832 cultorem
2481 1783 2654 1842 esse,
2705 1782 2827 1829 ne·
2860 1794 2875 1813 ·

263 1873 402 1939 que
453 1851 725 1920 Domini
795 1851 931 1919 mei
976 1856 1142 1919 Jesu
1205 1850 1453 1919 Christi
1511 1872 1764 1920 nomen
1825 1873 1867 1919 a
1923 1872 2033 1919 me
2075 1850 2338 1939 negari.
2411 1850 2592 1918 Scito
2650 1847 2824 1916 nihil

263 1952 618 2031 praeterea
667 1951 730 2007 te
779 1960 816 2007 a
867 1958 976 2006 me
1024 1938 1503 2007 auditurum.»
1554 1943 1736 2007 Haec
1783 1960 1941 2007 cum
1993 1937 2421 2025 Tyberianus
2475 1958 2617 2005 una
2663 1957 2826 2006 cum

263 2028 586 2098 Praeside
631 2026 1029 2102 audivisset,
1075 2025 1285 2108 jussit
1330 2025 1794 2099 Alexandrum
1845 2025 2037 2094 illinc
2102 2025 2447 2104 amoveri,
2520 2023 2761 2093 dicens
2806 2046 2820 2091 :

267 2140 304 2181 «
336 2116 666 2216 Abducite
714 2115 948 2193 istum,
1003 2112 1281 2194 militeS,
1332 2126 1399 2182 et
1445 2115 1752 2182 vinctum
1820 2134 1942 2203 per
1990 2113 2282 2204 plateam
2353 2110 2633 2181 ducite:
2703 2133 2831 2201 ego

271 2225 459 2273 enim
489 2224 608 2271 vos
658 2221 980 2286 sequar.»

357 2293 394 2377 ἓ
442 2295 585 2361 15.
642 2288 885 2357 Milites
933 2309 1095 2388 ergo
1124 2309 1283 2356 eum
1315 2287 1793 2357 abduxerunt:
1838 2310 2140 2376 cumque
2179 2287 2266 2358 ad
2308 2287 2541 2357 locum
2591 2308 2832 2375 quem-

268 2378 433 2447 dam
483 2378 852 2456 venissent,
920 2376 1041 2445 ubi
1116 2376 1505 2465 emporium
1554 2389 1749 2458 erat,
1803 2375 1989 2462 quod
2068 2376 2582 2447 Castrametatio
2642 2376 2833 2445 dice·
2884 2455 2897 2464 ‚

267 2466 499 2544 batur,
551 2488 669 2535 eos
716 2465 1137 2554 Tyberianus
1170 2476 1582 2535 consecutus
1628 2475 1767 2534 est:
1820 2464 1942 2551 qui
1989 2485 2150 2533 cum
2196 2463 2659 2533 Alexandrum
2716 2484 2834 2532 vo-

264 2568 511 2636 casset,
565 2555 631 2624 ei
677 2555 770 2623 ita
802 2553 1003 2622 dixit:
1046 2576 1081 2619 «
1118 2553 1287 2633 Scis,
1344 2551 1755 2633 Alexander,
1807 2553 2049 2620 crebro
2098 2564 2162 2621 te
2213 2551 2429 2622 fuisse
2476 2575 2515 2620 a
2566 2552 2833 2641 meipso

268 2643 730 2722 admonitum,
798 2663 1018 2727 neque
1077 2654 1306 2709 tamen
1356 2641 1492 2708 diis
1541 2641 1963 2710 sacrificium
2013 2641 2257 2708 offerre
2303 2638 2604 2710 voluisse
2625 2641 2697 2706 t‘»
2744 2678 2835 2688 —

266 2753 306 2798 «
340 2736 630 2811 Rursus,
684 2730 916 2815 inquit
970 2729 1387 2808 Alexander,
1444 2728 1544 2797 fili
1594 2740 1897 2807 satanae,
1954 2728 2058 2796 vis
2105 2750 2146 2796 a
2193 2749 2305 2796 me
2351 2726 2597 2795 audire
2643 2726 2832 2814 quod

267 2840 409 2888 non
452 2818 812 2888 sacrifico?
853 2818 1140 2906 Saepius
1171 2817 1334 2885 dixi.
1361 2838 1470 2886 me
1519 2817 1983 2887 Christianum
2034 2838 2255 2886 esse.»
2307 2821 2478 2883 Tum
2516 2815 2836 2901 Tyberia-

270 2928 408 2975 nus
454 2907 558 2976 ira
608 2906 937 2997 percitus,
983 2905 1198 2994 jussit
1242 2904 1729 2986 Alexandrum,
1762 2904 1844 2973 ad
1896 2917 2195 2991 quatuor
2244 2902 2439 2993 palos
2470 2903 2833 2993 alligatum

265 3006 333 3063 et
379 3007 763 3074 extensum,
817 3015 858 3061 a
916 3006 1214 3079 quatuor
1288 2992 1630 3062 militibus
1677 2992 1998 3061 ducentis
2074 2991 2477 3061 verberibus
2539 2989 2829 3080 pulsari.

266 3087 407 3151 Hos
437 3082 789 3151 cruciatus
836 3102 996 3149 cum
1066 3079 1550 3149 sanctissimus
1598 3079 1717 3148 ille
1787 3085 2043 3169 Martyr
2097 3079 2362 3149 sortiter
2406 3079 2830 3158 sustineret,

272 3190 510 3238 vocem
563 3169 828 3238 nullam
879 3168 1251 3248 emittebat,
1306 3167 1423 3237 sed
1473 3167 1713 3237 oculos
1756 3167 1826 3235 in
1876 3167 2148 3237 coelum
2199 3166 2284 3236 ad
2348 3188 2559 3235 suum
2609 3166 2840 3235 Domi-

274 3277 450 3332 num
482 3257 728 3326 Jesum
789 3255 1133 3325 Christum
1197 3267 1457 3323 erectos
1514 3257 1809 3324 tenebat.
1873 3261 2112 3326 Postea
2171 3276 2330 3325 vero
2394 3254 2479 3323 ad
2530 3265 2836 3323 castrum

273 3342 654 3431 quoddam,
709 3344 824 3411 cui
873 3363 1122 3413 nomen
1171 3353 1273 3412 est
1321 3347 1658 3412 Carasura
1690 3343 1875 3428 quod
1911 3343 2376 3432 quadraginta
2416 3341 2839 3411 milliaribus

270 3432 361 3500 ab
410 3431 583 3499 urbe
615 3430 917 3520 Philippi
963 3443 1030 3499 et
1062 3430 1296 3499 decem
1329 3442 1396 3498 et
1441 3442 1592 3500 octo
1640 3430 1940 3499 distabat
1986 3453 2027 3498 a
2056 3435 2327 3510 Beroea,
2366 3427 2747 3498 Alexander
2775 3440 2841 3497 et

273 3519 706 3607 'tyberianus
744 3531 1227 3607 pervenerunt.
1283 3523 1590 3605 Cumque
1637 3518 2067 3604 'tyberianus
2114 3516 2284 3586 illuc
2333 3517 2694 3606 ingressus
2735 3537 2841 3584 es-

271 3616 397 3685 set,
451 3606 521 3674 in
560 3618 784 3675 castro
817 3605 938 3674 illo
984 3618 1087 3676 est
1132 3605 1542 3676 diversatus.
1579 3605 1827 3674 Milites
1873 3625 2032 3673 vero
2081 3616 2402 3673 sanctum
2464 3617 2839 3693 martyrem

270 3694 738 3763 Alexandrum
775 3714 1009 3762 secum
1061 3693 1413 3774 habenteS‚
1449 3716 1592 3762 una
1638 3714 1799 3762 cum
1851 3693 2004 3780 ipso
2037 3713 2252 3783 prope
2287 3703 2593 3763 castrum
2643 3690 2837 3761 aliud

270 3781 359 3852 ad
410 3782 643 3852 locum
692 3780 1060 3851 arboribus
1092 3780 1437 3849 consitum
1488 3781 1940 3849 diverterunt.

363 3879 402 3951 ἓ
454 3874 605 3942 16.
659 3876 831 3938 Tum
883 3879 1146 3957 martyr
1174 3867 1552 3937 Alexander
1598 3867 1768 3936 dixit
1798 3868 2162 3938 militibus:
2195 3873 2534 3949 «EamuS,
2569 3866 2835 3949 fratreS‚

271 3957 358 4027 ad
404 3959 686 4029 arbores
736 3957 1147 4026 illas.»Cum
1188 3954 1375 4024 enim
1407 3977 1564 4024 eum
1600 3955 1831 4025 locum
1871 3955 2178 4038 vidisset,
2215 3955 2412 4026 valde
2459 3955 2842 4026 oblectatus

270 4056 395 4115 est.
439 4051 678 4134 Itaque
724 4066 883 4114 cum
926 4064 1004 4113 eo
1045 4044 1427 4114 venissent:
1482 4067 1518 4110 «
1553 4048 1740 4124 Vere,
1794 4043 2046 4130 inquit,
2103 4044 2382 4126 fratres,
2435 4065 2563 4135 ego
2610 4044 2842 4113 sitio.»

273 4132 385 4202 Illi
427 4156 626 4204 vero:
683 4157 719 4201 «
754 4139 831 4202 Et
877 4132 1233 4201 undenam
1273 4131 1390 4200 hic
1437 4153 1690 4220 aquam
1730 4131 2247 4202 habebitnus‘?»
2275 4170 2367 4182 --
2414 4154 2451 4198 «
2484 4137 2845 4223 Expectate

273 4222 507 4311 paulis
561 4243 670 4304 er,
733 4221 1018 4301 fratres,
1089 4219 1319 4308 inquit
1376 4219 1799 4291 Alexander:
1882 4232 2103 4312 potest
2164 4220 2352 4291 enim
2415 4224 2597 4291 Deus
2645 4240 2844 4290 meus

272 4309 481 4378 etiam
567 4333 648 4380 oc
701 4310 770 4378 in
823 4309 971 4379 loco
1021 4309 1223 4378 nobis
1268 4330 1521 4396 aquam
1573 4309 2044 4399 suppeditare.
2081 4332 2117 4376 »
2168 4313 2477 4394 Cumque
2525 4307 2693 4375 haec
2740 4306 2845 4375 di-

275 4397 526 4479 xisset,
580 4399 774 4469 flexis
823 4397 1145 4488 genibuS,
1199 4397 1294 4466 ita
1340 4402 1556 4468 Deum
1605 4398 1868 4468 oravit:
1922 4419 1960 4464 «
1994 4397 2281 4467 Domine
2339 4402 2506 4466 Jesu
2552 4394 2838 4476 Christe,
