3327 4999
709 350 837 416 340
1505 363 1584 410 nn
1630 362 1687 410 s.
1740 361 2064 411 Gauranos
2111 362 2282 411 vme.
2776 344 3023 412 MART.
3079 346 3160 412 47

619 447 1318 544 prope·incunabulis
1364 447 1549 537 apud
1601 447 1823 548 ipsam
1886 449 1972 517 ad
2030 448 2447 518 monasticae
2478 447 2774 541 xregulae
2821 450 3163 541 praescri-

620 553 818 632 ptum
873 537 1162 608 educata
1218 548 1284 605 et
1330 537 1545 605 sacris
1599 536 1815 606 literis
1864 537 2130 607 imbuta
2191 537 2433 618 fuerat,
2488 560 2614 609 suo
2661 537 2810 607 loco
2874 538 3161 607 invitam

620 632 740 700 coe
797 629 844 697 't
889 627 1282 696 Abbatissae
1330 625 2158 696 ministeriumexercere.
2213 629 2465 718 Agebat
2511 639 2657 696 tum
2708 632 2840 696 Deo
2898 640 3164 697 sacrata

619 651 854 810 pueffla
888 714 1305 787 Wilfetrudis
1354 715 1758 784 vicesimum
1792 716 2030 785 aetatis
2078 738 2364 793 annum,
2419 716 2704 802 antiquo
2741 721 3159 785 Francorum

620 815 977 878 stemmate
1010 817 1364 962 prognata.
1388 809 1542 873 Erat
1568 802 1688 872 illa
1703 825 1978 892 quoque
1994 804 2291 895 eleganti
2320 804 2563 885 forma,
2585 803 2889 874 familiae
2920 806 3158 890 chara,

619 895 1004 985 lenis-erga
1051 914 1131 961 su
1184 892 1384 973 ditos,
1439 892 1663 982 rigida
1722 893 2081 983 superbie,
2135 894 2366 963 suavis
2412 893 2684 980 eloquio
2732 906 2796 963 et
2845 894 2961 963 Dei
3012 916 3168 983 pro-

617 983 924 1070 ximique
970 1003 1202 1051 amore
1249 981 1536 1063 fervens,
1597 982 2043 1071 corporisque
2107 982 2492 1073 integritate
2537 983 2941 1072 conspicua.
2987 983 3162 1052 Effe-

618 1083 803 1143 cerat
851 1081 1079 1141 autem
1130 1080 1321 1161 pater
1365 1070 1515 1160 ojus
1563 1070 1685 1156 qui
1724 1092 1874 1139 eam
1924 1071 2196 1141 dolebat
2237 1072 2303 1140 id
2354 1071 2529 1141 vitae
2587 1094 2808 1161 genus
2856 1071 3165 1173 comple-

618 1183 800 1242 xam,
852 1171 931 1229 ut
978 1181 1170 1250 reges
1216 1171 1281 1228 et
1331 1160 1646 1249 reginae,
1703 1159 2001 1247 itemque
2040 1159 2399 1241 antistites,
2452 1160 2711 1229 diaboli
2769 1161 2837 1229 id
2899 1160 3161 1230 invidia

619 1260 885 1342 agente,
942 1248 1164 1339 primo
1194 1248 1473 1336 quidem
1525 1246 1781 1317 blanda
1830 1250 2295 1339 persuasione,
2349 1248 2598 1318 deinde
2644 1270 2802 1320 vero
2849 1251 3058 1319 etiam
3095 1249 3158 1318 vi

618 1361 770 1409 eam
820 1360 857 1408 e
903 1338 1230 1408 coenobio
1263 1337 1612 1407 extrahere
1643 1337 2040 1419 niterentur,
2077 1359 2186 1407 res
2231 1338 2542 1408 coenobii
2582 1338 2795 1419 illius,
2853 1339 2967 1407 cui
3003 1350 3162 1409 san‘-

618 1440 728 1497 cta
759 1427 948 1517 virgo
999 1436 1325 1515 praeerat,
1383 1425 1516 1496 sibi
1567 1425 1888 1495 scelerate
1935 1426 2396 1497 vendicantes.
2456 1427 2584 1496 Sed
2635 1427 2906 1497 Domini
2954 1427 3163 1497 mise-

618 1516 917 1586 ricordia
964 1526 1027 1583 et
1058 1527 1449 1585 sanctorum
1501 1515 1820 1604 precibus
1863 1517 2149 1596 munita,
2206 1538 2444 1586 omnes
2491 1538 2653 1585 suos
2700 1517 3154 1593 adversarios,

618 1605 882 1675 Christo
930 1603 1043 1673 cui
1092 1625 1165 1672 se
1229 1603 1586 1673 devoverat
1632 1603 2038 1690 adjuvante,
2098 1604 2502 1674 mirabiliter
2553 1606 2923 1695 superavit.
2983 1610 3162 1674 Tan*-

618 1705 761 1763 tam
807 1693 989 1762 enim
1042 1691 1143 1760 illi
1229 1692 1467 1760 ratiam
1518 1692 1828 1763 Christus
1874 1693 2185 1774 contulit,
2230 1706 2308 1762 ut
2352 1694 2472 1781 qui
2519 1694 2736 1783 prius,
2791 1716 2999 1784 pra-va
3053 1694 3162 1762 in-

617 1781 956 1852 flammati
1001 1781 1163 1872 cupi
1218 1782 1412 1863 itate,
1466 1781 1616 1867 ejus
1681 1795 2111 1852 accusatores
2158 1794 2223 1852 et
2270 1781 2675 1852 facultatum
2758 1781 3162 1852 monasterii

618 1871 997 1962 direptores
1043 1869 1336 1951 fuerant,
1377 1854 1592 1939 multa
1643 1870 1715 1939 in
1763 1893 1913 1941 eam
1964 1872 2072 1942 usi
2119 1871 2546 1952 liberalitate,
2616 1871 2769 1960 ejus
2814 1871 3167 1941 extiterint

617 1959 1029 2040 defensores,
1081 1980 1456 2045 omnesque
1503 1980 1737 2029 sacrae
1791 1960 1993 2031 aedes
2040 1961 2388 2052 praeclare
2435 1961 2852 2030 instauratae
2900 1960 3061 2029 sint.
3116 1964 3167 2029 A

619 2062 937 2139 suscepta
985 2059 1212 2118 autem
1262 2048 1654 2118 Abbatissae
1679 2048 2030 2119 functione
2060 2070 2243 2118 anno
2290 2049 2683 2131 undecimO,
2738 2049 2985 2119 diebus
3017 2071 3167 2118 am-

622 2138 810 2229 plius
855 2137 1358 2226 quinquaginta
1408 2139 1645 2207 morbo
1702 2138 2151 2228 compellente
2190 2138 2634 2219 decumbens,
2685 2139 2883 2208 solito
2943 2137 3164 2206 nihilo

622 2226 859 2295 minus
900 2248 1086 2295 more
1134 2225 1361 2316 largas
1393 2225 1864 2315 eleemosynas
1898 2228 1965 2295 in
2003 2248 2339 2317 pauperes
2373 2239 2438 2295 et
2467 2227 2706 2317 inopes
2737 2226 3153 2296 conferebat.

620 2314 922 2383 Tandem
982 2315 1330 2394 omnibus,
1384 2324 1461 2383 ut
1523 2337 1797 2385 sacrum
1849 2328 2076 2384 monet
2121 2315 2593 2406 evangelium,
2647 2315 2877 2386 debita
2927 2316 3168 2384 remit-

616 2414 789 2483 tens,
841 2415 907 2472 et
952 2403 1038 2472 ab
1078 2403 1402 2474 omnibus
1492 2425 1680 2472 acem
1732 2425 1811 2473 ac
1851 2404 2396 2474 benedictionem
2442 2404 2803 2494 recipiens,
2856 2425 3016 2472 cum
3051 2404 3166 2472 in-

612 2503 717 2563 ter
764 2491 1114 2583 religiosas
1141 2492 1256 2561 Dei
1285 2425 1575 2562 ancillas
1613 2491 1748 2562 fide
1784 2504 1850 2563 et
1896 2515 2016 2582 spe
2052 2493 2119 2561 in
2154 2492 2496 2562 Christum
2539 2493 2806 2563 munita
2846 2493 3153 2573 vixisset,

614 2603 797 2651 anno
827 2581 1065 2651 aetatis
1092 2603 1257 2651 suae
1288 2582 1630 2651 tricesimo
1662 2582 1911 2650 laetum
1930 2582 2216 2652 Domino
2261 2581 2559 2651 reddidit
2593 2582 2939 2673 spiritum,
2979 2603 3170 2651 nono

614 2670 890 2740 Calend.
956 2670 1396 2750 Decembris,
1453 2682 1654 2756 atque
1708 2670 1778 2738 in
1841 2676 1913 2738 B.
1969 2671 2142 2756 Petri
2191 2670 2488 2761 Apostoli
2549 2671 2836 2740 basilica
2882 2692 3173 2741 summo

613 2759 844 2830 studio
893 2759 964 2828 in
1014 2757 1329 2848 sepulcro
1366 2779 1748 2827 marmoreo
1781 2759 2056 2828 condita
2088 2771 2211 2830 est.
2259 2759 2386 2829 Sed
2428 2757 2541 2829 bis
2588 2761 2807 2830 obiter
2853 2781 3171 2829 comme-

611 2847 918 2923 moratis,
971 2868 1050 2916 eo
1098 2847 1283 2916 unde
1315 2868 1557 2917 sumus
1587 2847 1904 2938 digressi,
1962 2861 2402 2917 revertamur.

700 2939 737 3023 ἓ
782 2941 859 3008 ¹2.
912 2941 1148 3022 Itaque
1182 2935 1577 3005 beatissima
1606 2935 1982 3016 Gertrudis,
2008 2949 2452 3027 posteaquam
2488 2960 2560 3007 se
2606 2936 3008 3007 Abbatissae
3040 2937 3171 3006 ad-

612 3024 1115 3095 ministratione
1144 3024 1506 3108 abdicavit‚
1544 3024 1872 3095 trimestri
1904 3025 2040 3093 sere
2061 3025 2280 3116 spatio
2315 3026 2662 3117 perpetuis
2698 3026 2981 3096 vacabat
3010 3048 3175 3117 pre-

609 3112 810 3183 cibus
837 3123 903 3183 et
957 3112 1171 3184 sacris
1216 3113 1805 3184 exhortationibus
1839 3169 1854 3195 ,
1910 3113 2160 3201 Deique
2214 3117 2500 3186 verbum
2552 3128 2698 3184 tum
2773 3114 2954 3196 sibi,
3009 3127 3172 3184 tum

611 3222 777 3273 suae
806 3223 1015 3272 curae
1047 3201 1325 3272 creditis
1355 3203 1780 3272 annunciare
1829 3224 1964 3272 non
2005 3203 2283 3273 destitit.
2331 3209 2488 3273 Erat
2515 3203 2791 3273 interim
2823 3224 2945 3293 spo
2989 3226 3178 3294 gau-

610 3289 806 3372 dens,
830 3291 902 3360 in
924 3290 1131 3360 rebus
1156 3292 1352 3361 duris
1372 3302 1436 3361 et
1464 3292 1770 3362 adversis
1787 3293 2077 3383 patiens,
2115 3306 2339 3362 mente
2368 3293 2640 3374 invicta,
2671 3292 2864 3361 vultu
2886 3292 3177 3382 placida

606 3389 675 3450 et
719 3401 978 3460 serena,
1032 3379 1227 3449 valde
1275 3380 1514 3450 sitiens
1561 3403 1966 3472 supremum
2000 3382 2172 3451 vitae
2221 3404 2386 3452 suae
2432 3381 2641 3462 diem,
2678 3381 2939 3471 quippe
2972 3403 3169 3468 quae

607 3479 995 3559 peroptaret
1040 3489 1375 3540 ecarcere
1421 3469 1508 3540 ad
1570 3492 1900 3561 regnum,
1952 3492 1989 3539 e
2036 3470 2336 3540 tenebris
2394 3469 2478 3539 ad
2530 3470 2780 3550 lucem,
2848 3486 2889 3540 a
2941 3483 3175 3540 morte

605 3555 956 3648 proticisci
1001 3557 1088 3626 ad
1139 3558 1370 3627 vitam.
1424 3558 1719 3649 Degebat
1792 3558 1971 3628 inter
2030 3558 2352 3628 mortales
2408 3558 2552 3627 solo
2610 3580 2728 3628 cor
2779 3580 2933 3627 ore:
2992 3581 3169 3628 nam

613 3646 849 3716 animo
877 3645 1183 3734 quotidie
1229 3647 1563 3716 transibat
1608 3648 1692 3716 ad
1734 3647 2091 3729 coelestia,
2143 3647 2489 3719 continuis
2540 3647 2720 3737 preci
2777 3670 2859 3717 us
2907 3659 2975 3716 et
3033 3648 3172 3717 ab·

608 3735 971 3808 stinentiae
1016 3735 1367 3806 afflictioni
1397 3736 1843 3827 singulariter
1887 3737 2184 3806 addicta.
2216 3742 2293 3806 Et
2323 3737 2479 3806 licet
2528 3749 2755 3806 tenero
2792 3748 2970 3805 esset
3002 3757 3172 3806 cor·-

660 3824 903 3894 usculo
935 3879 951 3907 ,
1003 3836 1301 3895 attamen
1352 3825 1621 3916 asperis
1662 3825 1836 3895 illud
1885 3825 2132 3895 ciliciis
2181 3826 2605 3906 macerabat,
2661 3825 2834 3893 nihil
2884 3825 3021 3894 sibi
3088 3826 3169 3894 in

606 3846 737 3982 Bac
784 3914 920 3983 vita
952 3913 1286 4004 refrigerii
1332 3925 1450 3983 aut
1515 3914 1885 3983 laxamenti
1934 3914 2325 4005 indulgens,
2379 3927 2457 3984 ut
2505 3926 2731 4004 posset
2778 3914 2921 3984 illic
2988 3914 3162 3984 bea-

608 4001 877 4071 tissima
921 4001 1056 4072 frui
1104 4003 1351 4090 quiete,
1388 3999 1507 4073 ubi
1530 4002 1704 4092 justi
1751 4002 2113 4094 fulgebunt
2150 4003 2328 4072 sicut
2361 4002 2485 4083 sol,
2525 4024 2772 4093 nempe
2818 4003 2887 4072 in
2939 4025 3170 4093 regno

606 4091 977 4160 coelorum.
1032 4096 1199 4161 Cum
1247 4104 1475 4162 autem
1526 4092 1611 4161 ad
1660 4112 2066 4182 supremum
2114 4092 2286 4162 vitae
2332 4091 2516 4161 diem
2569 4093 2885 4172 venisset,
2946 4091 3166 4181 plane

608 4179 926 4259 decrevit,
974 4202 1060 4249 ne
1105 4181 1486 4268 quidquam
1558 4181 1845 4250 omnino
1877 4235 1893 4263 ,
1947 4180 2015 4249 id
2063 4192 2212 4261 est,
2267 4180 2540 4251 nullum
2603 4202 2824 4268 neque
2872 4180 3170 4250 laneum

607 4290 829 4355 neque
877 4268 1137 4338 lineum
1177 4270 1660 4340 indumentum
1701 4270 1853 4359 ejus
1891 4269 2302 4370 corpusculo
2352 4269 2816 4351 adhiberetur,
2874 4281 3166 4359 praeter

606 4358 833 4427 velum
893 4358 1241 4446 quoddam
1306 4379 1479 4449 pene
1541 4357 1808 4429 nullius
1856 4359 2093 4447 pretii,
2148 4357 2330 4445 quod
2382 4358 2724 4446 quaedam
2787 4360 3177 4450 peregrina

608 4447 1152 4518 sanctimonialis
1190 4459 1347 4518 ante
1377 4447 1772 4538 complures
1816 4447 1965 4518 dies
1998 4446 2102 4516 illi
2151 4469 2278 4539 pro
2320 4448 2798 4519 benedictione
2847 4448 3166 4529 miserat,
