3327 4999
655 300 696 369 6
1495 322 1578 372 ne
1627 326 1684 374 s.
1739 324 1966 374 Ammo
2015 325 2214 376 Eplsc.
2781 310 3027 377 MART.
3084 313 3111 377 1

574 406 759 495 quod
792 417 997 478 natus
1042 418 1178 479 est:
1232 421 1572 480 caeterum
1626 420 1845 481 totum
1894 409 2110 481 voluit
2155 434 2305 482 esse
2354 411 2625 494 Christi,
2677 413 2863 500 quod
2912 413 3117 483 vixit:

576 518 713 566 non
763 497 1047 567 oculum
1096 497 1450 589 voluptati,
1508 521 1646 569 non
1705 522 1943 570 aurem
1995 499 2320 583 ludibrio,
2376 524 2511 572 non
2562 500 2874 572 animum
2928 525 3123 572 acco-

576 584 870 657 modans
916 586 1194 669 levitati,
1249 609 1522 678 semper
1568 611 1640 659 se
1689 610 1934 680 regens
1981 594 2233 659 ancora
2282 591 2658 682 gravitatis
2714 591 2942 661 Talem
2995 592 3124 662 ita-

575 695 712 761 que
758 696 831 744 se
879 675 1058 745 intra
1105 677 1505 758 monasterii
1552 689 1745 769 septa
1794 679 2123 758 tractavit,
2160 690 2236 748 ut
2283 679 2341 748 si
2371 679 2652 766 quando
2695 682 3022 770 processit
3053 682 3128 750 in

576 763 962 853 publicum,
1018 778 1195 835 esset
1241 764 1421 835 infra
1465 788 1810 837 carcerem
1860 766 1968 836 sui
2016 767 2245 839 cordis
2292 790 2565 859 semper
2610 769 2969 840 inclusus:
3003 792 3128 841 nec

574 851 766 922 aliud
815 865 1003 923 extra
1061 876 1137 924 se
1191 854 1670 945 aspiciendum
1723 856 2065 947 praetulit,
2114 879 2327 945 quam
2385 858 2755 940 Christum,
2790 881 3000 945 quem
3048 859 3122 928 in

579 953 852 1031 pectore
886 942 1111 1012 fidelis
1158 957 1462 1033 portator
1510 944 1863 1035 bajulavit.

662 1031 699 1117 ξ
764 1036 853 1102 2.
907 1032 1029 1102 His
1077 1032 1290 1134 igitur
1336 1032 1587 1103 studiis
1634 1046 2033 1136 occupatus,
2090 1035 2159 1102 in
2209 1046 2469 1103 tantam
2524 1036 2698 1105 vitae
2745 1036 3129 1107 claritatem

573 1120 902 1208 pervenit,
941 1132 1019 1191 ut
1062 1142 1217 1209 eJus
1264 1120 1584 1192 devotum
1642 1125 1999 1193 servitium
2041 1122 2303 1194 mundo
2357 1123 2686 1194 Dominus
2734 1148 2874 1215 per·
2917 1126 3126 1194 mira-

569 1206 730 1308 cula
776 1220 1156 1281 testaretur.
1211 1210 1514 1299 Denique
1560 1234 1723 1281 cum
1772 1213 2001 1282 adhuc
2053 1212 2388 1302 puerulus
2439 1214 2559 1303 p'er
2607 1236 2865 1305 pagum
2893 1213 2963 1281 in
2994 1216 3123 1284 Ab·

568 1294 748 1367 batis
794 1297 903 1367 sui
932 1299 1482 1389 proficisceretur
1513 1300 1947 1388 obsequium,
2004 1302 2392 1391 applicante
2422 1323 2500 1371 eo
2526 1303 2712 1393 apud
2743 1302 3119 1390 quemdam

567 1383 852 1487 locum„
881 1398 1063 1457 tanta
1110 1410 1270 1458 eum
1320 1389 1614 1460 detinuit
1661 1390 1983 1460 violentia
2045 1391 2509 1481 tempestatiS,
2589 1402 2996 1478 tantumque
3045 1412 3118 1460 se

570 1473 894 1563 pluvialis
954 1476 1176 1548 imber
1230 1478 1494 1559 effudit,
1532 1490 1611 1548 ut
1658 1478 1882 1568 ipsam
1915 1478 2202 1548 domum
2245 1501 2368 1548 nec
2417 1503 2544 1549 sua
2578 1492 2751 1549 tecta
2790 1479 3118 1549 defende-

570 1575 742 1632 rent.
788 1568 955 1634 Cum
1004 1587 1165 1666 ergo
1215 1589 1337 1657 pro
1369 1568 1851 1657 magnitudine
1897 1568 2170 1657 pluviae
2197 1590 2358 1638 casa
2385 1591 2507 1658 pro
2555 1591 2799 1659 campo
2848 1580 3119 1639 consta-

570 1664 690 1733 ret,
738 1653 1139 1724 madefactis
1186 1656 1515 1728 omnibus
1573 1656 1694 1744 qui
1741 1655 1981 1726 eodem
2044 1658 2453 1727 tenebantur
2500 1658 2818 1747 hospitio,
2888 1658 3120 1726 solum

566 1740 847 1811 beatum
880 1743 1203 1813 Albinum
1256 1757 1420 1814 tunc
1467 1745 1690 1815 imber
1720 1757 1997 1837 tangere
2042 1747 2346 1836 expavit:
2399 1746 2562 1833 quia
2611 1746 2733 1815 ubi
2767 1748 3120 1815 flammam

568 1828 728 1900 fidei
763 1832 998 1931 sensit,
1041 1855 1124 1902 ne
1164 1833 1494 1923 injuriam
1529 1833 1797 1913 faceret,
1851 1856 1924 1904 se
1972 1848 2164 1925 gutta
2211 1834 2514 1904 detorsit.
2543 1839 2689 1917 Quo
2737 1846 3113 1925 compertO,

566 1921 989 1990 conscientia
1045 1923 1427 1992 sanctitatis
1473 1945 1649 2009 quae
1688 1923 2040 1994 celabatur
2078 1925 2304 2005 annis,
2362 1924 2659 1994 innotuit
2709 1924 2994 2005 meritis,
3041 1946 3120 1993 eo

569 2007 752 2106 quod
812 2009 881 2078 in
911 2009 1076 2079 flore
1114 2011 1613 2082 adolescentiae
1662 2013 1933 2083 virtutis
1966 2012 2136 2082 odor
2187 2012 2539 2103 fragraret.
2598 2011 2853 2082 Dehinc
2901 2013 3120 2082 coele-

568 2096 791 2166 stibus
838 2097 1041 2168 donis
1102 2123 1263 2172 cum
1306 2112 1521 2171 aetate
1567 2102 2060 2181 crescentibus,
2117 2124 2461 2172 annorum
2511 2102 2783 2172 circiter
2839 2102 3122 2193 triginta

566 2196 632 2253 et
668 2186 999 2276 quinque.
1054 2190 1450 2262 monasterii
1484 2201 1705 2260 rector
1735 2203 1801 2261 et
1849 2192 2006 2291 pius
2057 2203 2287 2280 pastor
2332 2191 2647 2281 eligitur;
2699 2190 2959 2281 quippe
2997 2191 3122 2277 qui

569 2294 696 2343 suo
757 2276 1123 2366 splendore
1186 2278 1273 2349 ad
1322 2301 1395 2350 se
1442 2290 1734 2350 traxerat
1797 2279 2229 2370 dignitatem.
2298 2284 2560 2348 Interea
2622 2280 2754 2351 sub
2803 2279 3122 2365 magistri

565 2384 881 2447 censura,
920 2368 1472 2461 congregationis
1503 2367 1873 2458 disciplina
1923 2370 2268 2447 vernabat,
2309 2368 2429 2437 ubi
2479 2369 2831 2438 severitate
2879 2367 3117 2437 distri-

563 2463 695 2534 cta,
735 2452 1010 2527 licentia
1060 2457 1391 2547 peccandi
1443 2455 1754 2547 perierat.
1811 2457 2132 2527 Fervebat
2169 2470 2401 2528 autem
2461 2458 2731 2547 pietatis
2779 2458 3101 2538 intuitus,

563 2542 909 2642 exultabat
957 2546 1298 2636 psallendi
1347 2558 1748 2627 concentuS,
1815 2548 2226 2618 coruscabat
2272 2546 2449 2617 inter
2496 2546 2738 2616 fratres
2785 2546 3115 2616 obedien-

565 2641 697 2700 ttae
744 2633 1004 2714 radius,
1060 2635 1648 2726 praecellebatque
1674 2648 1948 2705 sanctae
1978 2635 2332 2705 charitatis
2363 2649 2684 2705 ornatus:
2738 2636 2904 2722 quia
2936 2636 3118 2705 sicut

561 2731 707 2790 erat
743 2723 829 2791 ad
881 2723 1041 2794 vitia
1068 2724 1485 2794 eradicanda
1531 2724 1866 2805 solicitus,
1900 2725 1992 2793 ita
2039 2724 2126 2793 ad
2168 2724 2533 2794 inserenda
2581 2725 2766 2794 dona
2799 2723 3120 2793 coelestia

559 2808 1131 2901 circumspectus,
1186 2819 1263 2882 In
1311 2835 1448 2902 quo
1483 2813 1760 2884 Abbatis
1806 2812 2032 2883 officio
2130 2835 2202 2882 er
2248 2814 2491 2902 viginti
2539 2828 2605 2882 et
2634 2815 2945 2901 quinque
2992 2835 3116 2882 an-

561 2918 687 2966 nos
734 2902 1338 2993 congregationem
1388 2902 1521 2973 sibi
1567 2903 2014 2973 commissam
2064 2836 2352 2972 feliciter
2380 2903 2810 3004 gubernavit.
2849 2908 2923 2971 Et
2952 2902 3120 2990 quia

563 2986 731 3055 tanti
773 2990 1000 3059 meriti
1047 2990 1231 3062 fama
1279 2992 1548 3083 sepulta
1597 3014 1734 3060 non
1786 2990 2006 3071 latuit,
2065 2991 2182 3062 sed
2231 2991 2551 3061 felicibus
2585 2993 2832 3082 pennis
2866 3003 3124 3061 cuncta

563 3076 926 3234 pervolans
971 3082 1353 3171 occupavit,
1406 3081 1695 3171 contigit
1750 3079 2194 3171 Andegavum
2243 3080 2586 3149 civitatem
2653 3080 2947 3171 pastoris
2994 3103 3121 3169 gu-

611 3166 963 3237 ernatione
1011 3169 1284 3238 nudari.
1338 3176 1529 3239 Tunc
1576 3170 1666 3239 ab
1713 3169 2157 3238 universitate
2220 3168 2481 3259 populi,
2521 3168 2639 3238 sed
2707 3168 3122 3238 humilitatis

563 3254 793 3325 studio
839 3257 991 3358 ipso
1040 3260 1417 3338 resistente,
1472 3257 1556 3327 ad
1626 3257 2092 3347 pontificalem
2202 3257 2484 3335 radum,
2560 3258 2739 3327 duce
2802 3257 3112 3337 Christ0‚

558 3346 991 3416 concorditer
1034 3346 1337 3438 eligitur.
1391 3345 1521 3429 Qui
1563 3347 1891 3417 honorem
1939 3368 2133 3416 sacer
2183 3346 2301 3415 otii
2327 3346 2640 3416 debitum
2672 3356 3111 3427 consecutus,

562 3432 658 3502 ita
704 3455 777 3503 se
843 3434 912 3504 in
960 3435 1312 3518 alimoniis
1364 3457 1774 3526 pauperum,
1830 3436 1902 3504 in
1971 3434 2367 3504 defensione
2411 3434 2695 3516 civium,
2751 3433 2820 3502 in
2883 3434 3118 3503 visita-

564 3521 745 3592 tione
775 3523 1280 3615 languentium,
1336 3525 1405 3593 in
1442 3523 1909 3615 redemptione
1962 3523 2277 3612 praebuit
2322 3523 2776 3613 captivorum,
2813 3534 2891 3591 ut
2919 3524 3122 3593 beata

563 3611 778 3682 unius
807 3614 1006 3692 actio,
1061 3612 1380 3703 generale
1411 3613 1603 3683 fieret
1641 3613 2188 3694 salvamentum:
2240 3612 2497 3701 quibus
2535 3634 2616 3681 ex
2666 3610 2919 3680 studiis
2964 3633 3121 3681 coe—

565 3701 767 3771 lestes
800 3702 870 3771 in
903 3724 983 3772 eo
1015 3702 1511 3773 fructificavere
1546 3702 1852 3773 virtutes.
1889 3702 2107 3793 Igitur
2156 3701 2224 3769 in
2259 3701 2531 3771 civitate
2565 3699 2927 3791 Andegava
2955 3721 3120 3769 cum

565 3790 628 3861 ei
672 3791 1012 3878 quaedam
1067 3791 1341 3872 mulier,
1386 3795 1590 3861 Grata
1639 3789 1942 3871 nomine,
1989 3789 2108 3862 sed
2139 3788 2490 3860 debilitate
2535 3801 2926 3859 contractae
2976 3810 3125 3857 ma-

564 3901 701 3952 nus
733 3880 804 3948 in
863 3893 1029 3961 rata,
1086 3881 1313 3950 nervis
1368 3878 1928 3971 stupescentibus
1960 3879 2394 3960 occurrisset,
2430 3879 2713 3970 signum
2745 3876 2976 3947 crucis
3010 3899 3127 3948 su-

566 3990 688 4061 per
726 3969 798 4038 in
859 3992 1076 4039 rmam
1110 3968 1458 4039 dexteram
1508 3968 1688 4038 fecit.
1733 3968 1910 4038 Hinc
2010 3979 2438 4039 raemortuae
2486 3967 2756 4058 palmae
2859 3966 3003 4037 rius
3052 3987 3126 4035 se

562 4058 759 4128 vivax
806 4068 999 4150 tepor
1044 4056 1328 4127 infudit.
1384 4063 1551 4129 Item
1599 4056 1916 4145 sequenti
1999 4056 2061 4126 ie
2092 4057 2164 4126 in
2215 4057 2366 4147 ipso
2414 4057 2584 4136 loct),
2640 4066 2720 4125 ut
2765 4076 2806 4124 a
2900 4077 2979 4125 eo
3029 4054 3126 4125 si-

563 4159 919 4239 gnaretur,
975 4168 1049 4217 se
1107 4146 1380 4217 obtulit.
1446 4151 1595 4230 Quo
1643 4145 1842 4226 facto,
1898 4158 2275 4237 coeperunt
2319 4167 2530 4216 venae
2576 4165 2742 4214 suos
2788 4165 3124 4214 excursus

561 4258 961 4328 agnoscere.
1028 4235 1253 4306 Tertia
1292 4256 1449 4306 vero
1495 4234 1631 4315 die,
1685 4235 1808 4304 ubi
1847 4256 2058 4325 super
2108 4233 2299 4305 illam
2348 4233 2663 4325 sigillum
2711 4232 2944 4303 crucis
2995 4231 3124 4301 im-

565 4325 841 4416 pressit,
879 4324 1112 4397 statim
1145 4347 1221 4396 se
1251 4323 1598 4395 arentium
1630 4322 2008 4415 digitorum
2035 4322 2152 4393 fila
2198 4323 2553 4393 laxarunt:
2588 4334 2654 4392 et
2692 4320 3126 4422 receptomi-

565 4413 873 4498 nisteri0,
913 4413 1165 4486 mulier
1200 4413 1274 4483 in
1307 4412 1556 4483 Christi
1587 4412 1866 4483 nomine
1927 4412 2229 4483 rediviva
2273 4412 2547 4483 dextera
2594 4432 2667 4481 se
2715 4410 3037 4502 signavit.
