3327 4999
156 349 401 416 MART.
453 350 497 413 2
1017 367 1096 413 nn
1144 367 1200 413 s.
1254 364 1501 413 cunm
1547 360 1847 411 EPISCOPO
2553 343 2626 409 21

155 465 411 522 tectum
442 471 669 538 usque
731 450 1034 530 oratorii,
1081 449 1154 519 in
1203 471 1342 537 quo
1388 461 1535 518 erat
1590 448 1985 537 episcopuS,
2051 445 2478 535 perveniret:
2533 445 2722 532 quod

155 541 223 610 in
280 562 495 620 ressa,
538 551 757 609 totum
807 537 1139 629 implevit,
1178 551 1384 625 atque
1424 537 1495 607 in
1544 558 1714 627 gyro
1745 533 2228 605 circumdedit.
2285 538 2360 603 At
2391 533 2508 604 ille
2555 532 2730 602 dum

158 650 229 699 so
258 629 472 697 icitus
500 628 574 696 in
623 649 704 696 ea
748 646 927 713 quae
973 626 1322 707 audiebat,
1357 626 1678 695 animum
1708 623 2116 703 intenderet,
2155 621 2421 692 audivit
2469 622 2723 703 denu0,

158 728 504 787 transacto
549 715 752 802 quasi
797 714 1090 784 dimidio
1136 715 1347 784 horae
1377 713 1622 805 spati0,
1668 711 2041 782 ascendere
2089 710 2174 780 de
2209 722 2380 781 tecto
2410 710 2728 802 ejusdem

155 804 438 874 oratorii
472 803 656 873 idem
690 802 984 873 laetitiae
1016 803 1393 884 canticum,
1430 812 1496 871 et
1544 801 1720 891 ipsa,
1758 823 1898 888 qua
1947 810 2246 881 venerat,
2296 800 2403 868 via
2437 798 2524 868 ad
2574 820 2729 868 coe-

157 893 257 964 los
303 914 470 962 cum
507 891 841 960 ineffabili
886 890 1255 961 dulcedine
1288 890 1553 961 reverti.
1592 891 1724 972 Qui
1771 911 1934 958 cum
1969 888 2481 974 aliquantulum
2517 887 2728 956 horae

156 982 355 1068 quasi
397 980 732 1050 attonitus
780 993 1110 1059 maneret,
1165 993 1230 1049 et
1275 979 1443 1066 quid
1480 979 1645 1048 llaec
1695 989 1946 1056 essent,
1985 976 2216 1047 solerti
2246 976 2483 1047 animo
2531 998 2731 1045 scru-

158 1081 440 1147 taretur,
507 1067 778 1159 aperuit
840 1068 1209 1158 episcopus
1257 1066 1625 1136 fenestram
1677 1065 1982 1144 oratorii,
2037 1078 2102 1134 et
2150 1064 2456 1134 sonitum
2510 1083 2728 1133 manu

158 1158 442 1237 sacienS,
510 1168 588 1225 ut
634 1155 908 1246 saepius
955 1156 1334 1233 consuevit,
1388 1155 1449 1225 si
1497 1154 1656 1243 quis
1703 1154 1871 1223 soris
1926 1166 2127 1232 esset,
2196 1152 2282 1221 ad
2343 1174 2416 1221 se
2466 1152 2726 1221 intrare

161 1245 535 1337 praecepit.
591 1244 902 1313 Introivit
933 1244 1051 1314 ille
1097 1245 1431 1313 concituS.
1460 1243 1579 1313 Cui
1629 1241 1801 1311 dixit
1849 1241 2166 1311 Antistes:
2222 1239 2447 1310 «Vade
2477 1240 2613 1309 cito
2641 1240 2730 1309 ad

157 1334 554 1413 ecclesiam,
591 1344 658 1402 et
690 1332 818 1401 hos
855 1345 1116 1424 septem
1165 1331 1409 1403 fratres
1456 1331 1596 1401 huc
1645 1330 1880 1400 venire
1916 1329 2144 1412 facim,
2191 1341 2265 1398 tu
2314 1349 2587 1417 quoque
2643 1329 2733 1399 si·

154 1422 300 1492 mul
334 1422 650 1491 adesto.»
670 1422 796 1503 Qui
833 1442 994 1489 cum
1045 1420 1414 1500 venissent,
1459 1419 1688 1510 primo
1722 1419 2086 1488 admonuit
2111 1439 2249 1499 eOS,
2290 1430 2366 1487 ut
2400 1417 2723 1486 virtutem

160 1509 560 1579 dilectionis
591 1519 657 1577 et
703 1508 895 1599 pacis
941 1508 1027 1577 ad
1069 1508 1361 1577 invicem
1394 1522 1460 1577 et
1490 1507 1577 1576 ad
1626 1528 1871 1576 omnes
1920 1505 2158 1575 fideles
2202 1516 2576 1577 servarent.
2615 1509 2733 1574 In·

159 1599 404 1669 stituta
449 1618 727 1683 quoque
774 1595 1185 1687 disciplinae
1234 1595 1575 1686 regularis
1621 1617 1802 1683 quae
1841 1594 1942 1663 vel
1972 1595 2058 1664 ab
2091 1594 2241 1685 ipso
2289 1594 2723 1674 didicissent,

156 1699 219 1756 et
268 1687 341 1753 in
377 1687 535 1776 ipso
581 1684 935 1764 vidissent,
989 1684 1090 1753 vel
1142 1684 1213 1753 in
1246 1698 1523 1774 patrum
1573 1682 2133 1774 praecedentium
2185 1681 2384 1753 factis
2433 1683 2574 1751 sive
2623 1680 2733 1749 di-

160 1775 291 1843 ctis
340 1773 792 1853 invenissent,
838 1771 1180 1842 indefessa
1213 1772 1542 1842 instantia
1571 1783 2046 1859 sequerentur.
2086 1771 2342 1840 Deinde
2372 1769 2735 1860 subjunxit

167 1863 279 1931 die
333 1862 444 1931 sui
490 1861 722 1931 obitus
750 1861 900 1951 jam
962 1860 1273 1951 proxime
1319 1861 1599 1930 instare.
1638 1866 1947 1947 Namque
1995 1859 2270 1950 hospeS,
2309 1860 2561 1946 inquit,
2617 1857 2734 1927 ille

165 1950 495 2020 amabilis
536 1950 659 2037 qui
692 1949 934 2018 fratres
983 1960 1254 2018 nostros
1282 1948 1559 2017 visitare
1606 1948 1892 2029 solebat,
1929 1947 2013 2017 ad
2066 1970 2175 2017 me
2204 1969 2481 2035 quoque
2530 1945 2735 2015 hodie

166 2039 424 2120 venire,
500 2037 768 2124 hocque
823 2036 909 2107 de
973 2036 1207 2107 seculo
1265 2057 1546 2106 evocare
1611 2036 1941 2127 dignatus
1992 2048 2138 2117 est,
2206 2048 2484 2126 propter
2543 2034 2733 2124 quod

168 2139 586 2196 revertentes
631 2124 717 2195 ad
769 2124 1159 2206 ecclesiam,
1212 2123 1419 2193 dicite
1465 2123 1822 2205 fratribus,
1889 2136 1967 2194 ut
2004 2146 2237 2193 meum
2295 2124 2552 2193 exitum
2604 2128 2736 2192 Do-

169 2215 361 2284 mino
394 2214 723 2305 precibus
754 2213 1264 2293 commendent,
1303 2223 1369 2282 et
1401 2234 1608 2282 suum
1660 2233 1935 2299 quoque
1964 2211 2247 2291 exitum,
2299 2212 2505 2301 cujus
2563 2212 2737 2281 hora

166 2303 426 2403 incerta
477 2318 605 2383 est,
669 2301 949 2392 vigiliis,
1001 2300 1455 2383 orationibuS,
1509 2301 1713 2372 bonis
1760 2299 2087 2391 operibus
2141 2300 2540 2389 praevenire
2589 2320 2736 2369 me-

164 2402 523 2461 minerint.

248 2482 286 2567 ξ
348 2484 428 2552 2.
484 2484 794 2566 Cumque
841 2476 1009 2549 haec
1068 2490 1134 2549 et
1172 2476 1577 2581 hujusmodi
1636 2476 1842 2568 plura
1884 2474 2302 2564 loqueretur,
2341 2487 2547 2563 atque
2594 2475 2726 2557 illi,

163 2582 488 2668 percepta
535 2568 689 2657 ejus
736 2567 1236 2648 benedictione,
1266 2589 1416 2654 Jam
1451 2567 1755 2636 multum
1808 2565 2035 2636 tristes
2083 2564 2474 2646 existerent,
2530 2564 2736 2634 rediit
2821 2633 2822 2636 ,

163 2677 308 2746 ipse
342 2658 538 2726 solus
569 2655 692 2741 qui
726 2676 1005 2725 carmen
1053 2655 1346 2725 coeleste
1391 2655 1731 2735 audierat,
1771 2666 1836 2723 et
1885 2666 2327 2743 prosternens
2361 2675 2434 2723 se
2481 2653 2554 2720 in
2600 2665 2734 2721 ter-

164 2766 335 2826 ram,
390 2746 525 2813 ait:
578 2767 616 2809 «
650 2745 947 2814 Obsecro
988 2757 1203 2834 pater,
1244 2742 1493 2812 licetne
1544 2741 1809 2829 aliquid
1864 2742 2336 2832 interrogare?
2365 2764 2400 2808 »
2429 2780 2522 2790 —
2551 2763 2588 2807 «
2623 2743 2736 2809 In-

163 2845 455 2923 terroga,
510 2832 763 2919 inquit,
814 2853 993 2918 quae
1033 2831 1218 2900 vis.»
1260 2837 1337 2902 At
1368 2830 1527 2900 ille:
1580 2832 1962 2910 «Obsecro,
2004 2831 2254 2917 inquit,
2291 2829 2508 2909 dicaS,
2545 2827 2734 2915 quod

162 2933 303 2990 erat
350 2920 706 2990 canticum
754 2919 928 2989 illud
981 2919 1411 3000 laetantium,
1464 2919 1652 3006 quod
1694 2917 1956 2998 audivi,
1997 2919 2418 2988 venientium
2454 2917 2540 2986 de
2578 2938 2735 2986 coe-

162 3008 245 3077 lis
276 3030 492 3099 super
522 3008 901 3077 oratorium
937 3007 1090 3087 hoc,
1146 3020 1212 3076 et
1260 3019 1412 3097 post
1463 3020 1738 3098 tempus
1788 3005 2228 3076 redeuntium
2281 3006 2366 3076 ad
2417 3005 2732 3077 coelos.»

163 3096 539 3187 Respondit
589 3096 741 3165 ille:
796 3096 922 3165 «si
971 3116 1171 3165 voces
1215 3095 1550 3164 carminis
1610 3093 1894 3174 audisti,
1933 3105 1998 3164 et
2044 3094 2373 3166 coelestes
2407 3116 2736 3185 superve-

160 3185 308 3255 nire
354 3198 596 3254 coetus
642 3183 1047 3274 cognovisti,
1104 3183 1453 3274 praecipio
1498 3182 1624 3253 tibi
1671 3183 1744 3252 in
1796 3182 2077 3252 nomine
2126 3182 2426 3264 Domini,
2483 3204 2568 3251 ne
2604 3182 2734 3252 hoc

160 3274 492 3360 cuiquam
543 3286 702 3342 ante
752 3292 982 3343 meum
1032 3271 1300 3341 obitum
1345 3269 1562 3341 dicas.
1599 3277 1858 3341 Revera
1888 3282 2118 3340 autem
2158 3271 2564 3362 angelorum
2596 3269 2737 3360 spi·

162 3361 337 3430 ritus
382 3361 505 3462 qui
558 3381 669 3430 me
715 3359 800 3428 ad
850 3358 1173 3429 coelestia
1204 3380 1382 3446 quae
1422 3381 1699 3448 semper
1744 3360 2069 3429 amabam
2101 3379 2181 3429 ac
2216 3357 2725 3438 desiderabam,

168 3469 477 3538 praemia
521 3469 764 3518 vocare
796 3460 1155 3529 venerunt,
1206 3458 1273 3517 et
1321 3460 1475 3537 post
1504 3446 1655 3517 dies
1687 3459 1947 3536 septem
1987 3469 2058 3516 se
2107 3447 2479 3529 rediturOS,
2513 3468 2592 3516 ac
2625 3467 2737 3515 me

162 3557 397 3606 secum
459 3535 884 3607 adducturos
930 3556 1081 3606 esse
1127 3535 1690 3625 promiserunt.»
1758 3535 1953 3617 Quod
2018 3535 2303 3622 quidem
2355 3535 2473 3617 ita,
2544 3545 2623 3604 ut
2668 3534 2734 3604 ei

163 3624 598 3714 praedictum
629 3635 796 3705 erat,
848 3642 1054 3714 opere
1107 3622 1531 3712 completum
1588 3635 1714 3692 est.
1749 3628 1916 3693 Nam
1976 3622 2337 3694 confestim
2397 3622 2735 3712 languore

159 3712 473 3803 corporis
522 3723 743 3782 tactus
787 3724 913 3792 est,
972 3723 1038 3781 et
1103 3711 1234 3780 hoc
1298 3731 1423 3801 per
1461 3711 1611 3781 dies
1671 3712 2213 3812 ingravescente,
2279 3710 2597 3811 septimo,
2653 3721 2736 3780 ut

160 3803 585 3891 promissum
633 3800 697 3869 ei
742 3798 987 3882 fuerat,
1040 3799 1177 3880 die,
1234 3812 1600 3890 postquam
1650 3799 1917 3870 obitum
1953 3821 2155 3870 suam
2191 3798 2532 3869 Dominici
2573 3820 2729 3868 cor-

159 3890 341 3978 poris
388 3903 459 3958 et
495 3887 863 3980 sanguinis
895 3888 1330 3979 perceptione
1379 3888 1703 3967 munivit,
1759 3888 1986 3957 soluta
2033 3888 2121 3958 ab
2168 3886 2521 3979 ergastulo
2573 3908 2725 3956 cor-

246 3977 343 4047 ris
390 3976 630 4046 anima
678 3988 937 4056 sancta,
978 3976 1422 4057 ducentibus,
1475 3988 1554 4045 ut
1591 3976 1783 4046 credi
1832 3976 1936 4046 fas
1966 3988 2091 4058 est,
2145 3975 2416 4066 angelis
2463 3974 2734 4044 comiti-

207 4088 314 4146 us,
367 4078 647 4135 aeterna
695 4064 952 4155 gaudia
985 4063 1245 4155 petivit.
1300 4068 1445 4134 Non
1494 4077 1726 4134 autem
1790 4064 2074 4145 mirum,
2114 4064 2174 4133 si
2229 4063 2416 4134 idem
2458 4062 2726 4145 mortiS,

163 4153 259 4222 vel
298 4153 533 4244 potius
563 4153 750 4222 diem
799 4153 1072 4221 Domini
1114 4152 1338 4222 laetus
1386 4151 1677 4242 aspexit,
1730 4173 1941 4240 quem
1970 4173 2269 4244 semper,
2305 4173 2529 4240 usque
2561 4151 2734 4220 dum

165 4240 435 4323 viveret,
484 4240 802 4311 solicitus
837 4251 1193 4330 expectare
1232 4240 1522 4310 curavit.

245 4332 282 4416 §
336 4334 421 4402 8.
477 4334 788 4415 Namque
835 4327 1014 4397 inter
1059 4328 1264 4419 plura
1301 4328 1794 4406 continentiae,
1849 4328 2293 4410 humilitatiS,
2346 4327 2727 4408 doctrinae,

170 4418 517 4500 orationiS,
573 4416 1001 4486 voluntariae
1047 4417 1500 4508 paupertatis,
1530 4430 1596 4487 et
1624 4429 2056 4488 caeterarum
2088 4417 2426 4488 virtutum
2459 4416 2727 4498 merita,
