3327 4999
178 346 388 413 MART.
439 348 513 412 ⁴2
1016 366 1093 411 m:
1141 364 1198 412 s.
1251 364 1559 412 enneonlo
1607 366 1768 411 PArA
2450 347 2576 414 1193

177 446 467 525 sorbetur,
500 445 733 515 omnia
779 467 953 532 quae
1003 445 1350 535 praedicta
1398 458 1581 524 sunt,
1636 445 1837 514 fiunt.
1892 449 2030 517 Rex
2060 445 2433 537 superbiae·
2455 469 2666 537 prope

174 548 280 605 est:
322 548 381 604 et
421 534 596 621 quod
646 533 785 603 dici
833 534 1022 603 nefas
1053 546 1177 614 est,
1230 534 1662 604 sacerdotum
1713 534 1774 603 ei
1805 548 2252 624 praeparatur
2282 535 2660 606 exercitus:

174 623 311 709 quia
336 623 568 693 cervici
604 622 899 693 militant
928 623 1242 692 elationis
1271 623 1391 710 qui
1426 621 1629 713 positi
1660 621 1930 692 fuerant
1968 635 2043 691 ut
2088 623 2417 693 ducatum
2470 646 2669 714 prae-

172 710 376 781 berent
418 711 848 781 humilitatiS.
902 712 1029 782 Sed
1081 712 1207 781 hac
1256 712 1325 780 in
1378 733 1449 781 re
1495 712 1700 780 etiam
1741 711 1801 780 si
1837 722 2063 781 nostra
2105 711 2346 802 lingua
2380 713 2667 783 minime

180 800 577 880 contradicat,
618 801 809 870 illius
854 800 1072 870 virtus
1105 812 1340 869 contra
1365 800 1729 870 elationem
1773 800 1842 867 in
1871 800 2203 870 ultionem
2233 800 2522 891 erigitur
2549 803 2672 888 qui

182 889 493 978 superbiae
540 889 858 980 vitio·per
890 890 1338 980 semetipsum
1396 887 1784 980 specialiter
1832 888 2253 958 adversatur.
2308 895 2386 958 Et
2432 889 2659 960 infra:

184 978 578 1047 considerare
639 1000 765 1047 nos
819 978 1174 1059 convenit,
1242 1000 1327 1046 ne
1392 1000 1528 1066 qua
1589 976 1784 1047 radix
1848 977 2335 1047 amaritudinis
2384 1001 2667 1049 sursum

184 1067 532 1155 germinans
581 1066 931 1157 impediat,
969 1079 1034 1136 et
1083 1089 1203 1157 per
1248 1067 1438 1135 illam
1473 1067 2012 1153 coinquinentur
2058 1067 2283 1136 multi.
2323 1067 2514 1149 Quod
2567 1081 2668 1137 ta-

179 1175 305 1222 men
349 1156 401 1224 si
438 1178 564 1225 nos
596 1156 1030 1226 considerare
1086 1155 1526 1246 negligimus,
1564 1169 1800 1225 contra
1844 1168 2065 1226 tantae
2112 1155 2390 1225 elationi
2440 1170 2666 1226 tumo-

180 1262 292 1311 rem
333 1244 594 1334 judicia
642 1266 943 1336 superna
990 1245 1397 1335 vigilabunt.
1439 1268 1473 1311 »
1542 1250 1707 1313 Item
1765 1244 1984 1313 eidem
2043 1245 2115 1313 in
2184 1244 2321 1314 alia
2378 1244 2670 1335 epistola

179 1345 301 1419 post
342 1334 596 1403 multa:
650 1357 685 1399 «
740 1333 864 1403 Sed
915 1334 1121 1403 etiam
1184 1356 1370 1403 nunc
1417 1333 1614 1403 dico:
1668 1345 1788 1402 aut
1832 1333 2104 1402 easdem
2162 1355 2511 1423 personae,
2568 1333 2669 1403 vi-

176 1418 381 1490 delicet
426 1429 760 1493 Ioannem
798 1422 1438 1503 Chalcedonensem‚
1475 1436 1538 1491 et
1567 1422 2015 1492 Athanasium
2046 1423 2353 1492 Isauriae
2388 1422 2671 1513 presby·

174 1518 338 1590 tems,
373 1510 439 1579 in
490 1510 642 1579 suis
688 1511 1051 1581 ordinibus
1100 1512 1394 1602 suscipe,
1447 1512 1734 1601 ejusque
1779 1510 2076 1598 quietem
2130 1512 2401 1601 praebe.
2454 1515 2584 1581 Aut
2609 1512 2671 1581 si

170 1595 273 1666 hoc
313 1599 591 1669 fortasse
639 1600 977 1681 nolueriS‚
1048 1601 1239 1669 omni
1302 1600 1737 1669 altercatione
1801 1598 2223 1690 postposita,
2293 1599 2376 1670 de
2423 1621 2666 1670 eorum

166 1706 363 1767 causa,
415 1700 667 1758 statuta
718 1689 1055 1779 majorum
1103 1699 1221 1758 aut
1266 1711 1611 1759 canonum
1675 1689 2005 1758 terminos
2049 1688 2340 1759 custodi.
2397 1690 2466 1759 Si
2514 1712 2670 1759 vero

162 1789 448 1845 neutrum
491 1776 761 1857 feceris,
803 1800 924 1848 nos
970 1777 1251 1864 quidem
1302 1778 1517 1847 rixam
1553 1776 1804 1847 inferre
1851 1778 2201 1859 nolumus,
2267 1778 2388 1848 sed
2438 1788 2664 1848 tamen

163 1864 509 1936 venientem
558 1888 600 1934 a
636 1866 828 1935 vobis
876 1888 1010 1934 non
1061 1865 1467 1935 devitamus,
1515 1867 1693 1949 Quid
1742 1879 1970 1935 autem
2019 1866 2105 1936 de
2150 1866 2494 1957 episcopis
2543 1867 2666 1954 qui

160 1954 527 2025 verberibus
579 1954 801 2025 timeri
851 1954 1111 2035 volunt,
1147 1976 1444 2024 canones
1492 1955 1748 2035 dicant,
1802 1957 1976 2025 bene
2021 1956 2412 2027 fraternitas
2445 1968 2667 2025 vestra

160 2041 338 2111 novit.
374 2048 687 2115 Pastores
733 2043 985 2113 etenim
1020 2043 1179 2113 facti
1228 2066 1494 2125 sumus,
1536 2066 1673 2112 non
1723 2066 2184 2134 percussores.
2223 2049 2299 2112 Et
2343 2044 2667 2147 egregius

158 2131 562 2216 praedicator
610 2132 811 2201 dicit:
862 2138 1111 2223 Aryue,
1149 2134 1437 2211 obsecra,
1480 2134 1775 2222 increpa,
1815 2155 1962 2201 cum
2019 2135 2202 2201 omni
2238 2135 2575 2223 patientta
2608 2143 2672 2201 et

159 2217 429 2291 doctrina
492 2227 535 2290 2
590 2224 754 2290 Tim.
798 2220 913 2310 1v).
953 2226 1130 2290 Nova
1160 2243 1319 2290 vero
1364 2232 1569 2307 atque
1599 2220 1911 2290 inaudita
1941 2233 2044 2290 est
2074 2220 2202 2290 ista
2252 2221 2669 2312 praedicatio

159 2326 310 2392 quae
354 2331 469 2380 ver·
562 2310 759 2379 ribus
806 2309 1011 2400 exigit
1048 2310 1279 2379 fidem.
1311 2332 1345 2376 »

230 2398 263 2482 ξ
316 2401 466 2471 38.
521 2404 696 2468 Item
759 2399 1019 2467 Aniano
1070 2399 1361 2468 Diacono
1428 2396 2211 2487 Constantinopolitano:
2273 2401 2416 2467 «De
2462 2420 2674 2468 causa

154 2480 359 2557 fratris
412 2488 661 2570 nostri,
723 2487 851 2557 viri
900 2486 1450 2559 reverendissimi
1496 2486 1785 2558 Joannis
1832 2486 2139 2578 episcopi
2203 2488 2673 2557 Constantino-

152 2573 440 2661 politani‚
494 2577 679 2647 duas
725 2576 1050 2668 epistolas
1091 2576 1309 2646 facere
1356 2576 1587 2646 nolui:
1641 2577 1759 2647 sed
1794 2599 1953 2646 ·una
2000 2577 2292 2646 breviter
2342 2575 2520 2646 facta
2573 2589 2675 2645 est

152 2682 306 2746 quae
348 2679 732 2752 utrumque
780 2666 1030 2734 habere
1078 2666 1421 2735 videretur
1450 2666 1860 2747 admixtum,
1908 2665 1977 2734 id
2026 2680 2150 2746 est,
2205 2678 2272 2735 et
2317 2665 2673 2734 rectitudi-

152 2770 313 2832 nem,
352 2768 417 2824 et
462 2753 1052 2824 blandimentum.
1089 2761 1238 2826 Tua
1277 2754 1505 2840 itaque
1536 2755 1812 2824 dilectio
1845 2777 1997 2824 eam
2031 2755 2417 2845 epistolam,
2461 2775 2671 2840 quam

151 2858 315 2910 nunc
361 2843 588 2913 direxi
636 2865 759 2933 pro
814 2843 1155 2912 voluntate
1201 2844 1662 2932 Imperatori5‚
1718 2845 1782 2912 ei
1829 2843 1992 2913 dare
2040 2844 2333 2913 studeat.
2371 2849 2539 2913 Nam
2587 2841 2674 2910 de

150 2929 577 3019 subsequenti
613 2932 770 3001 talis
798 2932 933 3001 alia
968 2932 1485 3011 transmittetur,
1535 2932 1618 3001 de
1651 2954 1789 3019 qua
1818 2931 1971 3020 ejus
2005 2933 2330 3033 superbia
2364 2954 2498 3002 non
2534 2930 2675 3000 lae-

155 3024 325 3088 tetur.
366 3021 459 3090 Ad
514 3022 647 3090 hoc
700 3021 887 3089 enim
936 3042 1157 3106 usque
1220 3021 1542 3110 pervenit,
1581 3032 1657 3090 ut
1706 3021 1836 3091 sub
1885 3044 2243 3091 occastone
2291 3021 2674 3112 presbyteri

148 3103 416 3179 Joannis
465 3121 662 3200 gesta
695 3110 831 3178 hue
886 3109 1391 3189 transmitteret,
1458 3109 1529 3178 in
1579 3109 1835 3196 quibus
1885 3132 1955 3180 se
2005 3133 2176 3199 pene
2226 3131 2348 3200 per
2394 3130 2674 3179 omnem

149 3213 397 3266 versum
448 3199 979 3268 oecumenicum
1016 3198 1479 3288 patriarcham
1530 3199 1941 3268 nominaret.
1985 3198 2107 3268 Sed
2162 3221 2362 3289 spero
2411 3199 2482 3267 in
2531 3219 2674 3267 om·

149 3282 551 3440 tripotentem
607 3292 842 3368 Deum,
896 3288 1061 3373 quia
1108 3287 1507 3378 hypocrisin
1559 3287 1749 3357 illius
1817 3310 2114 3377 superna
2164 3288 2486 3378 majestas
2535 3285 2676 3355 dis-

149 3391 209 3439 so
240 3387 336 3444 vet
377 3376 438 3443 ’ἃ
497 3375 707 3444 Miror
753 3389 980 3444 autem
1030 3375 1212 3462 quod
1250 3375 1710 3444 ,dilectionem
1770 3387 1953 3445 tuam
2006 3376 2239 3446 fallere
2301 3375 2542 3466 potuit,
2597 3386 2677 3444 ut

149 3464 561 3546 permitteres
610 3463 888 3533 domino
949 3465 1353 3554 Imperatori
1411 3465 1836 3553 persuaderi,
1874 3468 2216 3552 quatenus
2255 3465 2340 3533 ad
2391 3485 2500 3532 me
2547 3486 2676 3533 sua

149 3551 380 3641 scripta
417 3553 509 3622 de
558 3553 690 3622 hac
722 3575 934 3622 causa
967 3554 1476 3635 transmitteret,
1514 3554 1582 3621 in
1618 3553 1876 3639 quibus
1924 3554 2343 3633 admoneret,
2387 3566 2464 3621 ut
2511 3574 2674 3621 cum

148 3655 214 3706 eo
242 3661 479 3729 pacem
533 3642 787 3711 habere
826 3641 1246 3713 debuissem.
1285 3643 1415 3725 Qui
1464 3642 1522 3712 si
1568 3643 1914 3734 justitiam
1967 3656 2190 3712 tenere
2248 3641 2415 3722 vult,
2472 3640 2672 3710 illum

147 3724 360 3824 debuit
389 3730 795 3810 admonere,
830 3745 908 3800 ut
954 3754 1027 3800 se
1073 3754 1115 3800 a
1162 3732 1462 3820 superbo
1513 3730 1843 3800 vocabulo
1890 3742 2376 3823 compesceret,
2414 3740 2479 3798 et
2521 3752 2679 3820 pro-

150 3823 315 3887 tinus
355 3820 542 3888 inter
592 3841 716 3889 nos
764 3819 953 3889 fieret
1000 3842 1153 3909 pax„
1194 3826 1448 3889 Tamen
1498 3842 1631 3907 qua
1681 3819 2054 3890 calliditate.
2100 3843 2141 3889 a
2170 3819 2516 3911 praedicto
2548 3817 2683 3888 fra-

152 3911 233 4002 tre
276 3922 515 3979 nostro
566 3913 831 3977 Joanne
879 3908 1134 3979 factum
1168 3911 1279 3991 sit,
1311 3922 1388 3978 ut
1435 3909 1777 4000 suspicor,
1814 3908 2101 3979 minime
2150 3908 2513 3999 pensastis.
2568 3907 2682 3977 Id-

155 4010 306 4064 ctrco
352 3998 549 4067 enirn
605 3997 729 4067 hoc
779 3996 895 4067 ille
952 3998 1129 4079 fecit,
1183 4011 1262 4068 ut
1324 4009 1443 4067 aut
1489 3997 1848 4067 audiretur
1895 3997 2230 4070 dominus‘
2270 4002 2673 4087 Imperator,

152 4090 205 4147 et
240 4083 348 4154 ille
389 4086 465 4155 in
499 4107 632 4156 sua
679 4087 974 4156 vanitate
1018 4087 1468 4158 confirmatus
1503 4109 1652 4156 esse
1685 4086 2067 4156 videretur:
2122 4098 2240 4156 aut
2288 4108 2427 4155 non
2477 4110 2518 4155 a
2568 4107 2678 4155 me

157 4171 506 4265 audiretur,
557 4186 623 4243 et
669 4177 819 4263 ejus
866 4176 1145 4248 animus
1192 4189 1432 4247 contra
1480 4197 1588 4245 me
1638 4176 2043 4245 irritaretur.
2081 4176 2208 4246 Sed
2259 4197 2384 4246 nos
2416 4186 2676 4244 rectam

155 4274 300 4358 vlam
350 4263 772 4347 tenebimus,
808 4265 982 4335 nihil
1024 4266 1093 4334 in
1138 4266 1264 4336 hac
1293 4287 1506 4335 causa
1537 4264 1752 4345 aliud,
1804 4265 1940 4336 nisi
1968 4265 2507 4355 omnipotentem
2544 4270 2671 4332 Do-

150 4363 395 4422 minum
430 4364 842 4424 metuentes.
871 4354 1059 4425 Unde
1090 4366 1206 4425 tua
1234 4355 1508 4425 dilectio
1541 4355 1610 4424 in
1646 4353 1842 4424 nullo
1870 4354 2181 4446 trepidet.
2217 4351 2465 4423 Omnia
2493 4373 2669 4439 quae

188 4464 212 4486 ’
236 4465 344 4510 vido
362 4469 492 4511 infra
509 4469 533 4522 ἦ
553 4470 609 4512 48
625 4471 916 4513 obstinatum
928 4472 980 4514 in
1000 4472 1224 4522 superbia
1236 4473 1466 4515 «Ioannem
1490 4472 1649 4515 substa
1665 4472 1827 4524 psallo
1845 4474 1955 4524 post
1971 4474 2123 4515 morte
2140 4480 2436 4522 percussum.

284 4556 528 4616 surius
543 4587 571 4602 -
600 4556 759 4621 Vitae
782 4558 892 4622 88.
918 4589 941 4604 -
961 4557 1087 4619 Vol.
1129 4558 1234 4619 m.
2438 4553 2511 4616 13
