3327 4999
659 322 783 388 ⁴94
1463 337 1543 385 nn
1591 339 1646 386 s.
1699 334 2012 385 caesonio
2059 335 2218 383 PAPA
2727 319 2975 385 MART.
3033 321 3114 385 42

561 419 635 488 in
672 421 799 491 hoc
847 419 1079 490 seculo
1112 417 1291 487 videt
1321 418 1458 487 alta
1502 439 1651 489 esse
1700 430 1939 488 contra
1987 417 2359 497 veritatem,
2399 437 2523 506 pro
2558 416 2835 487 veritate
2877 416 3115 518 despi-

561 509 720 590 ciat,
764 521 830 578 et
876 507 1367 597 omnipotentis
1416 507 1532 575 Dei
1580 505 1802 597 gratia
1848 518 2054 592 atque
2101 505 2281 576 beati
2326 505 2506 574 Petri
2557 505 2856 596 Apostoli
2901 506 3116 597 adju-

560 598 733 668 torio
781 595 1107 668 confidat.
1143 601 1384 665 Vocem
1451 594 1749 664 veritatis
1799 593 2071 675 recolat,
2114 594 2442 664 dicentis:
2495 596 2713 685 Major
2759 599 3012 686 estqui
3047 599 3118 668 in

558 688 745 756 vobis
789 697 885 756 est
918 708 1123 776 quam
1151 686 1273 775 qui
1307 686 1378 753 in
1414 685 1660 753 mundo
1691 684 1751 773 (l
1795 688 1990 753 Joan.
2049 681 2183 771 1v):
2236 694 2301 753 et
2348 682 2421 752 in
2480 682 2609 752 hac
2655 706 2868 753 causa
2913 684 3119 771 quic-

557 775 724 861 quid
760 774 1108 875 agendum
1141 782 1267 853 est,
1313 793 1473 841 cum
1524 793 1804 841 summa
1849 772 2253 843 auctoritate
2285 783 2467 863 agat.
2514 776 2883 859 Postquam
2916 774 3111 842 enim

558 862 834 933 defendi
882 863 968 932 ab
1018 861 1457 931 inimicorum
1502 859 1755 952 gladiis
1806 861 1998 930 nullo
2047 860 2251 930 modo
2302 882 2702 950 possumuS,
2741 873 3112 951 postquam

562 974 686 1043 pro
741 972 975 1021 amore
1021 950 1119 1019 rei
1169 949 1487 1041 publicae
1544 959 1943 1051 argentum,
2008 971 2286 1031 aurum,
2347 949 2701 1039 mancipia
2749 962 3113 1038 vestesque

561 1040 1016 1131 perdidimuS‚
1071 1038 1281 1109 nimis
1315 1038 1856 1130 ignominiosum
1886 1050 2010 1120 est,
2048 1050 2126 1108 ut
2175 1060 2295 1129 per
2330 1059 2446 1107 eos
2475 1038 2683 1107 etiam
2712 1038 2916 1109 fidem
2953 1062 3109 1197 per-

560 1129 837 1200 damus.
887 1129 971 1198 In
1018 1129 1147 1217 isto
1194 1127 1379 1197 enim
1430 1127 1714 1199 scelesto
1754 1125 2085 1197 vocabulo
2130 1126 2539 1208 consentire,
2576 1126 2752 1195 nihil
2784 1141 2952 1198 esta
2984 1129 3112 1199 iud

561 1240 771 1305 quam
822 1216 1029 1287 fidem
1079 1217 1383 1306 perdere.
1424 1217 1614 1286 Unde
1645 1216 1824 1288 sicut
1859 1216 2008 1306 jam
2059 1215 2419 1287 transactis
2465 1215 2778 1307 epistolis
2824 1217 3104 1309 scripsi,

561 1329 723 1376 curn
771 1328 851 1375 eo
900 1327 1285 1393 numquam
1338 1305 1704 1396 procedere
1751 1307 2254 1395 praesumas.»

648 1397 685 1482 ξ
744 1398 912 1467 39.
968 1400 1044 1464 At
1091 1417 1244 1465 vero
1289 1401 1613 1476 Joannes,
1680 1415 1894 1463 novae
1952 1394 2535 1484 praesumptionis
2583 1393 2922 1476 inventor,
2975 1395 3107 1464 ubi

560 1484 959 1553 Mauritium
1018 1488 1148 1553 Deo
1196 1482 1586 1565 adversum,
1633 1483 1954 1574 Gregorio
2001 1504 2160 1553 cum
2227 1482 2374 1552 suis
2432 1482 2897 1573 complicibus
2941 1482 3105 1553 fecit

556 1571 932 1653 infensum,
969 1594 1257 1642 cernens
1308 1571 1767 1642 Constantiam
1819 1570 2331 1673 Imperatricem
2382 1571 2537 1641 totis
2574 1572 2940 1643 conatibus
2973 1577 3107 1642 Ro-

559 1683 805 1730 manae
854 1660 1192 1732 Ecclesiae
1247 1660 1581 1731 servanda
1630 1660 1986 1751 privilegia
2034 1659 2344 1741 suadere,
2404 1660 2685 1747 quantis
2731 1660 2946 1730 valuit
2995 1684 3112 1730 ar-

557 1749 746 1821 tibus
794 1750 1120 1831 incitavit,
1182 1760 1259 1819 ut
1308 1773 1429 1840 pro
1484 1763 1583 1818 ter
1627 1771 1805 1831 eam,
1857 1771 2067 1836 quam
2116 1750 2189 1818 in
2257 1750 2586 1818 honorem
2637 1749 2857 1819 sancti
2905 1749 3108 1819 Pauli

559 1838 852 1929 apostoli
901 1838 973 1907 in
1023 1838 1277 1908 Palatio
1325 1860 1404 1908 ae
1458 1838 1731 1908 ificabat
1778 1838 2161 1919 ecclesiam,
2205 1860 2246 1906 a
2294 1837 2616 1928 Gregorio
2658 1850 2871 1927 caput
2915 1838 3111 1929 ejus-

560 1926 716 1995 dem
755 1926 1074 2018 Apostoli,
1119 1938 1236 1996 aut
1282 1927 1470 1997 aliud
1521 1927 1689 2014 quid
1722 1926 1808 1996 de
1841 1926 2061 2018 ipsius
2108 1947 2391 2017 corpore
2437 1926 2569 1996 sibi
2619 1926 2826 2017 dirigi
2873 1938 3109 2017 postu-

565 2015 757 2085 laret.
805 2021 1022 2098 Quam
1089 2014 1532 2085 calliditatem
1583 2015 2024 2085 beatissimus
2082 2020 2264 2104 Papa
2308 2037 2389 2084 co
2444 2037 2756 2095 noscenS,
2801 2020 3112 2106 Impera·
3159 2056 3164 2065 -

563 2104 754 2174 tricis
786 2105 1018 2173 animo
1060 2104 1281 2174 taliter
1328 2103 1693 2175 satisfecit:
1749 2108 1982 2173 «Dum
2034 2103 2148 2172 illa
2178 2103 2349 2172 mihi
2435 2103 2850 2176 esiderarem
2886 2104 3111 2195 impe-

560 2193 724 2275 rari,
770 2192 855 2262 de
900 2193 1156 2280 quibus
1202 2191 1605 2263 facillimam
1654 2192 2112 2279 obedientiam
2160 2192 2521 2274 exhibenS,
2581 2205 2873 2262 vestram
2934 2214 3106 2294 erga

559 2303 671 2350 me
720 2281 1092 2382 potuissem
1144 2283 1433 2372 gratiam
1483 2281 1788 2372 amplius
1851 2302 2254 2372 provocare,
2324 2279 2547 2368 major
2595 2303 2705 2350 me
2756 2281 3103 2351 moestitia

561 2382 777 2440 tenuit
822 2371 1004 2457 quod
1048 2369 1165 2439 illa
1206 2371 1599 2461 praecipitis
1623 2393 1800 2457 quae
1847 2369 2066 2440 facere
2115 2391 2238 2440 nec
2288 2391 2596 2459 possum,
2634 2391 2758 2439 nec
2790 2369 3100 2440 audeo*.

556 2463 725 2529 Nam
773 2481 1063 2550 corpora
1109 2471 1502 2530 sanctorum
1553 2460 1730 2529 Petri
1762 2471 1827 2530 et
1875 2458 2068 2529 Pauli
2113 2458 2605 2550 apostolorum,
2647 2458 2857 2529 tantis
2883 2459 2954 2529 in
2986 2481 3107 2530 ec-

556 2548 785 2620 clesiis
833 2549 979 2620 suis
1025 2560 1392 2618 coruscant
1450 2548 1808 2618 miraculis
1867 2561 2069 2635 atque
2117 2548 2533 2628 terroribus,
2601 2560 2680 2618 ut
2730 2569 2956 2634 neque
3001 2550 3096 2619 ad

556 2638 897 2707 orandum
962 2637 1111 2706 sine
1168 2659 1418 2738 magno
1478 2636 1643 2706 illuc
1693 2637 1936 2706 timore
1984 2637 2199 2728 possit
2243 2637 2503 2706 accedi.
2566 2636 2875 2723 Denique
2921 2637 3098 2708 dum

554 2725 791 2796 beatae
850 2725 1339 2796 recordationis
1389 2726 1707 2797 decessor
1755 2748 1974 2806 meuS,
2028 2726 2189 2812 quia
2238 2738 2598 2816 argentum
2649 2725 2834 2812 quod
2883 2748 3107 2817 supra

559 2814 1104 2886 sacratissimum
1152 2836 1403 2905 corpus
1451 2815 1672 2883 sancti
1719 2814 1895 2884 Petri
1931 2814 2223 2906 apostoli
2267 2826 2434 2895 erat,
2469 2813 2580 2884 lon
2635 2837 2671 2884 e
2719 2826 2952 2885 tamen
3009 2815 3100 2885 ab

556 2903 796 2973 eodem
828 2924 1133 2993 corpore,
1174 2901 1311 2973 fere
1356 2903 1756 2991 quindecim
1806 2903 2122 2994 pedibus,
2177 2916 2445 2973 mutare
2507 2924 2588 2971 vo
2622 2902 2743 2984 uit,
2806 2903 3094 2994 signum

558 2992 621 3061 ei
669 3013 805 3061 non
854 2992 1044 3081 parvi
1093 2992 1370 3062 terroris
1415 2992 1760 3083 apparuit.
1816 2992 1943 3062 Sed
2003 3005 2068 3062 et
2114 3014 2239 3082 ego
2304 2990 2563 3079 aliquid
2615 2991 2940 3062 similiter
3007 2992 3098 3061 ad

559 3079 1101 3153 sacratissimum
1165 3103 1419 3172 corpus
1477 3081 1695 3152 sancti
1761 3081 1937 3151 Petri
1993 3081 2282 3172 apostoli
2338 3080 2699 3150 meliorare
2758 3081 2986 3150 volui:
3039 3093 3107 3151 et

556 3169 722 3257 quia
768 3190 1044 3238 necesse
1088 3181 1254 3245 erat.
1290 3182 1367 3239 ut
1404 3171 1603 3258 juxta
1652 3169 2049 3260 sepulcrum
2098 3169 2437 3259 ejusmodi
2484 3168 2691 3238 effodi
2725 3169 2935 3239 altius
2981 3168 3106 3240 de-

559 3257 845 3339 buisset,
906 3259 1336 3348 praepositus
1396 3259 1529 3329 loci
1584 3258 1776 3328 illius
1820 3280 1978 3329 ossa
2024 3258 2280 3345 aliqua,
2353 3280 2488 3327 non
2537 3257 2824 3345 quidem
2873 3257 3100 3327 eidem

558 3346 873 3438 sepulcro
920 3347 1308 3436 conjuncta,
1373 3348 1646 3439 reperit.
1705 3352 1892 3431 Quae
1938 3349 2267 3434 quoniam
2326 3346 2549 3417 levare
2601 3347 3093 3438 praesumpsit,

562 3448 767 3523 atque
815 3436 885 3503 in
935 3435 1150 3505 alium
1200 3436 1428 3506 locum
1479 3450 1946 3527 transponere,
1985 3435 2477 3528 apparentibus
2524 3435 2950 3522 quibusdam
2986 3437 3113 3506 tri-

559 3525 784 3597 stibus
849 3523 1109 3616 signis,
1172 3525 1403 3596 subita
1448 3537 1662 3594 morte
1709 3525 2075 3595 defunctus
2121 3537 2244 3595 est.
2312 3529 2580 3593 Praeter
2638 3524 2808 3594 haec
2867 3535 3107 3594 autem

558 3625 835 3684 sanctae
873 3612 1244 3684 memoriae
1276 3614 1592 3683 decessor
1632 3636 1830 3684 meus
1879 3613 2058 3683 idem
2086 3614 2172 3683 ad
2221 3634 2473 3703 corpus
2498 3613 2715 3684 sancti
2747 3613 3113 3688 Laurentii.

559 3703 884 3792 martyris
930 3702 1267 3790 quaedam
1320 3703 1679 3772 meliorare
1730 3703 2154 3783 desideranS‚
2207 3702 2375 3772 dum
2426 3703 2730 3771 nescitur
2779 3703 2903 3771 ubi
2949 3724 3116 3771 cor-

555 3813 692 3882 pus
735 3802 909 3863 esset
956 3791 1340 3861 venerabile
1386 3792 1820 3871 collocatum,
1861 3791 2182 3862 effoditur
2227 3791 2673 3877 exquirendO,
2736 3805 2803 3861 et
2868 3791 3114 3862 subito

557 3879 952 3971 sepulcrum
983 3880 1153 3970 ipsis
1181 3880 1577 3971 ignoranter
1607 3893 1924 3970 apertum
1957 3893 2080 3951 est.
2109 3885 2186 3949 Et
2216 3880 2290 3949 hi
2321 3879 2441 3967 qui
2473 3892 2868 3970 praesentes
2902 3893 3117 3953 erant

518 3980 759 4056 ,atque
809 3968 1210 4039 laborabant
1257 3970 1575 4039 monachi
1625 3982 1690 4038 et
1740 3969 2211 4048 mansionarii,
2267 3968 2433 4055 quia
2480 3989 2735 4059 corpus
2783 3967 3118 4057 ejusdem

555 4058 881 4148 martyris
910 4057 1226 4127 viderunt
1271 4059 1454 4145 quod
1488 4057 1770 4146 quidem
1824 4071 2098 4149 tangere
2127 4057 2410 4126 minime
2493 4068 3103 4147 raesumpserunt‚

556 4168 796 4216 omnes
842 4146 1022 4215 intra
1067 4147 1302 4216 decem
1348 4147 1496 4218 dies
1542 4145 1851 4215 defuncti
1886 4159 2070 4229 sunt,
2108 4145 2198 4215 ita
2233 4158 2307 4215 ut
2349 4080 2583 4215 nuilus
2623 4144 2799 4215 vitae
2847 4168 3116 4236 super—

556 4257 708 4307 esse
757 4235 1084 4326 potuisset
1129 4235 1251 4323 qui
1290 4236 1501 4305 semel
1541 4236 1812 4326 justum
1862 4257 2115 4325 corpus
2161 4235 2354 4305 illius
2402 4235 2683 4304 viderat.
2725 4256 2762 4301 »

648 4326 686 4413 ἓ
745 4327 911 4398 40.
967 4328 1343 4415 Cognoscat
1374 4335 1601 4394 autem
1637 4323 2212 4410 tranquillissima
2240 4324 2544 4405 domina,
2574 4322 2740 4410 quia
2771 4324 3124 4397 Romanis

608 4443 634 4466 ⁶
663 4442 757 4484 cm·
772 4442 1039 4493 postulates
1056 4441 1283 4492 reliquias
1300 4439 1348 4483 Β.
1370 4441 1506 4483 Pauli
1521 4441 1736 4492 Apostoli
1763 4440 2023 4495 Gregorius
2043 4444 2278 4494 Augustae
2297 4452 2393 4484 non
2412 4440 2713 4485 concesserit.
