3327 4999
662 334 793 399 682
1319 352 1399 397 nr.
1445 352 1501 399 s.
1556 348 1851 399 nannoni:
1898 347 2121 399 conon.
2174 347 2373 398 muso.
2657 330 2763 397 EX
2809 330 2986 398 OCT.
3049 333 3127 397 tt

575 443 655 503 ut
693 454 818 522 pro
865 431 953 503 iis
989 431 1221 513 etiam,
1273 431 1535 517 quibus
1573 452 1893 500 amarum
1935 429 2198 517 aliquid
2241 452 2365 520 pro
2411 429 2742 517 qualitate
2785 429 3139 501 factorum

577 520 966 592 necessario
1024 518 1396 601 inferebat,
1449 519 1598 610 ipse
1663 518 2056 607 frequenter
2100 541 2334 589 amare
2399 519 2630 589 fleret:
2683 518 2780 588 ita
2823 519 3139 609 gaudere

583 631 745 680 cum
780 608 1267 701 gaudentibus,
1321 630 1482 678 cum
1533 608 1861 679 flentibus
1909 607 2073 677 flere
2104 606 2481 677 consuevit.
2526 612 2693 678 Nam
2726 621 2794 677 et
2837 608 2962 695 qui
2996 608 3136 678 hoc

581 698 775 778 dixit,
829 696 1202 785 quemdam
1264 707 1541 768 satanae
1606 696 1680 766 in
1740 695 2098 766 interitum
2174 696 2406 766 carnis
2456 695 2722 766 tradere
2760 696 2997 787 jussit,
3054 707 3140 766 ut

580 786 875 877 spiritus
920 786 990 854 in
1041 786 1153 855 die
1201 785 1471 854 Domini
1520 784 1753 855 salvus
1784 806 1934 855 esse
1979 784 2219 875 possit.
3223 850 3235 861 ,

656 878 704 1030 3
772 879 934 946 ²9.
987 878 1145 944 Erat
1200 873 1273 942 in
1322 873 1880 944 occidentalibus
1935 872 2273 943 Lotharici
2342 871 2535 962 regni
2600 871 2865 942 finibus
2939 872 3135 942 velut

576 963 650 1031 in
706 962 920 1032 omita
951 961 1327 1042 barbarieS,
1386 983 1468 1032 ea
1497 984 1675 1049 quae
1720 960 2081 1032 videbatur
2127 960 2466 1030 Ecclesiae
2508 959 2755 1061 proleS‚
2807 959 3128 1030 felicitati

576 1050 900 1119 invidens
958 1048 1247 1130 alienae,
1314 1071 1442 1120 nec
1488 1052 1727 1121 minus
1793 1049 2004 1120 saluti
2051 1070 2259 1120 suae:
2335 1049 2729 1140 despiciens
2793 1061 3133 1149 paternae

575 1138 1057 1208 blandimenta
1085 1138 1598 1220 exhortationis,
1643 1150 1972 1209 terrorem
2007 1137 2115 1207 vix
2147 1137 2447 1209 sentiens
2496 1148 2870 1227 potestatis.
2898 1137 3035 1220 Qui
3067 1137 3131 1206 si

566 1227 717 1318 juri
764 1248 892 1297 suo
940 1228 1520 1316 permitterentur,
1572 1227 1721 1297 suis
1767 1226 2094 1316 perversi,
2147 1225 2602 1316 sibimetipsis
2660 1225 2967 1316 pessimi,
3031 1225 3130 1295 vi·

579 1314 931 1385 derentur.
975 1315 1099 1386 Ille
1131 1337 1289 1386 vero
1335 1326 1493 1385 ante
1523 1316 1757 1385 omnia
1807 1314 2090 1404 provido
2141 1335 2315 1386 usus
2358 1326 2461 1385 est
2505 1313 2980 1384 moderamine
3012 1313 3127 1382 di-

575 1403 960 1485 scretioniS,
998 1414 1077 1474 ut
1130 1425 1252 1494 pro
1299 1404 1629 1492 qualitate
1677 1403 1987 1473 locorum
2033 1413 2100 1473 et
2131 1415 2547 1493 temporum,
2587 1402 2657 1472 in
2701 1402 3126 1494 praelatione
3175 1445 3192 1457 .

578 1503 959 1581 pastorum,
1012 1492 1097 1562 ad
1148 1492 1641 1584 sapientissimi
1689 1491 2131 1581 Imperatoris
2180 1490 2395 1561 nostri
2436 1491 2837 1582 imperium,
2891 1490 3120 1561 Domi*

577 1580 719 1649 nici
765 1580 994 1672 gregis
1042 1581 1198 1672 paci
1242 1592 1325 1651 et.
1355 1579 1847 1668 tranquillitati,
1880 1580 2311 1649 consuleret:
2375 1578 2533 1648 illos
2578 1578 2915 1650 nimirum
2965 1601 3126 1649 cae-.-

578 1669 742 1738 teris
789 1668 1203 1760 praeferenS,
1254 1669 1512 1756 quibus
1559 1680 1998 1756 nequaquam
2043 1678 2223 1738 esset
2267 1668 2726 1769 incognitum,
2774 1667 2949 1824 gum
3004 1689 3126 1757 pa·

578 1757 782 1827 storis
819 1768 997 1829 esset
1042 1757 1373 1838 officium,
1428 1756 1600 1843 quid
1646 1755 2053 1826 mercenarii
2100 1767 2278 1826 esset
2331 1757 2603 1838 vitium,
2647 1756 2770 1843 qui
2863 1757 2933 1824 in
2987 1756 3125 1825 mi·

576 1846 858 1915 nisterio
905 1859 1247 1937 suscept0‚
1302 1846 1470 1933 quid
1518 1846 1589 1915 in
1639 1845 1926 1935 angaria
1977 1856 2098 1915 aut
2142 1843 2493 2001 agendum
2539 1857 2741 1925 esset,
2793 1855 2916 1914 aut
2965 1866 3130 1934 spe·-

576 1934 901 2004 randum:
953 1935 1147 2015 alios,
1201 1946 1276 2004 ut
1328 1934 1529 2021 quasi
1575 1935 1879 2005 cortinae
1927 1933 2203 2021 hyacint
2257 1933 2414 2002 inae
2477 1933 2802 2002 interiora
2867 1932 3129 2003 domus

579 2023 850 2091 Domini
896 2019 1256 2092 ornarent:⁴
1310 2022 1505 2104 alios,
1558 2033 1636 2091 ut
1672 2020 1871 2109 quasi
1912 2043 2076 2123 saga
2106 2020 2385 2091 cilicina
2422 2021 2677 2090 deforis
2726 2021 3130 2092 violentiam

580 2122 1063 2201 tempestatum
1111 2123 1444 2181 arcerent.
1501 2111 1692 2182 Libet
1744 2111 2142 2194 meminisse
2187 2109 2538 2195 quoddam
2582 2109 2803 2199 hujus
2859 2109 2956 2199 pii
3005 2131 3132 2199 pa·
3175 2119 3184 2126 '

579 2200 703 2269 tris
802 2199 948 2269 ium
997 2212 1061 2269 et
1108 2198 1456 2272 laudabile
1503 2198 1786 2279 factum,
1838 2198 2024 2286 quod
2074 2199 2144 2266 in
2187 2197 2360 2287 ipsis
2410 2197 2775 2268 sacerdotii
2821 2198 2932 2267 sui
2983 2198 3127 2288 pri-

581 2310 734 2356 mor
786 2287 893 2368 iis,
946 2298 1024 2357 ut
1052 2310 1175 2378 pro
1225 2287 1415 2358 luctu
1460 2310 1494 2357 s
1547 2287 1848 2374 irituque
1895 2286 2249 2368 moeroris,
2306 2287 2377 2355 in
2436 2307 2925 2375 oppressorum
2976 2307 3130 2356 cor-

579 2375 788 2447 dibus
831 2376 1154 2446 excitaret
1187 2398 1382 2467 spem
1430 2310 1697 2457 salutiS,
1750 2374 2054 2445 effecisse
2083 2374 2546 2475 cognoscitur:
2597 2375 2920 2462 quamvis
2962 2375 3131 2444 hoc-

578 2463 808 2555 ipsum
859 2465 946 2536 ob
993 2464 1299 2556 inopiam
1351 2476 1531 2535 recte
1584 2463 2040 2535 dividentium
2076 2519 2092 2545 ,
2146 2462 2427 2554 linguae
2491 2463 2949 2534 calumnianti
2998 2462 3131 2534 fuit

577 2554 979 2624 obnoxium.
1019 2554 1192 2638 Quid
1242 2555 1426 2624 enim
1479 2576 1615 2624 non
1667 2553 1987 2644 pervertit
2033 2551 2432 2634 invidentia,
2473 2573 2611 2641 qua
2661 2552 2856 2623 nulla
2903 2553 3129 2644 maior

582 2642 856 2713 videtur
892 2665 1042 2713 esse
1089 2643 1439 2712 amentia?

666 2734 703 2818 ξ
767 2735 940 2803 81).
995 2730 1205 2801 Multa
1251 2742 1415 2801 sunt
1460 2741 1524 2799 et
1600 2751 1812 2821 prope
1883 2728 2156 2799 infinita
2219 2749 2396 2815 quae
2443 2728 2514 2797 in
2566 2728 2798 2809 brevi,
2854 2750 2993 2797 non
3047 2729 3118 2797 in

575 2819 1093 2890 Lotharicorum
1160 2817 1638 2889 tantummodo
1689 2817 1967 2908 popu10‚
2020 2838 2228 2904 quem
2277 2818 2426 2907 ipse
2486 2817 2838 2907 exintegro
2887 2838 3129 2887 susce-

573 2919 768 2997 perat
813 2906 1347 3008 gubernandum
1380 2961 1395 2987 ,
1448 2927 1656 2992 quem
1729 2906 1992 2984 etiam,
2029 2926 2111 2974 ex
2157 2905 2422 2976 inculto
2486 2917 2552 2974 et
2596 2904 2740 2974 fero
2845 2916 3124 2975 acatum

573 2995 874 3065 reddidit
909 3006 975 3064 et
1022 3004 1489 3064 mansuetum:
1541 2992 1661 3063 sed
1709 2993 1918 3063 etiam
1966 3014 2090 3083 per
2147 3004 2367 3065 totum
2418 3015 2712 3084 regnum
2762 3016 2807 3082 g
2835 2993 3122 3063 oriosis-

573 3083 732 3154 simi
782 3081 1247 3171 Imperatoris,
1301 3082 1371 3150 in
1405 3082 1522 3151 Dei
1581 3081 1790 3152 rebus
1822 3091 1906 3151 et
1952 3081 2174 3150 salute
2235 3082 2443 3153 totius
2485 3081 2726 3172 populi
2782 3082 3125 3163 strenuis·

571 3172 746 3239 sime
791 3183 1115 3258 operatus
1160 3181 1283 3241 est.
1336 3175 1494 3239 Erat
1530 3170 1719 3239 enim
1751 3170 1977 3240 eidem
1997 3170 2285 3240 omnino
2325 3170 2721 3241 communis
2753 3191 2925 3239 cura
2955 3193 3124 3242 cum

573 3259 842 3328 seniore
886 3270 952 3328 et
997 3280 1329 3349 germano
1378 3281 1527 3339 suo,
1582 3280 1883 3346 quorum
1947 3268 2237 3346 uterque
2284 3258 2368 3327 de
2414 3258 2628 3328 altero
2678 3259 2924 3328 merito
2971 3258 3125 3349 glo-

570 3347 885 3417 riabatur
929 3346 1001 3415 in
1055 3348 1361 3418 Domino,
1408 3352 1762 3418 Praeterea
1801 3347 2174 3429 Lotarium,
2227 3347 2484 3417 sororis
2532 3368 2695 3418 suae
2743 3345 2997 3431 filium,
3042 3346 3128 3416 de

576 3436 863 3523 antiqua
910 3440 1173 3526 Regum
1218 3435 1541 3527 prosapia
1586 3448 1842 3517 ortum,
1879 3458 2041 3506 cum
2072 3459 2114 3504 a
2160 3436 2461 3507 sobrinis
2494 3436 2641 3508 suis
2689 3434 3132 3505 vehementer

576 3535 754 3594 esset
800 3546 1212 3616 oppressuS,
1270 3523 1561 3595 mirifice
1606 3525 1788 3594 eruit
1834 3534 1900 3594 et
1944 3524 2300 3605 exaltavit,
2367 3546 2492 3593 nec
2537 3524 2853 3605 cessavit,
2907 3524 3130 3594 donec

572 3614 644 3681 in
698 3613 926 3684 locum
977 3614 1192 3704 patris
1239 3615 1351 3683 sui
1398 3618 1651 3705 Regem
1702 3612 2080 3694 constituit,
2133 3634 2213 3682 ac
2242 3612 2539 3713 majores
2585 3612 2739 3701 ipso
2787 3613 3131 3703 potentio·

571 3723 819 3789 resque
865 3702 1176 3793 Hugonis
1223 3702 1445 3783 filios,
1498 3723 1878 3789 omnesque
1926 3701 2118 3772 illius
2160 3722 2373 3791 -regni
2434 3700 2786 3791 principes
2832 3701 2966 3770 sub
3007 3702 3133 3790 ju-

579 3812 748 3946 {um
795 3791 947 3891 eJus
996 3791 1271 3860 stravit:
1326 3791 1419 3859 ita
1467 3789 1898 3880 prospiciens
1946 3789 2330 3869 universis,
2395 3800 2473 3858 ut
2542 3789 2674 3859 sub
2719 3789 2936 3858 unius
2984 3810 3136 3858 mo·

632 3899 939 3948 eramme
994 3878 1293 3968 imperii,
1345 3900 1586 3949 omnes
1633 3878 1891 3967 pariter
1936 3889 2002 3947 et
2033 3878 2119 3946 ab
2177 3876 2493 3947 hostibus
2550 3877 2678 3946 tuti
2724 3888 2790 3947 et
2836 3877 3015 3946 inter
3059 3899 3138 3947 se

573 3966 865 4036 invicem
900 3979 1181 4057 possent
1224 3973 1374 4036 esse
1422 3967 1671 4056 pacati.
1717 3966 2042 4035 Imminet
2072 3985 2282 4055 regno
2330 3965 2434 4034 illi
2463 3965 2651 4053 quod
2688 3964 3128 4034 reticendum

574 4076 712 4124 non
759 4067 885 4133 est,
942 4076 1142 4124 saeva
1188 4055 1442 4136 clades,
1504 4061 2091 4125 Nortmannorum
2138 4074 2348 4145 genS‚
2402 4053 2782 4141 quibus-in
2837 4053 3131 4143 piratico

578 4142 937 4212 latrocinio
986 4164 1123 4211 non
1176 4155 1338 4213 sunt
1383 4143 1503 4212 alii
1550 4142 2076 4214 exercitatiores.
2137 4141 2261 4212 His
2315 4162 2395 4211 ex
2442 4163 2698 4232 magna
2737 4141 2887 4229 jam
2938 4152 3130 4231 parte

579 4229 834 4331 praeda
863 4243 1010 4301 erat
1061 4232 1380 4322 populuS‚
1413 4231 1844 4302 dissensione
1890 4244 1956 4300 et
1986 4230 2172 4300 civili
2211 4229 2515 4320 pernicie
2563 4241 2905 4301 assuetus.
2933 4229 3128 4311 Quod

580 4319 722 4390 1llis
760 4318 1213 4410 superfuerat,
1245 4320 1423 4390 inter
1463 4342 1536 4391 se
1567 4319 1945 4390 domestica
1978 4319 2313 4389 seditione
2342 4318 2943 4408 consumpserant.
2979 4317 3133 4407 Egit

582 4419 814 4479 autem
880 4408 1165 4501 provida
1230 4409 1654 4501 dispensatio
1723 4408 2008 4481 rectoris
2074 4407 2335 4490 nostri,
2400 4418 2476 4478 ut
2523 4406 2611 4477 ad
2677 4428 2749 4477 se
2791 4405 2993 4495 quasi
3035 4406 3127 4476 ad
