3327 4999
702 302 787 366 86
1498 319 1577 365 ns
1625 321 1683 367 s.
1736 319 1949 367 raom
1995 319 2315 375 somnne
2813 301 3051 368 MART.
3098 301 3130 366 7

611 411 764 490 post
809 421 883 469 se
912 398 1142 468 ducat.
1196 404 1366 468 Tum
1412 398 1526 468 ille
1572 399 1659 469 ad
1711 404 1776 469 S.
1826 399 2156 470 Thomam
2211 422 2605 479 conversus,
2662 399 2908 470 obnixe
2955 422 3026 468 ro
3072 422 3134 467 a·

608 489 724 569 vit,
779 500 856 557 ut
907 488 1180 557 veniam
1226 488 1417 557 daret
1465 510 1630 558 suae
1676 488 1697 555 i
1756 490 2126 559 norantiae.
2181 488 2369 561 Cives
2417 500 2647 559 autem
2710 510 2870 558 cum
2934 510 3044 558 mu
3075 501 3131 557 ta

609 577 988 646 reverentia
1034 577 1259 645 virum
1318 577 1431 646 Dei
1479 598 1721 678 compe
1756 577 2012 658 lanteS,
2083 577 2613 648 sciscitabantur
2686 599 2813 647 cur
2862 577 3025 646 adeo
3070 599 3132 647 se

610 666 903 756 abjicere
949 665 1298 735 voluisset.
1337 666 1602 748 Quibus
1637 666 1751 734 ille
1779 666 2153 757 respondit:
2187 689 2222 733 «
2245 667 2617 738 Monastica
2648 666 2876 737 omnis
2912 665 3131 766 religio

612 767 886 825 sanctae
915 754 1341 824 obedientiae
1379 754 1607 824 studio
1657 756 2011 845 perficitur
2054 778 2193 843 qua
2221 755 2427 826 homo
2459 756 2723 825 homini
2766 777 2839 825 se
2878 755 3135 844 subjicit

612 856 891 933 propter
939 847 1152 912 Deum
1183 897 1199 924 ,
1259 843 1848 929 quemadmodum
1916 850 2093 914 Deus
2159 844 2311 934 ipse
2359 867 2431 916 se
2479 844 2883 914 bominibus
2946 846 3135 912 causa

613 931 857 1001 salutis
888 932 1237 1001 humanae
1286 932 1680 1002 submisit.»

699 1023 735 1107 ἓ
780 1025 913 1092 17.
966 1020 1318 1089 Praeclaro
1366 1020 1712 1111 imprimis
1751 1022 2028 1112 ingenio
2058 1044 2219 1090 eum
2266 1021 2501 1101 fuisse,
2543 1033 2809 1112 praeter
2857 1020 3127 1096 erudita,

608 1130 787 1195 quae
834 1119 1083 1189 extant,
1136 1110 1287 1199 ejus
1321 1110 1597 1200 scripta,
1652 1110 1859 1179 etiam
1909 1110 2082 1179 illud
2130 1110 2493 1180 confirmat
2540 1110 2723 1198 quod
2779 1107 3132 1198 aliquando

610 1197 681 1265 in
722 1197 1064 1285 colloquio
1111 1198 1437 1267 familiari
1501 1199 1650 1288 ipse
1705 1199 1960 1270 dixisse
2006 1199 2244 1280 fertur,
2315 1220 2389 1268 se
2450 1221 2834 1286 numquam
2905 1198 3133 1286 legisse

612 1286 869 1355 librum
898 1309 1105 1374 quem
1155 1308 1288 1356 non
1323 1288 1530 1356 etiam
1572 1287 2055 1359 intellexisset:
2105 1287 2290 1374 quod
2341 1302 2520 1358 certe
2569 1288 3131 1380 paucissimorum

610 1387 735 1445 est.
781 1376 1102 1446 Memoria
1150 1397 1307 1444 vero
1338 1376 1730 1462 usqueadeo
1777 1377 1999 1446 tenaci
2045 1376 2195 1457 fuit,
2249 1389 2326 1446 ut
2356 1377 2541 1464 quod
2591 1377 2797 1449 semel
2854 1377 3129 1466 legisset,

610 1463 812 1535 facile
845 1465 1078 1533 animo
1110 1464 1449 1534 retineret.
1503 1464 1777 1535 Referre
1806 1465 1890 1534 de
1950 1466 2066 1535 illo
2115 1465 2375 1534 solebat
2423 1465 2628 1534 frater
2678 1465 3129 1556 Reginaldus,

610 1553 914 1640 itemque
960 1552 1077 1622 alii
1126 1553 1312 1639 quod·
1358 1552 1442 1622 de
1488 1554 1778 1624 diversis
1833 1556 2038 1624 rebus
2085 1553 2360 1623 dictarit
2407 1555 2826 1642 quandoque
2881 1554 3127 1650 tribus,

613 1641 960 1711 interdum
1020 1663 1176 1711 vero
1223 1641 1427 1711 etiam
1480 1653 1776 1729 quatuor
1836 1643 2382 1713 amanuensibus
2434 1643 2576 1712 sive
2627 1642 2938 1712 librariis
2992 1662 3138 1710 scri·

614 1730 863 1800 benda.
917 1736 1092 1821 Erga
1125 1752 1462 1821 pauperes
1505 1743 1570 1799 et
1617 1733 1688 1800 in
1738 1745 2015 1821 peccata
2066 1732 2297 1831 lapsos
2343 1754 2422 1801 ex
2462 1732 2891 1812 infirmitate,
2947 1730 3138 1827 multa

608 1820 1212 1891 commiseratione
1267 1821 1688 1889 movebatur.
1744 1819 2052 1900 Divitias,
2108 1819 2264 1889 licet
2309 1821 2414 1889 vir
2459 1820 2844 1889 admodum
2905 1818 3133 1888 nobilis

615 1930 886 1999 genere,
929 1908 1129 1997 plane
1177 1907 1525 1978 fastidivit.
1563 1913 1781 1977 Iverat
1827 1907 2200 1996 aliquando
2231 1908 2316 1978 ad
2363 1922 2679 1979 sanctum
2720 1907 3130 1998 Dionysium,

614 2019 774 2066 curn
819 1996 1094 2068 Parisiis
1124 1995 1435 2087 *deget-et,
1474 1996 1559 2066 ad
1588 1996 1907 2067 visendas
1955 2019 2186 2068 sacras
2224 1997 2573 2085 reliquias:
2619 1998 2911 2087 jamque
2948 2015 3139 2064 rever-

617 2087 781 2156 tenti
820 2085 1268 2156 ostendebant
1316 2086 1480 2154 socii
1538 2086 1879 2155 civitatem
1936 2086 2414 2166 Parisiensem,
2477 2109 2767 2173 eamque
2833 2083 3135 2179 laudibus

614 2176 1003 2244 efferebant.
1056 2180 1228 2243 Tum
1295 2196 1451 2243 vero
1518 2174 1633 2244 ille
1680 2175 1814 2244 ait:
1870 2179 2011 2244 «At
2058 2196 2182 2264 ego
2233 2174 2506 2244 mallem
2540 2176 2714 2244 mihi
2762 2175 2949 2244 dono
3011 2173 3137 2240 dart

617 2264 1076 2351 Chrysostorni
1126 2263 1461 2332 Homilias
1508 2263 1577 2331 in
1620 2263 2058 2343 Matthaeum,
2089 2285 2296 2351 quam
2335 2264 2661 2333 Lutetiam
2704 2265 3130 2332 Parisiorum.

615 2357 920 2421 Honores
966 2353 1171 2421 etiam
1210 2351 1704 2441 amplissimos,
1742 2352 1922 2420 ultro
1962 2353 2094 2442 ipsi
2143 2352 2428 2434 oblatos,
2484 2352 2825 2441 respuit.»
2855 2353 3138 2422 Clemens

615 2442 766 2533 ejus
799 2441 1100 2512 nominis
1149 2446 1230 2510 1v
1271 2445 1625 2510 Romanus
1687 2440 1986 2511 Pontifex
2045 2441 2165 2529 qui
2215 2453 2530 2511 sanctum
2583 2441 2806 2511 virum
2861 2439 3132 2513 amabat,

613 2530 1290 2622 Archiepiscopatum
1340 2528 1862 2619 Neapolitanum
1919 2530 1982 2599 ei
2030 2530 2351 2609 tradidit;
2423 2530 2539 2600 sed
2592 2531 2706 2599 ille
2756 2552 2899 2600 non
2958 2524 3135 2597 modo

615 2620 978 2699 recusavit,
1033 2617 1478 2687 verumetiam
1528 2640 1688 2687 cum
1742 2618 1957 2687 multa
1994 2618 2378 2688 humilitate
2427 2620 2640 2710 petiit,
2694 2641 2780 2687 ne
2837 2616 3135 2703 deinceps

617 2709 686 2779 id
718 2731 938 2799 genus
984 2706 1353 2797 dignitates
1405 2706 1472 2774 in
1525 2705 1758 2796 ipsum
1807 2707 2166 2777 conferret.

702 2800 740 2883 ξ
792 2801 930 2869 18.
984 2801 1331 2878 Quantum
1364 2794 1646 2881 quidem
1681 2794 1766 2863 ad
1802 2796 2108 2886 corporis
2154 2796 2305 2885 ejus
2363 2795 2843 2865 habitudinem
2893 2794 3130 2867 attinet,

615 2885 749 2955 fuit
795 2888 1056 2954 statura
1131 2885 1456 2973 procerus
1502 2895 1567 2953 et
1614 2895 1884 2965 rectus,
1938 2884 2163 2954 colore
2228 2884 2491 2955 triticeo
2522 2940 2536 2965 ,
2592 2907 2847 2975 magno
2895 2882 3131 2974 capite,

611 2996 830 3061 eoque
875 2971 1177 3059 quadam
1239 2993 1518 3062 asperso
1572 2972 1886 3054 calvitie,
1940 2973 2207 3043 viribus
2255 2975 2604 3043 robustus.
2659 2979 2827 3042 Cum
2900 2987 3130 3068 tempe-

614 3074 819 3133 states
867 3073 931 3130 et
966 3061 1264 3131 tonitrua
1302 3063 1528 3130 aerem
1563 3073 2025 3144 concuterent,
2063 3062 2261 3151 signo
2291 3062 2521 3132 crucis
2555 3083 2628 3131 se
2655 3063 3030 3140 muniebat,
3061 3068 3131 3124 ita

613 3151 892 3221 dicens:
926 3154 1146 3218 «Deus
1180 3171 1457 3219 carnem
1510 3151 1859 3240 suscipere
1909 3150 2235 3241 dignatus
2269 3164 2391 3221 est.
2438 3157 2609 3219 Deus
2665 3154 2901 3219 nostra
2950 3146 3125 3217 causa

613 3250 931 3308 mortuus
977 3251 1079 3307 est
1123 3250 1188 3306 et
1234 3239 1671 3308 resurrexit.»
1702 3245 1791 3307 Eo
1840 3251 2068 3308 autem
2119 3261 2303 3308 anno
2333 3261 2471 3326 quo
2532 3239 2666 3307 vi=a
2713 3238 2995 3309 functus
3027 3243 3121 3307 est,

612 3350 776 3399 cum
835 3326 1274 3396 decumberet
1343 3327 1659 3417 Neapoli,
1738 3334 2038 3397 Joannes
2109 3332 2290 3417 Copa
2361 3327 2851 3417 Neapolitanus
2896 3340 2963 3411 et
3004 3323 3126 3413 ejus

612 3438 987 3507 germanus
1018 3415 1223 3488 frater
1252 3420 1497 3496 Conus,
1538 3415 1959 3506 professione
2001 3416 2512 3495 Dominicanus,
2548 3438 2707 3485 eum
2744 3416 3127 3508 inviserunt‚

613 3505 953 3592 amboque
988 3503 1304 3574 viderunt
1343 3527 1463 3595 per
1509 3503 1877 3573 fenestram
1910 3526 2057 3574 sese
2106 3504 2518 3575 inserentem
2554 3504 2824 3574 stellam
2874 3498 3131 3595 lucidis·

615 3593 867 3663 simam
923 3614 1100 3679 quae
1146 3616 1306 3663 cum
1353 3592 1789 3694 aliquamdiu
1835 3593 2166 3663 haesisset
2215 3616 2424 3684 super
2477 3606 2687 3684 caput
2734 3593 2955 3662 sancti
2999 3587 3130 3688 virt,

616 3682 866 3751 deinde
897 3704 1140 3752 rursus
1194 3684 1547 3751 abscessit.
1601 3687 1757 3749 Jam
1804 3704 1961 3752 vero
2025 3694 2301 3772 tempus
2348 3695 2530 3761 erat.
2585 3703 2723 3768 quo
2776 3678 3136 3751 Concilium

616 3771 933 3862 generale
984 3770 1302 3862 Lugduni
1351 3770 1756 3849 habebatur,
1795 3770 1880 3839 ad
1930 3770 2112 3857 quod
2162 3792 2323 3841 eum
2364 3770 2712 3862 proticisci
2754 3769 2966 3839 voluit
2996 3770 3137 3835 Gre-

617 3860 854 4018 gorius
902 3864 1255 3929 Romanus
1287 3857 1589 3935 Pontifex
1620 3859 1772 3948 ejus
1806 3860 2108 3929 nominis
2144 3859 2481 3929 Decimus.
2536 3864 2773 3928 Annus
2812 3872 2955 3957 tum
3004 3870 3137 3940 age-

668 3960 823 4018 atur
870 3969 910 4016 a
943 3949 1206 4021 Christo
1257 3959 1413 4017 nato
1463 3968 1788 4017 ucctxxw.
1845 3948 2065 4038 Igitur
2116 3947 2394 4039 Neapoli
2440 3947 2804 4017 discedens
2853 3966 2953 4013 vir
2997 3957 3137 4011 san-

617 4048 794 4118 ctus,
849 4037 920 4105 in
973 4037 1119 4127 ipso
1154 4037 1393 4108 itinere
1424 4036 1512 4105 ad
1543 4048 1846 4108 castrum
1891 4036 2239 4124 quoddam
2293 4037 2694 4106 Franciscae
2742 4034 2965 4126 neptis
2996 4042 3139 4099 suae

667 4125 948 4207 ervenit,
1000 4126 1124 4197 ubi
1170 4148 1328 4196 eum
1381 4125 1663 4196 morbus
1697 4124 2033 4216 corripuit
2077 4125 2199 4212 qui
2245 4126 2396 4216 ejus
2442 4147 2482 4194 a
2539 4124 2825 4217 petitum
2883 4131 3135 4191 omnem

617 4148 758 4285 Pete
831 4215 1097 4305 dejecit.
1161 4214 1548 4285 sciscitanti
1608 4236 1765 4285 vero
1814 4213 2081 4283 medico
2143 4214 2395 4283 Joanni
2504 4237 2542 4283 e
2590 4213 2937 4288 Guidone‚
2988 4219 3134 4275 num

617 4326 824 4391 quem
858 4304 1094 4373 cibum
1127 4304 1411 4373 omnino
1459 4315 1827 4394 appeteret,
1865 4303 1981 4373 ille
2038 4303 2428 4393 respondit:
2462 4303 2575 4372 «Si
2624 4301 2842 4372 aleces
2888 4297 3135 4397 possent

618 4393 936 4476 obtineri,
988 4391 1229 4481 quales
1278 4392 1618 4462 habentur
1665 4391 1967 4474 ParisiiS,
2022 4391 2331 4464 fortassis
2378 4391 2619 4463 liberet
2665 4391 2751 4461 iis
2796 4408 2988 4459 vesci.
3042 4385 3059 4405 ’
