3327 4999
250 334 355 400 EX
404 332 582 399 NOV.
636 332 720 396 26
1129 350 1206 394 na
1255 347 1308 394 s.
1364 348 1585 396 Ammo
1635 349 1884 398 morum
2559 332 2685 398 733

253 436 728 515 tolerantiam,
802 433 1452 516 mansuetudinem,
1525 447 1590 505 et
1654 435 1728 503 in
1802 456 2040 505 omnes
2107 435 2550 505 comitatem?
2609 436 2776 520 Quis

217 607 228 615 ,
299 539 441 599 ater
505 545 812 612 unquam
880 533 1064 593 tanto
1123 523 1350 593 studio
1414 523 1716 593 defendit
1773 524 2018 605 filium,
2080 537 2336 611 quanto
2401 538 2471 596 tu
2536 548 2774 613 quem-

283 618 439 695 ibet,
494 614 615 702 qui
656 611 1079 682 afficiebatur
1127 612 1408 701 injuria?
1428 613 1616 696 Quis,
1655 614 1968 684 contritis
1998 613 2292 683 maxillis
2329 614 2767 704 injustorum,

250 730 287 776 e
337 704 563 774 medio
610 701 920 772 dentium
962 701 1283 791 praedam
1337 704 1599 792 rapuit,
1655 702 1832 772 sicut
1873 707 1977 771 tu?
2024 703 2189 784 Quis
2222 715 2446 773 autem
2483 704 2581 774 sic
2613 726 2774 773 con-

254 792 542 866 servavit
594 811 959 883 pauperem
999 813 1036 859 a
1071 813 1286 860 manu
1334 792 1627 882 potentis
1658 796 1688 859 Ὗ
1721 791 2041 882 Orphano
2075 813 2252 871 vero,
2307 792 2421 862 cui
2462 815 2596 864 non
2630 806 2773 862 erat

252 885 542 975 adjutor,
597 880 755 968 quis
803 880 983 948 sicut
1031 893 1127 960 tu,
1168 901 1364 970 opem
1401 880 1587 950 tulit?
1619 887 1706 950 Os
1737 893 1964 950 autem
1994 880 2239 950 viduae
2264 894 2326 951 et
2359 904 2766 973 pauperum,

250 993 621 1063 quemnam
654 970 752 1037 sic
783 990 1088 1055 unquam
1125 968 1490 1049 benedixit,
1531 970 1709 1039 sicut
1741 981 1800 1038 te
1817 970 2136 1059 justum?
2166 974 2345 1040 Haec
2391 992 2568 1058 quae
2614 984 2801 1040 sunt·

252 1064 350 1153 pii
379 1075 444 1132 et
468 1059 641 1151 justi
670 1057 824 1137 Job,
873 1070 1034 1126 sunt
1066 1079 1339 1146 quoque
1363 1070 1645 1129 vestrae.
1701 1064 1866 1129 Nam
1906 1070 2023 1129 v‘os
2075 1080 2347 1146 quoque
2390 1060 2552 1131 estis
2597 1060 2776 1130 sicut

248 1152 401 1233 Joh,
437 1164 501 1221 et
531 1149 696 1218 forte
743 1145 946 1216 etiam
988 1169 1200 1239 supra
1245 1147 1397 1217 Job.
1442 1153 1607 1218 Nam
1660 1146 1774 1217 ille
1810 1147 2090 1235 quidem
2143 1147 2217 1216 in
2265 1148 2773 1220 calamitatibus

251 1242 432 1312 diem
464 1251 655 1309 ortus
704 1236 811 1305 sui
860 1248 961 1305 est
997 1249 1374 1319 execratus,
1409 1237 1684 1306 dicens:
1725 1243 1977 1317 Pereat,
2016 1250 2079 1306 et
2108 1258 2242 1306 non
2286 1238 2376 1307 sit
2423 1238 2596 1308 inter
2627 1238 2775 1308 dies

251 1350 618 1400 annorum.
645 1331 742 1394 Tu
772 1338 999 1394 autem
1034 1348 1169 1395 non
1205 1326 1327 1406 sic,
1358 1327 1477 1413 qui
1506 1325 1766 1396 fortiter
1789 1326 2023 1395 omnia
2050 1325 2462 1397 sustinuisti:
2497 1328 2775 1415 quando

252 1433 314 1489 te
362 1419 601 1508 hyems
651 1414 973 1484 terribilis
1022 1414 1239 1485 multa
1278 1415 1431 1484 nive
1483 1416 1639 1485 texit
1688 1415 1942 1486 multos
1989 1416 2158 1497 dies,
2201 1437 2335 1484 non
2370 1417 2771 1506 permittens

249 1522 325 1580 ut
372 1527 709 1597 surgereS‚
751 1525 1067 1594 premens
1113 1518 1177 1573 et
1208 1503 1459 1594 frigore
1497 1505 1892 1595 congelanS,
1932 1527 2107 1592 quae
2154 1517 2317 1574 sunt
2349 1505 2595 1575 intima
2625 1527 2775 1574 cor-

251 1598 459 1690 poris:
511 1617 647 1683 quo
697 1606 997 1683 tempore
1028 1594 1478 1663 concurrebat
1525 1595 1729 1664 etiam
1779 1593 2118 1664 naturalis
2165 1595 2534 1664 senectutis
2582 1593 2772 1665 refri-

250 1685 530 1780 gerati0‚
583 1683 704 1770 qui
742 1705 782 1751 a
809 1683 1048 1783 jecore·
1087 1682 1682 1773 suppeditabatur,
1721 1683 2016 1753 calorem
2060 1705 2192 1752 non
2247 1684 2594 1774 accipiens
2627 1707 2772 1753 am-

250 1777 480 1867 plius,
533 1784 610 1842 ut
658 1784 759 1841 est
806 1783 1054 1840 rationi
1101 1785 1692 1843 consentaneum:
1749 1784 1814 1842 et
1844 1860 1850 1866 ι
1880 1772 2248 1842 contractis
2315 1773 2541 1844 nervis
2583 1773 2773 1843 *circa

250 1865 451 1936 tibias
482 1918 497 1945 ‚
552 1860 884 1930 fibrarum
960 1861 1135 1930 vires
1203 1873 1725 1943 emarcuerant,
1779 1861 2165 1931 naturalem
2215 1861 2466 1951 pedum
2517 1873 2770 1933 statum

249 1977 385 2024 non
434 1948 735 2041 amplius
781 1947 1219 2039 accipientes.
1292 1950 1416 2020 Sed
1469 1972 1604 2020 non
1654 1949 1933 2020 dixisti:
1999 1956 2232 2021 Pereat
2281 1972 2457 2032 nox,
2511 1950 2581 2020 iu
2629 1973 2768 2039 qua

247 2043 506 2113 dictum
545 2050 667 2121 est,
721 2043 888 2108 Ecce
936 2038 1316 2124 masculus;
1369 2061 1588 2128 neque
1638 2038 2055 2128 imprecatus
2087 2061 2183 2120 cs,
2219 2050 2399 2111 astra
2426 2039 2546 2110 illa
2574 2053 2770 2110 nocte

245 2132 457 2202 fuisse
504 2130 889 2198 obscurata.
944 2132 1169 2214 Neque
1215 2128 1467 2200 dixisti:
1517 2134 1649 2198 Cur
1689 2149 1821 2197 non
1872 2149 2027 2199 sum
2078 2143 2390 2199 mortuus
2437 2129 2506 2198 in
2550 2140 2762 2201 utero:

244 2243 281 2290 e
315 2219 517 2291 vulva
541 2230 769 2287 autem
806 2237 962 2285 sum
1009 2238 1325 2306 egressus
1372 2230 1438 2287 et
1487 2239 1618 2286 non
1671 2217 1898 2288 statim
1949 2216 2252 2307 perii?...
2315 2217 2492 2300 Quid
2539 2231 2764 2288 autem

244 2308 524 2380 dixisti?
570 2311 810 2376 Justus
880 2310 1051 2375 Deus
1108 2319 1173 2377 et
1226 2306 1412 2395 juste
1467 2305 1845 2395 castigavit.
1912 2305 2087 2389 Quid
2134 2306 2322 2376 enim
2373 2307 2543 2376 mihi
2590 2329 2630 2377 o
2681 2329 2766 2377 us

244 2413 346 2468 est
392 2396 738 2489 pedibuS‚
790 2393 911 2480 qui
960 2417 1116 2465 sum
1163 2417 1324 2464 cum
1375 2396 1637 2466 Christo
1687 2396 1754 2463 in
1808 2399 1938 2463 Deo
1985 2394 2381 2477 crucifixuS,
2434 2408 2499 2465 et
2548 2396 2633 2464 ha
2685 2418 2764 2465 eo

245 2510 491 2558 manus
538 2508 712 2572 quas
756 2483 1116 2553 extendam
1167 2484 1249 2554 ad
1290 2506 1544 2575 preces,
1585 2496 1650 2555 et
1682 2507 1758 2554 os
1799 2483 1881 2554 ad
1920 2483 2417 2555 confessionem
2450 2484 2758 2556 laudem-

243 2600 374 2664 que
421 2590 487 2645 et
520 2574 811 2666 gloriam
859 2574 1009 2663 ejus
1057 2574 1177 2660 qui
1226 2574 1509 2644 creavit?
1556 2575 1812 2645 Abeant
1861 2575 2067 2664 pedes
2117 2587 2268 2665 post
2314 2575 2655 2666 octoginta
2702 2587 2768 2644 et

243 2667 549 2754 quinque
588 2685 828 2744 annOS,
881 2662 1000 2750 qui
1049 2663 1356 2753 corporis
1407 2663 1787 2733 ministerio
1817 2664 1982 2733 satis
2024 2663 2500 2734 inservierunt.
2560 2664 2763 2735 Paulo

243 2769 395 2846 post
445 2755 630 2825 enim
694 2753 975 2822 omnino
1026 2753 1402 2839 requiescet
1451 2752 1996 2833 tabernaculum,
2055 2753 2330 2844 pulvere
2379 2775 2644 2823 reverso
2693 2754 2761 2822 in

292 2845 615 2916 ulverem.
655 2846 823 2911 Cum
857 2842 954 2912 sic
1001 2854 1228 2911 autem
1279 2841 1535 2932 gratias
1562 2840 1807 2932 egeri5‚
1844 2864 1883 2911 o
1917 2842 2019 2911 vir
2063 2842 2177 2910 Dei
2224 2841 2615 2913 beatissime
2640 2896 2660 2923 ‚
2702 2841 2761 2914 si

270 2935 531 3005 uissent
580 2932 702 3002 tibi
753 2931 975 3011 liberi,
1029 2930 1114 3000 iis
1164 2930 1417 3021 privari
1465 2930 1701 3001 eodem
1755 2931 1957 3000 modo
2003 2930 2321 3002 tulisses:
2374 2943 2439 3001 et
2486 2931 2544 3003 si
2591 2932 2764 3022 juga

239 3024 473 3103 boum,
511 3020 944 3107 camelosque
985 3031 1340 3110 pascentes
1387 3020 1657 3108 aliaque
1705 3020 2022 3110 jumenta
2070 3020 2442 3090 amisisses.
2497 3020 2762 3104 Quibus

238 3112 423 3180 enim
475 3123 590 3181 tua
628 3120 869 3199 sponte
918 3121 1192 3199 propter
1238 3109 1581 3180 Christum
1650 3108 2220 3191 renunciavera5‚
2295 3108 2380 3177 iis
2429 3110 2757 3199 privatuS,

239 3222 456 3287 aequo
503 3198 734 3267 animo
784 3198 1162 3277 tolerasses;
1215 3198 1541 3284 quoniam
1594 3219 1713 3287 per
1760 3211 2016 3269 arctam
2075 3210 2139 3267 et
2186 3209 2550 3288 angustam
2603 3221 2759 3290 por-

239 3300 375 3358 tam
430 3285 882 3358 constitueras
931 3286 1112 3354 mala
1160 3286 1444 3376 perpeti.
1499 3292 1858 3376 Propterea
1918 3286 2174 3355 extensi
2239 3298 2398 3356 sunt
2444 3286 2761 3377 palmites

240 3377 341 3447 tui
406 3400 445 3447 a
504 3376 721 3454 mari,
791 3388 856 3443 et
915 3396 1135 3460 usque
1182 3373 1563 3445 adssuvios
1612 3386 2066 3464 pervenerunt
2113 3387 2270 3445 tuae
2319 3377 2753 3467 propagines

239 3465 591 3549 Quomodo
638 3464 848 3544 enim,
903 3462 1182 3549 quando
1220 3462 1565 3552 quispiam
1628 3485 1997 3552 generosae
2029 3464 2294 3534 arboris
2324 3465 2626 3535 fructum
2663 3465 2759 3533 vi-

237 3555 435 3635 derit,
491 3577 569 3623 ex
616 3576 696 3624 ea
743 3552 969 3622 studet
1007 3551 1323 3621 surculos
1370 3573 1534 3621 suae
1581 3552 1810 3621 arbori
1862 3552 2158 3622 inserere
2190 3554 2245 3620 *:
2301 3554 2407 3624 sic
2459 3553 2760 3640 reliquae

235 3643 564 3722 civitate5‚
619 3655 970 3729 tamquam
1021 3664 1060 3710 a
1108 3640 1341 3710 divina
1388 3653 1451 3710 et
1496 3640 1709 3710 electa
1757 3642 2016 3721 radice,
2074 3642 2134 3709 vi
2186 3654 2334 3711 tuos
2393 3643 2759 3713 avellentes

235 3732 639 3824 discipulos,
684 3753 917 3809 sacros
964 3730 1420 3809 Antistiteset
1450 3729 1832 3800 eruditores
1870 3730 2014 3801 suis
2065 3730 2302 3821 patriis
2350 3744 2759 3822 acceperunt

233 3837 311 3893 ut
359 3822 617 3892 donum
680 3819 1471 3911 magnificentissimum.
1529 3843 1564 3884 »

320 3914 357 4000 ξ
391 3914 543 3984 24.
598 3915 801 3980 Porro
831 3923 1060 3979 autem
1107 3930 1232 3997 ego
1273 3930 1547 3995 quoque
1580 3908 1671 3988 **,
1718 3921 1871 3979 tuae
1906 3909 2349 4000 plantationis
2396 3909 2750 3991 vilissima,

231 4022 269 4070 o
320 4013 531 4091 pater,
571 4012 635 4069 et
685 3998 875 4069 tarda
916 4000 1240 4098 propago,
1295 3997 1473 4067 hanc
1523 3997 1876 4067 funebrem
1917 3999 2291 4069 orationem
2342 4022 2556 4071 ausus
2599 4022 2752 4069 sum

231 4089 354 4158 tibi
403 4089 721 4159 dedicare
752 4109 910 4157 cum
953 4086 1344 4176 selegissem
1397 4107 1615 4176 pauca
1655 4108 1734 4155 ex
1784 4087 2021 4160 multis
2061 4089 2195 4158 tuis
2251 4089 2637 4160 actionibus
2685 4089 2753 4157 in

228 4199 521 4264 quarum
575 4177 909 4267 plurimas
955 4175 1192 4255 incidi;
1230 4187 1304 4244 ut
1334 4175 1453 4262 qui
1502 4196 1580 4244 ex
1629 4176 1766 4245 tuis
1824 4175 2181 4247 didicerim
2232 4178 2748 4259 certaminibuS‚

231 4267 412 4354 quod
467 4279 715 4338 tentata
752 4265 927 4356 justi
974 4264 1230 4344 anima,
1282 4278 1626 4352 tamquam
1681 4287 1932 4336 aurum
1969 4266 2036 4335 in
2086 4266 2522 4349 conflatoriO,
2588 4289 2753 4337 suae

279 4430 303 4454 ¹¹
333 4428 598 4469 Similitudo
623 4439 678 4468 ex
700 4430 799 4469 arte
818 4428 1153 4468 inoculationis
1175 4428 1289 4471 titul.
1308 4428 1486 4475 ὺυιοειο)
1507 4428 1740 4469 arborum.

278 4482 329 4509 Ψ·
357 4481 699 4532 metaphrastes
722 4483 876 4533 Alypu
896 4482 1159 4531 discipulus
1180 4481 1282 4522 ruit.
