3327 4999
726 315 853 382 ⁴76
1530 330 1609 378 nn
1656 332 1713 380 s.
1767 332 2081 383 caesonio
2128 332 2288 381 rArA
2795 315 3024 382 MART.
3074 314 3139 381 ¹2

644 440 680 486 «
739 417 1206 488 Praesentium
1275 414 1450 485 lator
1513 415 1697 486 Felix
1755 416 2132 498 diaconus,
2200 439 2359 488 cum
2413 416 2814 488 nullatenus
2876 417 2942 486 in
3007 417 3142 486 hae·

639 506 1007 577 reticorum
1058 506 1382 596 dogmata
1432 503 1669 595 lapsus
1715 506 1841 587 sit,
1909 528 2033 576 nec
2090 529 2130 576 a
2189 505 2526 575 catholica
2578 506 2714 576 fide
2767 505 3140 588 discesserit,

640 597 873 687 pravis
934 594 1204 665 illectus
1274 593 1606 664 adversus
1672 594 2494 684 constantinopolitanam
2559 595 2899 684 synodum
2944 593 3146 684 suspi-

641 685 983 765 cionibus,
1037 684 1108 752 in
1159 682 1557 752 Istricorum
1607 705 1680 752 se
1729 683 2158 785 separatione
2208 697 2607 754 removerat.
2653 684 2785 766 Qui
2831 705 2987 754 cum
3041 688 3144 754 Ro-

643 795 829 842 mam
880 771 1198 851 venisset,
1253 783 1521 862 recepta
1569 794 1609 841 a
1658 774 1881 852 nobis,
1918 774 2203 862 juvante
2252 773 2562 854 Domin0,
2618 773 2899 854 ratione,
2955 793 3147 842 exces-

644 883 801 931 sum
853 883 1060 932 suum
1109 872 1383 951 recepta
1431 860 1767 929 Dominici
1819 862 2128 952 corporis
2175 872 2239 930 et
2288 861 2651 951 sanguinis
2698 862 3146 931 communione

644 952 959 1020 correxit.
999 949 1171 1032 Quia
1218 970 1404 1039 erg0,
1457 963 1534 1018 ut
1579 948 1843 1019 dictum
1892 963 2016 1030 est,
2069 972 2206 1020 non
2258 951 2327 1019 in
2379 949 2714 1019 haeresim
2763 950 3020 1030 incidit,
3054 948 3147 1019 sed

646 1062 686 1108 a
736 1039 953 1109 sacris
1000 1038 1343 1128 generalis
1411 1036 1754 1123 Ecclesiae
1821 1040 2168 1129 mysteriis
2213 1040 2413 1126 quasi
2464 1050 2642 1109 recte
2691 1039 2917 1110 studio
2964 1040 3149 1107 inten-

646 1127 856 1198 tionis
902 1127 1174 1206 erravit,
1230 1125 1683 1195 imbecillitati
1732 1127 1882 1217 ejus
1914 1141 2117 1214 atque
2157 1129 2680 1199 necessitatibus
2717 1128 3138 1205 consulentes,

649 1216 1084 1303 maximeque
1125 1215 1604 1285 sustentationi
1636 1216 1811 1306 eJUS‚
1852 1217 2120 1306 pietatis
2158 1218 2438 1297 intuitu,
2477 1216 2934 1307 providentes,
2968 1217 3149 1285 intua

650 1309 1082 1394 Syracusana
1131 1303 1419 1375 ecclesia
1465 1325 1623 1373 eum
1731 1306 2146 1375 raevidimus
2193 1306 2727 1375 cardinandum.
2762 1328 2800 1372 »
2851 1312 3007 1376 Item
3050 1309 3149 1392 Cy-

649 1394 898 1485 priano
947 1393 1275 1463 diacono:
1343 1417 1371 1456 ι
1411 1393 1600 1462 Sicut
1698 1393 1921 1463 ilectio
1971 1406 2082 1463 tua
2134 1394 2439 1464 studiose
2489 1394 2824 1464 laboravit
2873 1417 2986 1485 pro
3028 1413 3149 1484 per·

647 1505 818 1554 sona
868 1482 1097 1552 fratris
1146 1494 1211 1552 et
1264 1481 1651 1573 coepiscopi
1699 1483 1907 1551 nostri
1957 1483 2287 1564 Joannis,
2353 1494 2430 1553 ut
2478 1484 2544 1552 in
2600 1488 3021 1573 Syracusana
3062 1501 3148 1550 ec-

646 1572 856 1641 clesia
906 1585 1182 1641 auctore
1253 1577 1382 1641 Deo
1442 1569 1795 1642 debuisset
1840 1572 2195 1641 ordinari:
2252 1572 2347 1641 ita
2395 1594 2582 1642 nunc
2633 1593 2910 1642 necesse
2954 1581 3062 1650 est,
3091 1578 3152 1637 ut

644 1683 770 1751 per
800 1659 1191 1731 dilectionis
1224 1672 1379 1730 tuae
1428 1659 1657 1729 studia
1708 1660 1770 1730 ei
1817 1682 2093 1749 quoque
2127 1661 2486 1752 regiminis
2519 1660 2762 1731 solatia
2795 1660 3151 1731 ministren-

644 1762 782 1819 tur.
835 1750 1214 1833 Quemdam
1278 1749 1461 1818 enirn
1516 1751 1995 1839 presbyterum
2057 1751 2414 1841 proprium
2468 1750 2795 1820 habuisse
2844 1772 2914 1820 se
2963 1746 3150 1844 perbi7

644 1837 780 1919 het,
812 1839 933 1926 qui
976 1853 1200 1908 tamen
1253 1860 1293 1907 a
1339 1838 1543 1906 fratre
1589 1848 1654 1907 et
1701 1839 2108 1930 coepiscopo
2157 1852 2387 1908 nostro
2437 1844 2655 1908 Leone
2703 1839 2773 1907 in
2836 1843 3151 1908 catanensi

647 1928 937 1997 ecclesia
984 1928 1241 1997 dicitur
1286 1927 1670 1996 ordinatus.
1709 1932 1788 1996 Et
1832 1928 1996 2014 quia
2048 1929 2116 1996 in
2181 1949 2423 1998 novam
2475 1927 2841 1997 ecclesiam
2891 1927 3076 2006 vadit,
3103 1933 3151 1990 et

649 2038 814 2086 suos
861 2015 1004 2087 illic
1074 2017 1387 2106 proprios
1436 2014 1751 2085 homines
1802 2015 2053 2086 habere
2102 2038 2378 2086 necesse
2437 2029 2561 2097 est,
2615 2029 2691 2086 ut
2729 2016 2900 2086 dum
2949 2033 3149 2085 causa·

648 2127 803 2174 rum
857 2104 1275 2175 tumultibus
1317 2104 1675 2195 premitur,
1711 2105 1782 2172 in
1816 2120 2075 2175 secreto
2105 2127 2230 2174 suo
2267 2106 2568 2174 inveniat
2597 2105 2719 2175 ubi
2770 2105 3146 2192 requiescat:

652 2193 1000 2283 praedicto
1049 2193 1240 2264 fratri
1287 2205 1353 2264 et
1397 2194 1803 2284 coepiscopo
1852 2208 2082 2264 nostro
2132 2195 2334 2263 Leoni
2384 2194 2636 2263 blande
2665 2205 2729 2262 et
2765 2194 3005 2263 leniter
3030 2211 3151 2283 per·

650 2283 940 2352 suadere
987 2283 1216 2364 debeS,
1268 2295 1346 2353 ut
1391 2283 1452 2352 ei
1504 2282 1883 2373 praefatum
1987 2284 2412 2370 resbyterum
2464 2283 2704 2352 cedere
2750 2283 3011 2360 debeat,
3065 2300 3144 2356 ne,

647 2393 851 2458 quem
906 2386 1041 2441 tam
1090 2373 1432 2462 benignus
1479 2372 1566 2441 ad
1615 2371 1904 2441 ordinan
1963 2395 2081 2441 um
2114 2372 2342 2452 cessit,
2383 2371 2782 2441 ordinatum
2824 2372 3147 2442 destituere

650 2460 936 2532 sortasse
984 2461 1317 2531 videatur.
1355 2486 1380 2523 ι

736 2553 772 2637 ἓ
832 2555 974 2623 15.
1050 2549 1623 2637 Antiquissimum
1702 2549 2214 2621 Ecclesiasticae
2278 2549 2808 2621 consuetudinis
2876 2549 3144 2620 ordinem

649 2640 1017 2729 Gregorius
1064 2640 1151 2708 ab
1203 2637 1533 2729 Apostolis
1584 2638 1935 2719 traditum,
2000 2650 2066 2708 et
2122 2639 2205 2708 ad
2280 2662 2406 2710 sua
2453 2660 2676 2726 usque
2727 2652 3031 2730 tempora
3071 2655 3149 2704 so-

648 2726 966 2797 lemniter
1011 2740 1488 2798 conservatum
1517 2780 1537 2806 ,
1607 2727 1777 2797 adeo
1825 2727 2328 2798 studiosissime
2378 2727 2734 2807 retinebat,
2791 2741 2869 2799 ut
2918 2725 3150 2820 nullum

647 2817 1075 2902 quantalibet
1123 2816 1500 2896 sanctitate,
1556 2817 1918 2906 sapientia,
1990 2816 2423 2887 nobilitateve
2473 2816 2778 2907 polleret,
2835 2815 3150 2886 anteriori·

648 2904 785 2973 bus
831 2906 1100 2975 clericis
1145 2906 1216 2974 iu
1277 2917 1659 2985 conventu,
1733 2926 2095 2987 consessu,
2162 2906 2453 2975 statione
2499 2906 2640 2975 sive
2688 2903 3152 2996 subscriptione

649 3006 1119 3084 praeponeret.
1190 2994 1377 3063 Unde
1422 2994 1755 3063 Januario
1820 2993 2200 3065 Caralitano
2259 2994 2584 3085 episcopo
2646 2994 2859 3084 Epist.
2922 2991 3152 3091 scripsit

650 3082 860 3173 (quae
891 3083 1171 3152 habetur
1201 3085 1269 3151 in
1306 3087 1370 3151 L.
1410 3082 1500 3171 l).
1546 3082 1759 3170 Cujus
1782 3083 2096 3153 videlicet
2125 3083 2649 3170 antiquissimae
2669 3079 3153 3177 consuetudinis

650 3170 895 3240 ordine
942 3172 1308 3261 Gregorius
1358 3184 1788 3261 provocatu5‚
1823 3172 2306 3242 defunctorum
2354 3172 2843 3262 episcoporum
2872 3169 3154 3240 ecclesias

651 3281 779 3350 pro
818 3258 1128 3329 faciendo
1177 3260 1580 3340 inventariO,
1619 3273 1683 3329 et
1709 3260 2023 3350 eligendo
2073 3261 2418 3351 legitimae
2466 3260 2817 3351 opinionis
2846 3260 3151 3351 episcopo.

654 3348 903 3418 vicinis
951 3349 1179 3438 episco
1234 3348 1292 3418 is
1339 3348 1891 3418 commendabat.
1955 3351 2109 3419 Vide
2142 3352 2349 3441 Epist.
2392 3354 2499 3429 ⁴9,
2540 3354 2626 3418 26
2659 3360 2720 3419 el
2747 3354 2857 3430 27,
2902 3353 2968 3418 L.
2998 3352 3093 3442 2..

740 3439 778 3523 ἓ
843 3443 993 3508 18.
1047 3435 1171 3506 Nul
1206 3460 1245 3506 a
1290 3436 1648 3506 occasione
1696 3437 2064 3528 Gregorius
2109 3439 2485 3525 quicquam
2552 3437 2637 3508 de
2702 3437 3006 3508 donariis
3048 3448 3159 3502 stve

652 3524 957 3616 praediis
1003 3525 1467 3612 quarumlibet
1512 3525 1959 3595 ecclesiarum
2016 3528 2399 3617 patiebatur
2447 3526 2726 3596 auferri.
2767 3527 3023 3597 Idcirco
3049 3525 3159 3616 Ma-

649 3613 957 3683 ximiano
1005 3619 1436 3703 Syracusano
1468 3614 1791 3704 episcopo
1850 3615 2029 3685 inter
2076 3615 2213 3685 alia
2261 3615 2523 3695 scribit,
2565 3615 2844 3686 dicens:
2901 3612 3159 3682 «Chan-

651 3714 856 3771 tatem
892 3715 1078 3772 tuam
1128 3724 1563 3773 commonere
1609 3704 2030 3785 curavimuS,
2084 3719 2161 3775 ut
2208 3705 2265 3774 si
2313 3704 2664 3795 quispiam
2713 3705 3157 3796 episcoporum

652 3790 737 3860 de
785 3791 913 3859 hac
962 3791 1113 3860 luce
1173 3792 1588 3882 migraverit,
1645 3793 1773 3874 vel,
1838 3794 2022 3881 quod
2072 3794 2274 3874 absit,
2340 3815 2463 3884 pro
2511 3794 2659 3863 suis
2718 3793 2922 3863 suerit
2971 3799 3159 3859 motus

650 3880 1068 3960 excessibuS,
1098 3881 1665 3951 convenientibus
1713 3883 2159 3952 hierarchicis
2188 3882 2598 3970 cunctisque
2623 3882 2784 3953 cleri
2821 3878 3156 3972 prioribus,

652 3980 856 4055 atque
901 3968 971 4037 in
1023 3968 1132 4038 sui
1183 3971 1563 4060 praesentia
1602 3970 2066 4061 inventarium
2101 3970 2429 4041 ecclesiae
2479 3993 2707 4041 rerum
2760 3966 3156 4040 facientibus,

651 4058 884 4126 omnia
933 4079 1111 4144 quae
1158 4071 1425 4149 reperta
1456 4059 1735 4142 suerint,
1772 4060 2111 4131 subtiliter
2159 4059 2674 4130 describantur:
2716 4082 2821 4139 ne,
2859 4057 3030 4127 sicut
3060 4069 3163 4120 an·

652 4156 761 4215 tea
809 4146 957 4215 fieri
1008 4146 1388 4228 dicebatur,
1444 4148 1710 4239 species
1774 4149 2113 4237 quaedam
2163 4161 2283 4219 aut
2329 4149 2521 4219 aliud
2570 4148 2921 4236 quodlibet
2958 4144 3034 4213 de
3076 4157 3162 4237 τις·

651 4234 787 4305 bus
834 4235 1185 4317 ecclesiae,
1223 4236 1424 4325 quasi
1475 4260 1598 4328 pro
1647 4237 1943 4307 faciendi
1994 4238 2356 4307 inventarii
2415 4238 2668 4318 labore,
2729 4236 3021 4333 tollatur.
3073 4229 3163 4296 Slc

653 4345 956 4412 namque
1005 4348 1083 4396 ea
1136 4348 1313 4414 quae
1361 4325 1444 4395 ad
1500 4327 1956 4396 munitionem
2009 4326 2351 4397 facultatis
2400 4347 2782 4417 pauperum
2830 4322 3157 4416 periment.

653 4413 1130 4485 desideramus
1175 4414 1459 4506 expleri,
1495 4427 1573 4485 ut
1619 4416 1815 4486 nulla
1862 4416 2138 4507 penitus
2170 4417 2239 4486 in
2274 4416 2481 4488 rebus
2528 4437 2760 4487 eorum
2810 4407 3161 4484 ambitiosus
