3327 4999
316 258 568 335 MART.
624 269 710 334 22
998 288 1078 335 ΒΕ
1127 287 1182 336 s.
1235 287 1599 336 cArnAmNA
1646 288 1819 338 vme.
1871 290 1948 336 ET
1994 288 2191 337 vluna
2657 275 2788 341 443

315 381 536 439 matre
566 369 759 440 illius
788 383 1191 453 revertente,
1222 384 1287 441 et
1316 373 1494 442 serio
1525 374 2013 464 praecipiente,
2053 386 2129 443 ut
2157 373 2323 445 tanti
2357 375 2686 445 moeroris
2715 397 2882 445 cau-

316 480 464 528 sam
533 458 877 540 ediceret,
933 460 1344 550 simpliciter
1408 463 1896 552 responderet,
1951 484 2024 531 se
2088 462 2278 549 loqui
2330 484 2465 532 non
2516 485 2741 553 posse.
2797 469 2878 534 Et

314 558 496 615 certe
561 546 710 634 jam
768 547 971 639 plane
1037 549 1256 618 instar
1317 562 1627 619 mortuae
1696 549 1907 619 facies
1967 551 2119 639 ejus
2167 550 2637 640 expalluerat‚
2692 552 2881 622 oculi

313 634 688 705 transversi
754 650 990 705 erant:
1058 637 1404 706 intantum
1451 638 1514 706 ei
1566 638 1896 708 molestus
1951 649 2095 707 erat
2134 638 2472 719 daemon,
2525 640 2597 708 id
2648 661 2877 729 genus

315 721 943 812 importunissimis
990 724 1388 825 ingerendis
1436 726 1996 817 cogitationibus,
2042 731 2250 796 Porro
2301 741 2496 795 nocte
2564 728 2879 815 proxima

316 809 389 877 in
450 811 714 882 somnis
762 812 909 882 visa
955 813 1084 881 sib1
1141 826 1243 885 est
1291 813 1520 883 videre
1569 825 1786 883 totum
1840 814 2181 883 mundum
2232 815 2432 901 quasi
2483 815 2881 884 inflamma-

318 909 492 979 tum,
541 920 753 986 seque
814 900 885 968 in
948 900 1175 971 medio
1223 902 1242 969 i
1304 902 1409 972 nis
1458 902 1754 1002 positam
1822 902 1890 970 in
1945 924 2155 988 parva
2202 902 2508 989 quadarn
2562 903 2875 993 planitie,

314 985 659 1076 planeque
707 988 1186 1078 desperantem
1231 1012 1270 1058 a
1371 989 1511 1061 illis
1556 1011 1628 1059 se
1676 1011 1874 1080 posse
1919 989 2222 1059 flammis
2272 991 2471 1080 eripi.
2513 997 2684 1059 Tum
2722 1013 2879 1061 vero

316 1087 762 1165 apparentem
799 1077 935 1167 ipsi
984 1078 1456 1147 beatissimam
1512 1079 1794 1147 Mariam
1830 1078 2178 1167 Virginem
2215 1078 2325 1147 his
2375 1101 2447 1149 se
2493 1078 2724 1148 verbis
2757 1079 2879 1148 de-

315 1177 736 1252 precantem:
775 1187 811 1231 «
843 1165 1103 1255 Adjuva
1152 1188 1283 1245 me,
1346 1166 1760 1236 charissima
1809 1167 2098 1235 Domina
2149 1188 2322 1235 mea.
2365 1190 2402 1233 »
2461 1166 2659 1236 Illam
2716 1188 2876 1237 vero

313 1251 868 1341 respondentem:
907 1276 942 1319 «
972 1259 1045 1322 Et
1082 1266 1315 1340 quate
1351 1276 1630 1344 possum
1672 1254 1933 1323 ratione
1955 1255 2223 1343 juvare,
2279 1276 2457 1340 quae
2510 1266 2698 1323 tanto
2753 1277 2879 1344 pa-

317 1340 447 1408 trio
500 1340 750 1409 teneris
782 1340 1147 1422 desideriO,
1193 1342 1405 1411 oblita
1444 1342 1841 1430 sponsionis
1883 1353 2061 1423 tuae,
2098 1355 2163 1411 et
2197 1363 2417 1427 neque
2453 1347 2610 1424 De0‚
2651 1365 2880 1430 neque

313 1426 512 1507 mibi,
568 1450 790 1514 neque
838 1431 1043 1499 matri
1093 1441 1271 1511 tuae,
1312 1451 1537 1516 neque
1569 1431 1747 1520 patri
1786 1430 2132 1519 spirituali
2164 1430 2576 1499 obedienst»
2606 1435 2688 1500 Se
2717 1452 2878 1501 vero

313 1515 706 1585 offerentem
757 1515 842 1584 ad
893 1518 1126 1611 omnia
1173 1519 1594 1605 exequenda,
1649 1540 1828 1604 quae
1864 1517 2139 1607 juberet
2203 1519 2320 1586 Dei
2382 1532 2632 1588 mater:
2672 1531 2880 1605 atque

313 1613 460 1671 tum
506 1603 785 1672 demum
825 1605 937 1673 Dei
971 1606 1382 1675 Genitricem
1420 1606 1787 1676 dicentem:
1832 1633 1856 1670 α
1904 1605 2198 1675 Obedias
2237 1606 2451 1695 igitur
2485 1606 2688 1675 matri
2719 1619 2878 1677 tuae
2951 1652 2954 1659 ·

317 1703 384 1758 ct
434 1692 610 1781 patri
659 1692 1100 1781 spirituali.»
1153 1693 1636 1785 Expergesacta
1686 1694 1848 1763 inde
1897 1694 2306 1772 catharina,
2374 1708 2661 1763 matrem
2712 1718 2875 1764 cum

318 1780 507 1847 omni
553 1779 943 1849 humilitate
990 1781 1301 1851 celeriter
1347 1783 1540 1862 adiit,
1593 1782 1864 1851 veniam
1902 1805 2067 1852 suae
2114 1782 2616 1851 inconstantiae
2649 1783 2867 1872 petiit,

317 1867 773 1965 promisitque
814 1892 886 1937 se
925 1868 1253 1958 deinceps
1284 1870 1373 1939 ad
1422 1883 1714 1939 mortem
1762 1891 1985 1956 usque
2032 1870 2326 1940 libenter
2359 1870 2429 1938 in
2479 1870 2682 1939 exilio
2713 1893 2876 1940 cum

317 1976 473 2044 lpsa
523 1977 1078 2044 permansuram.

408 2045 443 2128 ἓ
491 2047 648 2114 ln.
703 2045 949 2115 Volens
989 2046 1203 2146 igitur
1237 2050 1301 2114 S.
1342 2045 1624 2135 Birgitta
1654 2045 1806 2134 ejus
1840 2043 2047 2114 saluti
2083 2045 2338 2113 certius
2369 2044 2753 2125 consulere,
2789 2067 2877 2114 ne

316 2129 629 2201 fortassis
670 2146 978 2202 materna
1027 2132 1463 2222 indulgentia
1497 2132 1857 2201 remissius
1891 2145 2144 2221 ageret,
2186 2132 2554 2201 Dominum
2599 2137 2876 2202 Petrum

317 2218 818 2289 confessarium
854 2244 1086 2301 suurn,
1129 2220 1352 2289 virum
1389 2220 1912 2290 sanctissimum
1942 2233 2009 2289 et
2038 2220 2406 2309 multiplici
2443 2221 2672 2289 Sancti
2722 2220 2876 2310 Spi-

317 2306 495 2375 ritus
528 2328 813 2377 munere
840 2310 1302 2390 cumulatum,
1336 2308 1577 2377 multis
1608 2329 1687 2376 eo
1717 2307 1990 2376 tandem
2023 2309 2346 2396 precibus
2374 2308 2613 2398 adigit,
2647 2319 2723 2377 ut
2759 2331 2879 2398 pa-

318 2404 575 2464 teretur
609 2396 1045 2465 Catharinam
1078 2397 1291 2465 filiam
1326 2396 1551 2485 ipsius
1584 2396 1715 2465 sibi
1748 2395 2209 2465 obedientiam
2248 2396 2578 2485 polliceri.
2613 2402 2690 2465 Et
2715 2397 2875 2464 fecit

316 2481 388 2550 id
439 2494 604 2552 tunc
654 2485 1040 2564 Catharina,
1096 2486 1401 2572 adeoque
1452 2483 1811 2575 praestitit,
1867 2483 2053 2570 quod
2104 2485 2534 2574 promiserat,¹
2572 2497 2649 2553 ut
2694 2484 2869 2553 nibil

316 2572 601 2641 omnino
649 2573 910 2659 absque
958 2573 1149 2644 illius
1191 2574 1535 2664 permissu
1583 2573 1806 2642 facere
1855 2571 2076 2640 vellet.
2132 2573 2394 2641 Munita
2450 2573 2665 2663 igitur
2712 2595 2871 2642 san-

314 2671 462 2727 ctae
509 2659 937 2731 obedientiae
984 2664 1256 2743 virtute,
1288 2684 1497 2748 quam
1533 2683 1669 2730 non
1700 2660 2059 2762 ignorabat
2093 2659 2272 2728 nibil·
2301 2682 2434 2730 non
2482 2682 2683 2750 posse
2717 2682 2875 2750 pro-

314 2748 565 2815 mereri
604 2750 790 2837 apud
844 2755 1079 2830 Deum,
1148 2750 1481 2840 spiritalis
1526 2748 1827 2818 exercitii
1881 2748 2198 2816 militiam
2242 2748 2637 2817 accuratius
2685 2770 2877 2816 com-

312 2833 659 2991 plectitur,
695 2851 759 2906 et
798 2839 1068 2927 corpori
1118 2859 1245 2906 suo
1280 2836 1723 2927 subjugando
1770 2837 1962 2905 frena
2005 2837 2339 2905 castitatis
2373 2837 2639 2905 arctius
2674 2835 2882 2904 adhi—

365 2935 452 3003 et,
490 2945 574 2991 ne
604 2947 740 3011 qua
774 2925 1035 2994 ratione
1064 2925 1134 2993 in
1170 2925 1557 2994 mortiferae
1589 2924 1960 3014 voluptatis
1984 2943 2402 2994 consensum
2443 2923 2873 3014 prolabatur.

317 3014 483 3080 Nam
524 3014 793 3082 tametsi
825 3015 1029 3082 etiam
1068 3014 1136 3081 in
1173 3014 1614 3082 matrimonio
1648 3014 1839 3103 virgo
1880 3012 2143 3102 integra
2183 3014 2697 3103 permansisset,
2737 3033 2877 3079 non

314 3111 580 3253 poterat
608 3113 833 3169 tamen
870 3123 1004 3170 non
1035 3102 1275 3171 timere
1304 3102 1504 3170 aetati
1533 3101 1865 3182 lubricae,
1897 3113 1963 3169 et
1997 3122 2082 3170 ne
2111 3100 2275 3186 quid
2307 3100 2524 3170 hostis
2558 3102 2878 3170 versutus

346 3187 581 3258 raudis
630 3189 852 3279 ipsius
890 3191 1235 3279 juventuti
1272 3189 1653 3258 moliretur.
1691 3189 1923 3258 Posuit
1955 3189 2164 3278 igitur
2199 3194 2413 3257 Deum
2451 3187 2876 3258 altissimum

314 3273 464 3342 refu
521 3276 662 3344 ium
691 3299 924 3356 suum,
956 3276 1156 3346 illum
1186 3277 1434 3346 obnixe
1460 3277 1866 3365 deprecanS,
1894 3289 1973 3345 ut
2002 3276 2180 3345 vires
2210 3288 2610 3366 suggereret
2636 3287 2876 3343 contra

315 3361 451 3432 insi
511 3364 608 3432 ias
653 3365 942 3434 inimici.
981 3370 1286 3451 Cumque
1326 3366 1608 3435 sabbato
1637 3364 1943 3450 quodam
1987 3385 2256 3432 sacram
2287 3377 2465 3432 esset
2505 3375 2875 3452 sumptura

316 3451 843 3534 Eucharistiam,
898 3453 1049 3542 ipso
1097 3453 1448 3523 sacerdote
1495 3452 1840 3532 audiente,
1884 3452 1976 3518 ita
2011 3450 2150 3520 fere
2200 3450 2644 3538 precabatur:
2683 3474 2719 3517 «
2748 3456 2875 3520 Re-

315 3536 633 3628 demptor
682 3541 1015 3631 piissime,
1068 3541 1190 3626 qui
1231 3541 1358 3610 boc
1407 3562 1662 3630 corpus
1702 3539 1787 3607 de
1838 3539 2101 3638 virgine
2150 3539 2556 3607 intemerata
2605 3538 2877 3627 accepi-

315 3625 426 3705 sti,
480 3640 545 3696 et
592 3629 661 3696 in
716 3650 923 3698 cruce
969 3628 1398 3699 atrocissime
1447 3626 1748 3696 distendi
1797 3625 2097 3706 voluisti,
2152 3627 2437 3696 obsecro
2471 3639 2531 3694 te
2580 3625 2878 3716 indigna

314 3717 681 3812 peccatrix,
718 3738 800 3785 ne
834 3739 943 3785 me
974 3717 1162 3786 sinas
1212 3716 1348 3785 labi
1386 3717 1457 3785 in
1493 3727 1797 3805 peccata.
1834 3719 1912 3783 Et
1959 3714 2125 3799 quia
2175 3714 2464 3782 militem
2515 3715 2876 3814 egregium

313 3822 385 3868 ln
442 3802 571 3872 hac
623 3804 756 3872 vita
814 3804 1085 3873 mortali
1142 3804 1355 3873 habui
1398 3802 1755 3872 custodem
1821 3800 2110 3891 pudoris
2165 3801 2324 3882 mei,
2383 3801 2502 3869 illo
2551 3822 2698 3890 jam
2743 3803 2883 3870 vita

313 3887 550 3960 functo
586 3946 600 3972 ‚
659 3890 875 3961 alium
931 3892 1103 3961 mihi
1160 3892 1544 3961 adsciscere
1590 3891 1741 3958 volo
1797 3901 2113 3958 sanctum
2168 3889 2644 3974 Sebastianum
2699 3889 2882 3957 mili-

314 3988 450 4045 tem
501 3980 913 4068 cumprimis
963 3994 1366 4061 strenuum,
1419 3991 1484 4048 et
1530 3990 1904 4066 martyrem
1955 3988 2153 4045 tuum
2202 3977 2759 4058 sanctissimum,
2812 3998 2882 4045 e-

303 4065 563 4152 jusque
610 4090 729 4136 oro
768 4080 845 4138 ut
900 4090 1010 4136 me
1067 4090 1273 4137 curae
1324 4067 1753 4136 committere
1810 4064 2144 4151 digneris.
2201 4087 2237 4131 »
2288 4070 2468 4135 Haec
2514 4076 2580 4133 et
2621 4064 2755 4132 alia
2805 4075 2885 4133 ut

316 4153 510 4236 dixit,
581 4178 853 4226 sacram
904 4156 1167 4246 accepit
1238 4155 1788 4224 Eucharistiam:
1848 4164 2172 4239 tantaque
2221 4175 2503 4243 precum
2555 4152 2707 4241 ejus
2753 4151 2886 4220 suit

317 4240 648 4324 efficacia,
702 4255 779 4313 ut
827 4243 1156 4333 deinceps
1210 4266 1251 4313 a
1290 4244 1532 4313 multis
1578 4241 1910 4334 periculis
1960 4262 2096 4310 non
2141 4241 2289 4312 sine
2333 4239 2667 4309 miraculo
2725 4261 2879 4310 eam

311 4343 576 4402 constet
616 4345 1150 4423 praeservatam.
