3327 4999
164 348 365 414 MART.
413 348 492 412 12
997 362 1078 412 ΒΕ
1129 365 1186 413 s.
1239 365 1548 414 anoomo
1594 364 1758 413 ΡΑΡΑ
2433 352 2557 417 447
2600 421 2603 424 ,

167 447 598 516 facundissima
647 446 838 536 virgo
863 446 1180 537 Cecropia
1212 468 1389 533 quae
1421 446 1772 533 quondam
1811 468 1973 516 suae
2006 447 2254 517 mentis
2285 451 2638 532 acumina,

169 540 404 605 Varrone
447 535 853 605 caelibatum
891 557 1096 605 suum
1136 534 1507 616 auferente,
1563 535 1820 605 Latinis
1867 535 2263 618 tradiderat,
2308 538 2645 628 impostu—

171 647 349 693 rarum
391 625 516 694 sibi
570 623 958 715 praestigia,
1017 624 1194 693 sicut
1241 625 1389 713 ipse
1438 625 1508 692 in
1560 624 1708 693 suis
1754 623 2062 715 epistolis
2108 626 2440 714 queritur,
2501 627 2648 696 vin-

167 711 400 782 dicabat.
449 719 658 782 Nemo
710 713 1037 783 laicorum
1067 712 1422 800 quodlibet
1471 713 1707 803 palatii
1758 711 2216 783 ministerium
2278 715 2378 783 vel
2429 714 2646 786 eccle-

166 802 451 871 siasticum
493 801 981 892 patrimonium
1086 801 1467 883 recumbat,
1524 801 1641 872 sed
1691 801 1925 871 omnia
1970 801 2415 873 ecclesiastici
2455 805 2644 892 juris

168 892 351 959 munia
392 890 831 962 ecclesiastici
876 890 1022 958 nihi
1054 890 1332 960 ominus
1376 890 1505 959 viri
1537 889 1895 961 subibant.
1945 891 2281 961 Nimirum
2332 892 2527 962 laicis
2558 895 2644 963 ad

167 1000 450 1049 armorum
496 978 717 1049 solam
771 978 1109 1060 militiam,
1167 979 1269 1048 vel
1318 1000 1644 1069 agrorum
1694 1001 1931 1048 curam
1975 980 2373 1049 continuam
2424 981 2641 1082 depu-

165 1067 299 1136 tatis,
329 1070 416 1137 Ob
456 1070 588 1138 hoc
639 1090 709 1137 se
761 1067 1075 1137 nonnulli
1108 1069 1494 1158 procerum,
1531 1069 1663 1137 sub
1693 1068 1976 1138 obtentu
2007 1068 2382 1159 religionis,
2422 1092 2646 1161 primo

159 1169 457 1227 tonsurare
505 1170 902 1247 coeperunt.
948 1157 1262 1238 Quorum
1314 1157 1856 1247 tergiversationi
1906 1158 2264 1227 Mauritius
2334 1163 2640 1250 Impera-

157 1255 235 1313 tor
272 1246 632 1335 prudenter
654 1268 1046 1325 occurrens,
1080 1246 1237 1316 data
1271 1269 1390 1334 per
1431 1246 1815 1336 Longinum
1852 1251 2231 1315 Stratonem
2265 1247 2411 1337 lege
2449 1271 2645 1339 prae-

159 1335 316 1425 cepit,
363 1348 434 1405 ut
481 1335 803 1422 quisquis
854 1335 1151 1425 publicis
1199 1333 1440 1405 fuisset
1472 1333 2187 1404 administrationibus
2219 1335 2641 1426 implicatUS,

150 1422 196 1490 ei
232 1424 302 1492 ad
346 1423 886 1493 ecclesiasticum
921 1423 1151 1493 venire
1178 1422 1482 1492 officium
1520 1445 1655 1491 non
1696 1422 1946 1492 liceret.
1985 1428 2202 1505 Quam
2237 1423 2454 1515 legem
2486 1430 2646 1494 Gre-

150 1512 340 1600 gorius
384 1536 596 1604 supet·
643 1513 770 1582 boc
819 1511 1014 1581 valde
1063 1511 1388 1591 laudavit,
1445 1511 1719 1581 dicens:
1775 1512 1960 1594 «Qui
1999 1511 2377 1582 secularem
2443 1514 2642 1583 habi-

150 1612 259 1668 turn
304 1602 649 1681 deserenS,
701 1600 785 1669 ad
835 1600 1296 1672 ecclesiastica
1345 1600 1572 1669 officia
1619 1601 1850 1669 venire
1898 1600 2192 1680 festinat,
2248 1623 2384 1670 non
2440 1603 2649 1672 relin-

142 1710 313 1774 quere
355 1692 546 1782 cupit
590 1689 925 1771 seculum,
965 1690 1082 1761 sed
1133 1701 1400 1759 mutare
1426 1690 1483 1757 *ί
1517 1712 1553 1756 »

211 1780 240 1864 ξ
291 1784 376 1850 θ.
430 1787 683 1848 Verum
734 1778 900 1848 dum
941 1778 1027 1848 ad
1103 1777 1488 1848 clericalem
1590 1776 2033 1848 rofessionem
2085 1790 2223 1847 tam
2283 1801 2362 1847 ex
2425 1780 2645 1849 eccle-

151 1864 394 1947 siastica,
446 1892 666 1956 quam
726 1890 804 1936 ex
862 1867 1157 1937 seculari
1213 1889 1483 1954 quoque
1606 1866 1781 1935 ilitia
1829 1866 2116 1937 diversis
2164 1867 2646 1937 occasionibus

98 2012 102 2016 .
151 1957 400 2038 quotidie
434 1979 614 2059 pene
650 1955 1178 2025 innumerabilis
1226 1955 1594 2025 multitudo
1627 1955 2024 2035 conflueret,
2078 1960 2313 2025 Pastor
2358 1956 2443 2025 ad
2492 1979 2643 2025 om-

151 2041 242 2110 nia
282 2048 622 2133 providuS,
682 2067 1113 2132 nequaquam
1163 2067 1278 2114 eos
1326 2044 1409 2113 ad
1471 2043 1914 2114 ecclesiastici
1976 2044 2242 2114 decoris
2302 2043 2638 2126 officium,

156 2130 246 2197 sed
286 2135 352 2202 ad
397 2133 819 2226 capiendum
890 2132 1325 2203 solummodo
1391 2132 1872 2201 monachicum
1940 2134 2367 2222 propositum
2420 2135 2641 2203 susci-

164 2218 386 2303 piendos
428 2246 590 2294 esse
639 2222 977 2301 censebat,
1031 2221 1308 2291 dicens:
1364 2219 1667 2291 «Multos
1716 2244 1794 2289 ex
1857 2221 2314 2291 ecclesiastica
2365 2244 2487 2290 seu
2537 2245 2645 2292 se-

162 2305 330 2378 culari
370 2312 624 2382 militia
678 2311 995 2379 novimus
1043 2310 1128 2379 ad
1177 2308 1669 2400 omnipotentis
1716 2309 1832 2378 Dei
1891 2308 2244 2378 servitium
2294 2308 2638 2393 festinare,

157 2407 211 2492 ut
246 2398 315 2468 ab
356 2401 669 2471 humana
708 2400 1027 2469 servitute
1075 2398 1296 2480 liberi,
1352 2400 1418 2467 in
1472 2398 1705 2467 divino
1740 2397 2010 2467 servitio
2059 2398 2419 2468 videantur
2448 2398 2646 2468 fami-

158 2480 344 2558 liarius
386 2488 808 2561 conversari.
862 2491 1045 2572 Quos
1078 2489 1137 2560 si
1186 2487 1444 2579 passim
1496 2486 1938 2568 dimittimus,
1973 2486 2299 2557 omnibus
2334 2486 2647 2580 fugiendi

150 2574 536 2671 ecclesiastici
579 2578 681 2647 vel
732 2578 1062 2647 secularis
1100 2577 1284 2668 juris
1310 2578 1699 2646 dominium
1732 2576 2161 2646 occasionem
2198 2576 2635 2667 praebemus,

153 2665 205 2728 St
241 2686 369 2735 vero
417 2668 823 2737 festinantes
855 2666 938 2735 ad
990 2666 1478 2757 omnipotentis
1519 2667 1634 2736 Dei
1668 2665 2021 2735 servitium
2071 2666 2343 2735 incaute
2393 2666 2643 2735 retine-

151 2771 285 2833 muS,
320 2756 417 2825 illi
467 2756 908 2825 inveniemur
955 2776 1204 2845 negare
1233 2755 1570 2842 quaedam
1620 2755 1739 2841 qui
1781 2753 1968 2823 dedit
2014 2754 2270 2824 omnia.
2312 2755 2499 2823 Unde
2534 2778 2647 2824 ne-

146 2858 291 2910 cesse
334 2858 452 2926 est,
490 2858 570 2915 ut
619 2844 937 2931 quisquis
983 2865 1061 2912 ex
1091 2844 1275 2934 juris
1313 2843 1759 2913 ecclesiastici
1806 2842 1907 2911 vel
1972 2842 2303 2913 secularis
2353 2843 2646 2914 militiae

143 2932 438 3026 servitute,
495 2934 588 3003 ad
642 2932 753 3002 Dei
804 2932 1154 3002 servitium
1190 2934 1490 3001 converti
1538 2932 1903 3012 desiderat,
1956 2932 2285 3022 probetur
2323 2933 2521 3021 prius
2571 2934 2640 3002 in

146 3013 281 3087 laico
327 3023 570 3093 habitu
603 3022 1056 3092 constitutus:
1108 3032 1174 3090 et
1221 3021 1280 3090 si
1319 3043 1542 3090 mores
1573 3022 1724 3111 ejus
1771 3033 1971 3107 atque
2004 3022 2425 3090 conversatio
2464 3021 2643 3092 bono

143 3102 435 3203 desiderio
485 3111 681 3180 illius
731 3110 1199 3181 testimonium
1250 3110 1747 3199 perhibuerint,
1801 3108 2060 3196 absque
2121 3109 2264 3179 ulla
2321 3123 2643 3180 retracta-—

142 3204 286 3266 none
347 3200 604 3269 servire
652 3199 721 3267 in
774 3198 1187 3268 monasterio
1225 3198 1675 3290 omnipotenti
1729 3198 2018 3268 Domino
2068 3198 2527 3289 permittatur,
2567 3212 2645 3268 ut

140 3281 205 3351 ab
243 3285 543 3358 humano
586 3288 857 3357 servitio
907 3287 1079 3358 liber
1127 3287 1395 3358 recedat
1432 3288 1551 3376 qui
1608 3287 1844 3357 divino
1898 3287 2227 3374 obsequio
2276 3287 2646 3358 districtio-

144 3390 250 3440 rem
280 3378 507 3447 subire
541 3378 799 3467 appetit
847 3377 1264 3446 servitutem.
1320 3378 1386 3446 Si
1434 3388 1660 3448 autem
1722 3386 1787 3446 et
1835 3376 1903 3444 in
1948 3377 2353 3446 monachico
2401 3377 2646 3445 habitu

143 3467 485 3535 seeundum
541 3480 808 3556 patrum
857 3464 1133 3556 regulas
1183 3464 1874 3555 irreprehensibiliter
1921 3463 2125 3535 fuerit
2171 3478 2637 3545 conversatuS,

165 3633 175 3643 ‚
238 3555 588 3644 tpraefixa
620 3577 661 3624 a
699 3553 912 3626 sacris
958 3554 1345 3641 canonibus
1394 3567 1722 3645 tempora,
1777 3553 2060 3623 licenter
2105 3555 2252 3645 jam
2294 3553 2377 3623 ad
2422 3554 2644 3641 quod-

161 3635 271 3708 lbet
311 3642 852 3716 ecclesiasticum
915 3643 1221 3715 officium
1292 3655 1804 3733 promoveatur:
1876 3643 1934 3711 si
2004 3655 2231 3712 tamen
2301 3642 2440 3711 illis
2502 3665 2677 3712 non.

140 3721 307 3800 fuerit
364 3732 784 3802 criminibus
849 3731 1260 3811 maculatus,
1321 3753 1496 3818 quae
1561 3734 1632 3801 in
1684 3737 2111 3801 'testamento
2170 3732 2378 3807 veteri
2428 3744 2645 3801 morte

140 3816 548 3889 mulctantur.
574 3845 608 3886 »

208 3905 238 3990 ξ
292 3913 445 3982 10.
503 3910 630 3978 Sed
665 3923 730 3978 et
777 3908 1215 3981 Gelasianum
1246 3908 1548 3979 codicem
1596 3908 1724 3999 (a),
1763 3908 1848 3978 de
1895 3908 2259 3978 Missarum
2290 3908 2649 3978 solemniis

149 3991 322 4063 multa
346 3998 784 4079 subtrahenS,
837 4020 1056 4087 pauca
1100 4010 1523 4077 convertens,
1563 3997 1901 4067 nonnulla
1932 3997 2263 4097 adjiciens
2291 4019 2413 4088 pro
2443 4019 2653 4087 expo-

153 4082 350 4153 nendis
369 4086 786 4178 evangelicis
807 4085 1235 4168 lectionibuS‚
1259 4086 1329 4155 in
1353 4087 1565 4156 unius
1595 4085 1755 4155 libri
1785 4086 2131 4155 volumine
2147 4086 2535 4156 coarctavit.
2566 4090 2645 4154 In

157 4183 361 4242 canone
409 4175 757 4267 apposuit,
811 4178 1090 4267 Diesque
1134 4187 1388 4246 nostros
1434 4177 1505 4245 in
1553 4186 1675 4243 tua
1705 4198 1872 4266 pace
1929 4176 2263 4266 dz'sponaS,
2314 4186 2517 4266 atque
2561 4176 2647 4245 ab

202 4364 220 4387 ⁸
239 4366 348 4415 Quod
364 4373 498 4413 caute
521 4373 772 4413 admodum
791 4382 850 4412 cx
867 4373 1043 4413 saeculi
1064 4372 1246 4419 officiis,
1264 4373 1323 4413 ad
1340 4373 1661 4413 ecclesiastica
1688 4373 1793 4421 quie
1817 4372 2149 4418 admittendum
2167 4373 2303 4411 caute
2323 4371 2554 4411 arcendus
2572 4370 2650 4409 sit.

203 4416 244 4463 (α)
265 4422 387 4463 Oodeae
414 4428 677 4465 (ιίιαείαηοιε
726 4427 846 4465 liber
873 4428 947 4465 eut
974 4436 1132 4466 rerum
1161 4427 1509 4476 Litargtcarum
1534 4428 1671 4475 Juxta
1697 4426 1740 4465 8.
1774 4425 1953 4467 Gelam
1983 4426 2348 4475 recognitionem
2393 4424 2651 4468 consectum

274 4476 635 4520 &crau-meorum
657 4481 700 4520 S.
719 4482 924 4529 Greyort‘i
940 4482 1103 4529 pontes
1119 4480 1291 4527 dictus,
1316 4480 1418 4521 nive
1446 4480 1863 4519 Soa-ramentorum.
