3327 4999
214 337 319 402 EX
366 334 547 402 NOV.
601 335 687 400 26
1097 354 1174 400 nr.
1223 355 1278 400 s.
1332 353 1556 401 Ammo
1604 351 1854 402 croam
2527 334 2653 397 72²7

215 436 339 507 hoc
389 433 756 504 invenisset
802 433 1039 503 afferre
1099 434 1370 505 animae
1434 433 1921 505 detrimentum
1988 431 2171 520 quod
2221 430 2734 523 negligerentur

219 546 448 616 preces
495 534 560 593 et
605 531 823 592 status
870 522 1224 613 spiritalis,
1278 524 1424 594 vale
1472 523 1710 594 dicens
1743 521 2026 593 terrenis
2060 520 2407 601 omnibus,
2462 533 2527 591 ct
2565 521 2736 590 ami-

216 614 336 694 cis,
389 624 453 683 et
513 611 825 702 negotiis,
880 611 1189 684 ascendit
1224 613 1323 682 sei
1378 617 1532 684 sum
1578 611 1864 702 affigens
1910 610 2296 691 columnae,
2355 609 2597 698 paucis
2637 620 2737 678 ta-

215 702 398 772 bulis
445 699 816 770 conclusus
864 700 935 769 in
983 701 1203 791 capite
1250 723 1329 771 co
1363 723 1634 783 umnae‚
1674 700 1842 770 adeo
1896 712 1972 768 ut
2028 720 2150 768 nec
2199 697 2538 769 sufficeret
2584 698 2736 784 qui-

214 792 368 861 dem
420 789 503 859 ad
566 788 695 858 hoc
727 844 741 868 ‚
809 801 884 858 ut
937 811 1179 879 parum
1249 802 1476 881 posset
1524 802 1804 859 sanctus
1853 789 2250 858 recumbere
2296 800 2413 857 aut
2462 787 2732 858 sedere:

214 880 329 950 sed
378 890 701 969 perpetuo
760 889 965 949 staret
1016 879 1079 947 in
1143 880 1293 969 ipsa
1331 892 1681 966 tamquam
1733 890 1954 948 statua
2001 899 2233 956 aenea,
2273 875 2538 948 luctans
2573 897 2734 946 cum

215 968 580 1050 imbribuS‚
633 988 792 1038 curn
841 978 1035 1038 aestu
1082 978 1146 1037 et
1192 967 1465 1060 frigore,
1523 968 1965 1055 nubibusque
2024 966 2230 1037 simul
2281 979 2346 1035 et
2406 965 2625 1035 ventis
2672 979 2737 1036 et

214 1056 754 1149 tempestatibuS,
807 1056 1061 1144 quibus
1099 1068 1164 1127 et
1212 1057 1387 1147 lapis
1433 1068 1498 1127 et
1542 1057 1800 1127 ferrum
1851 1055 2159 1126 inanima
2199 1055 2483 1125 materia
2519 1067 2584 1124 et
2631 1077 2737 1125 so-

214 1147 376 1228 lida,
422 1168 622 1237 saepe
673 1157 972 1236 tempore
1036 1145 1364 1217 diffluunt
1409 1159 1474 1217 et
1520 1146 2038 1227 dissolvuntur,
2101 1156 2165 1214 et
2223 1145 2308 1214 ad
2361 1143 2735 1235 perfectum

211 1237 496 1308 veniunt
527 1234 902 1305 interitum.
952 1238 1131 1306 Haec
1178 1257 1338 1326 ergo
1392 1235 1649 1306 fortiter
1700 1234 1853 1305 tulit
1899 1234 2002 1304 vir
2056 1233 2173 1302 ille
2220 1256 2330 1303 ma
2385 1256 2538 1316 nuS,
2581 1255 2736 1303 san-

210 1325 475 1397 ct'orum
526 1322 775 1405 socius,
814 1337 879 1393 et
923 1325 1043 1412 qui
1092 1323 1271 1413 plus,
1308 1346 1519 1413 quarn
1556 1324 1798 1406 sancti,
1852 1322 2240 1404 decertavit,
2289 1345 2330 1413 p
2363 1346 2468 1405 uS,
2522 1345 2731 1410 quam

209 1415 435 1502 quivis
482 1423 713 1504 raptor
756 1423 821 1484 et
880 1414 1072 1494 latro,
1112 1413 1447 1485 violentus
1494 1435 1845 1504 possessor
1891 1412 2085 1504 regni
2135 1411 2504 1482 coelorum.
2559 1418 2724 1482 Nam

210 1503 313 1573 illi
350 1501 627 1590 quidem
677 1500 960 1573 fortasse
998 1503 1126 1573 hoc
1165 1504 1518 1593 cupientes
1568 1502 1827 1589 injusti,
1866 1523 2153 1590 poenam
2189 1499 2505 1571 dolorum
2541 1523 2733 1571 recu·

208 1603 494 1673 sassent,
532 1589 879 1661 meliorem
976 1604 1188 1661 artem
1238 1592 1698 1663 consecuturi.
1755 1597 1829 1661 In
1882 1590 2091 1680 hujus
2140 1602 2366 1659 autem
2411 1611 2528 1660 ore
2578 1612 2731 1681 per-

214 1693 417 1771 petuo
448 1691 595 1749 erat
638 1681 752 1750 Dei
802 1680 917 1751 lau
969 1681 1142 1751 atio:
1196 1681 1516 1752 universa
1565 1702 1718 1751 vero
1764 1681 1914 1771 ejus
1967 1680 2098 1750 vita
2146 1701 2185 1749 a
2233 1689 2463 1750 tenera
2508 1693 2725 1751 aetate

212 1769 341 1841 fuit
388 1768 746 1840 consessio,

298 1862 335 1946 ἓ
397 1862 543 1933 18.
598 1858 926 1942 Quisnam
976 1880 1137 1950 ergo
1176 1881 1255 1928 ex
1303 1860 1725 1950 martyribus
1777 1871 1911 1930 tam
1962 1857 2175 1928 multa
2224 1858 2600 1928 certamina
2631 1859 2731 1928 af-

210 1948 534 2020 flictionis
580 1961 645 2017 et
708 1946 1046 2018 malorum
1119 1971 1238 2037 per
1289 1948 1579 2021 essionis
1687 1971 1760 2020 ro
1822 1948 2085 2019 Christo
2150 1969 2458 2035 unquam
2521 1948 2735 2019 subiit

211 2036 647 2139 septuaginta
693 2040 951 2108 annos?
998 2042 1155 2109 Tres
1205 2039 1225 2107 i
1285 2038 1304 2106 i
1366 2038 1559 2128 pueri
1658 2041 1887 2108 amma
1921 2036 2335 2126 Babylonica
2391 2035 2517 2107 visi
2573 2051 2736 2108 sunt

213 2126 588 2215 ahquando
618 2126 1025 2217 superioreS,
1071 2149 1197 2197 sua
1230 2127 1302 2196 in
1334 2133 1544 2198 Deum
1581 2127 1857 2210 fiducia,
1899 2126 2241 2217 praeclare
2271 2148 2349 2196 ea
2395 2126 2734 2197 ardentio-

206 2238 338 2288 res.
395 2215 521 2286 Sed
564 2214 891 2287 adversus
937 2238 1156 2286 unum
1192 2217 1629 2297 elementum,
1680 2237 1925 2306 nempe
1973 2216 2229 2306 ignem,
2264 2215 2734 2299 decertarunt,

211 2317 276 2377 et
322 2327 461 2376 uno
508 2305 640 2374 die.
696 2304 818 2374 Hic
865 2317 1091 2375 autem
1145 2318 1469 2396 perpetuo
1516 2318 1744 2375 aestus
1804 2306 2182 2396 flammam,
2245 2304 2517 2375 aestivis
2567 2304 2731 2376 solis

208 2393 647 2485 lampadibus
696 2393 1124 2463 vehementer
1170 2394 1554 2477 urentibus,
1587 2393 1846 2464 fortiter
1884 2393 2234 2465 sustinuit.
2272 2398 2408 2463 Nox
2433 2415 2574 2463 una
2607 2393 2730 2463 ali-

211 2483 489 2572 quando
522 2482 808 2552 hiberna
854 2495 918 2554 et
964 2482 1146 2573 gelu,
1198 2506 1415 2554 unum
1448 2506 1528 2554 ex
1576 2505 1864 2555 numero
1901 2482 2177 2552 militari
2212 2481 2728 2571 divellitaqua-

208 2572 525 2663 draginta
554 2572 674 2660 qui
709 2593 829 2661 spe
858 2572 1085 2642 balnei
1123 2595 1163 2641 a
1211 2584 1346 2642 tota
1378 2595 1498 2664 spe
1547 2572 2022 2643 miserabiliter
2056 2571 2304 2642 excidit
2340 2572 2395 2640 *.
2435 2572 2558 2642 Hic
2605 2596 2730 2642 au-

209 2674 339 2731 tem
389 2672 483 2732 tot
540 2682 880 2731 annorum
930 2660 1170 2753 glacie,
1223 2675 1287 2733 et
1335 2675 1693 2732 ventorum
1741 2661 2017 2731 flatibus
2056 2661 2350 2757 graviter
2399 2662 2723 2762 spiranti-

206 2751 337 2822 bus
394 2761 777 2833 concretus‚
838 2772 1220 2840 numquam
1278 2749 1404 2821 fuit
1450 2752 1683 2821 animo
1741 2750 2206 2832 labefactatuS,
2272 2750 2598 2838 quotidie,
2654 2765 2729 2822 ut

206 2840 415 2910 semel
464 2840 716 2922 dicam,
772 2853 986 2911 morte
1033 2842 1337 2922 affectuS,
1373 2852 1437 2909 et
1484 2862 1728 2911 rursus
1770 2840 2201 2920 reviviscens,
2240 2853 2305 2909 et
2352 2840 2729 2914 insultibus

206 2930 686 3000 decertationis
715 2928 973 2999 sortiter
1011 2942 1074 2999 et
1113 2952 1436 3021 generose
1484 2930 1829 3001 resistens.
1886 2930 1952 2999 Si
1981 2943 2208 2999 autem
2258 2928 2586 3000 adversus
2635 2931 2727 2999 fe-

209 3041 317 3089 ras
366 3042 400 3088 a
460 3031 666 3089 restes
709 3030 773 3088 et
806 3018 1144 3091 immanes
1189 3019 1554 3089 decertavit
1600 3030 1993 3089 sanctorum
2043 3019 2334 3106 aliquis:
2387 3030 2452 3089 et
2502 3041 2723 3102 nem0,

206 3108 383 3177 sicut
409 3043 524 3176 {ic
557 3108 659 3176 vir
685 3109 1099 3198 praeclaruS,
1139 3108 1560 3199 depugnavit
1590 3109 1919 3179 adversus
1965 3107 2328 3178 daemonia
2360 3108 2722 3195 nequitiae.

206 3200 251 3265 Α
297 3196 552 3282 quibus
602 3198 667 3264 in
710 3210 891 3267 astro
940 3211 1297 3279 nocturn0,
1352 3211 1700 3286 tamquam
1761 3220 1800 3266 a
1862 3197 2206 3267 funditore
2252 3196 2484 3284 aliquo
2533 3210 2718 3268 stans

209 3285 277 3353 in
327 3284 672 3365 columna,
727 3286 793 3353 in
846 3285 1132 3356 humero
1180 3286 1309 3356 fuit
1356 3309 1728 3377 percussus
1783 3287 2030 3377 lapide.
2070 3287 2192 3355 Ille
2238 3297 2467 3356 autem
2502 3288 2727 3356 statim

208 3395 456 3443 manus
496 3373 561 3441 in
614 3372 879 3443 coelum
928 3373 1276 3454 extollens,
1309 3388 1374 3446 et
1406 3376 1606 3446 astris
1654 3387 1717 3445 et
1767 3377 1936 3466 ipsis
1983 3375 2277 3446 ostendit
2309 3376 2717 3456 daemoniiS‚

207 3485 278 3533 se
318 3462 488 3531 nihil
559 3462 827 3532 timere:
883 3462 998 3533 sed
1051 3463 1216 3533 haec
1264 3464 1476 3533 libere
1522 3463 1723 3533 dixit:
1794 3487 1830 3530 «
1860 3464 2033 3548 Quid
2086 3464 2275 3537 vobis
2325 3486 2595 3535 mecum
2632 3466 2722 3535 rei

204 3562 325 3633 est,
377 3574 417 3621 o
469 3551 878 3642 perniciosi,
938 3565 1002 3623 et
1048 3552 1448 3623 hominibus
1498 3552 1725 3622 infesti
1773 3552 2182 3626 daemones?
2245 3554 2420 3637 Quid
2476 3553 2728 3625 frustra

203 3641 735 3722 conturbamini,
788 3654 853 3711 et
900 3641 966 3710 in
1028 3640 1144 3711 Dei
1205 3663 1432 3712 servos
1488 3642 1838 3714 incassum
1900 3643 2224 3712 exercetis
2280 3643 2726 3715 inimicitias?

208 3729 433 3800 Videte
469 3730 653 3799 enim
714 3729 1038 3821 lapidem,
1092 3752 1296 3817 quem
1358 3753 1473 3801 vos
1529 3731 1598 3799 in
1642 3752 1750 3800 me
1796 3731 2207 3821 conjecistis.
2261 3736 2327 3801 Is
2373 3733 2500 3802 erit
2558 3733 2725 3801 mihi

204 3820 393 3891 testis
426 3830 683 3890 vestrae
728 3819 820 3888 im
836 3818 1211 3909 probitatiS‚
1247 3842 1450 3907 quem
1484 3819 1836 3890 ostendam
1893 3842 2124 3890 coram
2159 3820 2419 3891 Christo
2455 3844 2603 3891 meo
2653 3822 2721 3890 in

202 3908 311 3978 die
357 3908 506 3998 ejus
554 3907 911 3980 adventus.
968 3913 1048 3979 Ut
1095 3921 1320 3979 autem
1363 3909 1617 3991 sciatis,
1676 3931 1784 3978 me
1830 3909 2038 3980 telum
2093 3909 2462 3980 infantium
2522 3933 2727 4000 repu-

204 4010 381 4068 tasse
429 3998 668 4089 plagas
723 4008 1020 4069 vestras:
1073 4020 1226 4068 ecce
1282 3998 1479 4069 humi
1526 3998 1773 4089 dejicio
1843 4011 2091 4069 tectum
2142 3998 2320 4086 quod
2372 4009 2473 4069 est
2519 4020 2729 4090 supra

201 4098 409 4178 caput
448 4108 676 4157 meum
710 4086 891 4173 quod
934 4109 1137 4178 saepe
1183 4099 1366 4159 arcet
1402 4088 1632 4177 jactus
1693 4088 2029 4179 lapidum,
2095 4101 2160 4156 et
2216 4109 2347 4157 non
2407 4087 2571 4157 sinit
2619 4110 2728 4158 me

201 4177 436 4246 eadem
488 4176 627 4268 pati
662 4198 783 4267 pro
835 4175 1120 4247 Domino
1168 4198 1345 4264 quae
1379 4178 1765 4268 Stephanus
1816 4178 2084 4269 primus
2121 4189 2379 4277 martyr
2425 4190 2489 4246 ct
2535 4198 2722 4246 eam-

203 4264 356 4336 dem
410 4288 621 4354 quam
678 4264 792 4335 ille
839 4287 1163 4336 coronam
1213 4265 1543 4367 accipere,
1597 4289 1801 4354 quem
1864 4289 1979 4339 vos
2038 4266 2350 4337 Judaicls
2399 4265 2722 4338 manibus

206 4354 674 4426 interfecistis:
745 4377 904 4425 cum
973 4355 1229 4443 quibus
1302 4368 1505 4426 ettam
1575 4354 1897 4426 subibitis
1953 4367 2303 4426 aeternum
2374 4355 2724 4446 gehennae

255 4479 279 4507 ³
310 4480 423 4525 Vide
442 4492 584 4533 supra
603 4483 654 4525 tn
673 4482 786 4525 hist.
806 4483 880 4526 XL
902 4483 1023 4531 MM..
1041 4492 1087 4533 p.
1112 4483 1202 4531 106,
1222 4481 1242 4534 5
1262 4484 1299 4524 8.
