3327 4999
769 345 851 410 84
1574 360 1654 406 nn
1705 359 1760 405 s.
1806 357 2019 405 mou
2066 357 2386 414 AQUINATE
2882 336 3102 403 MART.
3142 338 3169 401 7

686 447 959 517 civitate
1023 444 1297 516 Domini
1344 443 1723 513 virtutum:
1787 465 1826 511 »
1875 463 2170 529 moxque
2227 441 2620 531 disparuit,
2671 452 2735 510 et
2782 445 2844 509 S.
2893 440 3171 509 Thomam

681 534 917 605 multa
967 534 1246 621 reliquit
1292 532 1758 602 consolatione
1807 531 2190 621 perfusum.
2227 531 2372 600 Alio
2421 542 2723 621 tempore
2766 530 2938 599 idem
2983 538 3173 599 sancto

690 626 836 693 viro
887 623 958 691 in
1012 644 1247 713 preces
1294 620 1722 692 incumbenti
1773 620 2053 692 Parisiis
2092 641 2285 689 soror
2329 620 2478 710 ejus
2526 619 2865 719 apparuit,
2902 640 3084 705 seque
3120 617 3171 684 in

692 712 1119 804 Purgatoriis
1162 710 1329 781 locis
1368 710 1668 780 cruciari
1714 709 1907 790 dixit,
1946 730 2176 790 oranS,
2214 721 2293 777 ut
2339 708 2679 778 sacrificia
2723 721 2788 778 et
2831 730 3043 799 preces
3081 728 3175 796 pro

687 802 840 892 ipsa
897 802 1185 870 Domino
1240 800 1532 870 offerret.
1581 798 1853 869 Curavit
1909 798 2013 868 vir
2064 809 2369 879 sanctuS‚
2432 810 2510 866 ut
2555 796 2795 867 fratres
2844 819 2956 887 pro
2996 817 3065 865 ea
3103 794 3175 862 fa-

689 902 923 960 cerent
957 901 1034 958 ut
1066 888 1373 980 petierat.
1407 889 1768 978 Interjecto
1803 887 1961 956 inde
1992 885 2345 972 aliquanto
2377 886 2705 976 temporis
2735 887 2967 977 spatio,
3004 891 3174 954 Roma

685 977 793 1047 illi
859 1000 1103 1048 rursus
1158 999 1231 1047 se
1278 977 1632 1046 visendam
1673 974 1964 1057 obtulit,
2003 976 2322 1045 indicans
2362 996 2433 1045 se
2480 998 2520 1044 a
2567 975 2805 1065 poenis
2844 975 3169 1051 liberatam,

683 1067 913 1136 vivere
952 1067 1022 1135 in
1065 1068 1261 1137 beata
1299 1067 1459 1135 vita.
1498 1064 1951 1155 Interroganti
1982 1078 2208 1133 autem
2246 1068 2311 1134 S.
2347 1064 2644 1133 'rhomae
2680 1064 2764 1132 de
2795 1063 3049 1134 duobus
3073 1061 3174 1129 fra-

684 1155 906 1225 tribus
947 1155 1117 1236 suis,
1154 1155 1509 1255 respondit
1555 1153 1700 1235 illa,
1755 1153 2240 1310 Landulsshum
2292 1152 2573 1239 quidem
2627 1154 2839 1223 teneri
2884 1153 3089 1222 adhuc
3118 1150 3169 1217 in

690 1244 861 1314 locis
909 1244 1352 1335 PurgatoritS‚
1401 1242 1775 1313 Arnoldum
1829 1264 1984 1311 vero
2081 1241 2342 1311 abitare
2388 1242 2458 1309 in
2516 1242 2748 1311 coelis:
2801 1241 3168 1326 addiditque:

685 1356 721 1399 «
756 1338 855 1401 Tu
904 1355 1179 1419 quoque
1228 1332 1434 1402 irater
1481 1331 1671 1403 brevi
1719 1331 1919 1401 nobis
1948 1329 2444 1420 jungeris,‚sed
2494 1331 2713 1420 major
2758 1342 2819 1400 te
2851 1329 3053 1423 gloria
3090 1349 3173 1395 ex-

687 1433 935 1512 pectat,
988 1443 1197 1508 quam
1242 1443 1389 1503 noa,
1446 1421 1535 1491 ob
1577 1431 1934 1511 susceptos
1982 1440 2105 1510 pro
2153 1419 2453 1489 Ecclesia
2504 1417 2796 1489 laboreS.
2837 1444 2873 1486 »

774 1512 809 1597 ξ
857 1515 1004 1581 13.
1072 1509 1388 1580 Invitavit
1453 1509 1870 1598 quandoque
1936 1513 2001 1578 S.
2052 1508 2382 1577 Thomam
2439 1507 2522 1576 ad
2585 1509 2996 1578 sumendum
3050 1525 3170 1575 cum

683 1597 836 1688 ipso
884 1599 1117 1683 cibum
1164 1600 1369 1670 Divus
1410 1598 1799 1669 Ludovicus
1846 1597 2104 1667 Galliae
2150 1601 2310 1666 Rex.
2351 1597 2731 1666 Excusabat
2775 1620 2850 1667 se
2900 1596 3166 1669 Thomas,

686 1686 871 1773 quod
907 1699 1191 1843 propter
1223 1688 1612 1757 studiorum
1645 1686 2133 1777 occupationes
2166 1706 2301 1754 non
2336 1699 2515 1756 esset
2552 1686 2684 1755 sibi
2731 1686 3065 1776 integrum
3093 1701 3171 1748 ve·

684 1776 835 1844 nire
864 1797 900 1842 a
985 1797 1291 1846 mensam
1328 1777 1532 1868 regiS.
1572 1780 1650 1845 At
1681 1775 2087 1865 compulsus
2137 1785 2359 1843 tamen
2411 1787 2512 1844 est
2549 1775 2756 1864 jussu
2808 1774 3044 1845 Prioris
3085 1776 3174 1839 Pa-

685 1863 1022 1933 risiensiS.
1059 1865 1314 1935 Acriter
1346 1865 1410 1934 id
1449 1864 1774 1955 temporis
1824 1864 2056 1933 animo
2090 1862 2531 1932 incumbebat
2562 1864 2631 1931 in
2673 1865 3173 1933 Manichaeorum

686 1954 1320 2053 oppugnationem:
1360 1975 1660 2041 cumque
1708 1952 1972 2023 sederet
2017 1952 2102 2022 ad
2155 1951 2335 2041 regis
2382 1974 2692 2022 mensam
2743 1953 2831 2024 iis
2877 1947 3178 2053 cogitatio·

688 2043 901 2111 nlbus
951 2042 1279 2123 intentuS,
1329 2065 1538 2112 manu
1589 2044 1979 2133 percutiens
2026 2062 2364 2121 mensam,
2398 2041 2761 2111 definitum
2814 2056 2935 2124 est,
2971 2048 3174 2125 inquit,

686 2141 928 2201 contra
992 2131 1331 2201 haeresim
1400 2131 1999 2201 Manichaeorum:
2053 2151 2441 2216 vocansque
2504 2152 2579 2199 ex
2633 2133 2912 2200 nomine
2961 2128 3178 2199 socium

691 2241 924 2301 suum,
966 2220 1252 2310 perinde
1291 2221 1434 2291 acsi
1467 2234 1644 2290 esset
1677 2221 1748 2289 in
1782 2241 1907 2291 suo
1939 2218 2285 2299 cubiculo,
2322 2241 2359 2285 <‹
2396 2223 2632 2308 Surge,
2668 2220 2787 2301 ait,
2825 2233 2888 2290 et
2919 2218 3177 2288 scribe.»

691 2308 885 2378 Prior
945 2331 1102 2378 vero
1150 2308 1253 2378 illi
1301 2310 1637 2391 assidenS,
1691 2330 1987 2395 eumque
2036 2329 2251 2377 manu
2298 2319 2608 2398 tangens,
2664 2332 2698 2375 «
2755 2310 3035 2379 Domino
3085 2308 3179 2371 Do·

690 2407 860 2478 ctor,
933 2398 1181 2485 inquit,
1250 2397 1334 2466 ad
1386 2418 1693 2466 mensam
1746 2397 1926 2487 regis
1972 2395 2086 2465 hic
2128 2395 2346 2477 sedes,
2398 2397 2666 2465 nonad
2724 2419 3026 2468 mensam
3071 2389 3178 2460 Cel-

686 2484 874 2556 lulae
921 2499 1099 2558 tuae.
1139 2512 1174 2554 »
1208 2492 1378 2556 Tum
1441 2486 1557 2556 ille
1604 2485 1690 2555 ad
1741 2509 1811 2556 se
1860 2507 2194 2567 reversus,
2254 2485 2633 2556 verecunde
2682 2486 2777 2556 ait
2832 2486 2917 2557 ad
2969 2498 3176 2576 regem}

691 2580 1048 2666 «Ignosce
1100 2576 1273 2645 mihi
1330 2576 1612 2645 Domine
1649 2574 1744 2644 mi
1789 2580 1948 2655 Rex,
1985 2574 2149 2661 quia
2197 2575 2523 2664 putabam
2578 2596 2685 2645 me
2732 2575 2924 2647 domi
2971 2589 3182 2643 versarl

690 2664 764 2733 in
813 2665 1138 2735 cubiculo
1186 2685 1363 2732 meu.
1413 2686 1448 2730 »
1498 2669 1572 2732 At
1640 2675 1921 2733 sanctus
1967 2668 2105 2734 Rex
2179 2664 2374 2733 valde
2422 2664 2777 2735 admirans
2833 2687 2990 2734 eum
3049 2663 3183 2729 inter

684 2753 929 2853 epulas
976 2752 1369 2840 usqueadeo
1417 2765 1604 2822 extra
1653 2774 1727 2822 se
1774 2753 2099 2843 positum,
2143 2753 2515 2842 prudenter
2545 2755 2788 2824 accivit
2837 2752 3176 2823 librarium,

677 2843 1028 2932 Jussitque
1092 2855 1168 2911 ut
1231 2842 1754 2940 quamprimum
1828 2853 2234 2921 annotaret,
2308 2864 2487 2929 quae
2549 2857 2786 2913 sancto
2838 2844 2977 2912 viro
3029 2846 3180 2909 erant

687 2928 1023 3000 divinitus
1083 2929 1444 3020 inspirata.
1509 2928 1838 3000 Similiter
1882 2929 2253 3019 contigisse
2306 2931 2543 3011 fertur,
2581 2953 2743 3000 cum
2800 2944 3068 3001 sanctus
3107 2924 3182 3018 viij

688 3017 776 3087 ad
826 3018 1211 3089 Cardinalis
1259 3018 1486 3109 Legati
1552 3020 1836 3089 Tusciae
1885 3038 2194 3087 mensam
2247 3019 2548 3100 sederet,
2600 3019 2719 3106 qui
2769 3021 2922 3109 esus
2963 3011 3180 3087 visendl

686 3106 1100 3197 cumprimis
1146 3120 1292 3177 erat
1337 3106 1661 3197 cupidus:
1718 3130 1855 3195 quo
1904 3120 2207 3197 tempore
2254 3108 2597 3178 scribebat
2662 3043 2833 3179 illud
2898 3129 3063 3200 opus
3098 3102 3182 3172 in-

688 3196 885 3286 signe
938 3195 1269 3266 adversus
1325 3195 1645 3266 Gentiles.

774 3286 810 3372 ἓ
859 3290 1001 3357 14.
1064 3283 1345 3354 Crebros
1395 3285 1779 3375 patiebatur
1824 3283 2162 3372 ejusmodi
2221 3286 2469 3356 mentis
2508 3307 2865 3356 excessus:
2920 3284 3031 3356 sed
3067 3293 3174 3350 tum

685 3374 1057 3464 praecipue
1086 3372 1521 3455 diuturnum,
1555 3396 1718 3443 cum
1752 3386 1929 3444 esset
1956 3374 2028 3442 in
2062 3385 2287 3443 castro
2319 3376 2573 3445 sororis
2607 3397 2772 3445 suae
2807 3374 3175 3444 Theodorae,

686 3484 823 3531 non
866 3462 1068 3552 longe
1111 3473 1267 3532 ante
1308 3462 1572 3532 obitum
1610 3484 1842 3544 suum,
1876 3463 1998 3532 ubi
2032 3483 2195 3531 sane
2274 3485 2347 3531 er
2378 3463 2684 3533 triduum
2731 3463 2869 3534 fere
2913 3475 3184 3555 perman·

687 3551 775 3619 sit
825 3574 865 3621 a
924 3551 1270 3641 corporeis
1319 3551 1638 3622 sensibus
1687 3551 2093 3630 abstractus,
2157 3574 2196 3619 a
2247 3573 2326 3620 eo
2386 3565 2459 3622 ut
2507 3574 2698 3621 soror
2753 3555 2928 3641 eius,
2981 3548 3181 3620 talium

684 3661 918 3709 rerum
968 3639 1309 3730 imperita,
1357 3661 1491 3707 non
1544 3638 1914 3709 minimum
1968 3641 2396 3723 turbaretur,
2449 3656 2940 3728 quaereretque
2986 3660 3060 3707 ex
3101 3653 3185 3703 so-

684 3728 791 3798 cio
840 3727 1261 3807 sanctiviri,
1300 3728 1637 3815 quidnam
1687 3729 1778 3798 ita
1817 3730 2043 3799 subito
2092 3729 2284 3798 fratri
2335 3751 2462 3800 suo
2509 3730 2895 3801 accidisset.
2940 3728 3054 3800 Cui
3099 3721 3186 3790 ille

684 3817 1063 3908 respondit,
1103 3840 1138 3883 «
1173 3822 1384 3906 Saepe
1430 3817 1708 3903 quidem
1756 3817 1950 3886 illum
1993 3833 2179 3888 extra
2228 3840 2299 3889 se
2348 3819 2522 3909 rapi,
2560 3842 2721 3888 cum
2772 3842 2843 3889 se
2890 3820 3074 3888 daret
3101 3830 3188 3879 ar-

684 3928 1021 3975 canorum
1069 3904 1667 3996 contemplationi:
1706 3918 1773 3976 at
1822 3929 2178 3995 nunquam
2233 3919 2459 3977 tamen
2524 3920 2723 3977 antea
2770 3923 2906 3978 tam
2972 3901 3190 3997 prolixe

685 4017 845 4065 eum
897 4015 969 4063 se
1026 3994 1278 4065 vidisse
1332 3995 1403 4064 in
1451 4017 1528 4064 eo
1578 3996 1826 4065 mentis
1864 4017 2228 4067 excessu.»
2265 3996 2565 4065 Tandem
2598 4020 2754 4066 vero
2802 3998 2985 4066 idem
3019 3994 3191 4062 frater

687 4093 1007 4154 sanctum
1071 4083 1291 4152 virum
1342 4084 1602 4154 fortiter
1659 4086 1902 4167 traxit,
1956 4085 2105 4172 ejus
2153 4086 2587 4176 apprehenso
2636 4086 2935 4166 cucullO,
2988 4083 3193 4165 sicque

688 4173 771 4243 ad
825 4195 896 4242 se
944 4172 1184 4254 rediit,
1250 4185 1316 4243 et
1382 4174 1743 4264 suspirans
1790 4173 1928 4243 ait:
1996 4196 2031 4241 «
2095 4174 2244 4242 Tibi
2308 4174 2409 4243 fili
2460 4173 2834 4265 Reginalde
2884 4183 3188 4246 secretum

686 4262 942 4353 aperio,
966 4263 1324 4420 dprohibeo
1374 4287 1461 4332 ue
1500 4285 1584 4332 ne
1632 4262 1700 4331 id
1753 4285 1861 4332 me
1909 4263 2172 4332 vivente
2219 4262 2547 4350 cuiquam
2600 4264 2877 4334 reveles.
2915 4268 3047 4351 Ego
3066 4256 3189 4344 jam

689 4351 958 4424 scribeu
1016 4352 1037 4420 i
1086 4353 1293 4421 finem
1370 4351 1558 4420 acio:
1606 4363 1768 4420 sunt
1799 4351 1984 4421 enim
2038 4351 2207 4420 mihi
2259 4352 2418 4421 talia
2457 4352 2789 4422 divinitus
2818 4365 3099 4424 ostensa,
3130 4349 3194 4436 ΠΡ

687 4442 965 4512 illorum
1013 4440 1548 4532 comparatione,
1613 4463 1692 4510 ea
1737 4462 1914 4528 quae
1963 4440 2298 4512 hactenus
2348 4440 2597 4532 scripsi
2646 4453 2710 4512 et
2761 4440 2987 4519 docui,
3040 4430 3190 4504 mim
