3327 4999
178 325 425 391 MART.
480 325 563 390 ⁴2
1069 344 1150 391 mi
1197 344 1254 391 s.
1309 342 1623 393 cnaeomo
1672 276 1834 393 rarii
2519 333 2651 398 209

175 422 514 503 scribens,
568 422 1179 493 ait:«Matriculam
1212 445 1424 510 quam
1474 422 1683 493 frater
1718 436 1784 495 et
1829 426 2280 528 coepiscopus
2334 440 2563 499 noster
2610 435 2741 498 An-

175 511 378 581 dreas
427 511 840 581 Tarentinus
871 510 1103 602 episco
1157 533 1242 580 us
1291 509 1447 581 fecit
1494 512 1799 584 fustibus
1847 515 2205 605 castigari,
2260 517 2579 602 quamvis
2626 540 2743 587 ex-

174 599 339 668 inde
398 611 553 689 post
600 611 750 669 octo
798 621 1071 668 menses
1169 621 1300 668 anc
1347 600 1603 672 obiisse
1665 623 1799 670 non
1850 602 2242 684 credamUS,
2301 617 2530 674 tamen
2578 607 2745 694 quia

172 709 325 758 eam
377 699 621 757 contra
668 687 1000 778 propositi
1048 686 1160 757 sui
1191 686 1507 757 ordinem
1540 689 1947 790 hujusmodi
1998 690 2155 760 fecit
2184 692 2422 782 affligi,
2468 693 2745 764 duobus

174 777 366 846 hunc
430 775 788 846 mensibus
834 799 877 845 a
926 775 1289 845 Missarum
1358 776 1795 848 solemnitate
1853 780 2244 869 suspende:
2299 793 2376 850 ut
2422 782 2526 851 vel
2577 782 2745 852 haec

174 887 333 934 eum
372 863 811 946 verecundia,
848 863 1123 951 qualem
1176 885 1248 932 se
1295 864 1383 933 de
1412 875 1681 935 caetero
1711 866 2034 935 exhibere
2130 868 2322 949 ossit,
2356 868 2744 941 instituat.»

262 955 300 1039 ἕ
366 956 504 1024 12.
561 953 629 1021 Si
676 952 958 1039 quando
1027 973 1241 1043 super
1313 952 1752 1023 sacerdotum
1806 954 2085 1023 crimini
2140 980 2225 1027 us
2285 971 2433 1027 erat
2477 957 2745 1045 aliquid

176 1039 681 1139 ventilandum,
716 1063 877 1110 cum
927 1063 1208 1111 summa
1254 1039 1685 1111 districtione
1733 1043 2119 1131 grandique
2167 1045 2429 1113 cautela
2492 1051 2742 1136 Grego-

176 1128 325 1199 rius
375 1127 934 1215 uniuscujusque
981 1128 1270 1218 capituli
1318 1129 1639 1199 modulos
1672 1151 2037 1216 quaerenS‚
2084 1133 2492 1202 sententiam
2543 1157 2742 1205 suam

180 1215 560 1309 difficulter
626 1216 1130 1307 promulgabat.
1203 1217 1396 1287 Unde
1460 1218 1683 1288 Natali
1738 1218 2132 1288 Salonitano
2197 1242 2233 1289 e
2289 1220 2522 1310 iscopo
2572 1222 2746 1291 scri-

175 1305 372 1383 bens,
423 1304 559 1374 ait:
593 1309 807 1374 «Cum
838 1317 1089 1374 cuncta
1140 1306 1413 1405 negotia
1464 1305 1900 1396 indagandae
1949 1307 2222 1377 solicitu
2277 1308 2389 1377 ine
2438 1310 2744 1380 veritatis

177 1392 562 1482 indigeant,
607 1405 749 1462 tum
799 1392 1113 1492 quae-ad
1162 1392 1612 1482 dejectionem
1646 1394 2179 1464 sacerdotalium
2219 1398 2564 1487 pertinent
2591 1421 2747 1488 gra-

177 1480 431 1559 duum,
491 1492 656 1551 sunt
718 1480 1102 1551 districtius
1152 1481 1592 1551 trutinanda:
1645 1482 1719 1550 in
1768 1482 2027 1569 quibus
2086 1505 2222 1554 non
2284 1498 2421 1555 tani
2486 1486 2571 1554 de
2619 1488 2750 1556 hu·

176 1568 411 1639 manis
469 1568 899 1649 constitutis,
955 1590 1166 1655 quam
1215 1568 1303 1639 de
1358 1569 1632 1639 divinae
1730 1571 2195 1641 uodammodo
2242 1572 2749 1645 benedictionis

174 1655 644 1755 refragatione
669 1667 1022 1727 tractatur.
1051 1658 1467 1727 Nunciatum
1496 1657 1679 1745 siqui
1734 1681 1840 1728 em
1894 1660 2096 1730 nobis
2126 1670 2251 1729 est.
2290 1661 2737 1743 Florentium,

175 1752 597 1817 Tauritanae
666 1745 962 1815 civitatis
1017 1745 1468 1836 episcopum,
1523 1769 1565 1815 a
1610 1746 2037 1834 quibusdam
2100 1747 2316 1818 fuisse
2383 1751 2456 1818 in
2517 1751 2751 1823 causis

176 1832 675 1904 criminalibus
748 1845 1179 1915 accusatum,
1233 1846 1298 1903 et
1346 1834 1559 1903 nullis
1633 1835 1990 1906 canonicis
2059 1836 2588 1925 probationibus
2635 1862 2752 1908 ex-

172 1921 486 2010 quisitis,
539 1942 663 1990 nec
715 1921 1159 1992 sacerdotalis
1205 1921 1487 1991 concilii
1543 1923 2026 2012 praeveniente
2062 1924 2357 2013 judicio,
2412 1948 2575 1995 eum
2626 1927 2752 1995 ho-

172 2010 371 2080 noris
419 2008 650 2079 officio
699 2031 836 2078 non
859 2011 1044 2100 jure,
1102 2009 1220 2080 scd
1271 2010 1675 2079 auctoritate
1704 2009 2122 2100 depositum.
2177 2013 2354 2094 Quia
2400 2035 2564 2103 ergo
2615 2036 2750 2084 non

172 2110 406 2190 potest
452 2119 877 2184 quemquam
924 2099 1366 2187 episcopatus
1405 2097 1651 2188 gradu,
1710 2099 1846 2183 nisi
1886 2099 2098 2184 justis
2145 2121 2226 2168 ex
2271 2102 2527 2181 causis,
2580 2122 2749 2171 con-

180 2209 345 2259 cors
394 2184 831 2255 sacerdotum
883 2187 1320 2256 summovere
1381 2186 1721 2256 sententia
1752 2240 1767 2266 ‚
1823 2187 2185 2256 hortamur
2254 2187 2750 2258 fraternitatem

177 2285 647 2355 vestram‚'ut
708 2272 1088 2362 praefatum
1131 2272 1357 2342 virum
1407 2295 1487 2343 ex
1533 2272 1801 2352 eodem,
1859 2274 1929 2341 in
1990 2275 2171 2360 quod
2234 2275 2559 2347 detriisus
2606 2290 2747 2356 est,

174 2363 346 2455 ejici
392 2361 664 2431 faciatis
710 2361 935 2442 exilio,
982 2383 1407 2448 causamque
1453 2361 1605 2451 ejus
1636 2361 2016 2452 episcopali
2064 2361 2558 2453 disceptatione
2603 2387 2757 2455 per-

176 2451 397 2541 quiri.
454 2455 533 2521 Et
579 2449 641 2520 si
688 2449 757 2518 in
811 2450 943 2532 his,
983 2450 1053 2518 in
1090 2449 1349 2537 quibus
1379 2461 1748 2520 accusatus
1794 2462 1919 2532 est,
1971 2453 2306 2538 canonica
2356 2450 2558 2523 fuerit
2595 2475 2755 2544 pro-

174 2541 463 2612 batione
510 2539 908 2619 convictus,
963 2539 1300 2609 canonica
1348 2538 1809 2630 proculdubio
1856 2551 1960 2609 est
2006 2540 2272 2610 ultione
2320 2540 2753 2630 plectendus.

174 2629 381 2714 Quod
433 2627 494 2699 si
543 2626 717 2696 alias
747 2649 958 2713 quam
1008 2626 1094 2695 de
1132 2648 1211 2696 eo
1242 2628 1682 2697 aestimatum
1731 2639 1856 2708 est,
1893 2628 2214 2728 synodali
2262 2628 2468 2698 fuerit
2518 2630 2754 2716 inqui-

174 2716 433 2788 sitione
483 2726 941 2814 compertum‚
1008 2737 1285 2785 necesse
1333 2726 1457 2797 est,
1511 2728 1589 2784 ut
1635 2726 1702 2784 et
1756 2717 2237 2786 criminatores
2292 2718 2468 2808 justi
2517 2718 2756 2787 distri-

173 2806 483 2877 ctionem
524 2803 711 2959 {uris
779 2802 1189 2873 exhorreant
1262 2816 1327 2873 et
1397 2803 1841 2874 incriminato
1889 2804 2324 2875 innocentiae
2390 2827 2557 2876 suae
2611 2828 2758 2876 ser-

175 2907 431 2963 ventur
480 2891 527 2960 il
562 2892 745 2961 ibata
785 2891 1248 2981 suffragia...»
1283 2898 1450 2962 Item
1501 2893 1943 2963 Constantino
1992 2893 2527 2964 Mediolanensi:
2583 2900 2757 2964 «Re-

178 2982 383 3052 lectis
413 2979 728 3080 epistolis
774 3001 951 3066 quas
997 2980 1084 3050 ad
1136 3001 1262 3050 nos
1321 3003 1442 3071 per
1494 2980 1888 3049 Maurinum
1951 2980 2234 3050 latorem
2287 2983 2757 3071 praesentium

177 3067 703 3148 transmisistis,
756 3079 1025 3157 gratam
1081 3067 1284 3138 nobis
1322 3067 1840 3139 solicitudinem
1891 3082 2188 3139 vestram
2246 3069 2462 3140 fuisse
2509 3070 2760 3140 rescri—

232 3158 463 3229 simus
510 3155 697 3242 quod
745 3177 924 3235 eam,
981 3176 1158 3241 quae
1206 3155 1293 3225 ad
1343 3178 1464 3225 vos
1510 3155 1595 3224 de
1655 3154 1863 3225 fratre
1921 3169 1988 3226 et
2043 3158 2448 3249 coepiscopo
2526 3170 2762 3230 nostro

176 3182 516 3336 gompejo
564 3244 685 3329 qui
750 3266 793 3313 a
840 3244 1040 3313 nobis
1088 3245 1184 3313 ita
1229 3255 1330 3314 est
1379 3243 1875 3324 nominanduS,
1926 3247 2258 3333 pervenit,
2297 3268 2581 3316 causam
2615 3247 2760 3315 dis-

177 3333 524 3404 simulare
551 3331 840 3401 minime
868 3332 1271 3431 pertulistis.
1310 3332 1438 3403 Sed
1474 3332 1532 3401 si
1554 3332 1784 3418 qualis
1816 3332 1943 3402 fuit
1976 3334 2047 3402 in
2082 3335 2529 3421 requisitione
2561 3357 2754 3414 cura,

180 3422 347 3492 talis
393 3420 645 3490 fuisset
681 3420 755 3488 in
814 3419 1251 3489 discussione
1310 3419 1707 3501 subtilitaS,
1777 3420 1952 3490 nihil
2002 3443 2084 3491 ex
2132 3423 2262 3493 hoc
2302 3422 2487 3509 quod
2539 3423 2623 3492 de
2680 3444 2760 3492 eo

176 3512 455 3580 dictum
507 3520 632 3589 est,
687 3507 931 3579 fuisset
977 3508 1418 3609 ambiguum,
1473 3509 1592 3578 sed
1627 3520 1864 3578 utrum
1913 3531 2179 3593 verum,
2234 3533 2320 3579 an
2357 3523 2538 3580 esset
2576 3533 2764 3580 com-

178 3598 524 3690 positum,
566 3597 921 3686 patuisset.
967 3597 1141 3678 Quia
1164 3618 1312 3687 Jam
1347 3609 1586 3667 contra
1617 3597 1853 3688 ipsum
1889 3597 2159 3667 dudum
2189 3598 2260 3666 in
2313 3597 2548 3668 Sicilia
2573 3598 2762 3690 apud

177 3684 608 3758 reverendae
674 3684 1048 3754 memoriae
1095 3683 1374 3754 fratrem
1432 3698 1749 3755 nostrum
1805 3686 2302 3756 Maximianum
2350 3687 2763 3778 episcopum

179 3774 348 3847 talis
381 3772 720 3874 quaestiO,
776 3784 857 3842 ut
915 3773 1391 3864 cognovimuS,
1436 3786 1623 3843 mota
1685 3785 1824 3844 est:
1874 3773 2004 3844 Sed
2052 3774 2220 3861 quia
2265 3797 2477 3845 causa
2533 3776 2768 3866 ipsius

180 3861 433 3936 subtili
483 3862 770 3930 omnino
816 3860 1341 3952 investigatione
1369 3861 1686 3949 quaesita
1732 3873 1857 3942 est,
1912 3861 2236 3932 inventus
2282 3874 2384 3933 est
2422 3863 2765 3934 innocens

177 3952 306 4041 qui
339 3951 569 4020 fuerat
615 3962 984 4020 accusatus
1030 3949 1102 4018 in
1150 3948 1470 4019 crimine.
1525 3955 1722 4019 Nunc
1765 3950 1981 4040 igitur
2025 3952 2357 4038 quoniam
2409 3951 2531 4020 illa
2577 3974 2764 4039 quae

177 4054 434 4112 contra
479 4060 642 4108 eum
691 4037 875 4107 dicta
922 4048 1107 4119 sunt,
1163 4059 1303 4107 non
1339 4037 1469 4108 sub
1502 4036 1625 4107 illa
1661 4059 1804 4123 qua
1828 4036 2061 4109 decuit
2088 4039 2516 4111 districtione
2553 4062 2763 4128 quae-

180 4130 323 4198 sita
373 4138 539 4199 sunt
585 4137 652 4196 et
688 4138 879 4217 gesta
925 4147 1104 4213 quae
1147 4125 1395 4194 exinde
1457 4125 1645 4215 apud
1707 4124 2198 4198 fraternitatem
2248 4141 2543 4200 vestram
2591 4151 2762 4197 con-

176 4217 365 4288 fecta
411 4225 600 4295 sunt,
664 4235 886 4301 neque
933 4212 1020 4283 ad
1091 4213 1776 4294 condemnationem,
1836 4236 2058 4302 neque
2112 4215 2199 4286 ad
2249 4216 2755 4287 absolutionem

178 4307 341 4395 ejus
389 4302 775 4394 probantur
822 4323 1020 4392 posse
1068 4301 1426 4372 sufficere:
1482 4324 1621 4371 non
1657 4302 1823 4375 levis
1865 4325 1973 4376 res
2011 4305 2264 4396 agitur,
2318 4317 2393 4375 ut
2442 4305 2744 4383 incaute,

348 4429 593 4486 surius
626 4454 651 4469 ·
704 4421 862 4485 Vitae
886 4424 995 4486 SS.
1027 4453 1055 4471 ·
1080 4422 1209 4486 Vol.
1255 4423 1356 4483 111.
2439 4426 2513 4484 14
