3327 4999
234 330 469 399 MART.
525 332 607 397 ’16
1094 351 1175 399 mr
1207 350 1275 398 .s.
1330 350 1605 399 ,tammo
1650 349 2045 400 conrssssonss
2529 330 2658 397 297

237 434 443 505 cernit
477 445 803 522 tanquam
852 433 1158 505 lucidam
1205 434 1498 515 stellam,
1551 435 1976 526 apparuisse.
2026 432 2281 503 Deinde
2313 432 2383 504 id
2433 433 2752 505 ardenter

236 523 602 613 complexa,
655 545 815 592 cum
862 545 1079 614 expur
1129 535 1330 604 asset,
1367 536 1432 593 et
1460 525 1831 609 unguentis
1871 524 2180 593 unxisset
2210 522 2608 601 honorifice,
2651 545 2754 592 re-

240 612 509 682 vertitur
552 611 636 682 ad
688 633 847 681 eum
895 611 1018 700 qui
1066 612 1261 682 ilam
1324 611 1618 703 hospitio
1677 624 2068 704 exceperat,
2139 611 2504 702 pretiosam
2559 610 2752 681 illam

240 700 521 771 afferens
553 700 1023 790 margaritam.

322 790 357 877 ἓ
418 797 551 862 11.
606 789 928 876 Sequenti
977 799 1204 860 autem
1253 798 1450 858 nocte
1496 788 1770 861 divinus
1797 810 2042 860 rursu-s
2071 787 2335 859 accedit
2379 789 2752 879 Longinu5‚

237 877 399 949 laeto
428 877 625 948 vultu
655 877 1149 960 subridentem,
1188 888 1252 946 ct
1276 877 1477 965 quasi
1508 878 1946 969 sponsalibus
1977 878 2398 949 vestimentis
2426 877 2753 947 nitentem

236 966 463 1037 filium>
501 988 705 1037 suum
740 966 1103 1047 inducenS,
1143 967 1577 1053 suaviterque
1602 981 1663 1037 et
1695 980 1976 1057 paterne
2006 988 2163 1037 eum
2216 965 2659 1056 amplectens,
2688 978 2756 1035 et

233 1054 392 1125 dicit
414 1055 511 1126 ei:
567 1060 796 1124 «Ecce
820 1078 1023 1143 quem
1077 1055 1385 1145 lugebaS,
1432 1055 1674 1137 lilium,
1721 1078 1760 1126 o
1810 1056 2096 1125 mulier:
2131 1077 2285 1125 ecce
2331 1067 2634 1142 quantus
2666 1054 2755 1125 sit

232 1165 415 1213 nunc
445 1143 599 1234 ejus
645 1143 953 1214 honoret
978 1144 1220 1235 gloria,
1258 1156 1324 1214 et
1353 1143 1634 1245 teipsam
1668 1144 2042 1215 consolare.
2080 1150 2256 1216 Deus
2302 1144 2487 1213 enim
2520 1144 2753 1235 ipsum

230 1233 460 1303 retulit
507 1233 575 1302 in
629 1254 996 1302 numerum
1036 1232 1318 1303 militiae
1357 1256 1468 1305 sut
1505 1234 1728 1324 regni:
1781 1255 2042 1325 egoque
2092 1255 2277 1303 nunc
2323 1255 2484 1302 eum
2533 1233 2753 1303 habeo

226 1335 581 1412 acceptum
631 1343 673 1390 a
705 1320 1068 1403 Salvatore,
1114 1344 1239 1392 nec
1275 1345 1317 1392 a
1363 1344 1515 1392 mea
1558 1345 1864 1411 unquam
1897 1322 2160 1394 recedet
2184 1322 2479 1392 dextera.
2511 1321 2752 1412 Accipe

225 1433 382 1502 ergo
435 1432 661 1479 meum
705 1423 914 1501 caput
944 1423 1008 1480 et
1054 1433 1307 1501 corpus
1355 1412 1454 1481 tui
1502 1411 1651 1493 filii,
1689 1424 1751 1482 et
1797 1412 2010 1502 sepeli
2058 1412 2128 1481 in
2176 1410 2413 1482 eadem
2455 1432 2636 1491 arca,
2688 1420 2755 1479 et

225 1521 309 1569 ne
370 1499 673 1589 amplius
732 1498 968 1590 lugeas
1014 1498 1234 1569 filium
1299 1513 1495 1571 tuum
1543 1501 1998 1601 unigenitum,
2065 1521 2284 1587 neque
2331 1512 2393 1569 te
2449 1499 2755 1568 verberet

224 1610 342 1659 cor
381 1600 605 1657 tuum.
643 1593 808 1659 Nam
861 1610 1113 1678 magna
1159 1588 1377 1679 gloria
1423 1600 1487 1659 et
1534 1587 1807 1672 laetitia,
1842 1602 1908 1659 et
1957 1590 2228 1680 magnis
2276 1588 2602 1658 laudibus
2639 1608 2752 1658 ce-

224 1676 595 1747 lebrandae
640 1677 950 1756 choreae,
1004 1688 1071 1747 et
1125 1676 1292 1747 festa
1340 1676 1781 1748 celeberrima
1826 1678 1888 1747 ei
1936 1678 2095 1747 data
2140 1689 2305 1747 sunt
2350 1700 2392 1746 a
2448 1682 2581 1746 Deo
2627 1676 2751 1763 qui

224 1786 378 1836 eum
433 1764 768 1854 accepit.»
800 1770 982 1836 Haec
1030 1788 1186 1835 cum
1236 1766 1570 1836 audiisset
1615 1780 1849 1848 mater,
1907 1766 2134 1837 statim
2167 1766 2410 1854 surgit,
2449 1778 2513 1835 et
2560 1786 2756 1835 acce-

223 1866 413 1946 ptum
468 1853 792 1944 martyris
822 1867 1052 1944 caput,
1090 1854 1313 1924 reddit
1358 1855 1512 1942 ejus
1544 1856 1799 1955 patriae
1825 1855 2035 1946 (Pago
2083 1868 2309 1924 autem
2364 1875 2610 1924 nomen
2653 1864 2758 1925 est

222 1942 573 2031 Sandiale)
617 1955 682 2011 et
726 1965 887 2012 cum
935 1964 1189 2044 corpus
1236 1942 1362 2012 filii
1409 1943 1617 2033 capiti
1665 1946 1985 2035 martyris
2033 1944 2347 2014 lubenter
2393 1943 2754 2034 apposuis-

225 2045 345 2112 set,
382 2044 449 2102 et
498 2031 569 2100 in
620 2031 765 2101 loco
815 2032 1070 2122 insigni
1112 2032 1392 2104 honeste
1439 2033 1958 2123 composuisset,
1997 2032 2166 2103 haec
2214 2032 2399 2122 apud
2451 2054 2524 2101 se
2569 2030 2754 2100 dice-

226 2120 379 2189 bat:
432 2125 687 2190 «Nunc
721 2120 862 2190 scio
916 2120 1098 2206 quod
1162 2120 1246 2189 iis
1292 2120 1415 2207 qui
1462 2126 1672 2189 Deum
1722 2120 2041 2212 diligunt,
2079 2122 2310 2190 omnia
2359 2120 2443 2189 ad
2495 2121 2755 2189 bonum

228 2208 604 2279 conferunt.
673 2211 1094 2292 Quaerebam
1145 2208 1382 2280 oculos
1442 2209 1712 2291 carnis,
1777 2231 1900 2300 ego
1966 2220 2196 2279 autem
2260 2207 2497 2298 accepi
2547 2208 2774 2290 etiam,

233 2296 463 2366 oculos
501 2297 809 2389 spiritus,
863 2304 963 2367 Me
1010 2295 1348 2368 afficiebat
1396 2297 1666 2367 tristitia
1706 2299 1976 2389 jactura
2033 2297 2184 2378 filii,
2225 2297 2342 2367 sed
2391 2319 2547 2366 ecce
2591 2318 2753 2367 eum

234 2384 445 2455 habeo
490 2385 874 2468 haeredem,
910 2392 1042 2457 Deo
1087 2409 1248 2456 cum
1347 2386 1516 2456 loria
1565 2387 1750 2476 regia
1789 2387 2243 2466 assistentem,
2286 2398 2352 2455 et
2395 2408 2580 2455 nunc
2628 2407 2756 2453 no-

237 2484 346 2543 ctu
379 2486 440 2545 et
485 2474 782 2546 interdiu
831 2476 1003 2545 mihi
1054 2475 1254 2546 matri
1298 2411 1554 2547 {lande
1600 2475 1876 2557 arridet,
1930 2474 2485 2566 conglorificatus
2535 2475 2754 2544 hono-

239 2562 418 2633 ribus
466 2565 956 2656 prophetarum
1015 2578 1080 2634 et
1128 2578 1536 2656 martyrum,
1594 2578 1658 2635 et
1704 2588 1859 2635 cum
1910 2565 2008 2635 eis
2054 2564 2372 2634 exultans
2426 2576 2491 2633 et
2560 2560 2754 2653 regni

236 2651 565 2723 coelorum
615 2653 1046 2744 praeclarum
1095 2653 1318 2725 ferens
1366 2655 1775 2745 trophaeum
1823 2654 1998 2724 inter
2044 2651 2398 2744 angelos.»

370 2936 694 3036 VITA
786 2935 871 3036 S.
974 2934 1564 3037 ABRAMll
1678 2930 2609 3035 CONFESSORIS

830 3114 953 3214 ET
1019 3114 1417 3215 ΜΑΒΙΑΕ
1483 3113 1849 3214 NEPTIS
1916 3110 2164 3214 EJUS

218 3353 501 3404 AUCTORE
551 3354 819 3402 smssorffl
882 3354 1353 3414 METAPHRASTE,
1407 3354 1519 3409 Qut
1577 3354 1706 3400 EAM
1753 3353 1829 3400 Ex
1877 3353 1933 3401 S.
1986 3352 2282 3399 EPHRAEM
2346 3351 2615 3398 VIDETUR
2661 3349 2761 3397 IN-

301 3457 556 3504 Tannum
615 3456 864 3514 FUSIUS,
934 3453 1311 3512 PLERUMQUE
1358 3454 1876 3504 coupnssflssNstus
1922 3453 2380 3502 mtscrupslsslt.
2433 3453 2546 3500 EST
2595 3449 2758 3499 HAEC

302 3556 600 3606 HISTORIA
658 3555 869 3605 numo
928 3557 1317 3605 ELEGANTIUS
1389 3557 1616 3605 Larum
1675 3554 2018 3615 CONVERSA,
2091 3555 2266 3612 QUAM
2325 3555 2490 3613 ILLA,
2557 3552 2753 3602 cutus

301 3663 552 3712 weron
598 3663 841 3742 aaaron
889 3664 945 3712 s.
999 3664 1320 3711 arumna.
1354 3643 1390 3676 ³*

806 3841 1081 3899 Floruit
1121 3843 1397 3899 saeculo
1437 3841 1555 3899 IV.
1601 3870 1682 3883 ——
1720 3842 1878 3900 Nat.
1927 3842 2163 3908 Syrus.

295 3986 334 4071 ἐ
391 3989 473 4057 1.
526 3982 842 4052 Virorum
890 3983 1161 4053 virtutis
1207 3982 1676 4055 studiosorum
1725 3982 1884 4062 vita,
1940 3994 2005 4051 et
2049 4002 2288 4051 eorum
2322 4002 2500 4067 quae
2530 3979 2618 4050 ab
2651 3978 2754 4049 eis

218 4086 400 4159 gesta
444 4072 748 4153 fuerunt,
803 4072 1126 4153 narratio,
1171 4072 1499 4142 omnibus
1545 4071 1826 4159 quidem
1873 4070 1995 4158 qui
2095 4070 2154 4139 ie
2205 4070 2424 4139 vivere
2470 4069 2754 4139 studue-

219 4173 392 4242 runt,
453 4171 783 4249 tanquam
836 4159 1029 4230 utilis
1074 4171 1140 4230 et
1183 4160 1523 4251 jucunda,
1577 4181 1853 4232 summo
1902 4171 2014 4229 stu
2069 4158 2133 4229 io
2183 4170 2285 4230 est
2329 4157 2755 4249 expetenda:

264 4303 289 4331 ⁸
313 4303 523 4345 Abx-amit
538 4302 637 4356 (vel
658 4299 885 4355 Abrahae)
904 4304 1119 4352 patriam.
1137 4305 1311 4353 Syriam
1330 4304 1539 4344 audacter
1555 4303 1709 4354 (ajunt
1727 4302 1942 4343 Bollandi
1968 4299 2342 4354 continuatores)
2372 4303 2593 4342 Bar-onius
2618 4300 2756 4340 nomi-

214 4361 285 4395 nee
301 4364 339 4397 σε
358 4362 583 4398 auderem
603 4359 728 4399 Vitae
745 4359 798 4398 B.
825 4359 1089 4407 ephr-omum
1108 4359 1348 4398 Draconem
1363 4358 1486 4405 sedt-
1513 4360 1572 4398 At
1590 4359 1803 4397 audacius
1820 4357 1911 4407 ipsi
1930 4356 2044 4410 (vido
2060 4359 2154 4397 Joae.
2188 4357 2423 4397 Acumam'
2453 4357 2499 4394 in
2530 4353 2756 4395 Biblioth.

210 4407 398 4457 orient.)
414 4421 524 4450 cum
544 4412 664 4451 bonu
682 4411 1094 4451 merittsstmorum
1113 4411 1264 4455 venta,
1282 4411 1483 4450 Bai-onio
1500 4411 1842 4452 contradixisse
1864 4412 2097 4459 videntur,
2118 4420 2172 4451 ac
2192 4420 2438 4461 perperam
2458 4410 2501 4449 S.
2519 4408 2753 4448 Eremttne

180 4481 183 4484 ·
208 4463 434 4506 statuisse
453 4465 655 4506 oetatem
673 4465 997 4507 planetatorum
1017 4474 1248 4505 morum
1267 4464 1598 4514 posteriorem.
