3327 4999
679 295 807 360 728
1478 311 1556 359 1>ss
1602 312 1658 359 s.
1711 308 1934 358 Ammo
1981 307 2230 357 monna
2645 289 2749 356 EX
2797 289 2982 357 NOV.
3040 293 3129 358 26

594 391 1087 484 supplicium.»
1124 391 1230 461 Illi
1263 412 1419 460 cum
1458 390 1625 460 haec
1656 389 1860 460 verba
1889 388 2294 470 audiissent,
2321 400 2386 458 et
2410 388 2890 481 cognovissent
2923 388 3130 460 illum

580 482 847 571 justum
898 481 1149 551 audere
1179 479 1412 549 omnia
1460 479 1599 570 pati
1650 501 1772 570 pro
1821 476 2105 559 Christo,
2136 477 2557 568 aufugerunt
2605 478 2945 568 protinus.
2981 483 3130 550 Hoc

590 571 772 640 enim
826 570 943 640 illa
991 580 1181 639 nocte
1210 568 1526 639 auditum
1576 581 1677 639 est
1724 591 1763 638 a
1794 567 2213 656 quibusdam
2255 568 2374 656 qui
2411 567 2538 638 iter
2562 565 2901 637 faciebant
2931 570 3122 654 quod

591 660 659 728 in
694 660 989 747 quodam
1025 658 1170 728 loco
1206 657 1467 727 itineris
1499 658 1959 728 occurrissent
1998 656 2453 727 daemonibus
2479 656 2894 727 deflentibus
2922 680 3127 728 suam

589 748 848 839 sugam,
901 761 964 818 et
1010 759 1238 837 aperte
1285 746 1784 817 clamantibus:
1841 746 2168 836 «Alypius
2196 768 2320 816 nos
2367 744 2643 837 expellit
2672 768 2712 814 a
2741 758 2976 816 nostro
3007 747 3130 816 ha·

591 837 911 908 bitaculo.
965 841 1110 919 Quo
1156 835 1437 917 ibimus,
1492 858 1649 906 cum
1716 858 1852 906 non
1903 836 2282 906 habeamus
2333 835 2587 915 locum,
2646 834 2714 903 in
2765 856 2904 923 quo
2954 859 3127 905 con-

592 927 1025 998 sistamusi»

677 1017 713 1103 ξ
776 1017 917 1088 14.
972 1015 1299 1106 Egregius
1360 1017 1589 1085 autern
1650 1014 1897 1085 Christi
1960 1013 2156 1082 miles
2223 1024 2374 1104 post
2426 1035 2661 1105 preces
2711 1015 3114 1095 matutinas,

591 1105 860 1194 fingens
890 1104 950 1172 ei
999 1125 1173 1194 opus
1220 1125 1390 1186 esse,
1443 1127 1482 1173 a
1516 1126 1642 1173 sua
1678 1115 1891 1174 matre
1932 1103 2121 1194 petiit
2162 1103 2484 1173 securim.
2540 1109 2758 1187 Quam
2807 1126 2972 1173 cum
3003 1127 3119 1173 ac-

593 1193 905 1284 cepisset,
945 1192 1057 1262 ille
1105 1193 1279 1279 septi
1326 1204 1579 1264 tectum
1628 1204 1987 1280 aquatuor
2020 1191 2188 1262 locis
2227 1191 2559 1274 dissolvit,
2607 1204 2678 1263 et
2725 1193 2925 1264 humi
2974 1193 3119 1262 dis-

583 1281 780 1373 jecit:
833 1294 897 1352 et
927 1282 1181 1354 mansit
1227 1283 1357 1352 sub
1394 1282 1507 1352 di'o
1556 1303 1776 1369 usque
1828 1282 1912 1351 ad
1970 1294 2347 1351 extremum
2397 1281 2578 1351 diem
2632 1303 2864 1353 suum.
2917 1287 3124 1352 Mater

597 1394 750 1442 vero
781 1373 930 1463 ejus
961 1382 1321 1462 postquam
1372 1372 1583 1443 sensit
1627 1393 1876 1440 sonum
1917 1369 2335 1452 tabularum,
2388 1392 2638 1458 easque
2698 1370 2867 1440 vidit
2914 1371 3112 1441 humi

593 1461 864 1543 fractas,
903 1460 1176 1530 dextera
1206 1460 1495 1530 frontem
1526 1461 1901 1550 accipiens:
1958 1484 1993 1526 «
2016 1465 2148 1529 Cur
2180 1459 2306 1530 hoc
2340 1458 2581 1542 fecisti,
2628 1460 2876 1547 inquit,
2908 1482 2950 1529 o
2976 1460 3123 1530 fili?

596 1555 726 1620 Cur
750 1549 1043 1620 evertisti
1077 1549 1362 1622 salutem
1399 1561 1554 1620 tuae
1586 1549 1978 1619 custodiae?
2006 1548 2358 1632 Quomodo
2390 1548 2563 1619 feres
2592 1550 2816 1619 minas
2847 1549 3126 1624 hiberni

596 1640 966 1730 temporis?
1013 1652 1129 1710 aut
1179 1660 1541 1708 vernarum
1576 1639 1966 1730 pluviarum
2016 1638 2447 1708 vehementes
2486 1638 3001 1720 inundationes,
3061 1652 3125 1710 et

594 1728 868 1799 aestatis
899 1727 1384 1798 meridionales
1403 1738 1468 1797 et
1497 1728 1814 1798 ardentes
1841 1728 2100 1797 radios?
2121 1732 2262 1797 Non
2288 1727 2736 1798 considerasti
2762 1740 3127 1799 ventorum

593 1818 928 1888 terribiles
954 1817 1274 1909 impetus,
1297 1817 1643 1888 lethiferas
1670 1838 1708 1887 a
1738 1818 1908 1887 mari
1937 1817 2199 1908 plagas:
2235 1816 2528 1887 fulmina
2555 1838 2731 1904 quae
2760 1839 2833 1887 re
2929 1818 3128 1888 ntina

601 1930 758 1976 nam
783 1906 1020 1977 multis
1047 1917 1332 1976 mortem
1361 1907 1675 1976 afferunt:
1702 1917 1766 1976 et
1795 1928 2057 1986 eorum,
2083 1907 2203 1994 qui
2234 1906 2704 1986 adversantur,
2733 1906 2838 1976 vio
2867 1907 3130 1977 entiam

594 2017 769 2084 quae
802 2018 935 2066 non
986 1995 1170 2065 cadit
1216 1996 1345 2082 sub
1394 1998 1854 2086 aspectum?»
1905 1995 2097 2065 Matri
2133 2007 2359 2066 autem
2410 2017 2577 2065 suae
2623 1996 2972 2086 sapienter
3024 2017 3133 2065 re-

597 2085 946 2176 spondens
992 2085 1265 2175 justuS,
1317 2085 1527 2155 dixit:
1599 2108 1634 2151 «
1686 2089 1965 2175 Propter
2011 2106 2214 2172 quem
2258 2084 2422 2155 haec
2470 2085 2702 2154 omnia
2751 2086 2890 2175 pati
2936 2097 3126 2176 opto,

595 2186 697 2246 est
743 2173 1049 2255 Christus
1096 2174 1228 2243 vivi
1279 2174 1394 2244 Dei
1441 2173 1629 2244 filius
1675 2187 1740 2243 et
1788 2179 1986 2254 DeuS,
2041 2184 2224 2243 certa
2254 2194 2490 2244 eorum
2520 2195 2697 2261 quae
2735 2187 2921 2256 sunt,
2962 2174 3126 2254 vita,

599 2286 719 2355 pro
766 2284 903 2351 quo
948 2263 1222 2351 quidvis
1270 2263 1638 2333 minimum
1690 2263 1854 2353 pati,
1919 2272 2021 2333 est
2069 2284 2174 2332 res
2221 2262 2437 2333 beata.
2500 2267 2642 2332 Non
2709 2284 2894 2332 nunc
2970 2263 3133 2351 quir

598 2353 779 2434 dem,
832 2372 872 2420 o
911 2365 1148 2434 mater,
1202 2351 1516 2422 lubenter
1548 2353 1897 2422 horrorem
1954 2351 2316 2442 patiemur,
2372 2363 2447 2421 ut
2496 2351 2686 2421 illinc
2747 2349 2833 2421 ad
2898 2350 3136 2421 lucem

597 2442 1019 2514 inaccessam
1055 2441 1514 2515 accedamus?
1560 2447 1701 2513 Non
1752 2441 2049 2512 feremus
2098 2440 2209 2510 hic
2257 2453 2518 2512 aestum
2570 2440 2729 2522 diei,
2769 2453 2844 2511 ut
2891 2439 3134 2512 labore

597 2533 879 2632 dignam
952 2532 1332 2603 mercedem
1383 2532 1848 2623 accipiamus,
1903 2543 1967 2600 et
2013 2531 2270 2601 aeterni
2319 2530 2501 2621 ignis
2563 2529 2918 2621 fugiamus
2967 2554 3137 2622 sup-

600 2621 969 2713 plicium?»
1025 2627 1188 2692 Cum
1228 2624 1392 2691 haec
1423 2633 1487 2691 et
1532 2621 1667 2691 alia
1716 2620 1933 2691 multa
1991 2619 2100 2690 his
2141 2619 2398 2689 similia
2422 2619 2726 2701 dixisset,
2761 2620 3138 2710 persuadet

600 2710 823 2791 matri,
863 2722 940 2781 ut
990 2711 1483 2802 propemodum
1529 2709 1867 2791 suaderet,
1909 2732 2037 2779 non
2083 2709 2306 2779 solum
2343 2709 2636 2799 abjicere
2669 2709 2944 2782 tabulas
2970 2733 3133 2800 pro-

599 2812 748 2890 pter
794 2799 1161 2881 Christum,
1216 2800 1333 2870 secl
1381 2800 1581 2868 etiam
1639 2801 1970 2879 tunicam,
2030 2811 2095 2868 et
2154 2820 2406 2889 corpus
2455 2810 2803 2889 praeterea
2849 2821 3126 2869 exuere.

598 2888 949 2960 Nesciebat
994 2889 1175 2958 enim
1220 2888 1527 2958 misereri
1579 2887 1726 2968 filii,
1780 2887 2047 2956 etiamsi
2109 2899 2287 2958 esset
2346 2887 2536 2958 valde
2584 2909 2828 2958 amans
2879 2887 3138 2957 libero-

601 3000 753 3048 rum
804 2978 924 3063 qui
956 2978 1068 3047 hic
1118 2990 1391 3068 propter
1437 2976 1780 3046 Christum
1815 2976 2220 3066 patiebatur.
2258 2976 2556 3067 Negabat
2587 2987 2905 3045 naturam
2937 2999 3141 3067 prae-

600 3079 699 3136 ter
748 3080 1086 3146 naturam,
1139 3079 1214 3136 ut
1262 3076 1417 3135 nato
1465 3078 1912 3156 praeponeret
1955 3086 2115 3134 eum
2155 3066 2276 3152 qui
2324 3078 2691 3223 genuerat:
2748 3065 3140 3153 licebatque

601 3155 825 3223 videre
872 3176 1015 3224 rem
1038 3154 1425 3245 jucundam
1451 3166 1514 3223 et
1539 3166 1802 3245 gratam
1835 3154 2160 3224 omnibus
2211 3154 2344 3224 fide
2376 3154 2574 3225 ibus:
2631 3166 2921 3224 matrem
2948 3177 3134 3243 quae

599 3244 978 3314 laetabatur
1024 3245 1111 3314 ob
1159 3244 1647 3314 charissimum
1682 3242 1900 3313 silium
1933 3268 1947 3309 ε
1984 3255 2050 3312 et
2097 3243 2345 3326 filium,
2382 3243 2467 3313 ob
2503 3254 2791 3313 matrem
2819 3243 3134 3314 filiorum

598 3345 972 3402 amantem:
1025 3343 1090 3402 et
1152 3337 1365 3403 Deum
1411 3333 1531 3421 qui
1575 3343 1848 3423 propter
1896 3332 2081 3424 ipsos
2131 3354 2285 3403 vere
2331 3346 2395 3402 et
2463 3332 2729 3403 sincere
2778 3332 3133 3423 glorifica-

600 3423 823 3493 batur.
878 3422 1044 3506 Quis
1090 3422 1271 3491 enim
1325 3421 1513 3495 illius
1545 3422 1869 3493 honestae
1907 3433 1970 3492 et
2017 3421 2449 3493 admirabilis
2499 3422 2812 3492 mulieris
2841 3445 2977 3492 non
3011 3423 3137 3493 be-

602 3511 857 3581 nedixit
886 3511 1156 3581 fllium?
1202 3519 1321 3582 aut
1364 3513 1520 3600 quis
1551 3534 1795 3589 rursus
1837 3512 2048 3602 hujus
2086 3511 2351 3582 fructus
2399 3510 2725 3594 radicem,
2765 3522 3129 3600 tamquam

600 3614 931 3682 sanctam,
971 3622 1105 3672 non
1153 3601 1420 3671 beatam
1458 3601 1986 3692 pronunciavit?
2027 3606 2190 3670 Nam
2237 3613 2508 3758 praeter
2554 3601 2690 3671 alia
2721 3601 2928 3683 bona,
2968 3602 3135 3689 qui-

599 3691 730 3759 bus
776 3703 920 3760 erat
967 3704 1226 3772 ornata,
1266 3691 1710 3782 permanebat
1755 3690 1958 3761 etiarn
2000 3690 2186 3781 apud
2263 3690 2486 3771 ilium,
2539 3690 2598 3759 ei
2652 3689 3035 3760 inserviens
3070 3703 3138 3761 et

599 3779 1136 3851 subministrans
1182 3802 1360 3868 quae
1405 3792 1597 3850 erant
1638 3781 2044 3861 necessaria,
2100 3779 2542 3849 tabernaculo
2600 3779 2730 3849 fixo
2777 3779 2966 3869 apud
3015 3804 3137 3851 co·

601 3868 940 3938 lumnam.
994 3874 1137 3951 Quo
1198 3869 1265 3938 in
1319 3869 1463 3939 loco
1510 3892 1668 3939 cum
1736 3869 2204 3940 renunciasset
2249 3869 2578 3938 omnibus
2622 3889 2798 3956 quae
2845 3882 3009 3938 sunt
3064 3869 3134 3938 in

601 3957 736 4026 vita
774 3958 1110 4045 jucunda,
1168 3970 1513 4047 tamquam
1550 3959 1619 4026 in
1675 3958 1994 4049 paradiso
2042 3957 2283 4028 referta
2331 3957 2622 4039 deliciis,
2661 3956 2961 4057 propriis
2989 3980 3137 4028 ma·

601 4046 807 4117 nibus
845 4047 1242 4135 acquirebat
1271 4070 1442 4136 quae
1481 4059 1644 4118 sunt
1676 4048 1760 4117 ad
1803 4069 2005 4118 usum
2041 4045 2449 4128 necessaria,
2494 4058 2571 4117 ut
2618 4052 2825 4117 vidua
2862 4059 2927 4118 et
2954 4069 3136 4135 quae

602 4135 926 4205 maritum
976 4157 1109 4205 non
1154 4136 1485 4208 habebat:
1546 4139 1715 4207 tanti
1764 4137 2021 4210 faciens
2059 4135 2566 4227 eleemosynam
2616 4149 2692 4207 ut
2739 4135 3137 4208 miserabile

601 4247 750 4295 esse
800 4238 1069 4316 putaret
1116 4224 1288 4295 duos
1323 4249 1511 4298 asses
1559 4226 1931 4317 possidere.

690 4318 726 4402 ξ
788 4318 930 4387 15.
984 4314 1364 4403 Aliquando
1394 4328 1575 4386 certe
1611 4315 1882 4397 accidit,
1927 4328 2002 4386 ut
2048 4314 2297 4403 aliquis
2333 4316 2599 4386 tertiam
2634 4325 2894 4405 partem
2929 4314 3136 4384 offer-

602 4416 702 4472 ret
750 4404 1210 4474 numismatis.
1256 4409 1472 4488 Quam
1523 4427 1684 4475 cum
1748 4405 2118 4496 accepisset
2166 4415 2409 4495 rogatu
2462 4404 2609 4485 filii,
2673 4403 2986 4475 cucurrit
3043 4405 3130 4475 ad
