3327 4999
238 310 488 376 MART.
541 308 627 374 30
1113 328 1194 373 na
1242 327 1299 375 s.
1350 326 1594 375 somna
1640 326 1909 375 cunco
2570 311 2698 377 563

331 410 367 497 ξ
431 413 510 479 2.
566 414 855 497 Magnus
890 404 1002 477 hic
1051 419 1243 499 pater
1289 420 1520 477 noster
1563 413 1866 477 Joannes
1903 430 2061 477 cum
2099 407 2171 476 in
2212 406 2465 478 cellula
2511 432 2637 479 sua
2670 409 2789 480 de-

292 509 454 578 eret,
491 496 762 587 sibiipsi
802 509 868 566 et
911 502 1062 578 De0,
1116 509 1192 565 ut
1219 509 1688 577 consueverat,
1742 518 2016 578 vacans,
2052 497 2124 565 in
2171 518 2490 567 somnum
2540 520 2789 586 quem-

242 521 404 655 gam
459 585 943 656 tenuissimum
1007 585 1273 663 incidit,
1326 585 1632 673 viditque
1685 607 1804 675 per
1860 586 2083 655 visum
2136 586 2360 655 virum
2410 587 2782 674 quemdam

244 676 645 766 augustiore
693 674 865 743 facie
903 686 968 744 et
1016 674 1257 745 habitu
1307 695 1378 743 se
1424 674 1859 754 excitantem,
1898 696 2314 762 somnosque
2362 675 2493 744 sibi
2541 696 2787 766 expro-

245 765 558 833 brantem
602 785 682 833 ac
730 762 1115 832 dicentem:
1171 767 1336 832 «Tu
1386 785 1471 832 ne
1526 770 1830 833 Joannes
1878 763 1968 832 ita
2019 785 2255 834 secure
2291 763 2667 844 obdormiS‚
2720 774 2790 834 et

249 859 515 942 Moyses
565 851 872 942 periculo
922 851 1277 943 proximus
1331 848 1493 922 estT
1534 852 1746 921 Citius
1794 853 2023 940 itaque
2067 851 2422 944 evigilans,
2480 853 2789 922 oratione

246 942 477 1012 statim
528 952 862 1020 armatur,
907 962 1030 1031 pro
1068 940 1413 1031 discipulo
1461 941 1890 1033 supplicans.
1944 945 2154 1024 Quem
2209 942 2645 1030 postmodum
2698 940 2788 1010 ad

242 1051 599 1122 vesperam
638 1042 1074 1098 revertentem
1130 1029 1523 1120 interrogat,
1575 1052 1741 1099 num
1794 1029 2053 1117 aliquid
2107 1030 2239 1100 sibi
2288 1030 2651 1100 adversum
2689 1042 2792 1099 at-

245 1142 381 1207 que
429 1120 859 1209 insperatum
910 1118 1392 1209 contigisset.»
1442 1124 1630 1188 Tunc
1674 1118 1811 1199 ille,
1870 1123 2207 1199 «Saxum,
2264 1118 2513 1205 inquit,
2572 1119 2791 1188 mirae

247 1207 754 1301 magnitudinis
802 1229 1045 1297 parum
1098 1206 1316 1278 abfuit
1343 1208 1509 1294 quin
1542 1229 1652 1276 me
1681 1206 2127 1276 demoliretur
2154 1220 2218 1275 et
2256 1209 2527 1298 penitus
2561 1221 2794 1277 conte-

246 1311 447 1376 reret,
488 1319 647 1366 cum
701 1296 831 1364 sub
867 1296 983 1365 illo
1036 1295 1374 1386 profunde
1421 1296 1912 1376 obdormirem,
1973 1296 2102 1365 nisi
2155 1317 2386 1365 vocem
2441 1310 2625 1365 tuam
2680 1317 2792 1367 me

247 1388 491 1456 audire
539 1383 965 1466 existimans,
1016 1406 1097 1454 ex
1146 1384 1314 1466 loco,
1378 1386 1644 1455 concito
1693 1385 1896 1463 saltu,
1932 1386 2176 1453 timore
2224 1385 2472 1475 plenus
2519 1385 2792 1456 desilis-

250 1498 420 1545 sem.
461 1481 608 1560 Quo
658 1472 856 1553 facto,
892 1474 1221 1543 continuo
1254 1496 1492 1542 saxum
1546 1472 1716 1543 illud
1762 1496 1797 1542 e
1849 1496 2020 1563 rupe
2066 1473 2405 1555 evulsum,
2442 1496 2521 1543 ac
2571 1487 2791 1545 terrae

249 1564 530 1634 affixum
581 1562 986 1652 conspexi.»
1041 1572 1182 1638 Quo
1229 1562 1488 1642 audito,
1530 1563 1663 1631 virs
1684 1563 1795 1632 Dei
1847 1585 1999 1632 vere
2046 1575 2271 1631 mente
2316 1562 2626 1643 humilis,
2681 1562 2791 1632 ni-

247 1653 485 1740 hilque
529 1676 609 1722 ex
660 1651 768 1720 his
815 1673 992 1738 quae
1040 1651 1300 1720 viderat
1328 1664 1394 1721 et
1422 1651 1756 1730 audierat,
1810 1651 2154 1742 discipulo
2183 1652 2646 1734 annuncians,
2678 1674 2791 1722 oc-

248 1743 455 1812 cultis
493 1740 940 1812 clamoribus,
978 1752 1042 1810 et
1091 1740 1374 1809 intimae
1413 1740 1768 1810 charitatis
1806 1741 2090 1811 vocibus
2137 1740 2470 1830 hymnum
2523 1741 2787 1821 dicens,

249 1833 507 1922 gratias
553 1830 947 1900 uberrimas
996 1828 1228 1898 retulit
1277 1834 1431 1898 Deo.
2500 1864 2503 1869 ·

338 1923 374 2007 ἓ
439 1924 520 1991 S.
573 1925 731 1988 Erat
784 1919 968 1988 enim
1033 1919 1136 1986 vir
1182 1933 1463 1988 sanctus
1527 1917 1949 1988 occultorum
2016 1918 2379 1987 vulnerum
2443 1917 2783 1988 medicus

252 2010 626 2078 Monachus
672 2008 853 2077 enim
906 2007 1218 2095 quidam,
1285 2012 1474 2076 Isaac
1523 2008 1843 2088 nomine,
1905 2029 2122 2093 quum
2174 2006 2547 2094 aliquando
2595 2006 2816 2098 gravi·

251 2098 483 2167 carnis
532 2109 868 2166 aestuaret
904 2096 1244 2175 incendi0,
1298 2118 1509 2165 cursu
1548 2096 1629 2165 ad
1670 2095 1865 2164 illum
1908 2095 2232 2185 pervenit,
2271 2095 2579 2181 undique
2609 2117 2793 2165 moe-

251 2207 403 2255 rore
450 2186 940 2265 circumsuSUS,
980 2185 1520 2272 intestinumque
1577 2185 1835 2253 bellum
1874 2184 2300 2275 singultibus
2347 2196 2412 2253 et
2460 2183 2789 2273 lacrymis

301 2274 594 2343 atesecit.
656 2275 819 2364 Ejus
884 2274 1113 2360 itaque
1179 2273 1381 2343 fidem
1433 2288 1498 2342 et
1549 2274 2003 2342 humilitatem
2055 2273 2159 2341 vir
2206 2273 2320 2342 Dei
2373 2272 2782 2354 admiratuS,

250 2298 502 2432 glande
551 2363 660 2433 his
699 2362 983 2432 vocibus
1012 2361 1428 2443 consolatur,
1482 2362 1720 2432 dicens
1751 2388 1765 2429 ε
1795 2366 2141 2443 «Stemus,
2178 2361 2426 2448 inquit,
2459 2363 2665 2432 ambo
2697 2361 2786 2431 ad

248 2452 622 2522 orationem
679 2450 776 2520 fili
842 2464 906 2519 et
952 2451 1235 2521 omnino
1273 2451 1576 2521 clemens
1622 2464 1688 2521 et
1734 2450 2125 2521 misericors
2175 2451 2507 2521 Dominus
2549 2472 2790 2543 preces

251 2563 388 2610 non
439 2541 767 2630 despiciet
815 2553 1104 2610 nostraS.
1135 2564 1170 2606 »
1221 2541 1409 2623 Quod
1459 2562 1616 2610 cum
1682 2540 1934 2609 sactum
1982 2540 2243 2620 fuisset,
2280 2540 2573 2610 necdum
2632 2563 2790 2610 ora-

250 2630 432 2699 tione
481 2630 840 2721 completa,
880 2629 1108 2698 adhuc
1160 2652 1374 2719 prono
1423 2629 1490 2698 iu
1543 2629 1788 2699 faciem
1848 2628 2124 2700 infirmo
2172 2628 2377 2698 fratre
2420 2642 2781 2719 prostrate,

248 2719 664 2789 voluntatem
704 2719 879 2788 serv(
927 2719 1037 2787 sui
1091 2719 1418 2788 Dominus
1469 2718 1648 2798 fecit,
1695 2733 1767 2788 ut
1817 2740 1895 2787 ex
1944 2719 2073 2787 hoc
2124 2719 2524 2809 prophetam
2576 2740 2786 2788 suum

249 2831 403 2878 vera
453 2809 707 2880 dixisse
766 2809 1185 2877 ostenderet:
1258 2830 1676 2898 serpensque
1742 2807 1970 2877 carnis
2018 2807 2280 2896 effugit,
2338 2807 2421 2876 ssa
2475 2805 2627 2877 ellis
2676 2808 2787 2876 in·-

248 2898 669 2969 tentissimae
716 2896 1046 2967 orationis
1092 2896 1456 2965 edbmitus.
1500 2903 1704 2966 Porro
1748 2898 1831 2978 is,
1869 2897 1991 2983 qui
2038 2897 2371 2966 hactenus
2448 2907 2640 2965 uerat
2671 2917 2788 2965 ae·-

248 3008 389 3073 ger,
455 2987 814 3056 liberatum
868 3007 939 3053 se
987 2984 1416 3074 aegritudine
1463 2986 1920 3075 conspiciens,
1973 2985 2301 3072 omnique
2337 2985 2484 3075 jam
2536 2984 2788 3074 hujus-

248 3076 437 3144 modi
487 3074 999 3165 perturbatione
1027 3087 1370 3155 curatum,
1423 3074 1781 3165 obstupuit
1828 3073 2045 3155 valde,
2101 3079 2369 3161 Deoque
2414 3086 2481 3144 et
2527 3074 2787 3165 inclyto

247 3165 399 3254 ejus
447 3163 704 3233 famulo
754 3162 1010 3252 gratias
1058 3162 1313 3230 retulit.

337 3255 373 3337 ξ
438 3257 532 3320 θ.
586 3257 750 3320 Cum
803 3272 959 3319 vero
1009 3262 1350 3340 praeterea
1403 3249 1514 3319 hic
1556 3251 1987 3320 venerandus
2031 3262 2225 3342 pater
2269 3252 2475 3321 verbo
2525 3251 2789 3352 gratiae

248 3337 331 3407 ad
387 3361 459 3407 se
507 3340 850 3407 venientes
896 3339 1153 3408 affatim
1195 3339 1539 3419 exatiaret,
1592 3361 1671 3408 ac
1722 3340 2070 3408 dot-trinae
2103 3341 2357 3409 fluenta
2396 3340 2790 3430 largissime

249 3426 711 3518 profunderet,
767 3428 928 3495 mali
989 3428 1056 3494 ni
1102 3427 1383 3513 quidam
1446 3427 1781 3506 homineS,
1836 3428 2134 3497 invidiae
2189 3428 2458 3499 facibus
2506 3429 2788 3498 inflam-

248 3516 438 3585 mati.
507 3527 903 3600 tantamque
981 3539 1059 3584 ru
1109 3538 1242 3595 em,
1308 3528 1561 3601 quanta
1626 3538 1705 3585 ex
1755 3516 1945 3585 illius
2005 3516 2318 3586 doctrina
2366 3518 2787 3608 gignebatur

247 3604 566 3673 cohibere
614 3603 1012 3684 molientes,
1092 3625 1417 3690 oquacem
1472 3603 1667 3672 illum
1722 3626 1800 3673 ac
1851 3607 2187 3695 nugacem
2251 3627 2491 3676 vocare
2538 3628 2786 3696 coepe-

247 3708 432 3762 runt.
466 3692 654 3775 Quod
701 3691 816 3761 ille
846 3693 1419 3770 animadvertens
1451 3707 1835 3779 cunctaque
1860 3694 1929 3760 in
1965 3715 2045 3761 eo
2074 3693 2195 3779 qui
2228 3715 2297 3762 se
2326 3694 2777 3778 confortabat,

247 3783 511 3851 Christo
563 3803 757 3872 posse
804 3781 1109 3862 edoctuS,
1148 3803 1270 3850 nec
1320 3780 1539 3849 solum
1632 3804 1707 3850 er
1739 3782 2075 3852 sermonis
2101 3782 2633 3872 exhortationem
2663 3806 2784 3853 eos

245 3872 364 3956 qui
396 3871 480 3946 ad
510 3893 580 3939 se
610 3871 926 3940 utilitatis
956 3893 1120 3940 suae
1152 3874 1360 3939 causa
1400 3870 1588 3937 venie
1640 3883 1781 3949 ant,
1822 3870 2096 3939 erudire
2126 3870 2383 3952 volenS,
2418 3872 2535 3941 sed
2564 3873 2787 3943 multo

244 3961 473 4049 potius
524 3983 643 4051 per
690 3959 1068 4051 silentium,
1102 3972 1166 4029 et
1201 3981 1320 4049 per
1344 3980 1627 4048 operum
1684 3959 2217 4050 philosophiam,
2258 3972 2354 4040 ut,
2395 3961 2574 4030 sicut
2609 3962 2783 4031 scri-

247 4060 437 4137 ptum
481 4063 602 4130 est,
656 4047 1088 4118 abscinderet
1134 4049 1607 4135 quaerentium
1660 4049 2077 4129 occasiones,
2108 4070 2328 4135 usque
2379 4050 2461 4118 ad
2514 4063 2781 4120 certum

245 4149 516 4228 tempus
572 4155 789 4207 tacere
858 4137 1176 4218 instituit,
1252 4137 1803 4224 mellifluumque
1851 4138 2199 4206 doctrinae
2258 4139 2543 4207 fluvium
2595 4160 2784 4208 com-

245 4247 554 4315 pescere:
609 4227 826 4296 satius
873 4248 1021 4296 esse
1056 4240 1120 4295 et
1158 4225 1403 4295 melius
1436 4227 1860 4306 existimans,
1902 4227 2026 4296 hoc
2055 4227 2326 4295 interim
2371 4227 2784 4297 detrimento

242 4313 422 4383 affici
484 4317 827 4385 studiosos
898 4316 1231 4385 bonorum
1284 4330 1620 4385 amatores
1743 4315 1999 4402 quibus
2047 4315 2333 4386 fortasse
2387 4339 2507 4406 per
2568 4316 2782 4384 silen-

245 4402 416 4473 tium
452 4406 756 4497 amplius
791 4405 1195 4496 profuturus
1221 4418 1386 4486 erat,
1421 4427 1628 4491 quarn
1661 4405 1966 4497 ingratos
1997 4405 2151 4476 illos
2170 4405 2447 4497 judices
2478 4402 2780 4494 amplius
