3327 4999
270 322 516 391 MART.
569 321 655 391 25
1288 340 1368 392 nr.
1414 342 1471 393 s.
1524 338 1809 392 taraone
2600 324 2731 395 477

266 432 346 499 Et
374 427 704 515 quoniam
741 448 911 497 crux
957 425 1314 499 dedecoris
1343 428 1565 499 fuerat
1610 429 1918 520 signum,
1972 437 2037 499 et
2082 427 2270 519 apud
2329 449 2571 501 omnes
2620 430 2819 521 igno-

268 516 489 586 minia
536 515 932 606 putabatur,
984 516 1213 587 crucis
1261 514 1619 588 infamiam
1671 516 2010 587 mirandis
2056 516 2412 589 beneficiis
2445 518 2813 602 decoravit,

267 617 335 675 et
377 627 458 675 ex
507 604 636 674 hoc
675 604 899 695 magis
947 627 1060 675 ma
1113 605 1309 692 isque
1356 605 1573 676 virtus
1619 605 2026 676 ostenditur.
2081 610 2223 676 Non
2249 606 2435 675 enim
2486 607 2606 678 illo
2655 619 2824 678 tem-

273 715 440 785 pore
489 703 797 764 mortuos
846 693 1041 763 reddi
1094 694 1146 763 it
1177 693 1341 775 luci,
1394 716 1520 764 nec
1567 716 1758 764 mare
1806 695 2143 765 fluctusve
2204 696 2653 785 compescuit,
2693 717 2820 767 nec

269 781 562 851 minavit
590 780 934 872 expulitve
981 781 1376 852 daemonia:
1432 783 1549 853 sed
1598 804 1805 853 cruce
1853 804 2261 874 suspenSUS‚
2293 783 2508 855 clavis
2540 784 2814 867 affixuS,

269 871 600 940 omnibus
647 869 1067 970 subjugatus
1125 871 1404 970 injuriis
1437 924 1453 953 ,
1521 883 1703 942 totus
1759 871 2079 942 dedecori
2126 873 2595 944 succumbens
2644 871 2821 942 infa-

275 958 479 1040 miae,
535 957 1023 1049 insultantium
1073 959 1417 1030 derisione
1461 958 1773 1043 delusuS,
1806 960 2092 1030 latronis
2123 959 2483 1031 adversam
2516 973 2818 1030 mentem

270 1047 489 1117 valuit
534 1057 983 1129 commutare,
1036 1060 1113 1118 ut
1157 1068 1239 1118 ex
1266 1048 1457 1117 omni
1506 1060 1698 1139 parte
1737 1049 1889 1139 ejus
1917 1048 2244 1119 divinitas
2275 1049 2632 1120 sentiatur.
2668 1054 2819 1119 Ete-

271 1135 418 1204 nim
448 1136 843 1205 universam
895 1137 1136 1206 terruit
1181 1148 1592 1219 creaturam,
1644 1148 1710 1206 et
1757 1148 1985 1227 petras
2035 1157 2333 1224 saxaque
2381 1137 2706 1228 disrupit,
2753 1148 2821 1207 et

270 1224 585 1294 omnium
637 1222 950 1313 lapidum
998 1224 1525 1296 insensibilitate
1572 1224 1880 1295 animam
1929 1225 2279 1296 duriorem
2330 1224 2416 1296 ad
2468 1247 2540 1297 sc
2589 1226 2813 1308 traxit,

270 1323 337 1382 et
377 1313 463 1382 ad
514 1312 801 1383 meliora
848 1315 1199 1395 convertit,
1252 1326 1316 1383 et
1367 1314 1623 1383 honore
1670 1334 1945 1384 summo
1992 1312 2359 1397 decoravit,
2409 1316 2624 1385 Hodie
2679 1338 2817 1385 me-

272 1424 423 1470 cum
452 1403 608 1482 ert'S,
646 1401 764 1483 ait,
803 1403 874 1471 in
899 1403 1244 1492 paraclisin.
1281 1407 1360 1472 Et
1389 1401 1755 1472 Cherubim
1797 1401 2349 1473 custodientibus
2379 1402 2810 1493 paradisum,

271 1487 444 1560 latro
491 1488 579 1558 ad
676 1490 1029 1560 aradisum
1079 1489 1455 1560 inducitur.
1511 1490 1640 1561 Sed
1693 1510 1828 1560 non
1879 1490 2177 1573 mireriS,
2209 1513 2249 1561 a
2297 1491 2586 1561 Domino
2633 1491 2817 1561 invi-

269 1589 474 1648 tatur.
531 1581 612 1647 Se
708 1578 924 1648 dicis:
979 1578 1106 1648 Sed
1165 1579 1261 1648 ibi
1321 1579 1580 1648 framea
1641 1578 1851 1650 totius
1913 1580 1933 1648 i
1988 1580 2094 1651 nis
2161 1579 2405 1651 ardore
2468 1585 2809 1664 su‘ccenSa

268 1679 601 1736 versatur.
638 1666 765 1736 Sed
815 1667 963 1757 ipse
1007 1667 1129 1754 qui
1175 1678 1240 1737 et
1286 1667 1470 1758 ignis
1515 1680 1581 1737 et
1614 1667 1836 1758 ipsius
1882 1690 1966 1759 ge
2018 1689 2260 1751 ennae,
2292 1680 2357 1739 et
2402 1668 2578 1739 vitae
2625 1691 2812 1739 mor-

277 1754 503 1842 tisque
553 1754 924 1844 imperium
961 1767 1162 1838 tenet,
1207 1756 1275 1824 in
1331 1755 1642 1826 rediendi
1692 1769 2093 1847 potestatem
2141 1757 2499 1828 concessit.

362 1844 400 1929 §
459 1850 554 1916 θ.
606 1849 685 1913 Et
727 1843 1125 1934 imperatori
1153 1844 1274 1932 qui
1325 1866 1432 1915 em
1485 1843 1588 1914 vel
1635 1844 1920 1915 cuilibet
1951 1845 2232 1915 habenti
2279 1856 2679 1935 potestatem
2711 1845 2818 1915 in-

263 1931 620 2021 juriosum
670 1945 976 2022 putatur,
1021 1931 1079 2002 si
1128 1954 1492 2023 personam
1527 1932 1936 2003 vilissimam
1989 1933 2394 2024 participem
2455 1933 2567 2003 sui
2619 1946 2816 2005 actus

276 2019 617 2110 accipiat:
672 2019 935 2091 Christo
983 2032 1211 2092 autem
1262 2034 1520 2103 nostro,
1554 2043 1691 2091 non
1750 2021 2046 2112 inJuriae
2091 2021 2222 2093 fuit
2268 2042 2535 2093 sacram
2585 2021 2654 2091 in
2710 2044 2818 2092 re-

274 2106 495 2178 dienti
544 2109 860 2200 patriam,
923 2109 1147 2181 facere
1207 2109 1564 2201 ingressus
1610 2109 1722 2180 sui
1777 2107 2112 2180 latronem
2160 2110 2591 2202 participem.
2700 2132 2816 2181 am

271 2217 509 2268 secum
560 2218 720 2268 eum
773 2197 1113 2289 perduxit,
1154 2220 1289 2268 non
1329 2197 1786 2280 confundens,
1821 2198 2253 2271 calcantibus
2300 2198 2587 2269 latronis
2619 2199 2816 2290 pedi-

271 2284 409 2354 bus
451 2285 875 2375 paradisum,
929 2287 1047 2358 sed
1094 2287 1425 2359 honorem
1473 2298 1832 2378 praestans
1880 2286 2226 2378 paradiso.
2281 2292 2512 2358 Honor
2558 2288 2812 2359 etenim

272 2371 407 2472 loci
448 2385 572 2456 est,
612 2374 812 2445 talem
850 2375 1218 2447 Dominum
1265 2375 1645 2467 promereri
1691 2375 1812 2463 qui
1844 2389 1910 2447 et
1955 2376 2290 2447 latronem
2340 2374 2633 2468 dignum
2664 2375 2815 2448 red·

270 2460 524 2533 diderit
570 2462 915 2554 paradiso.
972 2468 1142 2535 Nam
1191 2476 1257 2535 et
1302 2486 1461 2535 cum
1507 2463 1917 2555 publicanos
1962 2476 2028 2536 et
2073 2464 2477 2537 fornicarios
2525 2465 2610 2536 ad
2660 2487 2816 2538 coe-

269 2548 494 2621 lorum
558 2573 850 2644 regnum
890 2552 1291 2635 introduxit,
1328 2574 1466 2623 non
1514 2553 1863 2624 coelorum
1914 2576 2206 2646 regnum
2269 2553 2647 2636 infamavit,
2691 2555 2812 2626 sed

264 2638 472 2709 etiam
523 2641 747 2732 magis
794 2641 1174 2713 honoribus
1223 2641 1603 2733 ampliavit,
1638 2642 2009 2713 ostendens
2057 2641 2260 2713 talem
2296 2643 2667 2714 Dominum
2703 2665 2814 2714 re-

266 2728 388 2818 gni
434 2750 587 2800 esse
630 2728 979 2799 coelorum
1013 2730 1136 2818 qui
1168 2742 1234 2801 et
1278 2730 1607 2821 indignas
1655 2743 1923 2802 tantum
1979 2730 2138 2802 fecit
2183 2731 2531 2802 meliorari
2579 2752 2816 2822 perso-

266 2837 418 2898 naS,
473 2828 551 2887 ut
597 2817 808 2887 etiam
856 2817 1048 2889 illius
1076 2817 1434 2910 dignitatis
1512 2819 1757 2890 loriam
1807 2831 2242 2891 mererenter.
2283 2824 2450 2890 Nam
2482 2819 2663 2890 sicut
2689 2821 2814 2891 ho-

265 2905 514 2985 mines,
564 2905 824 2993 quibus
876 2927 1164 3007 corpora
1225 2906 1466 2977 meden
1524 2908 1543 2976 i
1593 2930 1765 2979 cura
1810 2920 1935 2989 est,
1987 2908 2291 2999 amplius
2337 2907 2805 2990 admiramur,

266 3015 429 3063 cum
479 3014 558 3062 ae
610 3007 790 3064 rotos
820 3015 1013 3064 omni
1063 3017 1185 3086 spe
1230 2994 1570 3069 desolatos
1596 3008 1740 3067 arte
1770 2997 2051 3088 propria
2078 2997 2493 3078 curaverint,
2527 3009 2594 3067 et
2617 3019 2814 3069 sum-

265 3103 425 3152 mae
474 3102 546 3151 re
596 3082 899 3152 diderint
945 3083 1256 3155 sanitati:
1310 3084 1411 3155 sic
1475 3098 1542 3156 et
1600 3085 1947 3157 Christum
2010 3099 2327 3157 nostrum
2382 3085 2654 3176 justum
2713 3097 2819 3156 est

263 3168 599 3240 admirari
647 3170 1018 3242 donantem
1060 3173 1464 3245 vulneribus
1512 3174 1899 3255 sanitatem,
1938 3174 2307 3264 publicano
2353 3187 2420 3244 et
2467 3173 2811 3245 meretrici

269 3258 657 3330 remedium
706 3259 1169 3352 pollicentem,
1204 3272 1270 3332 et
1313 3262 1414 3335 eis
1460 3261 1753 3333 salutem
1803 3275 2203 3354 perpetuam
2251 3261 2685 3354 largientem,
2739 3273 2817 3335 ut

274 3357 340 3416 et
367 3346 615 3438 dignos
653 3370 768 3420 eos
806 3349 1154 3420 coelorum
1187 3351 1598 3421 amoenitate
1628 3350 1939 3421 donaret.

354 3438 391 3523 ξ
454 3439 534 3509 ⁸2.
588 3438 715 3508 Sed
764 3438 976 3510 dicis:
1032 3437 1223 3532 Unde
1280 3451 1466 3510 tanta
1498 3438 1849 3510 beatitudo
1899 3438 2198 3510 latroni?
2244 3439 2421 3523 Quid
2470 3439 2611 3541 egit
2651 3439 2808 3521 tale,

271 3535 351 3593 ut
384 3537 536 3614 post
580 3548 855 3597 crucem
890 3526 1293 3617 paradisum
1328 3531 1715 3598 mereatur?
1761 3527 1875 3597 Vis
1921 3527 2073 3617 ejus
2117 3528 2325 3599 citius
2383 3528 2626 3599 audire
2678 3528 2817 3596 vir-

266 3615 524 3682 tutem?
569 3615 857 3697 Quando
902 3620 1141 3685 Petrus
1186 3638 1346 3686 eum
1396 3616 1667 3706 negavit
1713 3615 1785 3685 in
1833 3627 2036 3696 terra,
2092 3613 2267 3686 latro
2313 3638 2473 3686 eum
2522 3616 2815 3687 confite-

263 3700 468 3772 batur
510 3703 580 3771 in
631 3724 860 3775 cruce.
914 3709 992 3774 Et
1050 3704 1220 3774 haec
1286 3724 1421 3775 non
1484 3725 1594 3773 me
1652 3703 1740 3773 ad
1803 3703 2314 3773 accusationem
2381 3703 2560 3774 beati
2632 3703 2813 3774 Petri

260 3788 513 3877 aliquis
560 3791 813 3863 dixisse
861 3791 1255 3883 suspicetur
1284 3792 1464 3878 quod
1517 3792 1720 3883 longe
1766 3814 1807 3861 a
1856 3812 2010 3862 mea
2069 3791 2493 3863 conscientia
2528 3792 2639 3875 sit,
2685 3793 2808 3863 sed

262 3876 547 3948 latronis
593 3878 1077 3950 admirandam
1119 3879 1269 3952 volo
1298 3881 1605 3950 animam
1653 3880 2027 3951 declarare.
2083 3880 2358 3950 Primus
2413 3879 2809 3971 discipulus

262 3966 532 4056 puellae
577 3968 951 4040 vilissimae
998 3969 1224 4039 minas
1276 3970 1562 4039 tolerare
1611 3990 1750 4039 non
1798 3968 2033 4048 valuit,
2077 3978 2143 4038 et
2192 3968 2367 4039 latro
2420 3990 2809 4060 suspensus

264 4067 600 4126 tormenta
636 4078 996 4148 spernens,
1035 4057 1347 4145 undique
1399 4056 1735 4148 populum
1783 4056 2163 4147 inspiciens
2213 4057 2807 4141 circumstantem,

257 4141 698 4228 clamantem,
737 4144 999 4236 ingenti
1047 4146 1402 4217 ardentem
1440 4145 1629 4217 rabie
1676 4145 1990 4216 omnium
2038 4145 2511 4234 iniquitatum,
2566 4146 2810 4216 suren-

261 4242 419 4314 tem,
476 4233 928 4325 blasphemiis
966 4232 1511 4306 inflammantem
1550 4255 1686 4305 non
1738 4234 1990 4315 timuit,
2044 4256 2170 4305 nec
2217 4234 2534 4307 crucifixi
2581 4234 2810 4304 vilita-

260 4331 396 4390 tem
429 4343 605 4409 quae
655 4322 1012 4394 videbatur
1059 4323 1376 4414 inspexit,
1432 4323 1550 4395 sed
1600 4323 1826 4414 ipsius
1873 4322 2036 4392 fidei
2082 4322 2304 4394 oculis
2351 4323 2521 4393 haec
2560 4333 2812 4392 cuncta

263 4410 614 4482 transivit:
658 4423 724 4483 et
748 4411 1138 4484 humilibus
1166 4412 1420 4505 spretis
1448 4410 2009 4505 cogitationibuS,
2042 4411 2392 4484 coelorum
2444 4411 2815 4483 Dominum
