3327 4999
530 270 613 335 ⁴2
1316 287 1393 332 DE
1444 288 1499 333 s.
1538 286 1862 335 sw1BEnro
1910 285 2109 333 muse.
2651 268 2895 343 MART.
2952 268 2977 332 Ἰ

432 366 740 457 Regestis
791 366 1190 466 Anglorum‚
1232 366 1409 437 inter
1450 379 1694 448 cetera,
1732 368 1831 437 sic
1879 367 1966 436 de
1994 367 2123 437 hoc
2156 365 2597 437 sanctissimo
2648 364 2791 434 viro
2825 364 2993 435 scri-

438 468 634 547 ptum
670 455 972 542 reliquit.

526 548 561 632 ξ
625 549 706 614 2.
762 551 1091 634 Tempore
1142 550 1209 613 B.
1249 544 1673 615 Willibrordi
1722 545 2173 634 Trajectensis
2204 543 2545 633 Episcopi,
2581 548 2845 613 Fratres
2869 543 2993 630 qui

434 645 631 703 erant
664 634 734 702 in
787 638 1037 713 Fresia,
1096 634 1283 704 verbi
1324 634 1707 703 ministerio
1757 635 2158 724 mancipati,
2206 633 2665 723 elegeruntex
2701 654 2828 700 suo
2859 654 2991 700 nu-

432 745 621 792 mero
672 724 895 791 virum
945 723 1333 793 modestum
1387 724 1700 793 moribus
1759 736 1823 792 et
1889 735 2325 792 mansuetum
2377 722 2603 800 corde,
2673 722 2990 790 Switber-

432 824 604 891 tum,
662 812 781 897 qui
829 812 930 881 eis
969 811 1405 881 ordinaretur
1452 813 1768 881 AntisteS.
1825 817 2038 894 Quem
2077 811 2500 879 Britanniam
2537 811 2982 889 destinatum,

433 901 519 970 ad
549 900 943 990 petitionem
977 923 1213 969 eorum
1251 901 1593 970 ordinavit
1631 902 2014 990 Episcopus
2045 900 2312 970 Wilt'rid
2362 899 2395 932 ⁴*
2443 899 2563 985 qui
2615 910 2758 967 tum
2793 899 2983 977 forte,

432 990 655 1078 patria
706 989 974 1079 pulsuS,
1042 988 1110 1057 in
1166 990 1571 1058 Marciorum
1627 991 2027 1078 regionibus
2075 989 2417 1058 exulabat.
2476 993 2617 1055 Non
2669 987 2856 1056 enim
2910 1010 2988 1056 eo

435 1091 740 1168 tempore
785 1078 1081 1147 habebat
1129 1078 1542 1168 Episcopum
1596 1080 1853 1158 Canna,
1890 1079 2212 1148 defuncto
2260 1076 2540 1163 quidem
2593 1076 2984 1155 Theodoro;

433 1166 551 1236 sed
620 1167 913 1237 necdum
981 1167 1399 1236 Berntwaldo
1465 1190 1860 1237 successore
1924 1168 2096 1255 ejus,
2151 1167 2271 1253 qui
2323 1177 2511 1235 trans
2562 1187 2752 1233 mare
2799 1164 2986 1232 ordi-

431 1256 708 1324 nandus
756 1259 945 1333 ierat,
999 1255 1086 1323 ad
1146 1255 1375 1326 sedem
1438 1256 1885 1346 Episcopatus
1952 1257 2060 1325 sui
2129 1278 2419 1324 reverso.
2475 1254 2605 1335 Qui
2663 1254 2980 1323 videlieet

434 1345 887 1414 Swithbrecht
921 1345 1390 1434 (Suitbertus),
1445 1360 1722 1435 accepto
1748 1347 2172 1435 episcopatu,
2217 1344 2299 1413 de
2329 1343 2681 1412 Britannia
2717 1364 2981 1433 regres-

433 1455 575 1513 sus,
614 1455 752 1502 non
804 1432 1020 1503 multo
1067 1447 1219 1524 post
1265 1434 1348 1502 ad
1402 1447 1671 1522 gentem
1723 1434 2328 1503 Boructuariorum
2376 1432 2481 1521 (a)
2528 1433 2850 1512 secessit3
2906 1455 2985 1501 ac

434 1523 688 1592 multos
719 1545 982 1599 eorum,
1043 1523 1525 1612 praedicando,
1581 1523 1667 1591 ad
1722 1523 1901 1591 viam
1943 1523 2243 1591 veritatis
2296 1521 2634 1611 perduxit.
2688 1521 2815 1588 Sed
2866 1542 2982 1588 ex-

431 1612 757 1701 pugnatis
794 1633 926 1679 non
980 1610 1182 1700 longo
1218 1624 1369 1700 post
1417 1623 1721 1698 tempore
1749 1611 2211 1680 Bornctuariis
2245 1635 2285 1678 a
2311 1622 2510 1701 gente
2537 1609 2984 1695 antiquorum

433 1704 804 1779 Saxonum,
859 1700 1155 1789 dispersi
1203 1713 1366 1769 sunt
1412 1701 1718 1786 quolibet
1768 1701 1839 1769 hi
1887 1702 2007 1787 qui
2059 1702 2344 1769 verbum
2379 1708 2800 1788 receperant.
2831 1704 2984 1787 Ipse

432 1790 721 1859 Antistes
770 1810 929 1858 cum
978 1789 1398 1875 quibusdam
1450 1790 1824 1879 Pippinum
1870 1789 1968 1879 (b)
2016 1789 2244 1879 petiit,
2318 1789 2438 1874 qui
2507 1786 2986 1876 interpellante

432 1876 787 1947 Blithrude
834 1879 1125 1967 conjuge
1174 1901 1320 1952 sua,
1376 1878 1562 1947 dedit
1610 1879 1671 1946 ei
1709 1878 1934 1947 locum
1987 1878 2370 1947 mansionis
2404 1878 2472 1945 in
2503 1876 2733 1945 insula
2767 1875 2987 1945 Rheni

432 1966 736 2056 (Werda)
766 1989 942 2052 quae
994 1966 1232 2065 lingna
1282 1966 1559 2036 illorum
1610 1979 1891 2036 vocatur
1939 1969 2008 2035 in
2052 1970 2266 2035 litore.
2303 1972 2379 2034 In
2430 1987 2570 2051 qua
2615 1967 2762 2056 ipse
2825 1988 2988 2034 con-

437 2065 695 2126 structo
746 2066 1182 2132 monasterio,
1227 2057 1409 2141 quod
1477 2057 1808 2125 hactenus
1861 2056 2183 2125 haeredes
2234 2055 2588 2145 possident
2635 2055 2808 2143 ejus,
2863 2054 2993 2123 ali-

436 2143 751 2301 qluandiu
809 2143 1475 2214 continentissimam
1536 2147 1747 2235 gessit
1795 2144 2027 2225 vitam,
2086 2145 2318 2229 ibique
2367 2144 2615 2212 clausit
2663 2143 2988 2211 ultimum

498 2255 656 2301 iem.
1476 2274 1482 2279 ·

531 2324 567 2409 ξ
633 2327 724 2392 8.
780 2326 959 2390 Haec
991 2322 1205 2411 igitur
1250 2345 1426 2409 quae
1459 2323 1786 2411 superius
1834 2322 1918 2388 de
1966 2321 2094 2389 hoc
2145 2321 2580 2391 sanctissimo
2628 2322 2772 2389 viro
2801 2319 2990 2409 dige-

438 2422 541 2479 sta
581 2421 766 2489 sunt,
828 2410 1073 2479 Bedam
1136 2432 1736 2491 commemorasse,
1791 2411 2139 2479 neminem
2191 2411 2542 2499 ambigere
2590 2410 2982 2487 credimu53

435 2499 571 2569 nisi
612 2498 781 2569 forte
829 2502 1227 2590 quempiam
1279 2499 1482 2569 talem
1533 2499 1655 2587 qui
1706 2499 1860 2571 aliis
1910 2523 2184 2578 vacans,
2243 2501 2556 2580 neffotiis,
2616 2501 2870 2569 librum
2909 2498 2992 2567 il-

435 2589 577 2658 lum
616 2589 737 2658 ubi
772 2612 849 2656 ea
886 2589 1143 2679 scripta
1190 2601 1375 2670 sunt,
1415 2600 1532 2657 aut
1566 2612 1701 2657 non
1749 2589 1932 2679 legit,
1972 2603 2090 2659 aut
2123 2601 2301 2658 certe
2330 2557 2630 2679 legendo
2663 2589 2980 2678 neglexit.

435 2683 745 2747 Ceterum
782 2700 909 2746 nos
942 2700 1381 2763 nequaquam
1431 2677 1750 2747 dubitare
1799 2679 2133 2747 debemus
2183 2678 2406 2747 virum
2452 2679 2656 2748 istum
2712 2679 2778 2745 in
2841 2699 2989 2744 om-

434 2768 643 2837 nibus
677 2766 1101 2842 Christianae
1151 2766 1505 2855 religionis
1541 2767 1790 2838 studiis
1839 2767 2052 2837 fuisse
2099 2768 2564 2836 exercitatum.
2607 2779 2840 2856 utpote
2867 2767 2990 2852 qui

432 2856 613 2925 inter
661 2867 799 2923 tam
851 2855 1183 2944 pretiosas
1234 2855 1572 2924 Ecclesiae
1622 2857 1737 2924 Dei
1802 2856 2141 2937 lucernas,
2181 2879 2355 2942 quae
2389 2856 2495 2924 his
2536 2855 2804 2928 diebus,
2845 2857 2986 2925 sive

434 2944 503 3013 in
540 2944 912 3033 Anglorum
946 2945 1084 3013 sive
1116 2943 1184 3011 in
1219 2944 1596 3013 Galliarum
1633 2959 1833 3033 gente
1886 2945 2176 3014 mirifice
2235 2947 2714 3024 coruscabant,
2756 2945 2989 3012 ovium

436 3033 685 3102 Christi
735 3037 970 3100 Pastor
1017 3055 1053 3100 a
1105 3033 1589 3101 sacratissimis
1638 3033 1810 3124 ipsis
1855 3034 2161 3103 ordinari
2196 3034 2597 3124 promeruit.
2637 3039 2801 3102 Nam
2857 3032 2989 3102 nisi

436 3134 615 3191 esset
665 3120 991 3210 pastorali
1024 3122 1341 3190 exercitio
1395 3122 1683 3211 pleniter
1732 3123 2133 3201 instructUS‚
2191 3122 2384 3195 nullo
2424 3123 2626 3191 modo
2674 3123 2825 3211 ejus
2868 3145 2991 3191 cu-

434 3210 696 3280 stodiae
744 3222 969 3279 tantae
1003 3211 1230 3300 gregis
1267 3211 1514 3280 Christi
1569 3212 1808 3301 copiae
1854 3212 2321 3281 crederentur.
2381 3217 2581 3279 l'orro
2624 3212 2757 3280 nisi
2807 3221 2983 3279 esset

434 3299 635 3368 miles
667 3299 1177 3385 quodammodo
1227 3312 1610 3380 veteranuS‚
1656 3314 1721 3370 et
1768 3301 1839 3368 in
1889 3324 2107 3390 agone
2144 3300 2458 3383 martyrii
2506 3300 2699 3369 fortis
2738 3312 2802 3367 et
2851 3300 2978 3367 im-

432 3389 856 3479 perterritus,
912 3409 1345 3475 nequaquam
1382 3389 1450 3456 in
1486 3389 1632 3457 acie
1668 3388 1914 3459 Christi
1965 3412 2285 3459 summus
2323 3389 2693 3469 TribunuS,
2723 3409 2987 3474 nequa-

433 3500 642 3564 quam
682 3475 1078 3567 primipilus
1120 3477 1434 3568 Legionis
1467 3478 1742 3545 divinae
1789 3479 2339 3547 constitueretur.
2379 3484 2625 3547 Verum
2665 3478 2774 3546 his
2822 3476 2987 3544 alle-

431 3566 661 3657 gorice
720 3565 1160 3655 praelibatis,
1236 3566 1582 3635 moraliter
1636 3588 1912 3653 quoque
1980 3588 2104 3637 nos
2168 3567 2434 3656 aperire
2492 3580 2755 3656 oportet
2811 3588 2987 3652 quae

433 3657 573 3725 sint
610 3655 931 3724 exercitia
977 3655 1235 3740 quibus
1284 3655 1893 3746 inexpufrnabilem
1951 3655 2160 3725 istum
2211 3654 2499 3723 militem
2551 3655 2983 3746 praeclarum

434 3743 648 3815 fuisse
715 3765 851 3812 non
901 3743 1325 3814 dubitamus.
1381 3712 1583 3826 Quod
1625 3745 1908 3831 quidem
1967 3744 2037 3812 in
2091 3744 2552 3835 pastoralibus
2602 3746 2825 3835 primo
2884 3753 2984 3814 est

487 3923 511 3949 ‘¹
532 3922 600 3961 Ne
618 3921 875 3961 confundas
897 3931 1005 3960 cum
1024 3921 1115 3960 ulio
1133 3921 1344 3961 Wilfrido
1366 3922 1443 3961 vel
1462 3918 1704 3967 winfrido.
1722 3923 1888 3971 postea
1909 3923 1951 3962 8.
1974 3922 2229 3965 Bonifocio.
2250 3924 2331 3971 qui
2360 3922 2580 3970 sequenti
2607 3922 2797 3961 saeculo
2813 3921 2987 3965 floruIt.

430 3976 480 4016 et
500 3975 553 4015 in
580 3976 706 4014 Eccl.
727 3975 863 4014 Univ.
884 3975 1058 4014 colitur
1081 3985 1108 4014 v
1123 3977 1225 4023 jun.
1246 3977 1510 4024 Inscriptus
1530 3977 1576 4015 in
1598 3977 1730 4015 Rom.
1750 3977 2086 4025 Martyrologto
2109 3977 2183 4015 est
2202 3977 2466 4016 Wanfridus
2490 3977 2703 4024 (Wn'lsrict)
2725 3984 2792 4014 χιι
2813 3979 2906 4015 oct.

488 4031 548 4072 (a)
576 4029 831 4076 Regionem
852 4029 965 4067 tune
986 4029 1297 4068 incolentium
1318 4030 1441 4068 inter
1463 4031 1706 4069 Coloniam
1727 4031 1914 4079 agripp.
1937 4033 1986 4069 et
2008 4030 2205 4069 Assiam.

484 4080 548 4134 (b)
575 4083 710 4121 Alter
736 4081 812 4121 hic
840 4084 913 4120 est
940 4091 995 4120 ex
1024 4085 1226 4130 quatuor
1264 4083 1529 4130 insignibus
1559 4083 1705 4131 hujus
1733 4084 1935 4123 nominis
1969 4084 2100 4126 viris,
2126 4084 2321 4122 Piemus
2348 4084 2399 4121 (ιι
2419 4083 2653 4129 liefr-Iseon,
2675 4083 2987 4130 cognomento

430 4137 635 4180 Graccus.
654 4135 805 4182 Pipini
828 4135 1048 4178 semoris.
1068 4136 1237 4174 Palatii
1259 4138 1347 4175 sub
1365 4137 1635 4176 Aucti-asiae
1656 4148 1765 4186 rege
1785 4138 2049 4186 Dagoberto
2070 4136 2300 4175 Praefecti
2321 4136 2463 4179 filius.
2484 4137 2581 4184 qui,
2599 4137 2686 4176 hoc
2705 4138 2907 4181 mortuo,
2929 4136 2987 4175 ab

430 4189 691 4229 Austrasiis
709 4191 813 4228 Dux
833 4189 1013 4228 electus
1032 4190 1118 4234 est,
1137 4187 1394 4237 posteaque
1414 4189 1573 4229 invido
1601 4192 1807 4230 Ebroiuo
1837 4191 1980 4230 armis
2009 4190 2208 4232 devicto.
2235 4190 2397 4238 inepto
2431 4190 2720 4230 Theoderico
2749 4193 2989 4242 regnante¹¹

431 4245 611 4284 Domus
635 4243 920 4284 Praefectus.
942 4242 1031 4281 toti
1050 4243 1343 4290 imperitavit
1362 4244 1653 4283 Francorum
1675 4245 2044 4291 ditioni.optime
2063 4244 2120 4282 de
2137 4243 2309 4282 Christ.
2323 4242 2567 4292 Religione
2587 4245 2635 4282 et
2653 4244 2710 4282 <le
2730 4253 2780 4283 re
2801 4242 2992 4291 publica.

432 4296 646 4336 meritus.
666 4298 795 4334 Anno
818 4296 1020 4335 decessit
1043 4305 1224 4336 οσανν.
1253 4297 1407 4344 Huius
1426 4306 1575 4344 nepos
1603 4298 1762 4336 extitit
1790 4297 1983 4345 Ptpinus
2010 4298 2344 4344 cognomento,
2373 4307 2428 4336 ex
2467 4299 2676 4345 corporis
2710 4297 2989 4346 exiguitate,

436 4351 608 4397 Brevia,
637 4351 685 4388 ot
702 4349 902 4388 consilio
923 4352 971 4389 et
990 4350 1167 4389 virtute
1186 4359 1399 4397 magnus,
1418 4349 1468 4388 in
1486 4351 1745 4389 Romanam
1762 4351 2015 4389 Ecclesiam
2031 4351 2106 4398 pie
2123 4350 2386 4390 munificus.
2403 4352 2677 4390 Postremus
2693 4352 2769 4391 est
2783 4352 2990 4398 pipinus,

434 4403 595 4444 Karoli
619 4402 776 4451 Magni
795 4403 937 4448 iilius,
955 4402 1120 4442 Italiae
1139 4403 1251 4447 Rex,
1270 4403 1352 4451 qui
1372 4413 1521 4443 annos
1541 4406 1685 4443 uatus
1705 4406 1771 4449 34,
1789 4404 2046 4444 Mediolani
2066 4404 2187 4443 obiit
2205 4412 2352 4443 ucccx
