<?xml version="1.0" encoding="UTF-8"?>
<!DOCTYPE html PUBLIC "-//W3C//DTD XHTML 1.0 Transitional//EN"
    "http://www.w3.org/TR/xhtml1/DTD/xhtml1-transitional.dtd">
<html xmlns="http://www.w3.org/1999/xhtml" xml:lang="en" lang="en">
 <head>
  <title>
</title>
<meta http-equiv="Content-Type" content="text/html;charset=utf-8" />
  <meta name='ocr-system' content='tesseract 3.04.00' />
  <meta name='ocr-capabilities' content='ocr_page ocr_carea ocr_par ocr_line ocrx_word'/>
</head>
<body>
  <div class='ocr_page' id='page_1' title='image "./historiaeseuvit04lippgoog_0093.png"; bbox 0 0 3327 4999; ppageno 0'>
   <div class='ocr_carea' id='block_1_1' title="bbox 168 331 2592 405">
    <p class='ocr_par' dir='ltr' id='par_1_1' title="bbox 168 331 2592 405">
     <span class='ocr_line' id='line_1_1' title="bbox 168 331 2592 405; baseline 0 -8"><span class='ocrx_word' id='word_1_1' title='bbox 168 331 379 398; x_wconf 72' lang='lat' dir='ltr'>MART.</span> <span class='ocrx_word' id='word_1_2' title='bbox 431 333 473 396; x_wconf 85' lang='lat'><strong>7</strong></span> <span class='ocrx_word' id='word_1_3' title='bbox 1005 349 1084 396; x_wconf 73' lang='lat' dir='ltr'>nn</span> <span class='ocrx_word' id='word_1_4' title='bbox 1132 350 1188 397; x_wconf 90' lang='lat' dir='ltr'>s.</span> <span class='ocrx_word' id='word_1_5' title='bbox 1242 348 1455 396; x_wconf 71' lang='lat' dir='ltr'>rnouA</span> <span class='ocrx_word' id='word_1_6' title='bbox 1503 347 1823 405; x_wconf 65' lang='lat' dir='ltr'>Acunum</span> <span class='ocrx_word' id='word_1_7' title='bbox 2507 331 2592 397; x_wconf 89' lang='lat'>83</span> 
     </span>
    </p>
   </div>
   <div class='ocr_carea' id='block_1_2' title="bbox 132 427 2691 4512">
    <p class='ocr_par' dir='ltr' id='par_1_2' title="bbox 146 427 2687 1936">
     <span class='ocr_line' id='line_1_2' title="bbox 167 427 2677 516; baseline 0.001 -17"><span class='ocrx_word' id='word_1_8' title='bbox 167 431 237 498; x_wconf 85' lang='lat' dir='ltr'>de</span> <span class='ocrx_word' id='word_1_9' title='bbox 276 431 470 499; x_wconf 88' lang='lat' dir='ltr'>rebus</span> <span class='ocrx_word' id='word_1_10' title='bbox 519 428 1093 516; x_wconf 82' lang='lat' dir='ltr'><strong>colloquerentur.</strong></span> <span class='ocrx_word' id='word_1_11' title='bbox 1156 428 1303 500; x_wconf 89' lang='lat' dir='ltr'>Illis</span> <span class='ocrx_word' id='word_1_12' title='bbox 1349 439 1578 498; x_wconf 91' lang='lat' dir='ltr'>autem</span> <span class='ocrx_word' id='word_1_13' title='bbox 1635 427 2057 499; x_wconf 89' lang='lat' dir='ltr'>abeuntibus</span> <span class='ocrx_word' id='word_1_14' title='bbox 2091 484 2107 510; x_wconf 99' lang='lat'>,</span> <span class='ocrx_word' id='word_1_15' title='bbox 2163 429 2456 501; x_wconf 80' lang='lat' dir='ltr'><strong>Thomas</strong></span> <span class='ocrx_word' id='word_1_16' title='bbox 2486 429 2571 499; x_wconf 92' lang='lat' dir='ltr'>ad</span> <span class='ocrx_word' id='word_1_17' title='bbox 2603 452 2677 501; x_wconf 88' lang='lat' dir='ltr'>se</span> 
     </span>
     <span class='ocr_line' id='line_1_3' title="bbox 166 517 2681 609; baseline 0 -20"><span class='ocrx_word' id='word_1_18' title='bbox 166 519 593 609; x_wconf 71' lang='lat' dir='ltr'>Reginaldum</span> <span class='ocrx_word' id='word_1_19' title='bbox 649 531 888 597; x_wconf 86' lang='lat' dir='ltr'>vocat,</span> <span class='ocrx_word' id='word_1_20' title='bbox 951 540 1250 604; x_wconf 91' lang='lat' dir='ltr'>eumque</span> <span class='ocrx_word' id='word_1_21' title='bbox 1288 518 1485 605; x_wconf 86' lang='lat' dir='ltr'>jubet</span> <span class='ocrx_word' id='word_1_22' title='bbox 1558 517 1858 587; x_wconf 89' lang='lat' dir='ltr'>scribere</span> <span class='ocrx_word' id='word_1_23' title='bbox 1926 517 2423 588; x_wconf 86' lang='lat' dir='ltr'>commentaria</span> <span class='ocrx_word' id='word_1_24' title='bbox 2467 541 2681 607; x_wconf 89' lang='lat' dir='ltr'>quae-</span> 
     </span>
     <span class='ocr_line' id='line_1_4' title="bbox 165 606 2677 697; baseline 0.001 -22"><span class='ocrx_word' id='word_1_25' title='bbox 165 608 300 676; x_wconf 86' lang='lat' dir='ltr'>dam</span> <span class='ocrx_word' id='word_1_26' title='bbox 350 608 419 676; x_wconf 91' lang='lat' dir='ltr'>in</span> <span class='ocrx_word' id='word_1_27' title='bbox 470 607 759 685; x_wconf 89' lang='lat' dir='ltr'>lsaiam,</span> <span class='ocrx_word' id='word_1_28' title='bbox 801 606 1083 697; x_wconf 83' lang='lat' dir='ltr'>perinde</span> <span class='ocrx_word' id='word_1_29' title='bbox 1128 606 1234 676; x_wconf 91' lang='lat' dir='ltr'>illi</span> <span class='ocrx_word' id='word_1_30' title='bbox 1279 627 1358 676; x_wconf 90' lang='lat' dir='ltr'>ea</span> <span class='ocrx_word' id='word_1_31' title='bbox 1406 607 1700 685; x_wconf 89' lang='lat' dir='ltr'>dictans,</span> <span class='ocrx_word' id='word_1_32' title='bbox 1753 628 1834 676; x_wconf 91' lang='lat' dir='ltr'>ac</span> <span class='ocrx_word' id='word_1_33' title='bbox 1881 606 1940 675; x_wconf 91' lang='lat' dir='ltr'>si</span> <span class='ocrx_word' id='word_1_34' title='bbox 1987 629 2068 676; x_wconf 89' lang='lat' dir='ltr'>ex</span> <span class='ocrx_word' id='word_1_35' title='bbox 2117 606 2293 676; x_wconf 91' lang='lat' dir='ltr'>libro</span> <span class='ocrx_word' id='word_1_36' title='bbox 2341 608 2677 678; x_wconf 81' lang='lat' dir='ltr'><strong>recitaret.</strong></span> 
     </span>
     <span class='ocr_line' id='line_1_5' title="bbox 166 694 2684 786; baseline 0 -20"><span class='ocrx_word' id='word_1_37' title='bbox 166 696 392 766; x_wconf 76' lang='lat' dir='ltr'>Deinde</span> <span class='ocrx_word' id='word_1_38' title='bbox 434 697 682 783; x_wconf 86' lang='lat' dir='ltr'>jussus</span> <span class='ocrx_word' id='word_1_39' title='bbox 741 695 1164 786; x_wconf 90' lang='lat' dir='ltr'>Reginaldus</span> <span class='ocrx_word' id='word_1_40' title='bbox 1210 694 1424 783; x_wconf 86' lang='lat' dir='ltr'>quieti</span> <span class='ocrx_word' id='word_1_41' title='bbox 1486 695 1798 766; x_wconf 89' lang='lat' dir='ltr'>membra</span> <span class='ocrx_word' id='word_1_42' title='bbox 1854 695 2183 777; x_wconf 86' lang='lat' dir='ltr'>reddere,</span> <span class='ocrx_word' id='word_1_43' title='bbox 2236 695 2322 764; x_wconf 92' lang='lat' dir='ltr'>ad</span> <span class='ocrx_word' id='word_1_44' title='bbox 2387 696 2684 767; x_wconf 89' lang='lat' dir='ltr'>Thomae</span> 
     </span>
     <span class='ocr_line' id='line_1_6' title="bbox 163 783 2684 875; baseline 0 -21"><span class='ocrx_word' id='word_1_45' title='bbox 163 785 342 875; x_wconf 86' lang='lat' dir='ltr'>pedes</span> <span class='ocrx_word' id='word_1_46' title='bbox 387 783 677 864; x_wconf 86' lang='lat' dir='ltr'>corruit,</span> <span class='ocrx_word' id='word_1_47' title='bbox 728 805 888 853; x_wconf 90' lang='lat' dir='ltr'>eum</span> <span class='ocrx_word' id='word_1_48' title='bbox 934 784 1227 854; x_wconf 86' lang='lat' dir='ltr'>obnixae</span> <span class='ocrx_word' id='word_1_49' title='bbox 1276 806 1552 875; x_wconf 70' lang='lat' dir='ltr'>rogam,</span> <span class='ocrx_word' id='word_1_50' title='bbox 1605 796 1671 853; x_wconf 92' lang='lat' dir='ltr'>et</span> <span class='ocrx_word' id='word_1_51' title='bbox 1719 805 1842 874; x_wconf 88' lang='lat' dir='ltr'>per</span> <span class='ocrx_word' id='word_1_52' title='bbox 1888 784 2136 855; x_wconf 81' lang='lat' dir='ltr'>Christi</span> <span class='ocrx_word' id='word_1_53' title='bbox 2169 789 2440 854; x_wconf 74' lang='lat' dir='ltr'>&#39;nomen</span> <span class='ocrx_word' id='word_1_54' title='bbox 2492 785 2684 855; x_wconf 91' lang='lat' dir='ltr'>obte-</span> 
     </span>
     <span class='ocr_line' id='line_1_7' title="bbox 162 872 2685 963; baseline 0.001 -21"><span class='ocrx_word' id='word_1_55' title='bbox 162 887 343 957; x_wconf 74' lang='lat' dir='ltr'>stanS,</span> <span class='ocrx_word' id='word_1_56' title='bbox 380 886 465 943; x_wconf 89' lang='lat' dir='ltr'>ut</span> <span class='ocrx_word' id='word_1_57' title='bbox 515 872 790 953; x_wconf 88' lang='lat' dir='ltr'>diceret,</span> <span class='ocrx_word' id='word_1_58' title='bbox 843 895 1001 942; x_wconf 91' lang='lat' dir='ltr'>cum</span> <span class='ocrx_word' id='word_1_59' title='bbox 1050 874 1307 961; x_wconf 91' lang='lat' dir='ltr'>quibus</span> <span class='ocrx_word' id='word_1_60' title='bbox 1347 886 1484 942; x_wconf 88' lang='lat' dir='ltr'>tam</span> <span class='ocrx_word' id='word_1_61' title='bbox 1528 872 1788 963; x_wconf 84' lang='lat' dir='ltr'>prolixe</span> <span class='ocrx_word' id='word_1_62' title='bbox 1837 872 2082 944; x_wconf 88' lang='lat' dir='ltr'>fuisset</span> <span class='ocrx_word' id='word_1_63' title='bbox 2130 873 2426 943; x_wconf 89' lang='lat' dir='ltr'>locutus.</span> <span class='ocrx_word' id='word_1_64' title='bbox 2467 879 2685 944; x_wconf 90' lang='lat' dir='ltr'>Recu-</span> 
     </span>
     <span class='ocr_line' id='line_1_8' title="bbox 156 961 2679 1052; baseline 0 -20"><span class='ocrx_word' id='word_1_65' title='bbox 156 977 324 1032; x_wconf 84' lang='lat' dir='ltr'>sante</span> <span class='ocrx_word' id='word_1_66' title='bbox 368 963 505 1032; x_wconf 89' lang='lat' dir='ltr'>diu</span> <span class='ocrx_word' id='word_1_67' title='bbox 552 961 830 1042; x_wconf 88' lang='lat' dir='ltr'>Thoma,</span> <span class='ocrx_word' id='word_1_68' title='bbox 882 973 947 1031; x_wconf 89' lang='lat' dir='ltr'>et</span> <span class='ocrx_word' id='word_1_69' title='bbox 994 983 1139 1031; x_wconf 92' lang='lat' dir='ltr'>rem</span> <span class='ocrx_word' id='word_1_70' title='bbox 1189 974 1521 1032; x_wconf 81' lang='lat' dir='ltr'>secretam</span> <span class='ocrx_word' id='word_1_71' title='bbox 1570 962 1873 1052; x_wconf 86' lang='lat' dir='ltr'>pandere</span> <span class='ocrx_word' id='word_1_72' title='bbox 1921 961 2215 1042; x_wconf 89' lang='lat' dir='ltr'>nolente,</span> <span class='ocrx_word' id='word_1_73' title='bbox 2253 962 2679 1052; x_wconf 86' lang='lat' dir='ltr'>Reginaldus</span> 
     </span>
     <span class='ocr_line' id='line_1_9' title="bbox 153 1050 2680 1142; baseline 0.001 -24"><span class='ocrx_word' id='word_1_74' title='bbox 153 1052 211 1119; x_wconf 89' lang='lat' dir='ltr'>in</span> <span class='ocrx_word' id='word_1_75' title='bbox 251 1074 450 1142; x_wconf 87' lang='lat' dir='ltr'>prece</span> <span class='ocrx_word' id='word_1_76' title='bbox 503 1050 818 1141; x_wconf 73' lang='lat' dir='ltr'>perstitit:</span> <span class='ocrx_word' id='word_1_77' title='bbox 873 1050 1172 1120; x_wconf 86' lang='lat' dir='ltr'>Tandem</span> <span class='ocrx_word' id='word_1_78' title='bbox 1223 1052 1473 1141; x_wconf 91' lang='lat' dir='ltr'>igitur,</span> <span class='ocrx_word' id='word_1_79' title='bbox 1542 1073 1629 1120; x_wconf 90' lang='lat' dir='ltr'>ne</span> <span class='ocrx_word' id='word_1_80' title='bbox 1678 1050 1927 1121; x_wconf 84' lang='lat' dir='ltr'>Christi</span> <span class='ocrx_word' id='word_1_81' title='bbox 1986 1072 2263 1131; x_wconf 91' lang='lat' dir='ltr'>nomen,</span> <span class='ocrx_word' id='word_1_82' title='bbox 2323 1073 2445 1142; x_wconf 92' lang='lat' dir='ltr'>per</span> <span class='ocrx_word' id='word_1_83' title='bbox 2493 1051 2680 1139; x_wconf 89' lang='lat' dir='ltr'>quod</span> 
     </span>
     <span class='ocr_line' id='line_1_10' title="bbox 151 1138 2685 1230; baseline 0.001 -22"><span class='ocrx_word' id='word_1_84' title='bbox 151 1139 505 1226; x_wconf 84' lang='lat' dir='ltr'>adjuratus</span> <span class='ocrx_word' id='word_1_85' title='bbox 535 1151 699 1220; x_wconf 89' lang='lat' dir='ltr'>erat,</span> <span class='ocrx_word' id='word_1_86' title='bbox 734 1139 1082 1230; x_wconf 85' lang='lat' dir='ltr'>negligere</span> <span class='ocrx_word' id='word_1_87' title='bbox 1128 1139 1496 1222; x_wconf 86' lang='lat' dir='ltr'>videretur,</span> <span class='ocrx_word' id='word_1_88' title='bbox 1534 1161 1696 1210; x_wconf 90' lang='lat' dir='ltr'>cum</span> <span class='ocrx_word' id='word_1_89' title='bbox 1748 1138 2076 1229; x_wconf 85' lang='lat' dir='ltr'>lacrymis</span> <span class='ocrx_word' id='word_1_90' title='bbox 2122 1139 2186 1209; x_wconf 93' lang='lat' dir='ltr'>ei</span> <span class='ocrx_word' id='word_1_91' title='bbox 2233 1138 2427 1209; x_wconf 86' lang='lat' dir='ltr'>dixit:</span> <span class='ocrx_word' id='word_1_92' title='bbox 2465 1162 2501 1206; x_wconf 87' lang='lat'>«</span> <span class='ocrx_word' id='word_1_93' title='bbox 2537 1140 2685 1211; x_wconf 90' lang='lat' dir='ltr'>Scis</span> 
     </span>
     <span class='ocr_line' id='line_1_11' title="bbox 153 1227 2685 1330; baseline 0 -33"><span class='ocrx_word' id='word_1_94' title='bbox 153 1228 239 1297; x_wconf 81' lang='lat' dir='ltr'>fili</span> <span class='ocrx_word' id='word_1_95' title='bbox 278 1228 683 1330; x_wconf 85' lang='lat' dir='ltr'>Reginalde‚</span> <span class='ocrx_word' id='word_1_96' title='bbox 737 1249 944 1314; x_wconf 91' lang='lat' dir='ltr'>quam</span> <span class='ocrx_word' id='word_1_97' title='bbox 999 1250 1109 1298; x_wconf 92' lang='lat' dir='ltr'>me</span> <span class='ocrx_word' id='word_1_98' title='bbox 1155 1228 1343 1298; x_wconf 89' lang='lat' dir='ltr'>hisce</span> <span class='ocrx_word' id='word_1_99' title='bbox 1401 1228 1649 1300; x_wconf 90' lang='lat' dir='ltr'>diebus</span> <span class='ocrx_word' id='word_1_100' title='bbox 1696 1228 2054 1297; x_wconf 86' lang='lat' dir='ltr'>afflixerim</span> <span class='ocrx_word' id='word_1_101' title='bbox 2084 1282 2104 1308; x_wconf 90' lang='lat'>,</span> <span class='ocrx_word' id='word_1_102' title='bbox 2160 1228 2247 1298; x_wconf 89' lang='lat' dir='ltr'>ob</span> <span class='ocrx_word' id='word_1_103' title='bbox 2294 1227 2427 1297; x_wconf 87' lang='lat' dir='ltr'>loci</span> <span class='ocrx_word' id='word_1_104' title='bbox 2473 1227 2685 1315; x_wconf 88' lang='lat' dir='ltr'>hujus</span> 
     </span>
     <span class='ocr_line' id='line_1_12' title="bbox 146 1316 2685 1407; baseline 0 -21"><span class='ocrx_word' id='word_1_105' title='bbox 146 1319 658 1395; x_wconf 77' lang='lat' dir='ltr'>obscuritatem,</span> <span class='ocrx_word' id='word_1_106' title='bbox 690 1317 893 1404; x_wconf 82' lang='lat' dir='ltr'>cujus</span> <span class='ocrx_word' id='word_1_107' title='bbox 917 1317 1065 1407; x_wconf 85' lang='lat' dir='ltr'>jam</span> <span class='ocrx_word' id='word_1_108' title='bbox 1096 1317 1589 1407; x_wconf 81' lang='lat' dir='ltr'>expositionem</span> <span class='ocrx_word' id='word_1_109' title='bbox 1620 1339 1700 1385; x_wconf 90' lang='lat' dir='ltr'>ex</span> <span class='ocrx_word' id='word_1_110' title='bbox 1740 1338 1856 1386; x_wconf 89' lang='lat' dir='ltr'>ore</span> <span class='ocrx_word' id='word_1_111' title='bbox 1899 1338 2050 1386; x_wconf 91' lang='lat' dir='ltr'>meo</span> <span class='ocrx_word' id='word_1_112' title='bbox 2085 1316 2447 1407; x_wconf 90' lang='lat' dir='ltr'>scripsisti.</span> <span class='ocrx_word' id='word_1_113' title='bbox 2504 1317 2685 1386; x_wconf 83' lang='lat' dir='ltr'>Misit</span> 
     </span>
     <span class='ocr_line' id='line_1_13' title="bbox 148 1405 2687 1497; baseline 0 -22"><span class='ocrx_word' id='word_1_114' title='bbox 148 1419 365 1477; x_wconf 87' lang='lat' dir='ltr'>autem</span> <span class='ocrx_word' id='word_1_115' title='bbox 422 1406 590 1496; x_wconf 90' lang='lat' dir='ltr'>pius</span> <span class='ocrx_word' id='word_1_116' title='bbox 640 1405 972 1474; x_wconf 88' lang='lat' dir='ltr'>Dominus</span> <span class='ocrx_word' id='word_1_117' title='bbox 1012 1406 1099 1475; x_wconf 91' lang='lat' dir='ltr'>ad</span> <span class='ocrx_word' id='word_1_118' title='bbox 1148 1427 1257 1475; x_wconf 91' lang='lat' dir='ltr'>me</span> <span class='ocrx_word' id='word_1_119' title='bbox 1301 1405 1654 1497; x_wconf 80' lang='lat' dir='ltr'>Apostolos</span> <span class='ocrx_word' id='word_1_120' title='bbox 1702 1410 1973 1475; x_wconf 90' lang='lat' dir='ltr'>Petrum</span> <span class='ocrx_word' id='word_1_121' title='bbox 2024 1420 2089 1475; x_wconf 90' lang='lat' dir='ltr'>et</span> <span class='ocrx_word' id='word_1_122' title='bbox 2136 1405 2454 1488; x_wconf 90' lang='lat' dir='ltr'>Paulum,</span> <span class='ocrx_word' id='word_1_123' title='bbox 2508 1427 2687 1493; x_wconf 92' lang='lat' dir='ltr'>quos</span> 
     </span>
     <span class='ocr_line' id='line_1_14' title="bbox 150 1492 2686 1585; baseline -0 -21"><span class='ocrx_word' id='word_1_124' title='bbox 150 1496 310 1564; x_wconf 89' lang='lat' dir='ltr'>mihi</span> <span class='ocrx_word' id='word_1_125' title='bbox 357 1494 550 1585; x_wconf 90' lang='lat' dir='ltr'>apud</span> <span class='ocrx_word' id='word_1_126' title='bbox 602 1492 800 1562; x_wconf 89' lang='lat' dir='ltr'>illum</span> <span class='ocrx_word' id='word_1_127' title='bbox 853 1493 1335 1564; x_wconf 86' lang='lat' dir='ltr'>intercessores</span> <span class='ocrx_word' id='word_1_128' title='bbox 1382 1494 1860 1576; x_wconf 88' lang='lat' dir='ltr'>adhibueram,</span> <span class='ocrx_word' id='word_1_129' title='bbox 1897 1507 1961 1564; x_wconf 90' lang='lat' dir='ltr'>et</span> <span class='ocrx_word' id='word_1_130' title='bbox 1990 1516 2148 1563; x_wconf 90' lang='lat' dir='ltr'>cum</span> <span class='ocrx_word' id='word_1_131' title='bbox 2190 1494 2327 1563; x_wconf 91' lang='lat' dir='ltr'>illis</span> <span class='ocrx_word' id='word_1_132' title='bbox 2351 1494 2495 1583; x_wconf 85' lang='lat' dir='ltr'>jam</span> <span class='ocrx_word' id='word_1_133' title='bbox 2528 1494 2686 1564; x_wconf 93' lang='lat' dir='ltr'>dul-</span> 
     </span>
     <span class='ocr_line' id='line_1_15' title="bbox 147 1581 2686 1671; baseline -0.001 -16"><span class='ocrx_word' id='word_1_134' title='bbox 147 1584 243 1655; x_wconf 88' lang='lat' dir='ltr'>cia</span> <span class='ocrx_word' id='word_1_135' title='bbox 288 1584 509 1654; x_wconf 88' lang='lat' dir='ltr'>habui</span> <span class='ocrx_word' id='word_1_136' title='bbox 560 1581 899 1668; x_wconf 90' lang='lat' dir='ltr'>colloquia</span> <span class='ocrx_word' id='word_1_137' title='bbox 935 1637 950 1663; x_wconf 98' lang='lat'>,</span> <span class='ocrx_word' id='word_1_138' title='bbox 1005 1584 1190 1671; x_wconf 91' lang='lat' dir='ltr'>iique</span> <span class='ocrx_word' id='word_1_139' title='bbox 1253 1584 1439 1653; x_wconf 90' lang='lat' dir='ltr'>hunc</span> <span class='ocrx_word' id='word_1_140' title='bbox 1501 1584 1677 1652; x_wconf 91' lang='lat' dir='ltr'>mihi</span> <span class='ocrx_word' id='word_1_141' title='bbox 1753 1582 1978 1653; x_wconf 92' lang='lat' dir='ltr'>locum</span> <span class='ocrx_word' id='word_1_142' title='bbox 2030 1583 2227 1653; x_wconf 90' lang='lat' dir='ltr'>valde</span> <span class='ocrx_word' id='word_1_143' title='bbox 2299 1583 2686 1653; x_wconf 90' lang='lat' dir='ltr'>luculenter</span> 
     </span>
     <span class='ocr_line' id='line_1_16' title="bbox 146 1671 2686 1764; baseline 0 -23"><span class='ocrx_word' id='word_1_144' title='bbox 146 1672 598 1762; x_wconf 80' lang='lat' dir='ltr'>explicarunt.</span> <span class='ocrx_word' id='word_1_145' title='bbox 666 1671 794 1740; x_wconf 90' lang='lat' dir='ltr'>Sed</span> <span class='ocrx_word' id='word_1_146' title='bbox 842 1693 967 1761; x_wconf 91' lang='lat' dir='ltr'>ego</span> <span class='ocrx_word' id='word_1_147' title='bbox 1013 1673 1504 1762; x_wconf 91' lang='lat' dir='ltr'>omnipotentis</span> <span class='ocrx_word' id='word_1_148' title='bbox 1553 1673 1668 1742; x_wconf 91' lang='lat' dir='ltr'>Dei</span> <span class='ocrx_word' id='word_1_149' title='bbox 1715 1672 1942 1742; x_wconf 89' lang='lat' dir='ltr'>verbis</span> <span class='ocrx_word' id='word_1_150' title='bbox 1999 1671 2124 1742; x_wconf 87' lang='lat' dir='ltr'>tibi</span> <span class='ocrx_word' id='word_1_151' title='bbox 2172 1673 2545 1764; x_wconf 83' lang='lat' dir='ltr'>praecipiO,</span> <span class='ocrx_word' id='word_1_152' title='bbox 2599 1694 2686 1741; x_wconf 91' lang='lat' dir='ltr'>ne</span> 
     </span>
     <span class='ocr_line' id='line_1_17' title="bbox 148 1760 2680 1853; baseline 0 -24"><span class='ocrx_word' id='word_1_153' title='bbox 148 1761 319 1841; x_wconf 88' lang='lat' dir='ltr'>hoc,</span> <span class='ocrx_word' id='word_1_154' title='bbox 388 1760 580 1848; x_wconf 89' lang='lat' dir='ltr'>quod</span> <span class='ocrx_word' id='word_1_155' title='bbox 652 1781 732 1829; x_wconf 84' lang='lat' dir='ltr'>ex</span> <span class='ocrx_word' id='word_1_156' title='bbox 800 1781 910 1829; x_wconf 90' lang='lat' dir='ltr'>me</span> <span class='ocrx_word' id='word_1_157' title='bbox 976 1760 1291 1847; x_wconf 85' lang='lat' dir='ltr'>adjurato</span> <span class='ocrx_word' id='word_1_158' title='bbox 1338 1761 1739 1853; x_wconf 85' lang='lat' dir='ltr'>cognovisti,</span> <span class='ocrx_word' id='word_1_159' title='bbox 1795 1761 2013 1831; x_wconf 86' lang='lat' dir='ltr'>donec</span> <span class='ocrx_word' id='word_1_160' title='bbox 2058 1783 2174 1831; x_wconf 93' lang='lat' dir='ltr'>ero</span> <span class='ocrx_word' id='word_1_161' title='bbox 2221 1762 2293 1830; x_wconf 90' lang='lat' dir='ltr'>in</span> <span class='ocrx_word' id='word_1_162' title='bbox 2343 1762 2472 1831; x_wconf 87' lang='lat' dir='ltr'>hac</span> <span class='ocrx_word' id='word_1_163' title='bbox 2521 1761 2680 1844; x_wconf 90' lang='lat' dir='ltr'>vita,</span> 
     </span>
     <span class='ocr_line' id='line_1_18' title="bbox 162 1849 1129 1936; baseline -0.002 -19"><span class='ocrx_word' id='word_1_164' title='bbox 162 1850 476 1936; x_wconf 83' lang='lat' dir='ltr'>cuiquam</span> <span class='ocrx_word' id='word_1_165' title='bbox 527 1849 814 1917; x_wconf 92' lang='lat' dir='ltr'>omnino</span> <span class='ocrx_word' id='word_1_166' title='bbox 853 1849 1129 1918; x_wconf 75' lang='lat' dir='ltr'>reveles,</span> 
     </span>
    </p>

    <p class='ocr_par' dir='ltr' id='par_1_3' title="bbox 132 1937 2691 4512">
     <span class='ocr_line' id='line_1_19' title="bbox 246 1937 2686 2028; baseline -0.001 -17"><span class='ocrx_word' id='word_1_167' title='bbox 246 1939 279 2023; x_wconf 66' lang='grc' dir='ltr'>ξ</span> <span class='ocrx_word' id='word_1_168' title='bbox 322 1944 463 2011; x_wconf 68' lang='lat'>1².</span> <span class='ocrx_word' id='word_1_169' title='bbox 520 1938 706 2007; x_wconf 90' lang='lat' dir='ltr'>Idem</span> <span class='ocrx_word' id='word_1_170' title='bbox 741 1937 1161 2028; x_wconf 88' lang='lat' dir='ltr'>Reginaldus</span> <span class='ocrx_word' id='word_1_171' title='bbox 1197 1938 1438 2008; x_wconf 89' lang='lat' dir='ltr'>incidit</span> <span class='ocrx_word' id='word_1_172' title='bbox 1468 1938 1884 2025; x_wconf 90' lang='lat' dir='ltr'>quandoque</span> <span class='ocrx_word' id='word_1_173' title='bbox 1923 1938 1994 2008; x_wconf 91' lang='lat' dir='ltr'>in</span> <span class='ocrx_word' id='word_1_174' title='bbox 2025 1939 2282 2009; x_wconf 88' lang='lat' dir='ltr'>febrem</span> <span class='ocrx_word' id='word_1_175' title='bbox 2317 1938 2512 2008; x_wconf 86' lang='lat' dir='ltr'>valde</span> <span class='ocrx_word' id='word_1_176' title='bbox 2538 1961 2686 2008; x_wconf 86' lang='lat' dir='ltr'>mo·-</span> 
     </span>
     <span class='ocr_line' id='line_1_20' title="bbox 166 2024 2680 2117; baseline 0.002 -26"><span class='ocrx_word' id='word_1_177' title='bbox 166 2024 389 2095; x_wconf 83' lang='lat' dir='ltr'>lestam</span> <span class='ocrx_word' id='word_1_178' title='bbox 421 2041 484 2096; x_wconf 87' lang='lat' dir='ltr'>et</span> <span class='ocrx_word' id='word_1_179' title='bbox 521 2025 951 2097; x_wconf 87' lang='lat' dir='ltr'>continuam.</span> <span class='ocrx_word' id='word_1_180' title='bbox 1004 2032 1173 2095; x_wconf 90' lang='lat' dir='ltr'>Eum</span> <span class='ocrx_word' id='word_1_181' title='bbox 1224 2027 1519 2095; x_wconf 86' lang='lat' dir='ltr'>Thomas</span> <span class='ocrx_word' id='word_1_182' title='bbox 1566 2029 1979 2107; x_wconf 84' lang='lat' dir='ltr'>accessit‚&#39;et</span> <span class='ocrx_word' id='word_1_183' title='bbox 2025 2026 2306 2117; x_wconf 91' lang='lat' dir='ltr'>optimis</span> <span class='ocrx_word' id='word_1_184' title='bbox 2345 2029 2680 2097; x_wconf 90' lang='lat' dir='ltr'>sermoni-</span> 
     </span>
     <span class='ocr_line' id='line_1_21' title="bbox 168 2113 2688 2205; baseline 0.001 -23"><span class='ocrx_word' id='word_1_185' title='bbox 168 2113 295 2183; x_wconf 91' lang='lat' dir='ltr'>bus</span> <span class='ocrx_word' id='word_1_186' title='bbox 340 2114 731 2185; x_wconf 88' lang='lat' dir='ltr'>hortabatur</span> <span class='ocrx_word' id='word_1_187' title='bbox 777 2115 859 2183; x_wconf 89' lang='lat' dir='ltr'>ad</span> <span class='ocrx_word' id='word_1_188' title='bbox 913 2116 1336 2205; x_wconf 87' lang='lat' dir='ltr'>patientiam.</span> <span class='ocrx_word' id='word_1_189' title='bbox 1377 2115 1656 2184; x_wconf 90' lang='lat' dir='ltr'>Ferebat</span> <span class='ocrx_word' id='word_1_190' title='bbox 1694 2127 1922 2184; x_wconf 90' lang='lat' dir='ltr'>autem</span> <span class='ocrx_word' id='word_1_191' title='bbox 1956 2115 2058 2183; x_wconf 92' lang='lat' dir='ltr'>vir</span> <span class='ocrx_word' id='word_1_192' title='bbox 2090 2128 2374 2185; x_wconf 89' lang='lat' dir='ltr'>sanctus</span> <span class='ocrx_word' id='word_1_193' title='bbox 2417 2115 2503 2185; x_wconf 91' lang='lat' dir='ltr'>ad</span> <span class='ocrx_word' id='word_1_194' title='bbox 2548 2117 2688 2185; x_wconf 86' lang='lat' dir='ltr'>col-</span> 
     </span>
     <span class='ocr_line' id='line_1_22' title="bbox 168 2201 2687 2295; baseline 0.002 -25"><span class='ocrx_word' id='word_1_195' title='bbox 168 2201 303 2272; x_wconf 89' lang='lat' dir='ltr'>lum</span> <span class='ocrx_word' id='word_1_196' title='bbox 372 2226 566 2273; x_wconf 87' lang='lat' dir='ltr'>suum</span> <span class='ocrx_word' id='word_1_197' title='bbox 639 2224 1013 2293; x_wconf 87' lang='lat' dir='ltr'>suspensas</span> <span class='ocrx_word' id='word_1_198' title='bbox 1073 2204 1403 2291; x_wconf 88' lang='lat' dir='ltr'>reliquias</span> <span class='ocrx_word' id='word_1_199' title='bbox 1449 2203 1789 2289; x_wconf 88' lang='lat' dir='ltr'>quasdam</span> <span class='ocrx_word' id='word_1_200' title='bbox 1839 2208 1905 2272; x_wconf 89' lang='lat' dir='ltr'>S.</span> <span class='ocrx_word' id='word_1_201' title='bbox 1968 2204 2241 2295; x_wconf 84' lang='lat' dir='ltr'>Agnetis</span> <span class='ocrx_word' id='word_1_202' title='bbox 2288 2204 2576 2294; x_wconf 88' lang='lat' dir='ltr'>virginis</span> <span class='ocrx_word' id='word_1_203' title='bbox 2622 2217 2687 2275; x_wconf 90' lang='lat' dir='ltr'>et</span> 
     </span>
     <span class='ocr_line' id='line_1_23' title="bbox 164 2292 2686 2383; baseline 0.002 -23"><span class='ocrx_word' id='word_1_204' title='bbox 164 2294 490 2382; x_wconf 67' lang='lat' dir='ltr'>martyriS,</span> <span class='ocrx_word' id='word_1_205' title='bbox 526 2314 739 2380; x_wconf 89' lang='lat' dir='ltr'>quam</span> <span class='ocrx_word' id='word_1_206' title='bbox 776 2292 1112 2383; x_wconf 85' lang='lat' dir='ltr'>singulari</span> <span class='ocrx_word' id='word_1_207' title='bbox 1146 2315 1379 2362; x_wconf 89' lang='lat' dir='ltr'>amore</span> <span class='ocrx_word' id='word_1_208' title='bbox 1425 2304 1491 2361; x_wconf 93' lang='lat' dir='ltr'>et</span> <span class='ocrx_word' id='word_1_209' title='bbox 1537 2292 1892 2361; x_wconf 89' lang='lat' dir='ltr'>devotione</span> <span class='ocrx_word' id='word_1_210' title='bbox 1991 2292 2506 2378; x_wconf 88' lang='lat' dir='ltr'>rosequebatur:</span> <span class='ocrx_word' id='word_1_211' title='bbox 2539 2316 2686 2364; x_wconf 87' lang='lat' dir='ltr'>mo·-</span> 
     </span>
     <span class='ocr_line' id='line_1_24' title="bbox 158 2314 2681 2473; baseline 0.002 -26"><span class='ocrx_word' id='word_1_212' title='bbox 158 2384 479 2469; x_wconf 85' lang='lat' dir='ltr'>nebatque</span> <span class='ocrx_word' id='word_1_213' title='bbox 550 2380 1010 2471; x_wconf 88' lang='lat' dir='ltr'>Reginaldum</span> <span class='ocrx_word' id='word_1_214' title='bbox 1046 2436 1061 2462; x_wconf 93' lang='lat'>,</span> <span class='ocrx_word' id='word_1_215' title='bbox 1114 2393 1190 2450; x_wconf 89' lang='lat' dir='ltr'>ut</span> <span class='ocrx_word' id='word_1_216' title='bbox 1256 2382 1402 2473; x_wconf 91' lang='lat' dir='ltr'>ipse</span> <span class='ocrx_word' id='word_1_217' title='bbox 1466 2402 1740 2469; x_wconf 89' lang='lat' dir='ltr'>quoque</span> <span class='ocrx_word' id='word_1_218' title='bbox 1788 2381 1857 2448; x_wconf 86' lang='lat' dir='ltr'>iu</span> <span class='ocrx_word' id='word_1_219' title='bbox 1910 2314 2101 2449; x_wconf 79' lang='lat' dir='ltr'>illam</span> <span class='ocrx_word' id='word_1_220' title='bbox 2172 2382 2681 2451; x_wconf 87' lang='lat' dir='ltr'>sanctissimam</span> 
     </span>
     <span class='ocr_line' id='line_1_25' title="bbox 154 2468 2682 2563; baseline 0.002 -28"><span class='ocrx_word' id='word_1_221' title='bbox 154 2470 473 2563; x_wconf 84' lang='lat' dir='ltr'>virginem</span> <span class='ocrx_word' id='word_1_222' title='bbox 526 2469 747 2540; x_wconf 88' lang='lat' dir='ltr'>animi</span> <span class='ocrx_word' id='word_1_223' title='bbox 794 2469 1218 2541; x_wconf 88' lang='lat' dir='ltr'>devotionem</span> <span class='ocrx_word' id='word_1_224' title='bbox 1253 2470 1673 2561; x_wconf 86' lang='lat' dir='ltr'>conciperet:</span> <span class='ocrx_word' id='word_1_225' title='bbox 1728 2468 2076 2557; x_wconf 89' lang='lat' dir='ltr'>simulque</span> <span class='ocrx_word' id='word_1_226' title='bbox 2105 2469 2257 2560; x_wconf 88' lang='lat' dir='ltr'>ejus</span> <span class='ocrx_word' id='word_1_227' title='bbox 2289 2470 2544 2561; x_wconf 90' lang='lat' dir='ltr'>pectori</span> <span class='ocrx_word' id='word_1_228' title='bbox 2576 2493 2682 2540; x_wconf 87' lang='lat' dir='ltr'>sa-</span> 
     </span>
     <span class='ocr_line' id='line_1_26' title="bbox 156 2558 2681 2650; baseline 0.001 -24"><span class='ocrx_word' id='word_1_229' title='bbox 156 2582 292 2631; x_wconf 85' lang='lat' dir='ltr'>cras</span> <span class='ocrx_word' id='word_1_230' title='bbox 331 2560 667 2646; x_wconf 89' lang='lat' dir='ltr'>reliquias</span> <span class='ocrx_word' id='word_1_231' title='bbox 712 2559 1101 2650; x_wconf 80' lang='lat' dir='ltr'>imponenS,</span> <span class='ocrx_word' id='word_1_232' title='bbox 1142 2560 1508 2628; x_wconf 89' lang='lat' dir='ltr'>Dominum</span> <span class='ocrx_word' id='word_1_233' title='bbox 1557 2582 1680 2650; x_wconf 95' lang='lat' dir='ltr'>pro</span> <span class='ocrx_word' id='word_1_234' title='bbox 1728 2559 1958 2629; x_wconf 88' lang='lat' dir='ltr'>fratris</span> <span class='ocrx_word' id='word_1_235' title='bbox 1992 2558 2213 2628; x_wconf 85' lang='lat' dir='ltr'>salute</span> <span class='ocrx_word' id='word_1_236' title='bbox 2244 2560 2681 2650; x_wconf 88' lang='lat' dir='ltr'>precabatur,</span> 
     </span>
     <span class='ocr_line' id='line_1_27' title="bbox 158 2646 2684 2738; baseline 0.001 -23"><span class='ocrx_word' id='word_1_237' title='bbox 158 2661 215 2716; x_wconf 83' lang='lat' dir='ltr'>et</span> <span class='ocrx_word' id='word_1_238' title='bbox 263 2649 373 2718; x_wconf 91' lang='lat' dir='ltr'>ille</span> <span class='ocrx_word' id='word_1_239' title='bbox 422 2670 584 2719; x_wconf 85' lang='lat' dir='ltr'>mox</span> <span class='ocrx_word' id='word_1_240' title='bbox 630 2670 667 2715; x_wconf 91' lang='lat' dir='ltr'>e</span> <span class='ocrx_word' id='word_1_241' title='bbox 717 2646 886 2718; x_wconf 87' lang='lat' dir='ltr'>lecto</span> <span class='ocrx_word' id='word_1_242' title='bbox 933 2648 1227 2718; x_wconf 86' lang='lat' dir='ltr'>surrexit</span> <span class='ocrx_word' id='word_1_243' title='bbox 1275 2648 1672 2718; x_wconf 90' lang='lat' dir='ltr'>incolumis.</span> <span class='ocrx_word' id='word_1_244' title='bbox 1743 2648 1977 2718; x_wconf 91' lang='lat' dir='ltr'>Oranti</span> <span class='ocrx_word' id='word_1_245' title='bbox 2024 2648 2328 2736; x_wconf 89' lang='lat' dir='ltr'>quodam</span> <span class='ocrx_word' id='word_1_246' title='bbox 2379 2650 2684 2738; x_wconf 78' lang='lat' dir='ltr'>tempore</span> 
     </span>
     <span class='ocr_line' id='line_1_28' title="bbox 155 2736 2689 2838; baseline 0 -33"><span class='ocrx_word' id='word_1_247' title='bbox 155 2742 212 2805; x_wconf 87' lang='lat' dir='ltr'>S.</span> <span class='ocrx_word' id='word_1_248' title='bbox 264 2739 563 2807; x_wconf 84' lang='lat' dir='ltr'>Thomae</span> <span class='ocrx_word' id='word_1_249' title='bbox 633 2736 911 2826; x_wconf 90' lang='lat' dir='ltr'>Neapoli</span> <span class='ocrx_word' id='word_1_250' title='bbox 981 2738 1051 2806; x_wconf 89' lang='lat' dir='ltr'>in</span> <span class='ocrx_word' id='word_1_251' title='bbox 1128 2738 1384 2828; x_wconf 92' lang='lat' dir='ltr'>templo</span> <span class='ocrx_word' id='word_1_252' title='bbox 1451 2737 2059 2807; x_wconf 90' lang='lat' dir='ltr'>Dominicanorum</span> <span class='ocrx_word' id='word_1_253' title='bbox 2110 2737 2436 2838; x_wconf 91' lang='lat' dir='ltr'>apparuit</span> <span class='ocrx_word' id='word_1_254' title='bbox 2481 2736 2689 2806; x_wconf 86' lang='lat' dir='ltr'>frater</span> 
     </span>
     <span class='ocr_line' id='line_1_29' title="bbox 148 2824 2688 2913; baseline 0 -18"><span class='ocrx_word' id='word_1_255' title='bbox 148 2831 498 2897; x_wconf 83' lang='lat' dir='ltr'>Romanus</span> <span class='ocrx_word' id='word_1_256' title='bbox 549 2831 616 2895; x_wconf 87' lang='lat' dir='ltr'>S.</span> <span class='ocrx_word' id='word_1_257' title='bbox 670 2824 916 2894; x_wconf 87' lang='lat' dir='ltr'>Theolo</span> <span class='ocrx_word' id='word_1_258' title='bbox 967 2826 1071 2896; x_wconf 91' lang='lat' dir='ltr'>iae</span> <span class='ocrx_word' id='word_1_259' title='bbox 1121 2830 1383 2906; x_wconf 92' lang='lat' dir='ltr'>Doctor,</span> <span class='ocrx_word' id='word_1_260' title='bbox 1454 2826 1731 2895; x_wconf 88' lang='lat' dir='ltr'>Ordinis</span> <span class='ocrx_word' id='word_1_261' title='bbox 1780 2830 1845 2895; x_wconf 89' lang='lat' dir='ltr'>S.</span> <span class='ocrx_word' id='word_1_262' title='bbox 1901 2826 2261 2907; x_wconf 80' lang='lat' dir='ltr'>Dominici,</span> <span class='ocrx_word' id='word_1_263' title='bbox 2314 2847 2522 2913; x_wconf 91' lang='lat' dir='ltr'>quem</span> <span class='ocrx_word' id='word_1_264' title='bbox 2571 2825 2688 2895; x_wconf 90' lang='lat' dir='ltr'>ille</span> 
     </span>
     <span class='ocr_line' id='line_1_30' title="bbox 143 2914 2686 3004; baseline -0 -20"><span class='ocrx_word' id='word_1_265' title='bbox 143 2915 269 2985; x_wconf 84' lang='lat' dir='ltr'>sibi</span> <span class='ocrx_word' id='word_1_266' title='bbox 320 2914 605 2986; x_wconf 85' lang='lat' dir='ltr'>Parisiis</span> <span class='ocrx_word' id='word_1_267' title='bbox 653 2914 723 2981; x_wconf 90' lang='lat' dir='ltr'>in</span> <span class='ocrx_word' id='word_1_268' title='bbox 776 2936 936 3004; x_wconf 91' lang='lat' dir='ltr'>prae</span> <span class='ocrx_word' id='word_1_269' title='bbox 967 2915 1352 2985; x_wconf 87' lang='lat' dir='ltr'>ectionibus</span> <span class='ocrx_word' id='word_1_270' title='bbox 1402 2914 1771 3001; x_wconf 88' lang='lat' dir='ltr'>reliquerat</span> <span class='ocrx_word' id='word_1_271' title='bbox 1818 2936 2325 2984; x_wconf 89' lang='lat' dir='ltr'>successorem:</span> <span class='ocrx_word' id='word_1_272' title='bbox 2379 2915 2503 3002; x_wconf 88' lang='lat' dir='ltr'>qui</span> <span class='ocrx_word' id='word_1_273' title='bbox 2550 2936 2686 2984; x_wconf 92' lang='lat' dir='ltr'>non</span> 
     </span>
     <span class='ocr_line' id='line_1_31' title="bbox 143 3002 2687 3104; baseline 0 -32"><span class='ocrx_word' id='word_1_274' title='bbox 143 3005 229 3074; x_wconf 86' lang='lat' dir='ltr'>ita</span> <span class='ocrx_word' id='word_1_275' title='bbox 270 3005 543 3095; x_wconf 90' lang='lat' dir='ltr'>pridem</span> <span class='ocrx_word' id='word_1_276' title='bbox 596 3002 901 3083; x_wconf 84' lang='lat' dir='ltr'>obierat,</span> <span class='ocrx_word' id='word_1_277' title='bbox 956 3004 1215 3073; x_wconf 74' lang='lat' dir='ltr'>Thoma</span> <span class='ocrx_word' id='word_1_278' title='bbox 1262 3004 1645 3104; x_wconf 84' lang='lat' dir='ltr'>ignorante.</span> <span class='ocrx_word' id='word_1_279' title='bbox 1705 3008 1785 3072; x_wconf 90' lang='lat' dir='ltr'>Ut</span> <span class='ocrx_word' id='word_1_280' title='bbox 1831 3023 1992 3093; x_wconf 89' lang='lat' dir='ltr'>ergo</span> <span class='ocrx_word' id='word_1_281' title='bbox 2034 3003 2228 3072; x_wconf 90' lang='lat' dir='ltr'>illum</span> <span class='ocrx_word' id='word_1_282' title='bbox 2282 3004 2452 3073; x_wconf 89' lang='lat' dir='ltr'>vidit</span> <span class='ocrx_word' id='word_1_283' title='bbox 2488 3004 2687 3094; x_wconf 82' lang='lat' dir='ltr'>juxta</span> 
     </span>
     <span class='ocr_line' id='line_1_32' title="bbox 138 3091 2684 3180; baseline -0 -17"><span class='ocrx_word' id='word_1_284' title='bbox 138 3115 206 3163; x_wconf 87' lang='lat' dir='ltr'>se</span> <span class='ocrx_word' id='word_1_285' title='bbox 254 3107 579 3171; x_wconf 87' lang='lat' dir='ltr'>stantem,</span> <span class='ocrx_word' id='word_1_286' title='bbox 637 3115 672 3158; x_wconf 92' lang='lat'>«</span> <span class='ocrx_word' id='word_1_287' title='bbox 724 3091 1062 3172; x_wconf 87' lang='lat' dir='ltr'>Gratulor,</span> <span class='ocrx_word' id='word_1_288' title='bbox 1119 3093 1366 3178; x_wconf 82' lang='lat' dir='ltr'>inquit,</span> <span class='ocrx_word' id='word_1_289' title='bbox 1414 3105 1475 3160; x_wconf 92' lang='lat' dir='ltr'>te</span> <span class='ocrx_word' id='word_1_290' title='bbox 1521 3091 1752 3161; x_wconf 88' lang='lat' dir='ltr'>adhuc</span> <span class='ocrx_word' id='word_1_291' title='bbox 1798 3091 2187 3173; x_wconf 82' lang='lat' dir='ltr'>advenisse3</span> <span class='ocrx_word' id='word_1_292' title='bbox 2229 3092 2347 3162; x_wconf 89' lang='lat' dir='ltr'>sed</span> <span class='ocrx_word' id='word_1_293' title='bbox 2379 3093 2684 3180; x_wconf 88' lang='lat' dir='ltr'>quand0,</span> 
     </span>
     <span class='ocr_line' id='line_1_33' title="bbox 138 3180 2687 3280; baseline 0 -29"><span class='ocrx_word' id='word_1_294' title='bbox 138 3205 275 3264; x_wconf 90' lang='lat' dir='ltr'>oro,</span> <span class='ocrx_word' id='word_1_295' title='bbox 330 3182 616 3251; x_wconf 78' lang='lat' dir='ltr'>venisti?</span> <span class='ocrx_word' id='word_1_296' title='bbox 648 3181 1089 3280; x_wconf 90' lang='lat' dir='ltr'>»Respondit</span> <span class='ocrx_word' id='word_1_297' title='bbox 1134 3181 1275 3250; x_wconf 90' lang='lat' dir='ltr'>ille:</span> <span class='ocrx_word' id='word_1_298' title='bbox 1313 3203 1349 3247; x_wconf 88' lang='lat'>«</span> <span class='ocrx_word' id='word_1_299' title='bbox 1384 3186 1521 3270; x_wconf 90' lang='lat' dir='ltr'>Ego</span> <span class='ocrx_word' id='word_1_300' title='bbox 1558 3181 1709 3271; x_wconf 89' lang='lat' dir='ltr'>jam</span> <span class='ocrx_word' id='word_1_301' title='bbox 1755 3180 2014 3251; x_wconf 87' lang='lat' dir='ltr'>excessi</span> <span class='ocrx_word' id='word_1_302' title='bbox 2061 3202 2097 3249; x_wconf 89' lang='lat' dir='ltr'>e</span> <span class='ocrx_word' id='word_1_303' title='bbox 2145 3203 2477 3271; x_wconf 91' lang='lat' dir='ltr'>corpore:</span> <span class='ocrx_word' id='word_1_304' title='bbox 2532 3203 2687 3271; x_wconf 90' lang='lat' dir='ltr'>per·</span> 
     </span>
     <span class='ocr_line' id='line_1_34' title="bbox 136 3268 2683 3359; baseline 0 -20"><span class='ocrx_word' id='word_1_305' title='bbox 136 3273 429 3342; x_wconf 86' lang='lat' dir='ltr'>missum</span> <span class='ocrx_word' id='word_1_306' title='bbox 482 3282 714 3339; x_wconf 88' lang='lat' dir='ltr'>autem</span> <span class='ocrx_word' id='word_1_307' title='bbox 766 3269 937 3338; x_wconf 87' lang='lat' dir='ltr'>m1hi</span> <span class='ocrx_word' id='word_1_308' title='bbox 984 3281 1086 3340; x_wconf 88' lang='lat' dir='ltr'>est</span> <span class='ocrx_word' id='word_1_309' title='bbox 1122 3292 1245 3359; x_wconf 93' lang='lat' dir='ltr'>pro</span> <span class='ocrx_word' id='word_1_310' title='bbox 1293 3281 1409 3339; x_wconf 94' lang='lat' dir='ltr'>tuo</span> <span class='ocrx_word' id='word_1_311' title='bbox 1460 3269 1700 3338; x_wconf 90' lang='lat' dir='ltr'>merito</span> <span class='ocrx_word' id='word_1_312' title='bbox 1742 3268 1865 3338; x_wconf 90' lang='lat' dir='ltr'>tibi</span> <span class='ocrx_word' id='word_1_313' title='bbox 1912 3291 1953 3337; x_wconf 88' lang='lat' dir='ltr'>a</span> <span class='ocrx_word' id='word_1_314' title='bbox 2008 3272 2269 3358; x_wconf 79' lang='lat' dir='ltr'>parere.</span> <span class='ocrx_word' id='word_1_315' title='bbox 2311 3293 2347 3336; x_wconf 89' lang='lat'>»</span> <span class='ocrx_word' id='word_1_316' title='bbox 2380 3270 2683 3340; x_wconf 86' lang='lat' dir='ltr'>Territus</span> 
     </span>
     <span class='ocr_line' id='line_1_35' title="bbox 136 3356 2688 3451; baseline -0 -23"><span class='ocrx_word' id='word_1_317' title='bbox 136 3383 211 3430; x_wconf 82' lang='lat' dir='ltr'>eo</span> <span class='ocrx_word' id='word_1_318' title='bbox 258 3382 597 3451; x_wconf 86' lang='lat' dir='ltr'>responso</span> <span class='ocrx_word' id='word_1_319' title='bbox 646 3358 961 3427; x_wconf 90' lang='lat' dir='ltr'>nonnihil</span> <span class='ocrx_word' id='word_1_320' title='bbox 1013 3371 1294 3428; x_wconf 89' lang='lat' dir='ltr'>sanctus</span> <span class='ocrx_word' id='word_1_321' title='bbox 1340 3358 1466 3439; x_wconf 88' lang='lat' dir='ltr'>vir,</span> <span class='ocrx_word' id='word_1_322' title='bbox 1519 3379 1681 3427; x_wconf 90' lang='lat' dir='ltr'>cum</span> <span class='ocrx_word' id='word_1_323' title='bbox 1730 3379 1802 3427; x_wconf 91' lang='lat' dir='ltr'>se</span> <span class='ocrx_word' id='word_1_324' title='bbox 1850 3356 1954 3428; x_wconf 91' lang='lat' dir='ltr'>col</span> <span class='ocrx_word' id='word_1_325' title='bbox 1987 3358 2258 3447; x_wconf 87' lang='lat' dir='ltr'>egisset,</span> <span class='ocrx_word' id='word_1_326' title='bbox 2316 3358 2448 3429; x_wconf 90' lang='lat' dir='ltr'>ait:</span> <span class='ocrx_word' id='word_1_327' title='bbox 2488 3381 2524 3425; x_wconf 90' lang='lat'>«</span> <span class='ocrx_word' id='word_1_328' title='bbox 2557 3358 2688 3427; x_wconf 77' lang='lat' dir='ltr'>Ad-</span> 
     </span>
     <span class='ocr_line' id='line_1_36' title="bbox 132 3446 2687 3538; baseline -0.001 -19"><span class='ocrx_word' id='word_1_329' title='bbox 132 3449 288 3536; x_wconf 85' lang='lat' dir='ltr'>juro</span> <span class='ocrx_word' id='word_1_330' title='bbox 340 3462 406 3518; x_wconf 90' lang='lat' dir='ltr'>te</span> <span class='ocrx_word' id='word_1_331' title='bbox 452 3470 576 3538; x_wconf 90' lang='lat' dir='ltr'>per</span> <span class='ocrx_word' id='word_1_332' title='bbox 621 3447 1015 3529; x_wconf 92' lang='lat' dir='ltr'>Dominum,</span> <span class='ocrx_word' id='word_1_333' title='bbox 1055 3459 1132 3517; x_wconf 89' lang='lat' dir='ltr'>ut</span> <span class='ocrx_word' id='word_1_334' title='bbox 1179 3447 1444 3516; x_wconf 89' lang='lat' dir='ltr'>indices</span> <span class='ocrx_word' id='word_1_335' title='bbox 1490 3446 1689 3525; x_wconf 88' lang='lat' dir='ltr'>mihi,</span> <span class='ocrx_word' id='word_1_336' title='bbox 1746 3469 1915 3516; x_wconf 92' lang='lat' dir='ltr'>num</span> <span class='ocrx_word' id='word_1_337' title='bbox 1967 3446 2285 3537; x_wconf 87' lang='lat' dir='ltr'>placeant</span> <span class='ocrx_word' id='word_1_338' title='bbox 2317 3452 2449 3517; x_wconf 93' lang='lat' dir='ltr'>Deo</span> <span class='ocrx_word' id='word_1_339' title='bbox 2478 3468 2517 3516; x_wconf 96' lang='lat' dir='ltr'>o</span> <span class='ocrx_word' id='word_1_340' title='bbox 2571 3470 2687 3517; x_wconf 90' lang='lat' dir='ltr'>era</span> 
     </span>
     <span class='ocr_line' id='line_1_37' title="bbox 139 3535 2686 3627; baseline 0 -21"><span class='ocrx_word' id='word_1_341' title='bbox 139 3560 312 3608; x_wconf 89' lang='lat' dir='ltr'>mea.</span> <span class='ocrx_word' id='word_1_342' title='bbox 356 3561 391 3603; x_wconf 90' lang='lat'>»</span> <span class='ocrx_word' id='word_1_343' title='bbox 432 3536 808 3627; x_wconf 86' lang='lat' dir='ltr'>Respondit</span> <span class='ocrx_word' id='word_1_344' title='bbox 838 3541 1216 3605; x_wconf 88' lang='lat' dir='ltr'>Romanus:</span> <span class='ocrx_word' id='word_1_345' title='bbox 1254 3559 1290 3602; x_wconf 86' lang='lat'>«</span> <span class='ocrx_word' id='word_1_346' title='bbox 1324 3541 1683 3604; x_wconf 85' lang='lat' dir='ltr'>Persevera</span> <span class='ocrx_word' id='word_1_347' title='bbox 1735 3535 1804 3603; x_wconf 95' lang='lat' dir='ltr'>in</span> <span class='ocrx_word' id='word_1_348' title='bbox 1840 3535 1970 3605; x_wconf 86' lang='lat' dir='ltr'>hoc</span> <span class='ocrx_word' id='word_1_349' title='bbox 2003 3546 2207 3616; x_wconf 75' lang='lat' dir='ltr'>stata,</span> <span class='ocrx_word' id='word_1_350' title='bbox 2249 3558 2376 3606; x_wconf 86' lang='lat' dir='ltr'>nec</span> <span class='ocrx_word' id='word_1_351' title='bbox 2410 3536 2507 3605; x_wconf 92' lang='lat' dir='ltr'>du</span> <span class='ocrx_word' id='word_1_352' title='bbox 2561 3537 2686 3608; x_wconf 88' lang='lat' dir='ltr'>ites</span> 
     </span>
     <span class='ocr_line' id='line_1_38' title="bbox 136 3624 2685 3715; baseline -0 -20"><span class='ocrx_word' id='word_1_353' title='bbox 136 3640 325 3715; x_wconf 82' lang='lat' dir='ltr'>grata</span> <span class='ocrx_word' id='word_1_354' title='bbox 381 3647 528 3696; x_wconf 88' lang='lat' dir='ltr'>esse</span> <span class='ocrx_word' id='word_1_355' title='bbox 578 3630 709 3694; x_wconf 90' lang='lat' dir='ltr'>Deo</span> <span class='ocrx_word' id='word_1_356' title='bbox 757 3646 934 3712; x_wconf 90' lang='lat' dir='ltr'>quae</span> <span class='ocrx_word' id='word_1_357' title='bbox 981 3625 1171 3696; x_wconf 81' lang='lat' dir='ltr'>facis,</span> <span class='ocrx_word' id='word_1_358' title='bbox 1215 3649 1250 3690; x_wconf 92' lang='lat'>»</span> <span class='ocrx_word' id='word_1_359' title='bbox 1284 3630 1359 3694; x_wconf 90' lang='lat' dir='ltr'>Et</span> <span class='ocrx_word' id='word_1_360' title='bbox 1407 3625 1739 3704; x_wconf 81' lang='lat' dir='ltr'>ThomaS,</span> <span class='ocrx_word' id='word_1_361' title='bbox 1798 3647 1833 3690; x_wconf 86' lang='lat'>«</span> <span class='ocrx_word' id='word_1_362' title='bbox 1891 3629 2141 3694; x_wconf 86' lang='lat' dir='ltr'>Tecum</span> <span class='ocrx_word' id='word_1_363' title='bbox 2193 3646 2375 3706; x_wconf 85' lang='lat' dir='ltr'>vero,</span> <span class='ocrx_word' id='word_1_364' title='bbox 2436 3624 2685 3712; x_wconf 91' lang='lat' dir='ltr'>inquit,</span> 
     </span>
     <span class='ocr_line' id='line_1_39' title="bbox 135 3712 2686 3805; baseline -0 -23"><span class='ocrx_word' id='word_1_365' title='bbox 135 3727 210 3784; x_wconf 87' lang='lat' dir='ltr'>ut</span> <span class='ocrx_word' id='word_1_366' title='bbox 254 3714 541 3805; x_wconf 73' lang='lat' dir='ltr'>agitur?</span> <span class='ocrx_word' id='word_1_367' title='bbox 571 3736 608 3779; x_wconf 86' lang='lat'>»</span> <span class='ocrx_word' id='word_1_368' title='bbox 645 3714 1067 3805; x_wconf 87' lang='lat' dir='ltr'>Respondit:</span> <span class='ocrx_word' id='word_1_369' title='bbox 1122 3736 1158 3779; x_wconf 89' lang='lat'>«</span> <span class='ocrx_word' id='word_1_370' title='bbox 1220 3718 1358 3804; x_wconf 87' lang='lat' dir='ltr'>Ego</span> <span class='ocrx_word' id='word_1_371' title='bbox 1431 3712 1567 3782; x_wconf 73' lang='lat' dir='ltr'>vita</span> <span class='ocrx_word' id='word_1_372' title='bbox 1614 3712 1807 3782; x_wconf 89' lang='lat' dir='ltr'>fruor</span> <span class='ocrx_word' id='word_1_373' title='bbox 1855 3714 2293 3804; x_wconf 71' lang='lat' dir='ltr'>sempiternfi.</span> <span class='ocrx_word' id='word_1_374' title='bbox 2375 3718 2686 3784; x_wconf 81' lang='lat' dir='ltr'>Attamen</span> 
     </span>
     <span class='ocr_line' id='line_1_40' title="bbox 138 3800 2685 3894; baseline 0 -23"><span class='ocrx_word' id='word_1_375' title='bbox 138 3803 220 3872; x_wconf 89' lang='lat' dir='ltr'>ob</span> <span class='ocrx_word' id='word_1_376' title='bbox 260 3802 729 3894; x_wconf 88' lang='lat' dir='ltr'>negligentius</span> <span class='ocrx_word' id='word_1_377' title='bbox 759 3815 1074 3872; x_wconf 89' lang='lat' dir='ltr'>curatum</span> <span class='ocrx_word' id='word_1_378' title='bbox 1108 3811 1616 3883; x_wconf 87' lang='lat' dir='ltr'>testamentum,</span> <span class='ocrx_word' id='word_1_379' title='bbox 1652 3824 1694 3871; x_wconf 91' lang='lat' dir='ltr'>a</span> <span class='ocrx_word' id='word_1_380' title='bbox 1722 3800 2090 3871; x_wconf 86' lang='lat' dir='ltr'>Parisiensi</span> <span class='ocrx_word' id='word_1_381' title='bbox 2141 3802 2385 3892; x_wconf 89' lang='lat' dir='ltr'>Episco</span> <span class='ocrx_word' id='word_1_382' title='bbox 2438 3825 2478 3872; x_wconf 94' lang='lat' dir='ltr'>o</span> <span class='ocrx_word' id='word_1_383' title='bbox 2510 3802 2685 3873; x_wconf 91' lang='lat' dir='ltr'>mihi</span> 
     </span>
     <span class='ocr_line' id='line_1_41' title="bbox 142 3890 2687 3982; baseline -0 -23"><span class='ocrx_word' id='word_1_384' title='bbox 142 3893 471 3961; x_wconf 77' lang='lat' dir='ltr'>traditum</span> <span class='ocrx_word' id='word_1_385' title='bbox 502 3947 517 3974; x_wconf 96' lang='lat'>‚</span> <span class='ocrx_word' id='word_1_386' title='bbox 570 3913 828 3982; x_wconf 90' lang='lat' dir='ltr'>poenas</span> <span class='ocrx_word' id='word_1_387' title='bbox 878 3892 978 3961; x_wconf 93' lang='lat' dir='ltr'>lui</span> <span class='ocrx_word' id='word_1_388' title='bbox 1039 3893 1109 3961; x_wconf 89' lang='lat' dir='ltr'>in</span> <span class='ocrx_word' id='word_1_389' title='bbox 1161 3891 1330 3961; x_wconf 90' lang='lat' dir='ltr'>locis</span> <span class='ocrx_word' id='word_1_390' title='bbox 1377 3891 1798 3982; x_wconf 90' lang='lat' dir='ltr'>Purgatoriis</span> <span class='ocrx_word' id='word_1_391' title='bbox 1845 3890 1931 3960; x_wconf 90' lang='lat' dir='ltr'>ad</span> <span class='ocrx_word' id='word_1_392' title='bbox 1982 3891 2131 3960; x_wconf 90' lang='lat' dir='ltr'>dies</span> <span class='ocrx_word' id='word_1_393' title='bbox 2178 3892 2348 3977; x_wconf 89' lang='lat' dir='ltr'>quin</span> <span class='ocrx_word' id='word_1_394' title='bbox 2405 3890 2605 3961; x_wconf 89' lang='lat' dir='ltr'>ecim.</span> <span class='ocrx_word' id='word_1_395' title='bbox 2651 3915 2687 3958; x_wconf 82' lang='lat'>»</span> 
     </span>
     <span class='ocr_line' id='line_1_42' title="bbox 144 3979 2686 4080; baseline 0.001 -33"><span class='ocrx_word' id='word_1_396' title='bbox 144 3985 212 4050; x_wconf 79' lang='lat' dir='ltr'>Et</span> <span class='ocrx_word' id='word_1_397' title='bbox 248 3981 600 4050; x_wconf 83' lang='lat' dir='ltr'>Thomas:</span> <span class='ocrx_word' id='word_1_398' title='bbox 639 4003 675 4046; x_wconf 90' lang='lat'>«</span> <span class='ocrx_word' id='word_1_399' title='bbox 710 3980 901 4062; x_wconf 90' lang='lat' dir='ltr'>Scis,</span> <span class='ocrx_word' id='word_1_400' title='bbox 968 3979 1244 4068; x_wconf 89' lang='lat' dir='ltr'>inquit,</span> <span class='ocrx_word' id='word_1_401' title='bbox 1307 3979 1547 4050; x_wconf 90' lang='lat' dir='ltr'>crebro</span> <span class='ocrx_word' id='word_1_402' title='bbox 1597 4002 1723 4050; x_wconf 91' lang='lat' dir='ltr'>nos</span> <span class='ocrx_word' id='word_1_403' title='bbox 1772 3979 1841 4048; x_wconf 93' lang='lat' dir='ltr'>in</span> <span class='ocrx_word' id='word_1_404' title='bbox 1893 3979 2438 4080; x_wconf 90' lang='lat' dir='ltr'>disputationem</span> <span class='ocrx_word' id='word_1_405' title='bbox 2488 3979 2686 4050; x_wconf 91' lang='lat' dir='ltr'>illam</span> 
     </span>
     <span class='ocr_line' id='line_1_43' title="bbox 145 4067 2688 4160; baseline 0.001 -24"><span class='ocrx_word' id='word_1_406' title='bbox 145 4067 512 4138; x_wconf 83' lang='lat' dir='ltr'>adduxisse</span> <span class='ocrx_word' id='word_1_407' title='bbox 557 4070 1069 4156; x_wconf 88' lang='lat' dir='ltr'>quaestionem,</span> <span class='ocrx_word' id='word_1_408' title='bbox 1134 4091 1220 4138; x_wconf 89' lang='lat' dir='ltr'>an</span> <span class='ocrx_word' id='word_1_409' title='bbox 1273 4079 1723 4160; x_wconf 87' lang='lat' dir='ltr'>permaneant</span> <span class='ocrx_word' id='word_1_410' title='bbox 1787 4068 1854 4136; x_wconf 84' lang='lat' dir='ltr'>in</span> <span class='ocrx_word' id='word_1_411' title='bbox 1903 4089 2139 4138; x_wconf 83' lang='lat' dir='ltr'>animo</span> <span class='ocrx_word' id='word_1_412' title='bbox 2187 4069 2556 4151; x_wconf 87' lang='lat' dir='ltr'>scientiae,</span> <span class='ocrx_word' id='word_1_413' title='bbox 2612 4068 2688 4138; x_wconf 89' lang='lat' dir='ltr'>in</span> 
     </span>
     <span class='ocr_line' id='line_1_44' title="bbox 148 4154 2691 4248; baseline 0.001 -24"><span class='ocrx_word' id='word_1_414' title='bbox 148 4154 269 4226; x_wconf 89' lang='lat' dir='ltr'>hac</span> <span class='ocrx_word' id='word_1_415' title='bbox 320 4157 459 4227; x_wconf 84' lang='lat' dir='ltr'>vita</span> <span class='ocrx_word' id='word_1_416' title='bbox 504 4159 926 4244; x_wconf 87' lang='lat' dir='ltr'>acquisitae:</span> <span class='ocrx_word' id='word_1_417' title='bbox 978 4179 1270 4245; x_wconf 87' lang='lat' dir='ltr'>quaes0,</span> <span class='ocrx_word' id='word_1_418' title='bbox 1314 4170 1393 4228; x_wconf 88' lang='lat' dir='ltr'>ut</span> <span class='ocrx_word' id='word_1_419' title='bbox 1438 4180 1586 4227; x_wconf 89' lang='lat' dir='ltr'>eam</span> <span class='ocrx_word' id='word_1_420' title='bbox 1640 4157 1813 4226; x_wconf 88' lang='lat' dir='ltr'>mihi</span> <span class='ocrx_word' id='word_1_421' title='bbox 1875 4156 2220 4248; x_wconf 83' lang='lat' dir='ltr'>expedias.</span> <span class='ocrx_word' id='word_1_422' title='bbox 2285 4181 2321 4222; x_wconf 88' lang='lat'>»</span> <span class='ocrx_word' id='word_1_423' title='bbox 2382 4162 2691 4248; x_wconf 83' lang='lat' dir='ltr'>Respon-</span> 
     </span>
     <span class='ocr_line' id='line_1_45' title="bbox 156 4241 2688 4338; baseline -0 -26"><span class='ocrx_word' id='word_1_424' title='bbox 156 4241 246 4314; x_wconf 78' lang='lat' dir='ltr'>dit</span> <span class='ocrx_word' id='word_1_425' title='bbox 276 4251 653 4316; x_wconf 85' lang='lat' dir='ltr'>Romanus:</span> <span class='ocrx_word' id='word_1_426' title='bbox 682 4271 718 4313; x_wconf 88' lang='lat'>«</span> <span class='ocrx_word' id='word_1_427' title='bbox 753 4252 890 4338; x_wconf 89' lang='lat' dir='ltr'>Ego</span> <span class='ocrx_word' id='word_1_428' title='bbox 926 4252 1137 4315; x_wconf 92' lang='lat' dir='ltr'>Deum</span> <span class='ocrx_word' id='word_1_429' title='bbox 1169 4247 1464 4316; x_wconf 88' lang='lat' dir='ltr'>intueor:</span> <span class='ocrx_word' id='word_1_430' title='bbox 1503 4246 1643 4315; x_wconf 91' lang='lat' dir='ltr'>noli</span> <span class='ocrx_word' id='word_1_431' title='bbox 1693 4246 1820 4314; x_wconf 90' lang='lat' dir='ltr'>hac</span> <span class='ocrx_word' id='word_1_432' title='bbox 1869 4268 1942 4316; x_wconf 92' lang='lat' dir='ltr'>re</span> <span class='ocrx_word' id='word_1_433' title='bbox 1989 4268 2070 4315; x_wconf 88' lang='lat' dir='ltr'>ex</span> <span class='ocrx_word' id='word_1_434' title='bbox 2120 4267 2229 4314; x_wconf 91' lang='lat' dir='ltr'>me</span> <span class='ocrx_word' id='word_1_435' title='bbox 2277 4245 2688 4315; x_wconf 87' lang='lat' dir='ltr'>sciscitari.»</span> 
     </span>
     <span class='ocr_line' id='line_1_46' title="bbox 160 4333 2691 4428; baseline 0.001 -28"><span class='ocrx_word' id='word_1_436' title='bbox 160 4336 230 4428; x_wconf 64' lang='grc' dir='ltr'>ξι</span> <span class='ocrx_word' id='word_1_437' title='bbox 270 4335 589 4404; x_wconf 86' lang='lat' dir='ltr'>Thomas:</span> <span class='ocrx_word' id='word_1_438' title='bbox 628 4359 663 4401; x_wconf 87' lang='lat'>«</span> <span class='ocrx_word' id='word_1_439' title='bbox 691 4336 895 4405; x_wconf 80' lang='lat' dir='ltr'>Vides</span> <span class='ocrx_word' id='word_1_440' title='bbox 941 4357 1066 4417; x_wconf 87' lang='lat' dir='ltr'>ne,</span> <span class='ocrx_word' id='word_1_441' title='bbox 1118 4335 1366 4422; x_wconf 90' lang='lat' dir='ltr'>inquit,</span> <span class='ocrx_word' id='word_1_442' title='bbox 1422 4340 1632 4405; x_wconf 89' lang='lat' dir='ltr'>Deum</span> <span class='ocrx_word' id='word_1_443' title='bbox 1684 4334 1833 4403; x_wconf 91' lang='lat' dir='ltr'>sine</span> <span class='ocrx_word' id='word_1_444' title='bbox 1882 4334 2135 4415; x_wconf 91' lang='lat' dir='ltr'>medio,</span> <span class='ocrx_word' id='word_1_445' title='bbox 2171 4346 2290 4404; x_wconf 92' lang='lat' dir='ltr'>aut</span> <span class='ocrx_word' id='word_1_446' title='bbox 2336 4333 2573 4421; x_wconf 89' lang='lat' dir='ltr'>aliqua</span> <span class='ocrx_word' id='word_1_447' title='bbox 2621 4356 2691 4403; x_wconf 90' lang='lat' dir='ltr'>re</span> 
     </span>
     <span class='ocr_line' id='line_1_47' title="bbox 165 4421 2687 4512; baseline 0.001 -26"><span class='ocrx_word' id='word_1_448' title='bbox 165 4424 663 4512; x_wconf 57' lang='lat' dir='ltr'>interpositam</span> <span class='ocrx_word' id='word_1_449' title='bbox 693 4430 867 4494; x_wconf 86' lang='lat' dir='ltr'>Tum</span> <span class='ocrx_word' id='word_1_450' title='bbox 901 4424 1040 4494; x_wconf 89' lang='lat' dir='ltr'>ille:</span> <span class='ocrx_word' id='word_1_451' title='bbox 1095 4448 1130 4491; x_wconf 88' lang='lat'>«</span> <span class='ocrx_word' id='word_1_452' title='bbox 1170 4426 1357 4494; x_wconf 88' lang='lat' dir='ltr'>Sicut</span> <span class='ocrx_word' id='word_1_453' title='bbox 1406 4422 1804 4493; x_wconf 84' lang='lat' dir='ltr'>audivimus</span> <span class='ocrx_word' id='word_1_454' title='bbox 1838 4480 1853 4505; x_wconf 93' lang='lat'>,</span> <span class='ocrx_word' id='word_1_455' title='bbox 1907 4424 2050 4504; x_wconf 90' lang='lat' dir='ltr'>ait,</span> <span class='ocrx_word' id='word_1_456' title='bbox 2105 4423 2202 4492; x_wconf 93' lang='lat' dir='ltr'>sic</span> <span class='ocrx_word' id='word_1_457' title='bbox 2252 4421 2569 4492; x_wconf 86' lang='lat' dir='ltr'>videmus</span> <span class='ocrx_word' id='word_1_458' title='bbox 2619 4422 2687 4490; x_wconf 90' lang='lat' dir='ltr'>in</span> 
     </span>
    </p>
   </div>
  </div>
 </body>
</html>
