<?xml version="1.0" encoding="UTF-8"?>
<!DOCTYPE html PUBLIC "-//W3C//DTD XHTML 1.0 Transitional//EN"
    "http://www.w3.org/TR/xhtml1/DTD/xhtml1-transitional.dtd">
<html xmlns="http://www.w3.org/1999/xhtml" xml:lang="en" lang="en">
 <head>
  <title>
</title>
<meta http-equiv="Content-Type" content="text/html;charset=utf-8" />
  <meta name='ocr-system' content='tesseract 3.04.00' />
  <meta name='ocr-capabilities' content='ocr_page ocr_carea ocr_par ocr_line ocrx_word'/>
</head>
<body>
  <div class='ocr_page' id='page_1' title='image "./historiaeseuvit04lippgoog_0153.png"; bbox 0 0 3327 4999; ppageno 0'>
   <div class='ocr_carea' id='block_1_1' title="bbox 170 346 2611 417">
    <p class='ocr_par' dir='ltr' id='par_1_1' title="bbox 170 346 2611 417">
     <span class='ocr_line' id='line_1_1' title="bbox 170 346 2611 417; baseline -0.001 -2"><span class='ocrx_word' id='word_1_1' title='bbox 170 351 391 417; x_wconf 75' lang='lat' dir='ltr'><strong>MART.</strong></span> <span class='ocrx_word' id='word_1_2' title='bbox 451 351 532 415; x_wconf 71' lang='lat'>-12</span> <span class='ocrx_word' id='word_1_3' title='bbox 1040 369 1119 414; x_wconf 74' lang='lat' dir='ltr'>nn</span> <span class='ocrx_word' id='word_1_4' title='bbox 1168 368 1224 414; x_wconf 91' lang='lat' dir='ltr'>s.</span> <span class='ocrx_word' id='word_1_5' title='bbox 1280 366 1590 414; x_wconf 74' lang='lat' dir='ltr'>Gnnooruo</span> <span class='ocrx_word' id='word_1_6' title='bbox 1639 368 1802 414; x_wconf 77' lang='lat' dir='ltr'>PAPA</span> <span class='ocrx_word' id='word_1_7' title='bbox 2482 346 2611 414; x_wconf 74' lang='lat'>143</span> 
     </span>
    </p>
   </div>
   <div class='ocr_carea' id='block_1_2' title="bbox 150 451 2705 4365">
    <p class='ocr_par' dir='ltr' id='par_1_2' title="bbox 174 451 2705 878">
     <span class='ocr_line' id='line_1_2' title="bbox 175 451 2705 542; baseline -0 -20"><span class='ocrx_word' id='word_1_8' title='bbox 175 455 407 541; x_wconf 87' lang='lat' dir='ltr'>iniquis</span> <span class='ocrx_word' id='word_1_9' title='bbox 455 464 686 522; x_wconf 88' lang='lat' dir='ltr'>autem</span> <span class='ocrx_word' id='word_1_10' title='bbox 741 451 1085 542; x_wconf 86' lang='lat' dir='ltr'>supplicia</span> <span class='ocrx_word' id='word_1_11' title='bbox 1133 452 1316 541; x_wconf 87' lang='lat' dir='ltr'>ignis</span> <span class='ocrx_word' id='word_1_12' title='bbox 1364 453 1662 521; x_wconf 87' lang='lat' dir='ltr'>aeterni:</span> <span class='ocrx_word' id='word_1_13' title='bbox 1720 457 2179 521; x_wconf 89' lang='lat' dir='ltr'>Innovaturus</span> <span class='ocrx_word' id='word_1_14' title='bbox 2230 452 2540 542; x_wconf 82' lang='lat' dir='ltr'>seculum</span> <span class='ocrx_word' id='word_1_15' title='bbox 2585 475 2705 542; x_wconf 88' lang='lat' dir='ltr'>per</span> 
     </span>
     <span class='ocr_line' id='line_1_3' title="bbox 175 539 2701 633; baseline -0.001 -23"><span class='ocrx_word' id='word_1_16' title='bbox 175 543 372 633; x_wconf 80' lang='lat' dir='ltr'><strong>ignem</strong></span> <span class='ocrx_word' id='word_1_17' title='bbox 433 555 500 611; x_wconf 89' lang='lat' dir='ltr'>et</span> <span class='ocrx_word' id='word_1_18' title='bbox 560 541 791 610; x_wconf 88' lang='lat' dir='ltr'>carnis</span> <span class='ocrx_word' id='word_1_19' title='bbox 860 541 1452 610; x_wconf 77' lang='lat' dir='ltr'>resurrectionem.</span> <span class='ocrx_word' id='word_1_20' title='bbox 1508 541 1844 610; x_wconf 76' lang='lat' dir='ltr'>Confiteor</span> <span class='ocrx_word' id='word_1_21' title='bbox 1908 563 2119 610; x_wconf 89' lang='lat' dir='ltr'>unam</span> <span class='ocrx_word' id='word_1_22' title='bbox 2174 539 2421 623; x_wconf 90' lang='lat' dir='ltr'>fidem,</span> <span class='ocrx_word' id='word_1_23' title='bbox 2477 563 2701 610; x_wconf 90' lang='lat' dir='ltr'>unum</span> 
     </span>
     <span class='ocr_line' id='line_1_4' title="bbox 174 629 2705 721; baseline -0 -21"><span class='ocrx_word' id='word_1_24' title='bbox 174 632 509 721; x_wconf 82' lang='lat' dir='ltr'>baptisma.</span> <span class='ocrx_word' id='word_1_25' title='bbox 564 651 778 699; x_wconf 89' lang='lat' dir='ltr'>unam</span> <span class='ocrx_word' id='word_1_26' title='bbox 845 629 1298 719; x_wconf 79' lang='lat' dir='ltr'>Apostolicam</span> <span class='ocrx_word' id='word_1_27' title='bbox 1360 642 1424 697; x_wconf 87' lang='lat' dir='ltr'>et</span> <span class='ocrx_word' id='word_1_28' title='bbox 1462 630 1920 699; x_wconf 82' lang='lat' dir='ltr'>universalem</span> <span class='ocrx_word' id='word_1_29' title='bbox 1972 630 2390 711; x_wconf 81' lang='lat' dir='ltr'>Ecclesiam,</span> <span class='ocrx_word' id='word_1_30' title='bbox 2446 631 2516 698; x_wconf 90' lang='lat' dir='ltr'>in</span> <span class='ocrx_word' id='word_1_31' title='bbox 2567 652 2705 715; x_wconf 87' lang='lat' dir='ltr'>qua</span> 
     </span>
     <span class='ocr_line' id='line_1_5' title="bbox 175 718 2705 821; baseline 0 -32"><span class='ocrx_word' id='word_1_32' title='bbox 175 721 290 789; x_wconf 86' lang='lat' dir='ltr'>sola</span> <span class='ocrx_word' id='word_1_33' title='bbox 345 733 644 821; x_wconf 81' lang='lat' dir='ltr'>possunt</span> <span class='ocrx_word' id='word_1_34' title='bbox 693 718 906 787; x_wconf 85' lang='lat' dir='ltr'>laxari</span> <span class='ocrx_word' id='word_1_35' title='bbox 955 733 1229 809; x_wconf 85' lang='lat' dir='ltr'>peccata</span> <span class='ocrx_word' id='word_1_36' title='bbox 1265 719 1333 786; x_wconf 88' lang='lat' dir='ltr'>in</span> <span class='ocrx_word' id='word_1_37' title='bbox 1386 720 1666 788; x_wconf 90' lang='lat' dir='ltr'>nomine</span> <span class='ocrx_word' id='word_1_38' title='bbox 1715 719 1930 788; x_wconf 89' lang='lat' dir='ltr'>Patris</span> <span class='ocrx_word' id='word_1_39' title='bbox 1978 731 2043 787; x_wconf 92' lang='lat' dir='ltr'>et</span> <span class='ocrx_word' id='word_1_40' title='bbox 2091 718 2241 787; x_wconf 87' lang='lat' dir='ltr'>Filii</span> <span class='ocrx_word' id='word_1_41' title='bbox 2295 732 2359 788; x_wconf 92' lang='lat' dir='ltr'>et</span> <span class='ocrx_word' id='word_1_42' title='bbox 2409 720 2705 810; x_wconf 85' lang='lat' dir='ltr'>Spiritus</span> 
     </span>
     <span class='ocr_line' id='line_1_6' title="bbox 176 814 447 878; baseline 0 0"><span class='ocrx_word' id='word_1_43' title='bbox 176 814 447 878; x_wconf 77' lang='lat' dir='ltr'>Sancti.»</span> 
     </span>
    </p>

    <p class='ocr_par' dir='ltr' id='par_1_3' title="bbox 150 896 2705 3741">
     <span class='ocr_line' id='line_1_7' title="bbox 245 896 2698 986; baseline -0.002 -17"><span class='ocrx_word' id='word_1_44' title='bbox 245 902 404 986; x_wconf 54' lang='lat'>§21</span> <span class='ocrx_word' id='word_1_45' title='bbox 463 896 879 986; x_wconf 71' lang='lat' dir='ltr'>Synodicam</span> <span class='ocrx_word' id='word_1_46' title='bbox 926 918 1063 983; x_wconf 89' lang='lat' dir='ltr'>quo</span> <span class='ocrx_word' id='word_1_47' title='bbox 1114 918 1200 964; x_wconf 88' lang='lat' dir='ltr'>ue</span> <span class='ocrx_word' id='word_1_48' title='bbox 1257 918 1454 966; x_wconf 87' lang='lat' dir='ltr'>suam</span> <span class='ocrx_word' id='word_1_49' title='bbox 1508 896 1898 985; x_wconf 85' lang='lat' dir='ltr'>Gregorius,</span> <span class='ocrx_word' id='word_1_50' title='bbox 1954 896 2338 966; x_wconf 89' lang='lat' dir='ltr'>secundum</span> <span class='ocrx_word' id='word_1_51' title='bbox 2400 896 2698 986; x_wconf 87' lang='lat' dir='ltr'>priscam</span> 
     </span>
     <span class='ocr_line' id='line_1_8' title="bbox 171 985 2705 1076; baseline -0.002 -20"><span class='ocrx_word' id='word_1_52' title='bbox 171 988 754 1076; x_wconf 80' lang='lat' dir='ltr'>praedecessorum</span> <span class='ocrx_word' id='word_1_53' title='bbox 813 1008 1094 1054; x_wconf 88' lang='lat' dir='ltr'>suorum</span> <span class='ocrx_word' id='word_1_54' title='bbox 1158 985 1727 1054; x_wconf 85' lang='lat' dir='ltr'>consuetudinem</span> <span class='ocrx_word' id='word_1_55' title='bbox 1776 985 2027 1054; x_wconf 88' lang='lat' dir='ltr'>Joanni</span> <span class='ocrx_word' id='word_1_56' title='bbox 2084 985 2705 1075; x_wconf 83' lang='lat' dir='ltr'>Constantinopoli—</span> 
     </span>
     <span class='ocr_line' id='line_1_9' title="bbox 169 1072 2700 1163; baseline 0.001 -22"><span class='ocrx_word' id='word_1_57' title='bbox 169 1089 320 1157; x_wconf 83' lang='lat' dir='ltr'>tano,</span> <span class='ocrx_word' id='word_1_58' title='bbox 370 1075 666 1163; x_wconf 89' lang='lat' dir='ltr'>Eulogio</span> <span class='ocrx_word' id='word_1_59' title='bbox 715 1072 1190 1155; x_wconf 82' lang='lat' dir='ltr'>Alexandrino,</span> <span class='ocrx_word' id='word_1_60' title='bbox 1248 1074 1569 1163; x_wconf 79' lang='lat' dir='ltr'>Gregorio</span> <span class='ocrx_word' id='word_1_61' title='bbox 1619 1074 2069 1154; x_wconf 80' lang='lat' dir='ltr'>Antiocheno,</span> <span class='ocrx_word' id='word_1_62' title='bbox 2121 1074 2372 1142; x_wconf 72' lang='lat' dir='ltr'>¹loanni</span> <span class='ocrx_word' id='word_1_63' title='bbox 2433 1080 2700 1143; x_wconf 82' lang='lat' dir='ltr'>Jeroso·</span> 
     </span>
     <span class='ocr_line' id='line_1_10' title="bbox 162 1163 2697 1253; baseline 0 -22"><span class='ocrx_word' id='word_1_64' title='bbox 162 1163 478 1253; x_wconf 70' lang='lat' dir='ltr'>lymitano</span> <span class='ocrx_word' id='word_1_65' title='bbox 527 1177 593 1231; x_wconf 90' lang='lat' dir='ltr'>et</span> <span class='ocrx_word' id='word_1_66' title='bbox 641 1163 990 1233; x_wconf 74' lang='lat' dir='ltr'>Anastasio</span> <span class='ocrx_word' id='word_1_67' title='bbox 1039 1163 1471 1231; x_wconf 86' lang='lat' dir='ltr'>Patriarchae</span> <span class='ocrx_word' id='word_1_68' title='bbox 1520 1163 1915 1231; x_wconf 82' lang='lat' dir='ltr'>Antiochiae</span> <span class='ocrx_word' id='word_1_69' title='bbox 1945 1163 2332 1231; x_wconf 88' lang='lat' dir='ltr'>destinavit.</span> <span class='ocrx_word' id='word_1_70' title='bbox 2380 1168 2567 1245; x_wconf 84' lang='lat' dir='ltr'>Quae</span> <span class='ocrx_word' id='word_1_71' title='bbox 2602 1164 2697 1232; x_wconf 88' lang='lat' dir='ltr'>ita</span> 
     </span>
     <span class='ocr_line' id='line_1_11' title="bbox 163 1251 2698 1340; baseline -0.001 -18"><span class='ocrx_word' id='word_1_72' title='bbox 163 1276 221 1322; x_wconf 89' lang='lat' dir='ltr'>se</span> <span class='ocrx_word' id='word_1_73' title='bbox 262 1255 470 1323; x_wconf 85' lang='lat' dir='ltr'>habet</span> <span class='ocrx_word' id='word_1_74' title='bbox 506 1276 520 1315; x_wconf 73' lang='grc' dir='ltr'><strong><em>τ</em></strong></span> <span class='ocrx_word' id='word_1_75' title='bbox 577 1275 614 1317; x_wconf 84' lang='lat'>«</span> <span class='ocrx_word' id='word_1_76' title='bbox 649 1252 1116 1321; x_wconf 87' lang='lat' dir='ltr'>Consideranti</span> <span class='ocrx_word' id='word_1_77' title='bbox 1165 1251 1335 1320; x_wconf 86' lang='lat' dir='ltr'>mihi</span> <span class='ocrx_word' id='word_1_78' title='bbox 1368 1252 1549 1338; x_wconf 89' lang='lat' dir='ltr'>quod</span> <span class='ocrx_word' id='word_1_79' title='bbox 1584 1251 1812 1340; x_wconf 85' lang='lat' dir='ltr'>impar</span> <span class='ocrx_word' id='word_1_80' title='bbox 1845 1251 2131 1331; x_wconf 75' lang='lat' dir='ltr'>meritiS,</span> <span class='ocrx_word' id='word_1_81' title='bbox 2173 1274 2251 1320; x_wconf 92' lang='lat' dir='ltr'>ac</span> <span class='ocrx_word' id='word_1_82' title='bbox 2294 1264 2427 1320; x_wconf 90' lang='lat' dir='ltr'>toto</span> <span class='ocrx_word' id='word_1_83' title='bbox 2461 1253 2698 1321; x_wconf 87' lang='lat' dir='ltr'>animo</span> 
     </span>
     <span class='ocr_line' id='line_1_12' title="bbox 159 1339 2699 1432; baseline -0.002 -22"><span class='ocrx_word' id='word_1_84' title='bbox 159 1345 469 1421; x_wconf 74' lang='lat' dir='ltr'>renitens,</span> <span class='ocrx_word' id='word_1_85' title='bbox 518 1340 881 1432; x_wconf 85' lang='lat' dir='ltr'>pastoralis</span> <span class='ocrx_word' id='word_1_86' title='bbox 928 1362 1135 1411; x_wconf 90' lang='lat' dir='ltr'>curae</span> <span class='ocrx_word' id='word_1_87' title='bbox 1185 1340 1488 1431; x_wconf 87' lang='lat' dir='ltr'>pondera</span> <span class='ocrx_word' id='word_1_88' title='bbox 1520 1352 1789 1430; x_wconf 88' lang='lat' dir='ltr'>portare</span> <span class='ocrx_word' id='word_1_89' title='bbox 1822 1339 2227 1429; x_wconf 89' lang='lat' dir='ltr'>compulsus</span> <span class='ocrx_word' id='word_1_90' title='bbox 2258 1339 2415 1420; x_wconf 92' lang='lat' dir='ltr'>sim,</span> <span class='ocrx_word' id='word_1_91' title='bbox 2475 1340 2699 1430; x_wconf 83' lang='lat' dir='ltr'>caligo</span> 
     </span>
     <span class='ocr_line' id='line_1_13' title="bbox 157 1428 2700 1514; baseline -0 -16"><span class='ocrx_word' id='word_1_92' title='bbox 157 1432 476 1502; x_wconf 76' lang='lat' dir='ltr'>moeroris</span> <span class='ocrx_word' id='word_1_93' title='bbox 525 1430 827 1499; x_wconf 86' lang='lat' dir='ltr'>occurrit</span> <span class='ocrx_word' id='word_1_94' title='bbox 871 1444 936 1498; x_wconf 89' lang='lat' dir='ltr'>et</span> <span class='ocrx_word' id='word_1_95' title='bbox 983 1431 1170 1500; x_wconf 86' lang='lat' dir='ltr'>triste</span> <span class='ocrx_word' id='word_1_96' title='bbox 1218 1452 1335 1498; x_wconf 93' lang='lat' dir='ltr'>cor</span> <span class='ocrx_word' id='word_1_97' title='bbox 1386 1428 1559 1498; x_wconf 88' lang='lat' dir='ltr'>nihil</span> <span class='ocrx_word' id='word_1_98' title='bbox 1601 1428 1792 1497; x_wconf 91' lang='lat' dir='ltr'>aliud</span> <span class='ocrx_word' id='word_1_99' title='bbox 1845 1429 1979 1497; x_wconf 87' lang='lat' dir='ltr'>nisi</span> <span class='ocrx_word' id='word_1_100' title='bbox 2034 1451 2172 1509; x_wconf 80' lang='lat' dir='ltr'>eaS,</span> <span class='ocrx_word' id='word_1_101' title='bbox 2234 1451 2410 1514; x_wconf 90' lang='lat' dir='ltr'>quae</span> <span class='ocrx_word' id='word_1_102' title='bbox 2472 1430 2700 1498; x_wconf 88' lang='lat' dir='ltr'>videre</span> 
     </span>
     <span class='ocr_line' id='line_1_14' title="bbox 155 1517 2698 1605; baseline -0.001 -17"><span class='ocrx_word' id='word_1_103' title='bbox 155 1520 234 1588; x_wconf 91' lang='lat' dir='ltr'>nil</span> <span class='ocrx_word' id='word_1_104' title='bbox 264 1523 540 1598; x_wconf 85' lang='lat' dir='ltr'>sinunt,</span> <span class='ocrx_word' id='word_1_105' title='bbox 601 1518 910 1587; x_wconf 87' lang='lat' dir='ltr'>tenebras</span> <span class='ocrx_word' id='word_1_106' title='bbox 946 1519 1148 1587; x_wconf 88' lang='lat' dir='ltr'>videt.</span> <span class='ocrx_word' id='word_1_107' title='bbox 1187 1523 1352 1587; x_wconf 89' lang='lat' dir='ltr'>Nam</span> <span class='ocrx_word' id='word_1_108' title='bbox 1406 1518 1574 1605; x_wconf 89' lang='lat' dir='ltr'>quid</span> <span class='ocrx_word' id='word_1_109' title='bbox 1624 1517 1915 1587; x_wconf 83' lang='lat' dir='ltr'>Antistes</span> <span class='ocrx_word' id='word_1_110' title='bbox 1971 1517 2056 1585; x_wconf 90' lang='lat' dir='ltr'>ad</span> <span class='ocrx_word' id='word_1_111' title='bbox 2107 1517 2501 1598; x_wconf 77' lang='lat' dir='ltr'>Dominum,</span> <span class='ocrx_word' id='word_1_112' title='bbox 2562 1518 2698 1586; x_wconf 90' lang='lat' dir='ltr'>nisi</span> 
     </span>
     <span class='ocr_line' id='line_1_15' title="bbox 153 1606 2698 1698; baseline -0.001 -20"><span class='ocrx_word' id='word_1_113' title='bbox 153 1632 260 1698; x_wconf 88' lang='lat' dir='ltr'>pro</span> <span class='ocrx_word' id='word_1_114' title='bbox 308 1609 589 1679; x_wconf 88' lang='lat' dir='ltr'>delictis</span> <span class='ocrx_word' id='word_1_115' title='bbox 649 1607 887 1697; x_wconf 92' lang='lat' dir='ltr'>populi</span> <span class='ocrx_word' id='word_1_116' title='bbox 956 1607 1364 1676; x_wconf 85' lang='lat' dir='ltr'>intercessor</span> <span class='ocrx_word' id='word_1_117' title='bbox 1426 1607 1756 1695; x_wconf 69' lang='lat' dir='ltr'>eligitur?</span> <span class='ocrx_word' id='word_1_118' title='bbox 1804 1611 1950 1688; x_wconf 91' lang='lat' dir='ltr'>Qua</span> <span class='ocrx_word' id='word_1_119' title='bbox 1997 1606 2228 1693; x_wconf 89' lang='lat' dir='ltr'>itaque</span> <span class='ocrx_word' id='word_1_120' title='bbox 2304 1606 2563 1676; x_wconf 70' lang='lat' dir='ltr'>fiducia</span> <span class='ocrx_word' id='word_1_121' title='bbox 2612 1606 2698 1676; x_wconf 90' lang='lat' dir='ltr'>ad</span> 
     </span>
     <span class='ocr_line' id='line_1_16' title="bbox 150 1694 2701 1789; baseline -0.001 -23"><span class='ocrx_word' id='word_1_122' title='bbox 150 1719 290 1768; x_wconf 86' lang='lat' dir='ltr'>eum</span> <span class='ocrx_word' id='word_1_123' title='bbox 347 1721 476 1789; x_wconf 89' lang='lat' dir='ltr'>pro</span> <span class='ocrx_word' id='word_1_124' title='bbox 511 1697 811 1787; x_wconf 88' lang='lat' dir='ltr'>peccatis</span> <span class='ocrx_word' id='word_1_125' title='bbox 841 1695 1085 1766; x_wconf 89' lang='lat' dir='ltr'>alienis</span> <span class='ocrx_word' id='word_1_126' title='bbox 1121 1697 1526 1765; x_wconf 87' lang='lat' dir='ltr'>intercessor</span> <span class='ocrx_word' id='word_1_127' title='bbox 1556 1696 1776 1776; x_wconf 86' lang='lat' dir='ltr'>venio,</span> <span class='ocrx_word' id='word_1_128' title='bbox 1819 1694 2003 1785; x_wconf 92' lang='lat' dir='ltr'>apud</span> <span class='ocrx_word' id='word_1_129' title='bbox 2036 1717 2240 1781; x_wconf 90' lang='lat' dir='ltr'>quem</span> <span class='ocrx_word' id='word_1_130' title='bbox 2273 1695 2359 1763; x_wconf 91' lang='lat' dir='ltr'>de</span> <span class='ocrx_word' id='word_1_131' title='bbox 2400 1696 2701 1786; x_wconf 86' lang='lat' dir='ltr'>propriis</span> 
     </span>
     <span class='ocr_line' id='line_1_17' title="bbox 151 1784 2696 1875; baseline -0.002 -20"><span class='ocrx_word' id='word_1_132' title='bbox 151 1808 428 1857; x_wconf 83' lang='lat' dir='ltr'>securus</span> <span class='ocrx_word' id='word_1_133' title='bbox 479 1808 618 1854; x_wconf 85' lang='lat' dir='ltr'>non</span> <span class='ocrx_word' id='word_1_134' title='bbox 678 1790 879 1854; x_wconf 69' lang='lat' dir='ltr'>sum?</span> <span class='ocrx_word' id='word_1_135' title='bbox 934 1786 1000 1855; x_wconf 89' lang='lat' dir='ltr'>Si</span> <span class='ocrx_word' id='word_1_136' title='bbox 1051 1785 1332 1855; x_wconf 86' lang='lat' dir='ltr'>fortasse</span> <span class='ocrx_word' id='word_1_137' title='bbox 1379 1784 1729 1875; x_wconf 86' lang='lat' dir='ltr'>quispiam</span> <span class='ocrx_word' id='word_1_138' title='bbox 1793 1784 1978 1875; x_wconf 88' lang='lat' dir='ltr'>apud</span> <span class='ocrx_word' id='word_1_139' title='bbox 2036 1797 2376 1874; x_wconf 89' lang='lat' dir='ltr'>potentem</span> <span class='ocrx_word' id='word_1_140' title='bbox 2428 1785 2648 1854; x_wconf 84' lang='lat' dir='ltr'>virum</span> <span class='ocrx_word' id='word_1_141' title='bbox 2680 1840 2696 1866; x_wconf 89' lang='lat'>,</span> 
     </span>
     <span class='ocr_line' id='line_1_18' title="bbox 157 1873 2696 1962; baseline -0 -19"><span class='ocrx_word' id='word_1_142' title='bbox 157 1878 256 1961; x_wconf 86' lang='lat' dir='ltr'>qui</span> <span class='ocrx_word' id='word_1_143' title='bbox 299 1891 366 1946; x_wconf 91' lang='lat' dir='ltr'>et</span> <span class='ocrx_word' id='word_1_144' title='bbox 418 1875 557 1944; x_wconf 90' lang='lat' dir='ltr'>sibi</span> <span class='ocrx_word' id='word_1_145' title='bbox 607 1873 824 1943; x_wconf 88' lang='lat' dir='ltr'>iratus</span> <span class='ocrx_word' id='word_1_146' title='bbox 870 1886 933 1943; x_wconf 91' lang='lat' dir='ltr'>et</span> <span class='ocrx_word' id='word_1_147' title='bbox 992 1875 1167 1943; x_wconf 86' lang='lat' dir='ltr'>mihi</span> <span class='ocrx_word' id='word_1_148' title='bbox 1214 1887 1389 1943; x_wconf 90' lang='lat' dir='ltr'>esset</span> <span class='ocrx_word' id='word_1_149' title='bbox 1423 1874 1862 1962; x_wconf 78' lang='lat' dir='ltr'>incognitUS,</span> <span class='ocrx_word' id='word_1_150' title='bbox 1916 1873 2434 1943; x_wconf 84' lang='lat' dir='ltr'>intercessorem</span> <span class='ocrx_word' id='word_1_151' title='bbox 2489 1896 2696 1943; x_wconf 90' lang='lat' dir='ltr'>suum</span> 
     </span>
     <span class='ocr_line' id='line_1_19' title="bbox 159 1962 2699 2053; baseline -0 -21"><span class='ocrx_word' id='word_1_152' title='bbox 159 1987 251 2033; x_wconf 90' lang='lat' dir='ltr'>me</span> <span class='ocrx_word' id='word_1_153' title='bbox 285 1966 438 2035; x_wconf 87' lang='lat' dir='ltr'>fieri</span> <span class='ocrx_word' id='word_1_154' title='bbox 472 1976 854 2050; x_wconf 85' lang='lat' dir='ltr'>quaereret,</span> <span class='ocrx_word' id='word_1_155' title='bbox 893 1964 1208 2053; x_wconf 89' lang='lat' dir='ltr'>protinus</span> <span class='ocrx_word' id='word_1_156' title='bbox 1248 1962 1774 2053; x_wconf 86' lang='lat' dir='ltr'>responderem:</span> <span class='ocrx_word' id='word_1_157' title='bbox 1812 1963 1907 2031; x_wconf 78' lang='lat' dir='ltr'>Ad</span> <span class='ocrx_word' id='word_1_158' title='bbox 1969 1962 2533 2031; x_wconf 89' lang='lat' dir='ltr'>intercedendum</span> <span class='ocrx_word' id='word_1_159' title='bbox 2584 1985 2699 2031; x_wconf 84' lang='lat' dir='ltr'>ve-</span> 
     </span>
     <span class='ocr_line' id='line_1_20' title="bbox 165 2050 2693 2140; baseline 0 -20"><span class='ocrx_word' id='word_1_160' title='bbox 165 2055 290 2123; x_wconf 89' lang='lat' dir='ltr'>nire</span> <span class='ocrx_word' id='word_1_161' title='bbox 337 2075 612 2140; x_wconf 86' lang='lat' dir='ltr'>nequeo</span> <span class='ocrx_word' id='word_1_162' title='bbox 642 2052 802 2138; x_wconf 90' lang='lat' dir='ltr'>quia</span> <span class='ocrx_word' id='word_1_163' title='bbox 833 2052 982 2139; x_wconf 87' lang='lat' dir='ltr'>ejus</span> <span class='ocrx_word' id='word_1_164' title='bbox 1014 2052 1324 2120; x_wconf 89' lang='lat' dir='ltr'>notitiam</span> <span class='ocrx_word' id='word_1_165' title='bbox 1375 2073 1454 2119; x_wconf 88' lang='lat' dir='ltr'>ex</span> <span class='ocrx_word' id='word_1_166' title='bbox 1496 2051 1740 2120; x_wconf 91' lang='lat' dir='ltr'>sedula</span> <span class='ocrx_word' id='word_1_167' title='bbox 1780 2050 2244 2120; x_wconf 83' lang='lat' dir='ltr'>familiaritate</span> <span class='ocrx_word' id='word_1_168' title='bbox 2279 2073 2413 2120; x_wconf 91' lang='lat' dir='ltr'>non</span> <span class='ocrx_word' id='word_1_169' title='bbox 2451 2052 2693 2120; x_wconf 81' lang='lat' dir='ltr'>habeO.</span> 
     </span>
     <span class='ocr_line' id='line_1_21' title="bbox 170 2139 2701 2231; baseline 0.001 -23"><span class='ocrx_word' id='word_1_170' title='bbox 170 2143 232 2208; x_wconf 79' lang='lat' dir='ltr'>Si</span> <span class='ocrx_word' id='word_1_171' title='bbox 268 2144 468 2231; x_wconf 81' lang='lat' dir='ltr'>igitur</span> <span class='ocrx_word' id='word_1_172' title='bbox 501 2154 684 2210; x_wconf 89' lang='lat' dir='ltr'>recte</span> <span class='ocrx_word' id='word_1_173' title='bbox 721 2140 921 2210; x_wconf 88' lang='lat' dir='ltr'>homo</span> <span class='ocrx_word' id='word_1_174' title='bbox 954 2141 1137 2231; x_wconf 88' lang='lat' dir='ltr'>apud</span> <span class='ocrx_word' id='word_1_175' title='bbox 1173 2140 1547 2220; x_wconf 89' lang='lat' dir='ltr'>hominem,</span> <span class='ocrx_word' id='word_1_176' title='bbox 1585 2139 1670 2208; x_wconf 88' lang='lat' dir='ltr'>de</span> <span class='ocrx_word' id='word_1_177' title='bbox 1706 2162 1843 2226; x_wconf 91' lang='lat' dir='ltr'>quo</span> <span class='ocrx_word' id='word_1_178' title='bbox 1876 2140 2161 2208; x_wconf 88' lang='lat' dir='ltr'>minime</span> <span class='ocrx_word' id='word_1_179' title='bbox 2193 2140 2701 2231; x_wconf 87' lang='lat' dir='ltr'>praesumpsis-</span> 
     </span>
     <span class='ocr_line' id='line_1_22' title="bbox 177 2228 2700 2314; baseline 0 -16"><span class='ocrx_word' id='word_1_180' title='bbox 177 2251 323 2312; x_wconf 86' lang='lat' dir='ltr'>sem,</span> <span class='ocrx_word' id='word_1_181' title='bbox 361 2232 506 2300; x_wconf 85' lang='lat' dir='ltr'>fieri</span> <span class='ocrx_word' id='word_1_182' title='bbox 541 2230 948 2300; x_wconf 86' lang='lat' dir='ltr'>intercessor</span> <span class='ocrx_word' id='word_1_183' title='bbox 978 2230 1451 2300; x_wconf 83' lang='lat' dir='ltr'>erubescerem</span> <span class='ocrx_word' id='word_1_184' title='bbox 1483 2251 1496 2295; x_wconf 91' lang='lat'>:</span> <span class='ocrx_word' id='word_1_185' title='bbox 1531 2241 1830 2314; x_wconf 86' lang='lat' dir='ltr'>quantae</span> <span class='ocrx_word' id='word_1_186' title='bbox 1861 2228 1988 2298; x_wconf 92' lang='lat' dir='ltr'>hoc</span> <span class='ocrx_word' id='word_1_187' title='bbox 2022 2229 2352 2297; x_wconf 84' lang='lat' dir='ltr'>audaciae</span> <span class='ocrx_word' id='word_1_188' title='bbox 2384 2242 2483 2297; x_wconf 91' lang='lat' dir='ltr'>est</span> <span class='ocrx_word' id='word_1_189' title='bbox 2513 2229 2700 2314; x_wconf 89' lang='lat' dir='ltr'>quod</span> 
     </span>
     <span class='ocr_line' id='line_1_23' title="bbox 172 2316 2701 2409; baseline 0.001 -25"><span class='ocrx_word' id='word_1_190' title='bbox 172 2320 329 2409; x_wconf 87' lang='lat' dir='ltr'>apud</span> <span class='ocrx_word' id='word_1_191' title='bbox 383 2326 599 2390; x_wconf 90' lang='lat' dir='ltr'>Deum</span> <span class='ocrx_word' id='word_1_192' title='bbox 655 2340 774 2407; x_wconf 88' lang='lat' dir='ltr'>pro</span> <span class='ocrx_word' id='word_1_193' title='bbox 827 2318 1080 2408; x_wconf 91' lang='lat' dir='ltr'>populo</span> <span class='ocrx_word' id='word_1_194' title='bbox 1142 2319 1371 2387; x_wconf 88' lang='lat' dir='ltr'>locum</span> <span class='ocrx_word' id='word_1_195' title='bbox 1437 2316 1910 2386; x_wconf 90' lang='lat' dir='ltr'>intercessoris</span> <span class='ocrx_word' id='word_1_196' title='bbox 1972 2318 2282 2398; x_wconf 83' lang='lat' dir='ltr'>obtineO,</span> <span class='ocrx_word' id='word_1_197' title='bbox 2337 2318 2452 2387; x_wconf 88' lang='lat' dir='ltr'>cui</span> <span class='ocrx_word' id='word_1_198' title='bbox 2499 2317 2701 2386; x_wconf 85' lang='lat' dir='ltr'>sami-</span> 
     </span>
     <span class='ocr_line' id='line_1_24' title="bbox 173 2406 2697 2564; baseline 0 -91"><span class='ocrx_word' id='word_1_199' title='bbox 173 2406 383 2477; x_wconf 86' lang='lat' dir='ltr'>liarem</span> <span class='ocrx_word' id='word_1_200' title='bbox 439 2431 551 2477; x_wconf 89' lang='lat' dir='ltr'>me</span> <span class='ocrx_word' id='word_1_201' title='bbox 571 2429 724 2564; x_wconf 89' lang='lat' dir='ltr'>dper</span> <span class='ocrx_word' id='word_1_202' title='bbox 755 2408 928 2476; x_wconf 88' lang='lat' dir='ltr'>vitae</span> <span class='ocrx_word' id='word_1_203' title='bbox 980 2407 1301 2475; x_wconf 91' lang='lat' dir='ltr'>meritum</span> <span class='ocrx_word' id='word_1_204' title='bbox 1353 2429 1488 2475; x_wconf 88' lang='lat' dir='ltr'>non</span> <span class='ocrx_word' id='word_1_205' title='bbox 1542 2411 1896 2497; x_wconf 71' lang='lat' dir='ltr'>agnosco?</span> <span class='ocrx_word' id='word_1_206' title='bbox 1945 2411 2093 2488; x_wconf 91' lang='lat' dir='ltr'>Qua</span> <span class='ocrx_word' id='word_1_207' title='bbox 2132 2406 2199 2473; x_wconf 91' lang='lat' dir='ltr'>in</span> <span class='ocrx_word' id='word_1_208' title='bbox 2256 2429 2325 2474; x_wconf 92' lang='lat' dir='ltr'>re</span> <span class='ocrx_word' id='word_1_209' title='bbox 2373 2418 2473 2474; x_wconf 90' lang='lat' dir='ltr'>est</span> <span class='ocrx_word' id='word_1_210' title='bbox 2526 2406 2697 2475; x_wconf 87' lang='lat' dir='ltr'>mihi</span> 
     </span>
     <span class='ocr_line' id='line_1_25' title="bbox 172 2495 2698 2587; baseline 0.001 -24"><span class='ocrx_word' id='word_1_211' title='bbox 172 2497 373 2568; x_wconf 87' lang='lat' dir='ltr'>adhuc</span> <span class='ocrx_word' id='word_1_212' title='bbox 423 2498 568 2567; x_wconf 88' lang='lat' dir='ltr'>aliu</span> <span class='ocrx_word' id='word_1_213' title='bbox 666 2497 945 2587; x_wconf 88' lang='lat' dir='ltr'>gravius</span> <span class='ocrx_word' id='word_1_214' title='bbox 992 2496 1508 2566; x_wconf 71' lang='lat' dir='ltr'>formidandum</span> <span class='ocrx_word' id='word_1_215' title='bbox 1543 2496 1712 2582; x_wconf 86' lang='lat' dir='ltr'>quia</span> <span class='ocrx_word' id='word_1_216' title='bbox 1751 2496 1930 2565; x_wconf 89' lang='lat' dir='ltr'>sicut</span> <span class='ocrx_word' id='word_1_217' title='bbox 1978 2495 2209 2565; x_wconf 89' lang='lat' dir='ltr'>cuncti</span> <span class='ocrx_word' id='word_1_218' title='bbox 2258 2495 2524 2582; x_wconf 89' lang='lat' dir='ltr'>liquido</span> <span class='ocrx_word' id='word_1_219' title='bbox 2573 2518 2698 2565; x_wconf 88' lang='lat' dir='ltr'>no-</span> 
     </span>
     <span class='ocr_line' id='line_1_26' title="bbox 170 2584 2697 2676; baseline 0 -23"><span class='ocrx_word' id='word_1_220' title='bbox 170 2586 393 2669; x_wconf 80' lang='lat' dir='ltr'>vimus,</span> <span class='ocrx_word' id='word_1_221' title='bbox 430 2609 594 2657; x_wconf 88' lang='lat' dir='ltr'>cum</span> <span class='ocrx_word' id='word_1_222' title='bbox 636 2586 696 2654; x_wconf 92' lang='lat' dir='ltr'>is</span> <span class='ocrx_word' id='word_1_223' title='bbox 743 2587 860 2673; x_wconf 90' lang='lat' dir='ltr'>qui</span> <span class='ocrx_word' id='word_1_224' title='bbox 895 2586 1236 2676; x_wconf 88' lang='lat' dir='ltr'>displicet,</span> <span class='ocrx_word' id='word_1_225' title='bbox 1291 2586 1375 2654; x_wconf 90' lang='lat' dir='ltr'>ad</span> <span class='ocrx_word' id='word_1_226' title='bbox 1429 2585 1993 2655; x_wconf 91' lang='lat' dir='ltr'>intercedendum</span> <span class='ocrx_word' id='word_1_227' title='bbox 2046 2585 2374 2665; x_wconf 89' lang='lat' dir='ltr'>mittitur,</span> <span class='ocrx_word' id='word_1_228' title='bbox 2433 2584 2589 2653; x_wconf 87' lang='lat' dir='ltr'>irati</span> <span class='ocrx_word' id='word_1_229' title='bbox 2623 2608 2697 2654; x_wconf 88' lang='lat' dir='ltr'>a-</span> 
     </span>
     <span class='ocr_line' id='line_1_27' title="bbox 165 2674 2698 2754; baseline 0 -13"><span class='ocrx_word' id='word_1_230' title='bbox 165 2676 373 2746; x_wconf 87' lang='lat' dir='ltr'>nimus</span> <span class='ocrx_word' id='word_1_231' title='bbox 420 2676 508 2745; x_wconf 88' lang='lat' dir='ltr'>ad</span> <span class='ocrx_word' id='word_1_232' title='bbox 560 2675 896 2744; x_wconf 86' lang='lat' dir='ltr'>deteriora</span> <span class='ocrx_word' id='word_1_233' title='bbox 1022 2688 1400 2744; x_wconf 87' lang='lat' dir='ltr'>rovocatur.</span> <span class='ocrx_word' id='word_1_234' title='bbox 1479 2680 1555 2743; x_wconf 90' lang='lat' dir='ltr'>Et</span> <span class='ocrx_word' id='word_1_235' title='bbox 1601 2674 1799 2743; x_wconf 87' lang='lat' dir='ltr'>valde</span> <span class='ocrx_word' id='word_1_236' title='bbox 1918 2674 2322 2754; x_wconf 83' lang='lat' dir='ltr'>ertimescO,</span> <span class='ocrx_word' id='word_1_237' title='bbox 2379 2696 2463 2741; x_wconf 91' lang='lat' dir='ltr'>ne</span> <span class='ocrx_word' id='word_1_238' title='bbox 2512 2696 2698 2742; x_wconf 91' lang='lat' dir='ltr'>com-</span> 
     </span>
     <span class='ocr_line' id='line_1_28' title="bbox 169 2762 2691 2853; baseline 0 -24"><span class='ocrx_word' id='word_1_239' title='bbox 169 2763 358 2835; x_wconf 87' lang='lat' dir='ltr'>missa</span> <span class='ocrx_word' id='word_1_240' title='bbox 407 2764 581 2833; x_wconf 88' lang='lat' dir='ltr'>mihi</span> <span class='ocrx_word' id='word_1_241' title='bbox 645 2763 841 2853; x_wconf 86' lang='lat' dir='ltr'>plebs</span> <span class='ocrx_word' id='word_1_242' title='bbox 901 2764 948 2831; x_wconf 85' lang='lat' dir='ltr'>fi</span> <span class='ocrx_word' id='word_1_243' title='bbox 1002 2764 1249 2843; x_wconf 89' lang='lat' dir='ltr'>elium,</span> <span class='ocrx_word' id='word_1_244' title='bbox 1323 2775 1551 2831; x_wconf 86' lang='lat' dir='ltr'>reatus</span> <span class='ocrx_word' id='word_1_245' title='bbox 1601 2763 1736 2831; x_wconf 88' lang='lat' dir='ltr'>mei</span> <span class='ocrx_word' id='word_1_246' title='bbox 1807 2786 1843 2832; x_wconf 91' lang='lat' dir='ltr'>a</span> <span class='ocrx_word' id='word_1_247' title='bbox 1897 2764 2274 2831; x_wconf 90' lang='lat' dir='ltr'>ditamento</span> <span class='ocrx_word' id='word_1_248' title='bbox 2323 2762 2691 2852; x_wconf 89' lang='lat' dir='ltr'>depereat,</span> 
     </span>
     <span class='ocr_line' id='line_1_29' title="bbox 161 2851 2692 2941; baseline 0.001 -23"><span class='ocrx_word' id='word_1_249' title='bbox 161 2854 344 2941; x_wconf 87' lang='lat' dir='ltr'>cujus</span> <span class='ocrx_word' id='word_1_250' title='bbox 391 2875 613 2940; x_wconf 87' lang='lat' dir='ltr'>usque</span> <span class='ocrx_word' id='word_1_251' title='bbox 663 2875 848 2922; x_wconf 90' lang='lat' dir='ltr'>nunc</span> <span class='ocrx_word' id='word_1_252' title='bbox 888 2853 1217 2922; x_wconf 89' lang='lat' dir='ltr'>Dominus</span> <span class='ocrx_word' id='word_1_253' title='bbox 1262 2852 1766 2938; x_wconf 88' lang='lat' dir='ltr'>aequanimiter</span> <span class='ocrx_word' id='word_1_254' title='bbox 1829 2851 2075 2922; x_wconf 86' lang='lat' dir='ltr'>delicta</span> <span class='ocrx_word' id='word_1_255' title='bbox 2127 2851 2477 2921; x_wconf 90' lang='lat' dir='ltr'>tolerabat.</span> <span class='ocrx_word' id='word_1_256' title='bbox 2524 2857 2692 2920; x_wconf 90' lang='lat' dir='ltr'>Cum</span> 
     </span>
     <span class='ocr_line' id='line_1_30' title="bbox 160 2940 2695 3032; baseline 0.001 -26"><span class='ocrx_word' id='word_1_257' title='bbox 160 2961 303 3010; x_wconf 78' lang='lat' dir='ltr'>vero</span> <span class='ocrx_word' id='word_1_258' title='bbox 350 2957 727 3028; x_wconf 89' lang='lat' dir='ltr'>utcumque</span> <span class='ocrx_word' id='word_1_259' title='bbox 792 2943 977 3011; x_wconf 89' lang='lat' dir='ltr'>hunc</span> <span class='ocrx_word' id='word_1_260' title='bbox 1028 2943 1339 3010; x_wconf 88' lang='lat' dir='ltr'>timorem</span> <span class='ocrx_word' id='word_1_261' title='bbox 1401 2942 1761 3032; x_wconf 90' lang='lat' dir='ltr'>supprimo</span> <span class='ocrx_word' id='word_1_262' title='bbox 1809 2955 1871 3010; x_wconf 88' lang='lat' dir='ltr'>et</span> <span class='ocrx_word' id='word_1_263' title='bbox 1920 2940 2341 3010; x_wconf 87' lang='lat' dir='ltr'>consolatam</span> <span class='ocrx_word' id='word_1_264' title='bbox 2396 2952 2695 3013; x_wconf 83' lang='lat' dir='ltr'>mentem</span> 
     </span>
     <span class='ocr_line' id='line_1_31' title="bbox 160 3029 2700 3120; baseline 0 -24"><span class='ocrx_word' id='word_1_265' title='bbox 160 3030 234 3097; x_wconf 90' lang='lat' dir='ltr'>ad</span> <span class='ocrx_word' id='word_1_266' title='bbox 285 3030 698 3120; x_wconf 87' lang='lat' dir='ltr'>pontificalis</span> <span class='ocrx_word' id='word_1_267' title='bbox 727 3031 955 3120; x_wconf 90' lang='lat' dir='ltr'>operis</span> <span class='ocrx_word' id='word_1_268' title='bbox 1004 3030 1234 3100; x_wconf 88' lang='lat' dir='ltr'>studia</span> <span class='ocrx_word' id='word_1_269' title='bbox 1267 3030 1576 3120; x_wconf 85' lang='lat' dir='ltr'>accingo,</span> <span class='ocrx_word' id='word_1_270' title='bbox 1613 3029 2047 3099; x_wconf 85' lang='lat' dir='ltr'>considerata</span> <span class='ocrx_word' id='word_1_271' title='bbox 2081 3029 2230 3119; x_wconf 90' lang='lat' dir='ltr'>ipsa</span> <span class='ocrx_word' id='word_1_272' title='bbox 2264 3030 2360 3098; x_wconf 90' lang='lat' dir='ltr'>rei</span> <span class='ocrx_word' id='word_1_273' title='bbox 2402 3030 2700 3097; x_wconf 91' lang='lat' dir='ltr'>immen-</span> 
     </span>
     <span class='ocr_line' id='line_1_32' title="bbox 161 3118 2695 3209; baseline 0 -22"><span class='ocrx_word' id='word_1_274' title='bbox 161 3118 338 3189; x_wconf 87' lang='lat' dir='ltr'>sitate</span> <span class='ocrx_word' id='word_1_275' title='bbox 391 3121 760 3191; x_wconf 89' lang='lat' dir='ltr'>deterreor.</span> <span class='ocrx_word' id='word_1_276' title='bbox 817 3121 1167 3209; x_wconf 89' lang='lat' dir='ltr'>Perpendo</span> <span class='ocrx_word' id='word_1_277' title='bbox 1227 3119 1487 3208; x_wconf 88' lang='lat' dir='ltr'>quippe</span> <span class='ocrx_word' id='word_1_278' title='bbox 1556 3118 1742 3206; x_wconf 91' lang='lat' dir='ltr'>quod</span> <span class='ocrx_word' id='word_1_279' title='bbox 1807 3120 2000 3187; x_wconf 91' lang='lat' dir='ltr'>omni</span> <span class='ocrx_word' id='word_1_280' title='bbox 2047 3123 2215 3188; x_wconf 72' lang='lat' dir='ltr'>cura</span> <span class='ocrx_word' id='word_1_281' title='bbox 2264 3118 2695 3209; x_wconf 87' lang='lat' dir='ltr'>vigilandum</span> 
     </span>
     <span class='ocr_line' id='line_1_33' title="bbox 159 3208 2701 3299; baseline -0 -23"><span class='ocrx_word' id='word_1_282' title='bbox 159 3219 272 3287; x_wconf 81' lang='lat' dir='ltr'>est,</span> <span class='ocrx_word' id='word_1_283' title='bbox 325 3224 397 3278; x_wconf 90' lang='lat' dir='ltr'>ut</span> <span class='ocrx_word' id='word_1_284' title='bbox 443 3222 666 3279; x_wconf 89' lang='lat' dir='ltr'>rector</span> <span class='ocrx_word' id='word_1_285' title='bbox 702 3210 1111 3299; x_wconf 86' lang='lat' dir='ltr'>cogitatione</span> <span class='ocrx_word' id='word_1_286' title='bbox 1148 3208 1236 3277; x_wconf 90' lang='lat' dir='ltr'>sit</span> <span class='ocrx_word' id='word_1_287' title='bbox 1287 3208 1615 3289; x_wconf 87' lang='lat' dir='ltr'>mundus,</span> <span class='ocrx_word' id='word_1_288' title='bbox 1655 3209 2049 3298; x_wconf 89' lang='lat' dir='ltr'>operatione</span> <span class='ocrx_word' id='word_1_289' title='bbox 2100 3208 2540 3298; x_wconf 79' lang='lat' dir='ltr'>praecipuus.</span> <span class='ocrx_word' id='word_1_290' title='bbox 2596 3208 2701 3275; x_wconf 92' lang='lat' dir='ltr'>di-</span> 
     </span>
     <span class='ocr_line' id='line_1_34' title="bbox 161 3294 2697 3386; baseline 0 -23"><span class='ocrx_word' id='word_1_291' title='bbox 161 3310 406 3367; x_wconf 88' lang='lat' dir='ltr'>scretus</span> <span class='ocrx_word' id='word_1_292' title='bbox 445 3300 515 3367; x_wconf 89' lang='lat' dir='ltr'>in</span> <span class='ocrx_word' id='word_1_293' title='bbox 553 3299 852 3375; x_wconf 87' lang='lat' dir='ltr'>silentio,</span> <span class='ocrx_word' id='word_1_294' title='bbox 906 3298 1097 3367; x_wconf 90' lang='lat' dir='ltr'>utilis</span> <span class='ocrx_word' id='word_1_295' title='bbox 1145 3298 1215 3365; x_wconf 91' lang='lat' dir='ltr'>in</span> <span class='ocrx_word' id='word_1_296' title='bbox 1269 3297 1497 3377; x_wconf 80' lang='lat' dir='ltr'>verbO,</span> <span class='ocrx_word' id='word_1_297' title='bbox 1570 3294 1868 3386; x_wconf 88' lang='lat' dir='ltr'>singulis</span> <span class='ocrx_word' id='word_1_298' title='bbox 1927 3297 2409 3386; x_wconf 86' lang='lat' dir='ltr'>compassione</span> <span class='ocrx_word' id='word_1_299' title='bbox 2466 3296 2697 3386; x_wconf 87' lang='lat' dir='ltr'>proxi-</span> 
     </span>
     <span class='ocr_line' id='line_1_35' title="bbox 164 3384 2696 3477; baseline 0.001 -25"><span class='ocrx_word' id='word_1_300' title='bbox 164 3405 330 3467; x_wconf 80' lang='lat' dir='ltr'>muS,</span> <span class='ocrx_word' id='word_1_301' title='bbox 381 3410 539 3477; x_wconf 90' lang='lat' dir='ltr'>prae</span> <span class='ocrx_word' id='word_1_302' title='bbox 587 3388 857 3457; x_wconf 89' lang='lat' dir='ltr'>cunctis</span> <span class='ocrx_word' id='word_1_303' title='bbox 894 3387 963 3455; x_wconf 89' lang='lat' dir='ltr'>in</span> <span class='ocrx_word' id='word_1_304' title='bbox 1016 3385 1592 3475; x_wconf 88' lang='lat' dir='ltr'>contemplatione</span> <span class='ocrx_word' id='word_1_305' title='bbox 1641 3407 2048 3475; x_wconf 88' lang='lat' dir='ltr'>suspensus,</span> <span class='ocrx_word' id='word_1_306' title='bbox 2106 3386 2279 3455; x_wconf 88' lang='lat' dir='ltr'>bene</span> <span class='ocrx_word' id='word_1_307' title='bbox 2329 3384 2696 3474; x_wconf 82' lang='lat' dir='ltr'>agentibus</span> 
     </span>
     <span class='ocr_line' id='line_1_36' title="bbox 166 3473 2695 3563; baseline 0 -22"><span class='ocrx_word' id='word_1_308' title='bbox 166 3492 277 3560; x_wconf 85' lang='lat' dir='ltr'>per</span> <span class='ocrx_word' id='word_1_309' title='bbox 336 3476 793 3546; x_wconf 89' lang='lat' dir='ltr'>humilitatem</span> <span class='ocrx_word' id='word_1_310' title='bbox 863 3476 1128 3556; x_wconf 78' lang='lat' dir='ltr'>sociu5‚</span> <span class='ocrx_word' id='word_1_311' title='bbox 1183 3488 1421 3545; x_wconf 89' lang='lat' dir='ltr'>contra</span> <span class='ocrx_word' id='word_1_312' title='bbox 1490 3474 2040 3560; x_wconf 90' lang='lat' dir='ltr'>delinquentium</span> <span class='ocrx_word' id='word_1_313' title='bbox 2092 3474 2251 3543; x_wconf 90' lang='lat' dir='ltr'>vitia</span> <span class='ocrx_word' id='word_1_314' title='bbox 2304 3497 2424 3563; x_wconf 88' lang='lat' dir='ltr'>per</span> <span class='ocrx_word' id='word_1_315' title='bbox 2472 3473 2695 3542; x_wconf 84' lang='lat' dir='ltr'>zelum</span> 
     </span>
     <span class='ocr_line' id='line_1_37' title="bbox 165 3562 2698 3653; baseline 0 -24"><span class='ocrx_word' id='word_1_316' title='bbox 165 3564 575 3634; x_wconf 86' lang='lat' dir='ltr'>rectitudinis</span> <span class='ocrx_word' id='word_1_317' title='bbox 622 3576 1022 3635; x_wconf 79' lang='lat' dir='ltr'>erectuS...»</span> <span class='ocrx_word' id='word_1_318' title='bbox 1057 3579 1121 3634; x_wconf 92' lang='lat' dir='ltr'>et</span> <span class='ocrx_word' id='word_1_319' title='bbox 1153 3576 1419 3634; x_wconf 91' lang='lat' dir='ltr'>caetera</span> <span class='ocrx_word' id='word_1_320' title='bbox 1468 3585 1644 3650; x_wconf 88' lang='lat' dir='ltr'>quae</span> <span class='ocrx_word' id='word_1_321' title='bbox 1681 3563 1887 3633; x_wconf 90' lang='lat' dir='ltr'>latius</span> <span class='ocrx_word' id='word_1_322' title='bbox 1936 3574 2087 3653; x_wconf 88' lang='lat' dir='ltr'>post</span> <span class='ocrx_word' id='word_1_323' title='bbox 2120 3564 2190 3631; x_wconf 87' lang='lat' dir='ltr'>in</span> <span class='ocrx_word' id='word_1_324' title='bbox 2242 3562 2416 3631; x_wconf 90' lang='lat' dir='ltr'>libro</span> <span class='ocrx_word' id='word_1_325' title='bbox 2466 3568 2698 3631; x_wconf 85' lang='lat' dir='ltr'>Pasto-</span> 
     </span>
     <span class='ocr_line' id='line_1_38' title="bbox 165 3650 783 3741; baseline 0.011 -24"><span class='ocrx_word' id='word_1_326' title='bbox 165 3650 286 3718; x_wconf 85' lang='lat' dir='ltr'>rali</span> <span class='ocrx_word' id='word_1_327' title='bbox 333 3656 783 3741; x_wconf 90' lang='lat' dir='ltr'>prosequitur.</span> 
     </span>
    </p>

    <p class='ocr_par' dir='ltr' id='par_1_4' title="bbox 169 3741 2699 4365">
     <span class='ocr_line' id='line_1_39' title="bbox 245 3741 2696 3830; baseline -0.002 -16"><span class='ocrx_word' id='word_1_328' title='bbox 245 3741 389 3825; x_wconf 61' lang='grc' dir='ltr'>ἓιι.</span> <span class='ocrx_word' id='word_1_329' title='bbox 442 3749 787 3813; x_wconf 88' lang='lat' dir='ltr'>Praeterea</span> <span class='ocrx_word' id='word_1_330' title='bbox 835 3743 999 3829; x_wconf 86' lang='lat' dir='ltr'>quia</span> <span class='ocrx_word' id='word_1_331' title='bbox 1046 3745 1261 3823; x_wconf 77' lang='lat' dir='ltr'>corde,</span> <span class='ocrx_word' id='word_1_332' title='bbox 1324 3741 1570 3829; x_wconf 89' lang='lat' dir='ltr'>inquit,</span> <span class='ocrx_word' id='word_1_333' title='bbox 1626 3744 1924 3811; x_wconf 72' lang='lat' dir='ltr'>creditur</span> <span class='ocrx_word' id='word_1_334' title='bbox 1984 3742 2074 3809; x_wconf 84' lang='lat' dir='ltr'>ad</span> <span class='ocrx_word' id='word_1_335' title='bbox 2117 3742 2466 3830; x_wconf 71' lang='lat' dir='ltr'>justitiam</span> <span class='ocrx_word' id='word_1_336' title='bbox 2499 3766 2521 3808; x_wconf 92' lang='grc'>.·</span> <span class='ocrx_word' id='word_1_337' title='bbox 2583 3763 2696 3809; x_wconf 78' lang='lat' dir='ltr'>ore</span> 
     </span>
     <span class='ocr_line' id='line_1_40' title="bbox 169 3827 2699 3923; baseline 0.002 -31"><span class='ocrx_word' id='word_1_338' title='bbox 169 3839 372 3900; x_wconf 67' lang='lat' dir='ltr'>autem.</span> <span class='ocrx_word' id='word_1_339' title='bbox 399 3837 715 3921; x_wconf 79' lang='lat' dir='ltr'>consessio</span> <span class='ocrx_word' id='word_1_340' title='bbox 742 3836 819 3923; x_wconf 80' lang='lat' dir='ltr'>fit</span> <span class='ocrx_word' id='word_1_341' title='bbox 853 3834 942 3901; x_wconf 80' lang='lat' dir='ltr'>ad</span> <span class='ocrx_word' id='word_1_342' title='bbox 969 3831 1497 3920; x_wconf 70' lang='lat' dir='ltr'>salutem-(Rom.</span> <span class='ocrx_word' id='word_1_343' title='bbox 1536 3831 1629 3920; x_wconf 82' lang='lat' dir='ltr'>x):</span> <span class='ocrx_word' id='word_1_344' title='bbox 1666 3832 1843 3901; x_wconf 87' lang='lat' dir='ltr'>sicut</span> <span class='ocrx_word' id='word_1_345' title='bbox 1889 3828 2107 3899; x_wconf 89' lang='lat' dir='ltr'>sancti</span> <span class='ocrx_word' id='word_1_346' title='bbox 2142 3827 2492 3918; x_wconf 88' lang='lat' dir='ltr'>Evangelii</span> <span class='ocrx_word' id='word_1_347' title='bbox 2523 3851 2699 3915; x_wconf 89' lang='lat' dir='ltr'>qua-</span> 
     </span>
     <span class='ocr_line' id='line_1_41' title="bbox 173 3916 2689 4013; baseline 0.002 -33"><span class='ocrx_word' id='word_1_348' title='bbox 173 3923 309 4013; x_wconf 78' lang='lat' dir='ltr'>tuor</span> <span class='ocrx_word' id='word_1_349' title='bbox 352 3920 582 4003; x_wconf 64' lang='lat' dir='ltr'>libros»,</span> <span class='ocrx_word' id='word_1_350' title='bbox 619 3923 717 3991; x_wconf 89' lang='lat' dir='ltr'>sic</span> <span class='ocrx_word' id='word_1_351' title='bbox 765 3933 1060 4009; x_wconf 89' lang='lat' dir='ltr'>quatuor</span> <span class='ocrx_word' id='word_1_352' title='bbox 1093 3920 1394 3990; x_wconf 83' lang='lat' dir='ltr'>Concilia</span> <span class='ocrx_word' id='word_1_353' title='bbox 1444 3921 1796 4010; x_wconf 90' lang='lat' dir='ltr'>suscipere</span> <span class='ocrx_word' id='word_1_354' title='bbox 1843 3933 1908 3988; x_wconf 90' lang='lat' dir='ltr'>et</span> <span class='ocrx_word' id='word_1_355' title='bbox 1941 3918 2251 3987; x_wconf 89' lang='lat' dir='ltr'>venerari</span> <span class='ocrx_word' id='word_1_356' title='bbox 2280 3939 2387 3986; x_wconf 90' lang='lat' dir='ltr'>me</span> <span class='ocrx_word' id='word_1_357' title='bbox 2417 3916 2689 3986; x_wconf 73' lang='lat' dir='ltr'>fateor*:</span> 
     </span>
     <span class='ocr_line' id='line_1_42' title="bbox 181 4004 2696 4100; baseline 0.003 -33"><span class='ocrx_word' id='word_1_358' title='bbox 181 4004 470 4079; x_wconf 71' lang='lat' dir='ltr'>Nicenum</span> <span class='ocrx_word' id='word_1_359' title='bbox 521 4010 804 4090; x_wconf 87' lang='lat' dir='ltr'>scilicet,</span> <span class='ocrx_word' id='word_1_360' title='bbox 862 4012 931 4079; x_wconf 91' lang='lat' dir='ltr'>in</span> <span class='ocrx_word' id='word_1_361' title='bbox 966 4032 1101 4096; x_wconf 88' lang='lat' dir='ltr'>quo</span> <span class='ocrx_word' id='word_1_362' title='bbox 1136 4010 1310 4085; x_wconf 84' lang='lat' dir='ltr'>Arrii</span> <span class='ocrx_word' id='word_1_363' title='bbox 1352 4032 1752 4100; x_wconf 89' lang='lat' dir='ltr'>perversum</span> <span class='ocrx_word' id='word_1_364' title='bbox 1797 4008 2048 4098; x_wconf 88' lang='lat' dir='ltr'>dogma</span> <span class='ocrx_word' id='word_1_365' title='bbox 2079 4007 2480 4077; x_wconf 73' lang='lat' dir='ltr'>destruitur:</span> <span class='ocrx_word' id='word_1_366' title='bbox 2523 4012 2696 4076; x_wconf 81' lang='lat' dir='ltr'>Con-</span> 
     </span>
     <span class='ocr_line' id='line_1_43' title="bbox 187 4096 2692 4189; baseline 0.002 -30"><span class='ocrx_word' id='word_1_367' title='bbox 187 4097 831 4189; x_wconf 81' lang='lat' dir='ltr'>stantinopolitanum</span> <span class='ocrx_word' id='word_1_368' title='bbox 896 4121 1205 4186; x_wconf 91' lang='lat' dir='ltr'>quoque,</span> <span class='ocrx_word' id='word_1_369' title='bbox 1261 4100 1331 4167; x_wconf 90' lang='lat' dir='ltr'>in</span> <span class='ocrx_word' id='word_1_370' title='bbox 1380 4121 1516 4186; x_wconf 91' lang='lat' dir='ltr'>quo</span> <span class='ocrx_word' id='word_1_371' title='bbox 1581 4098 1904 4167; x_wconf 89' lang='lat' dir='ltr'>Eunomii</span> <span class='ocrx_word' id='word_1_372' title='bbox 1953 4110 2017 4165; x_wconf 93' lang='lat' dir='ltr'>et</span> <span class='ocrx_word' id='word_1_373' title='bbox 2062 4096 2438 4165; x_wconf 83' lang='lat' dir='ltr'>Macedonii</span> <span class='ocrx_word' id='word_1_374' title='bbox 2500 4118 2692 4164; x_wconf 90' lang='lat' dir='ltr'>error</span> 
     </span>
     <span class='ocr_line' id='line_1_44' title="bbox 191 4185 2694 4282; baseline 0.001 -34"><span class='ocrx_word' id='word_1_375' title='bbox 191 4186 612 4282; x_wconf 54' lang='lat' dir='ltr'>ponyfincitur:</span> <span class='ocrx_word' id='word_1_376' title='bbox 666 4188 1085 4279; x_wconf 87' lang='lat' dir='ltr'>Ephesinum</span> <span class='ocrx_word' id='word_1_377' title='bbox 1136 4189 1338 4258; x_wconf 87' lang='lat' dir='ltr'>etiam</span> <span class='ocrx_word' id='word_1_378' title='bbox 1392 4188 1723 4278; x_wconf 89' lang='lat' dir='ltr'>primum,</span> <span class='ocrx_word' id='word_1_379' title='bbox 1761 4187 1831 4255; x_wconf 89' lang='lat' dir='ltr'>in</span> <span class='ocrx_word' id='word_1_380' title='bbox 1863 4209 2001 4273; x_wconf 94' lang='lat' dir='ltr'>quo</span> <span class='ocrx_word' id='word_1_381' title='bbox 2043 4185 2330 4255; x_wconf 89' lang='lat' dir='ltr'>Nestorii</span> <span class='ocrx_word' id='word_1_382' title='bbox 2373 4185 2694 4274; x_wconf 88' lang='lat' dir='ltr'>impietas</span> 
     </span>
     <span class='ocr_line' id='line_1_45' title="bbox 189 4270 2691 4365; baseline -0.003 -17"><span class='ocrx_word' id='word_1_383' title='bbox 189 4270 524 4348; x_wconf 70' lang='lat' dir='ltr'>ludicatur:</span> <span class='ocrx_word' id='word_1_384' title='bbox 604 4277 1153 4348; x_wconf 72' lang='lat' dir='ltr'>chalcedonense</span> <span class='ocrx_word' id='word_1_385' title='bbox 1229 4300 1431 4359; x_wconf 80' lang='lat' dir='ltr'>vem,</span> <span class='ocrx_word' id='word_1_386' title='bbox 1500 4276 1570 4345; x_wconf 91' lang='lat' dir='ltr'>in</span> <span class='ocrx_word' id='word_1_387' title='bbox 1617 4298 1781 4364; x_wconf 46' lang='lat' dir='ltr'>„quo</span> <span class='ocrx_word' id='word_1_388' title='bbox 1841 4275 2173 4365; x_wconf 79' lang='lat' dir='ltr'>Eutychis</span> <span class='ocrx_word' id='word_1_389' title='bbox 2250 4274 2691 4360; x_wconf 84' lang='lat' dir='ltr'>Dioscorique</span> 
     </span>
    </p>
   </div>
   <div class='ocr_carea' id='block_1_3' title="bbox 238 4462 2568 4524">
    <p class='ocr_par' dir='ltr' id='par_1_5' title="bbox 238 4462 2568 4524">
     <span class='ocr_line' id='line_1_46' title="bbox 238 4462 2568 4524; baseline -0.003 -10"><span class='ocrx_word' id='word_1_390' title='bbox 238 4462 258 4485; x_wconf 81' lang='lat'>⁸</span> <span class='ocrx_word' id='word_1_391' title='bbox 277 4468 461 4514; x_wconf 67' lang='lat' dir='ltr'>Quatuor</span> <span class='ocrx_word' id='word_1_392' title='bbox 479 4474 688 4515; x_wconf 66' lang='lat' dir='ltr'>concilia</span> <span class='ocrx_word' id='word_1_393' title='bbox 707 4474 1015 4515; x_wconf 60' lang='lat' dir='ltr'>oecumenico</span> <span class='ocrx_word' id='word_1_394' title='bbox 1031 4473 1204 4523; x_wconf 79' lang='lat' dir='ltr'>qulbus</span> <span class='ocrx_word' id='word_1_395' title='bbox 1223 4474 1278 4514; x_wconf 84' lang='lat' dir='ltr'>ut</span> <span class='ocrx_word' id='word_1_396' title='bbox 1296 4473 1566 4524; x_wconf 79' lang='lat' dir='ltr'>Evangelils</span> <span class='ocrx_word' id='word_1_397' title='bbox 1592 4473 1708 4513; x_wconf 80' lang='lat' dir='ltr'>fides</span> <span class='ocrx_word' id='word_1_398' title='bbox 1723 4473 2000 4520; x_wconf 78' lang='lat' dir='ltr'>adhibenda,</span> <span class='ocrx_word' id='word_1_399' title='bbox 2020 4473 2069 4513; x_wconf 81' lang='lat' dir='ltr'>et.</span> <span class='ocrx_word' id='word_1_400' title='bbox 2090 4472 2147 4512; x_wconf 81' lang='lat' dir='ltr'>ad</span> <span class='ocrx_word' id='word_1_401' title='bbox 2167 4470 2280 4520; x_wconf 81' lang='lat' dir='ltr'>quid</span> <span class='ocrx_word' id='word_1_402' title='bbox 2300 4468 2568 4510; x_wconf 70' lang='lat' dir='ltr'>convocata..</span> 
     </span>
    </p>
   </div>
  </div>
 </body>
</html>
