3327 4999
692 348 820 414 502
1489 371 1566 417 m:
1615 372 1670 418 s.
1726 370 2010 419 mnemio
2058 368 2255 418 muse.
2755 347 3000 413 MART.
3059 347 3162 411 26

605 454 895 519 Romam
948 450 1059 519 Dei
1112 449 1405 519 dilectus
1471 472 1751 541 pergere
1799 451 2141 543 cogitavit.
2195 448 2388 533 Quod
2439 447 2720 536 quidem
2775 447 2921 536 jam
2980 445 3159 514 olim

603 551 834 608 votum
888 538 1204 619 babebat,
1251 538 1366 608 sed
1404 561 1537 607 non
1570 541 1765 630 prius
1813 541 1875 609 ei
1908 541 2174 609 occasio
2211 551 2277 608 et
2316 539 2510 608 locus
2544 535 2875 637 provenit.
2913 539 3164 634 Itaque

604 649 840 697 assum
901 638 964 696 to
1014 649 1248 696 secum
1313 626 1517 696 fratre
1566 628 1981 718 Hildigrimo
2028 629 2148 715 qui
2207 639 2375 696 natu
2414 626 2671 715 junior,
2724 624 3038 692 doctrina
3086 635 3165 691 et

605 738 847 805 exemp
883 716 939 785 is
987 716 1137 804 ejus
1180 716 1686 797 instituebatur,
1744 723 2054 797 Romam,
2113 730 2188 785 ut
2226 716 2700 805 disposuerat,
2771 710 3156 781 contendit.

604 810 750 886 Quo
799 826 958 872 cum
1009 804 1270 875 Christo
1317 804 1465 872 viae
1512 806 1760 874 comite
1793 828 1951 896 pros
2004 827 2116 875 ere
2164 804 2602 895 pervenisset,
2644 800 2739 869 ibi
2778 821 2937 869 cum
2970 805 3164 889 Papa

606 898 824 960 Leone
870 891 926 971 ¹⁴,
984 892 1100 979 qui
1147 906 1308 961 tunc
1357 893 1806 983 Apostolicam
1873 917 1941 962 se
1997 916 2104 961 em
2169 893 2621 983 gubernabat,
2678 889 2971 987 locutus,
3027 889 3161 957 ho—

610 980 895 1049 norifice
941 993 1007 1049 et
1055 982 1350 1071 benigne
1400 982 1565 1052 satis
1635 982 1915 1052 habitus
1978 994 2102 1053 est.
2170 987 2334 1051 Nam
2387 981 2528 1049 sive
2577 989 2955 1068 praesentis
3001 978 3162 1065 ejus

606 1069 990 1137 sanctitatis
1032 1068 1310 1149 intuitu,
1367 1070 1507 1139 sive
1556 1070 1760 1139 insita
1794 1070 2125 1139 divinitus
2158 1069 2450 1138 summis
2481 1065 2952 1137 sacerdotibus
3002 1088 3164 1153 gra-

610 1157 727 1236 tia,
786 1169 1046 1226 tantum
1084 1179 1241 1226 eum
1274 1158 1615 1227 Ecclesiae
1662 1159 2008 1228 doctorem
2061 1157 2369 1228 futurum
2427 1175 2924 1247 praenoscenS,
2977 1155 3163 1222 ami-

607 1245 970 1315 cissimum
1023 1258 1088 1314 et
1136 1245 1758 1316 familiarissimum
1811 1247 2075 1317 habuit.
2132 1252 2306 1315 Sane
2354 1246 2626 1335 cognito
2657 1242 2841 1330 quod
2893 1242 2962 1309 in
2991 1242 3163 1311 hae-

609 1332 892 1402 reditate
927 1345 1208 1424 paterna
1241 1334 1735 1405 monasterium
1787 1350 2183 1405 construere
2248 1334 2597 1424 cogitaret,
2650 1344 2713 1401 et
2762 1331 2949 1422 piam
3007 1332 3162 1422 ejus

607 1422 1026 1491 voluntatem
1078 1423 1571 1512 comprobavit,
1611 1435 1676 1492 et
1724 1446 1890 1494 suae
1920 1423 2440 1502 benedictionis,
2503 1432 2579 1492 ut
2612 1420 2825 1500 fieret,
2853 1422 3160 1489 auctori-

608 1521 812 1580 tatem
864 1509 1176 1579 indulsit.
1236 1512 1553 1598 Datisque
1593 1512 1826 1602 dignis
1874 1512 2248 1581 admodum
2312 1509 2646 1597 reliquiis,
2702 1508 2924 1579 sancti
2973 1508 3164 1578 scili-

607 1612 713 1667 cet
761 1597 1127 1671 Salvatoris
1193 1613 1258 1668 et
1306 1612 1582 1669 sanctae
1645 1602 1757 1669 Dei
1834 1601 2186 1691 genitricis
2245 1600 2493 1668 Mariae
2546 1610 2611 1667 et
2680 1597 3158 1687 Apostolorum

607 1687 943 1777 principis
992 1688 1190 1766 Petri,
1247 1688 1362 1757 sed
1413 1701 1475 1756 et
1516 1688 1811 1758 aliorum
1853 1689 2560 1778 quamplurimorum,
2604 1686 2669 1753 in
2698 1706 2997 1772 quorum
3035 1686 3161 1754 ho-

610 1798 771 1845 nore
821 1776 1015 1845 locus
1054 1776 1168 1844 ille
1226 1787 1758 1859 construeretur,
1814 1800 1850 1846 a
1902 1800 1971 1848 se
2008 1799 2204 1857 eum,
2262 1777 2373 1844 Dei
2425 1786 2961 1860 sanctorumque
3009 1776 3160 1863 ejus

607 1875 887 1933 auctum
930 1863 1427 1945 benedictione,
1483 1865 1771 1934 dimisit.
1827 1866 2214 1948 QuiRoma
2263 1865 2640 1953 digreSSUS,
2696 1868 3155 1931 Beneventum

606 1952 692 2021 ad
748 1952 1242 2023 monasterium
1295 1957 1360 2022 S.
1417 1953 1760 2022 Benedicti
1813 1954 2139 2023 tetendit:
2205 1953 2387 2040 quod
2449 1952 2660 2043 abeo
2727 1951 3153 2028 institutum,

607 2040 990 2130 regularem
1031 2042 1440 2131 propensius
1496 2042 1702 2111 vitam
1743 2055 1807 2111 et
1858 2064 2056 2114 nosse
2103 2054 2166 2110 et
2205 2042 2565 2111 observare
2612 2039 3047 2109 credebatur.
3086 2044 3161 2107 Et

604 2131 768 2216 quia
818 2140 1009 2219 pater
1057 2129 1453 2198 monasterii
1507 2152 1753 2220 genere
1804 2131 1936 2200 sibi
1998 2130 2432 2220 propinquus
2495 2141 2661 2210 erat,
2705 2150 2865 2197 cum
2918 2150 2998 2197 eo
3062 2128 3159 2196 lo-

605 2229 830 2300 cutuS‚
867 2218 1141 2287 duobus
1171 2217 1344 2287 inibi
1393 2219 1595 2288 annis
1627 2233 1694 2289 et
1740 2242 1857 2289 sex
1905 2220 2266 2288 mensibus
2315 2218 2588 2286 mansit.
2655 2222 2798 2299 Qua
2849 2216 3160 2306 hospita-

608 2306 817 2376 litatis
867 2306 1250 2395 prolixitate
1290 2305 1553 2394 liquido
1601 2312 1908 2398 apparet,
1979 2307 2077 2376 vel
2130 2307 2456 2394 qualibus
2504 2305 2647 2374 illic
2708 2303 3164 2374 delectaretur

608 2394 963 2485 exemplis,
1021 2395 1122 2463 vel
1173 2407 1507 2482 quantum
1558 2397 1711 2486 ejus
1743 2396 2167 2466 conversatio
2214 2395 2542 2466 fratribus
2573 2393 2934 2483 placuerit.
2972 2400 3158 2475 Quo-

609 2484 812 2554 modo
861 2483 1044 2553 enim
1086 2506 1217 2553 non
1271 2484 1567 2579 placeret
1614 2486 1735 2573 qui
1789 2484 1961 2556 nulli
2020 2508 2090 2556 se
2138 2506 2532 2564 onerosum,
2586 2482 2857 2553 cunctis
2895 2482 3162 2551 amabi-

606 2574 737 2642 lem
794 2575 1151 2664 praebens,
1205 2573 1624 2644 utilissimus
1673 2574 1773 2644 eis
1820 2575 2153 2644 factorum
2226 2594 2511 2642 suorum
2560 2571 2873 2660 exemplo
2922 2570 3162 2641 doctor

605 2662 929 2732 advenit?
976 2661 1328 2748 Siquidem
1376 2674 1626 2732 cuncta
1666 2686 1843 2750 quae
1891 2664 1957 2731 in
2005 2667 2068 2731 S.
2120 2660 2464 2732 Benedicti
2522 2660 2763 2750 regula
2811 2660 3154 2750 legebant,

607 2751 673 2818 in
728 2751 939 2840 hujus
987 2750 1113 2818 viri
1166 2750 1362 2819 sactis
1398 2749 1740 2821 videbant.
1782 2757 2009 2839 Neque
2048 2751 2173 2820 diu
2222 2750 2488 2819 latitare
2545 2749 2788 2838 potuit,
2882 2748 3159 2817 uamvis

607 2841 676 2906 in
726 2838 982 2940 angulo
1033 2837 1433 2909 monasterii
1484 2840 1727 2927 posita,
1786 2853 1969 2910 tanta
2018 2839 2323 2909 lucerna.
2369 2843 2535 2907 Nam
2589 2859 2723 2905 non
2775 2859 2851 2906 so
2884 2858 3002 2905 um
3038 2859 3161 2926 per

607 2934 987 3006 Franciam,
1042 2925 1155 2994 sed
1200 2936 1264 2994 et
1311 2947 1434 3015 per
1482 2927 1748 2997 Italiam
1805 2927 2065 2998 meritis
2110 2928 2259 3016 ejus
2309 2925 2703 3025 divulgatiS‚
2758 2924 2945 2994 fama
2993 2947 3156 2993 san-

604 3015 875 3115 ctitatis·
904 3015 1054 3103 ejus
1101 3013 1185 3082 ad
1246 3036 1449 3083 aures
1512 3037 1785 3104 quoque
1848 3016 2064 3086 Caroli
2126 3021 2597 3106 Imperatorts,
2657 3019 2785 3083 Deo
2836 3013 3098 3082 volente
3135 3069 3149 3094 ,

650 3116 932 3172 ervenit.

603 3126 647 3193 p
694 3194 730 3278 ξ
787 3195 935 3263 13.
993 3190 1133 3259 Sub
1161 3189 1337 3259 idem
1385 3202 1654 3281 tempus
1704 3193 2032 3262 Alcuinus
2080 3214 2286 3280 quem
2338 3192 2661 3282 superius
2721 3192 2786 3258 in
2826 3190 3153 3260 Eboraica

604 3280 873 3348 civitate
911 3279 1261 3349 literarum
1300 3280 1708 3371 magistrum
1760 3303 1908 3351 esse
1956 3280 2283 3362 diximuS,
2338 3280 2423 3348 de
2472 3293 2649 3350 terra
2676 3279 3050 3369 Anglorum
3084 3279 3152 3347 in

607 3368 965 3437 Franciam
1026 3367 1228 3436 venit.
1287 3369 1416 3451 Qui
1479 3392 1638 3438 cum
1691 3392 1730 3439 a
1780 3392 1935 3460 rege
1984 3369 2448 3439 favorabiliter
2495 3380 2671 3440 esset
2736 3379 3098 3457 susceptus
3135 3422 3149 3448 ,

606 3457 972 3543 antiquum
1022 3455 1324 3525 amicum
1370 3479 1504 3526 non
1559 3458 1742 3548 negli
1794 3458 2047 3527 endum
2098 3457 2386 3558 putavit.
2434 3462 2525 3526 Ex
2574 3457 2797 3547 primo
2859 3478 3154 3542 namque

604 3545 936 3615 adventus
986 3545 1090 3614 sui
1144 3557 1447 3634 tempore
1494 3545 1578 3613 de
1628 3552 1725 3615 Lu
1779 3569 1939 3637 gero
1988 3546 2339 3624 solicitus,
2405 3557 2757 3636 comperto
2804 3545 2929 3614 ubi
2976 3557 3151 3614 esset

603 3634 899 3720 quadam
952 3633 1064 3701 die
1113 3633 1289 3702 inter
1362 3632 1732 3703 familiaria
1806 3657 1965 3704 curn
2017 3656 2174 3725 rege
2221 3634 2604 3721 colloquia,
2658 3633 3032 3720 quemdam
3083 3655 3152 3703 se

603 3722 671 3789 in
741 3723 890 3811 ejus
939 3742 1150 3811 regno
1221 3721 1550 3791 clericum
1618 3723 1793 3791 scire
1842 3724 2012 3792 dixit
2080 3723 2199 3808 qui
2254 3733 2405 3813 post
2457 3727 2664 3791 Deum
2744 3735 3150 3808 sanctosque

602 3810 751 3899 ejus
788 3809 960 3878 nulli
1015 3808 1263 3878 melius
1310 3823 1745 3900 competeret,
1800 3833 2007 3898 quam
2049 3811 2211 3879 sibi:
2266 3832 2425 3880 eum
2459 3811 2868 3897 aliquandiu
2917 3832 3148 3879 secum

605 3898 895 3997 legisse:
950 3920 1097 3968 esse
1139 3897 1337 3966 illum
1387 3912 1451 3967 et
1501 3897 1715 3968 literis
1747 3899 2097 3969 eruditum
2148 3911 2213 3968 et
2274 3922 2541 3968 morum
2611 3899 2946 3989 probitate
2997 3921 3154 3970 san·

601 3986 1015 4054 ctissimum:
1074 3986 1300 4075 ipsum
1357 3985 1743 4076 Ludgerum
1780 3988 2026 4068 vocari,
2064 3998 2131 4057 et
2170 4002 2332 4057 tunc
2384 3989 2451 4056 in
2506 3993 2979 4056 Beneventano
3009 4011 3152 4057 rno-

605 4073 901 4143 nasterio
952 4074 1170 4142 sancti
1206 4074 1550 4144 Benedicti
1598 4075 1969 4145 consistere
2019 4075 2221 4145 talem
2264 4077 2525 4157 virum,
2582 4076 2789 4166 regiis
2838 4075 3152 4145 utilitati-

603 4163 736 4231 bus
783 4174 846 4230 et
906 4161 1326 4250 reipublicae
1384 4162 1681 4231 maxime
1761 4164 2224 4254 profuturum:
2290 4187 2496 4253 quem
2553 4176 2617 4233 et
2674 4163 3045 4253 prudentia
3093 4178 3153 4233 et

605 4271 875 4319 morum
914 4249 1220 4339 probitas
1268 4251 1803 4320 commendaret.
1861 4259 2072 4334 Quem
2117 4276 2279 4322 cum
2331 4252 2562 4325 missis
2620 4252 2899 4321 nunciis
2947 4254 3032 4321 ad
3085 4276 3151 4322 se

605 4362 718 4408 rex
787 4338 1068 4407 Carolus
1137 4339 1364 4408 venire
1440 4339 1842 4419 mandaret,
1926 4340 2038 4409 ille
2111 4341 2428 4428 quamvis
2501 4362 2777 4409 omnem
2850 4341 3152 4411 animam

657 4465 682 4493 ’¹‘
712 4465 866 4514 Hujus
895 4464 1099 4505 nominis
1129 4465 1199 4504 111
1228 4465 1310 4513 qui
1340 4465 1513 4504 colitur
1544 4467 1741 4506 sanctus
1769 4466 1851 4507 Die
1880 4467 1988 4506 σιω.
2009 4475 2093 4507 xn.
