3327 4999
632 338 759 403 356
1556 353 1635 400 nn
1684 353 1739 400 s.
1791 352 2079 401 insarno·
2694 335 2941 401 MART.
2998 337 3087 402 49

542 439 777 523 David,
814 440 957 510 noli
1004 440 1242 508 timere
1288 437 1598 528 accipere
1648 438 1929 507 Mariam
1977 437 2343 529 conjugem
2394 445 2610 507 tuam.
2648 437 2840 519 Quod
2893 438 3088 507 enim

543 530 615 601 in
644 548 733 599 ‘ea
779 542 1019 600 natum
1058 539 1181 609 est,
1242 527 1329 596 de
1377 527 1635 615 Spiritu
1684 531 1929 596 Sancto
1974 539 2097 596 est.
2134 532 2369 614 Itaque
2416 536 2694 616 propter
2751 526 2919 597 istas
2969 550 3084 598 ra-

543 620 763 690 tiones
792 618 1203 709 desponsata
1251 627 1352 687 est
1399 615 1610 684 Maria
1652 615 1933 706 Joseph,
1981 616 2081 685 vel
2110 616 2366 716 potiuS,
2405 615 2585 685 sicut
2636 615 2827 705 ponit
2859 621 3087 685 Evan-

538 708 803 800 gelista,
852 706 1019 787 vir0,
1072 706 1187 775 cui
1238 725 1484 773 nomen
1533 714 1678 773 erat
1721 703 2007 793 Joseph.
2053 710 2288 773 Virum
2348 704 2680 785 nominat,
2719 725 2855 774 non
2905 705 3077 805 quia

540 799 855 876 marituS,
892 794 1009 864 sed
1045 792 1228 882 quod
1263 794 1466 864 homo
1490 792 1762 862 virtutis
1791 806 1964 863 erat:
2020 792 2121 861 vel
2154 792 2406 884 potiUS,
2454 791 2619 880 quia
2634 793 2831 883 juxta
2858 792 3084 863 ahum

539 891 719 954 Evan
773 884 1066 964 elistam,
1104 904 1237 951 non
1277 881 1377 951 vir
1422 881 1853 973 simpliciter,
1892 881 2011 951 sed
2059 881 2163 950 vir
2199 882 2349 973 ejus
2394 880 2622 951 dictus
2646 893 2788 952 est:
2827 884 3078 952 merito

538 907 950 1064 appefiatur,
992 971 1176 1058 quod
1226 970 1608 1041 necessarie
1643 980 1945 1061 putatur.
1986 970 2229 1040 Debuit
2275 991 2437 1059 ergo
2485 970 2592 1038 vir
2638 970 2788 1060 ejus
2836 971 3083 1062 appel-

539 1062 694 1141 lari,
755 1060 920 1149 quia
984 1081 1260 1130 necesse
1317 1058 1445 1129 fuit
1491 1069 1557 1128 et
1603 1060 1870 1159 putari:
1924 1059 2104 1128 sicut
2159 1070 2226 1129 et
2271 1072 2463 1149 pater
2520 1058 2887 1129 Salvatoris
2935 1082 3079 1130 non

538 1150 819 1238 quidem
866 1171 1038 1232 esse,
1076 1150 1192 1221 sed
1241 1147 1378 1218 dici
1407 1160 1681 1229 merult,
1717 1157 1794 1217 ut
1841 1160 2198 1238 putaretur
2235 1169 2406 1228 esse,
2460 1146 2730 1218 dicente
2759 1147 2887 1217 hoc
2930 1149 3084 1240 ipso

537 1237 1009 1331 Evangelista:
1060 1244 1143 1308 Et
1190 1240 1331 1328 ipse
1373 1242 1563 1306 lesus
1613 1248 1759 1306 erat
1790 1238 1933 1305 inci
1979 1238 2116 1306 iens
2154 1238 2354 1328 quasi
2387 1259 2718 1305 annorum
2751 1239 3067 1327 ινίῃίηια,

533 1340 613 1399 ut
650 1330 1047 1421 putabatur,
1080 1328 1266 1417 filius
1295 1327 1539 1417 Joseplz
1564 1329 1822 1412 (Lucae
1851 1347 1922 1394 111
1964 1380 1974 1390 .
2012 1331 2143 1396 Nec
2172 1326 2272 1394 vir
2300 1347 2464 1416 ergo
2493 1326 2757 1407 matri5‚
2796 1348 2919 1396 nec
2950 1326 3079 1395 tilii

535 1429 730 1510 pater
765 1415 1001 1497 extitit,
1038 1415 1354 1503 quamvis
1397 1425 1577 1484 certa
1614 1413 1724 1504 (ut
1755 1414 2016 1483 dictum
2050 1413 2181 1503 est)
2225 1426 2290 1483 et
2348 1414 2732 1485 necessaria
2782 1414 3070 1506 dispen-

538 1507 799 1576 satione
846 1518 1220 1591 utrumque
1266 1503 1352 1573 ad
1401 1516 1677 1594 tempus
1714 1504 1779 1573 et
1817 1503 2203 1593 appellatus
2251 1503 2338 1572 sit
2383 1514 2447 1571 et
2497 1514 2799 1592 putatus.

627 1598 663 1683 ξ
712 1602 799 1667 ὅ.
855 1592 1124 1694 ConJice
1184 1605 1410 1662 tamen
1459 1613 1540 1661 ex
1588 1592 1715 1661 hac
1762 1590 2244 1682 appellatione,
2298 1613 2460 1679 qua,
2515 1589 2672 1662 licet
2716 1591 3092 1681 dispensa⁴

539 1684 736 1764 toria,
795 1692 1048 1751 meruit
1095 1680 1419 1751 honorari
1466 1703 1506 1750 a
1551 1685 1706 1762 Deo,
1758 1693 1835 1750 ut
1883 1692 2074 1771 pater
2112 1680 2227 1749 Dei
2273 1692 2338 1749 et
2384 1681 2611 1751 dictus
2657 1694 2722 1750 et
2775 1681 3084 1753 creditus

539 1773 651 1842 sit:
703 1771 968 1863 conjice
1013 1783 1204 1841 etex
1254 1769 1532 1860 proprio
1577 1768 1933 1851 vocabulo,
1974 1767 2157 1856 quod
2199 1780 2652 1859 augmentum
2695 1792 2832 1838 non
2879 1770 3085 1839 dubi·

539 1873 648 1931 tas
695 1859 1177 1950 interpretari,
1229 1857 1386 1945 quis
1433 1868 1497 1927 et
1544 1856 1773 1944 qualis
1828 1857 2034 1928 homo
2095 1856 2299 1927 fuerit
2346 1857 2476 1928 iste
2520 1858 2800 1948 Joseph.
2858 1858 3082 1928 Simul

538 1961 604 2020 et
655 1960 997 2020 memento
1046 1949 1283 2048 magni
1329 1945 1523 2017 illius
1566 1947 1919 2034 quondam
1969 1946 2402 2016 Patriarchae
2437 1946 2692 2016 venditi
2738 1947 2808 2016 in
2857 1950 3083 2039 Aegy-

539 2050 679 2131 pte,
733 2038 1002 2109 et-scito
1052 2039 1275 2128 ipsms
1320 2036 1528 2105 istum
1565 2057 1702 2106 non
1754 2035 1978 2105 solum
2018 2034 2428 2105 vocabulum
2466 2033 2677 2105 fuisse
2724 2037 3071 2117 sortitum,

543 2127 662 2199 sed
710 2140 776 2198 et
822 2125 1298 2196 castimoniam
1349 2123 1676 2214 adeptum
1711 2181 1727 2206 ‚
1794 2125 2261 2195 innocentiam
2322 2138 2768 2210 assequutum
2819 2136 2883 2194 et
2931 2147 3082 2216 gra-

537 2217 729 2286 tiam.
787 2215 1137 2302 Siquidem
1186 2212 1301 2282 ille
1345 2213 1598 2303 Joseph
1634 2212 1949 2284 'fraterna
1997 2236 2077 2283 ex
2123 2211 2382 2282 invidia
2430 2213 2783 2294 vendituS‚
2835 2225 2903 2283 et
2949 2214 3083 2282 du-

536 2315 689 2375 ctus
737 2305 808 2373 in
857 2310 1258 2396 Aegyptum,
1296 2301 1542 2372 Christi
1588 2303 2049 2372 venditionem
2103 2301 2611 2393 praefiguravit.
2652 2306 2786 2373 Iste
2816 2303 3081 2393 Josepli

537 2393 998 2462 Herodianam
1049 2391 1382 2461 invidiam
1432 2390 1729 2480 fugiens,
1785 2390 2130 2461 Christum
2189 2390 2257 2458 in
2309 2396 2684 2481 Aegyptum
2751 2393 3070 2482 portavit.

536 2481 661 2552 Ille
708 2481 989 2553 domino
1037 2504 1162 2553 suo
1211 2480 1419 2550 fidem
1470 2502 1772 2561 servans,
1813 2479 2134 2549 dominae
2181 2479 2403 2550 noluit
2447 2480 2902 2551 commisceri.
2941 2485 3080 2551 Iste

536 2571 892 2641 dominam
944 2594 1144 2641 suam
1195 2567 1464 2638 Domini
1505 2568 1616 2638 sui
1657 2580 1943 2639 matrem
1998 2570 2327 2659 virginem
2379 2591 2413 2637 a
2473 2591 2785 2651 noscens,
2820 2583 2886 2640 et
2923 2570 3081 2660 ipse

535 2660 898 2732 continens
963 2659 1254 2729 fideliter
1316 2655 1709 2727 custodivit.
1781 2658 1889 2726 Illi
1946 2657 2103 2727 data
2150 2669 2250 2727 est
2298 2657 2436 2727 inte
2469 2657 2753 2749 ligentia
2799 2658 2868 2726 in
2921 2680 3074 2747 my-

534 2750 761 2819 steriis
800 2748 1254 2818 somniorum.
1288 2745 1407 2814 Isti
1435 2744 1672 2814 datum
1715 2759 1816 2816 est
1849 2746 2202 2816 conscium
2241 2746 2390 2815 sieri
2421 2760 2623 2833 atque
2665 2746 3074 2838 participem

532 2837 931 2909 coelestium
980 2846 1594 2906 sacramentorum.
1648 2833 1772 2904 Ille
1819 2835 2165 2905 frumenta
2217 2836 2504 2925 servavit
2563 2857 2699 2905 non
2750 2835 2906 2916 sibi,
2950 2835 3075 2905 sed

531 2927 725 2997 omni
772 2924 1051 3016 populo
1096 2930 1229 2994 Iste
1276 2944 1523 3013 panem
1572 2923 1804 2991 vivum
1853 2946 1889 2993 e
1936 2923 2123 2994 coelo
2164 2924 2579 2995 servandum
2625 2924 2890 3015 accepit
2927 2935 3074 2993 tam

534 3015 692 3096 sibi,
745 3036 953 3102 quam
1003 3013 1123 3083 toti
1172 3010 1458 3081 mundo.
1514 3015 1657 3080 Non
1705 3023 1808 3081 est
1859 3013 2177 3093 dubium,
2230 3012 2396 3099 quin
2450 3013 2675 3082 bonus
2721 3024 2786 3082 et
2834 3012 3068 3082 fidelis

531 3104 740 3173 homo
787 3101 991 3172 fuerit
1037 3101 1162 3171 iste
1206 3100 1484 3190 Joseph‚
1521 3101 1631 3169 cui
1678 3113 1893 3170 mater
1925 3101 2337 3192 desponsata
2384 3113 2486 3172 est
2535 3101 2924 3173 Salvatoris.
2966 3101 3073 3170 Fi-

533 3191 736 3263 delis.
786 3192 1096 3277 inquam,
1151 3211 1385 3260 servus
1433 3200 1498 3258 et
1545 3190 1874 3278 prudens,
1911 3211 2118 3276 quem
2153 3188 2505 3260 constituit
2541 3190 2872 3259 Dominus
2903 3212 3074 3260 suae

535 3280 780 3350 matris
827 3277 1174 3360 solatium,
1220 3300 1385 3352 suae
1422 3278 1652 3348 earnis
1687 3279 2077 3360 nutritium,
2111 3277 2358 3349 -solum
2403 3279 2700 3366 denique
2748 3279 2818 3347 in
2870 3280 3071 3349 terris

533 3368 773 3460 magni
819 3366 1092 3437 consilii
1145 3366 1612 3455 coadjutorem
1662 3366 2177 3437 fidelissimum.

623 3460 660 3545 ξ
709 3462 801 3528 fl.
856 3461 1005 3526 Huc
1053 3455 1315 3526 accedit
1345 3511 1360 3537 ,
1411 3457 1593 3543 quod
1644 3455 1899 3525 dicitur
1944 3455 2157 3525 fuisse
2204 3455 2290 3524 de
2336 3455 2540 3525 domo
2589 3456 2822 3526 David.
2900 3461 3070 3525 Vere

532 3547 718 3616 enim
755 3546 839 3614 de
884 3545 1089 3615 domo
1138 3544 1368 3625 David,
1420 3567 1574 3614 vere
1621 3545 1705 3614 de
1752 3546 1940 3636 regia
1987 3546 2199 3635 stirpe
2244 3544 2596 3614 descendit
2643 3544 2918 3630 viriste
2947 3552 3069 3615 Jo-

535 3636 757 3725 seph‚
806 3633 1054 3704 nobilis
1102 3655 1388 3724 genere,
1447 3644 1673 3702 mente
1723 3633 2040 3704 nobilior.
2118 3631 2324 3703 Plane
2383 3632 2572 3702 filius
2621 3634 2877 3715 David,
2930 3656 3071 3704 non

534 3723 960 3815 degenerans
990 3746 1029 3792 a
1061 3736 1248 3812 patre
1278 3744 1403 3791 suo
1439 3722 1671 3791 David.
1716 3729 2001 3793 Prorsus
2026 3779 2041 3804 ,
2080 3723 2390 3808 inquam,
2437 3721 2626 3794 filius
2658 3723 2893 3804 David,
2931 3745 3070 3792 non

536 3823 804 3883 tantum
853 3833 1080 3891 carne,
1136 3811 1252 3882 sed
1301 3810 1459 3893 fide,
1511 3811 1628 3880 sed
1665 3811 2042 3893 sanctitate,
2075 3811 2192 3884 sed
2241 3810 2619 3880 devotione:
2650 3834 2857 3898 quem
2891 3824 3073 3882 tam-

533 3923 742 3988 quam
791 3900 1080 3970 alterum
1132 3899 1340 3969 David
1389 3900 1722 3971 Dominus
1769 3900 2030 3970 invenit
2076 3899 2459 3971 secundum
2508 3923 2626 3970 cor
2671 3923 2906 3982 suum,
2956 3901 3075 3970 cui

536 4000 681 4060 tuto
727 3989 1179 4059 committeret
1226 3989 1760 4059 secretissimum
1823 4002 2027 4077 atque
2087 3988 2632 4059 sacratissimum
2682 3991 2789 4061 sui
2841 3989 3075 4060 cordis

534 4100 891 4159 arcanum,
930 4077 1044 4147 cui
1080 4090 1427 4164 tamquam
1477 4078 1672 4148 alteri
1721 4077 1930 4147 David
1980 4078 2237 4148 incerta
2282 4088 2348 4144 et
2394 4077 2661 4147 occulta
2693 4079 3077 4178 sapientiae

536 4189 703 4237 suae
751 4166 1229 4248 manifestavit,
1282 4178 1347 4236 et
1393 4166 1580 4236 dedit
1626 4166 1730 4235 illi
1771 4188 1906 4235 non
1941 4167 2263 4258 ignarum
2311 4187 2461 4236 esse
2509 4168 2841 4256 mysterii,
2878 4167 3071 4254 quod

534 4278 737 4327 nemo
786 4255 1183 4347 principum
1232 4255 1448 4343 hujus
1501 4253 1719 4325 seculi
1766 4257 2064 4346 agnovit:
2123 4253 2239 4324 cui
2285 4254 2586 4343 denique
2631 4256 2870 4326 datum
2938 4269 3065 4338 est,

533 4345 717 4433 quod
768 4344 966 4414 multi
1013 4366 1207 4435 reges
1243 4355 1307 4413 et
1346 4344 1716 4435 prophetae
1762 4367 1923 4414 cum
1970 4344 2225 4414 vellent
2259 4342 2509 4426 videre,
2548 4367 2683 4414 non
2714 4345 3064 4415 viderunt:

535 4434 776 4505 audire
822 4445 886 4505 et
933 4455 1067 4503 non
1116 4432 1508 4504 audierunt:
1564 4455 1700 4502 non
1751 4433 1974 4504 solum
2023 4434 2253 4505 videre
2297 4444 2363 4502 et
2411 4434 2676 4517 audire,
2710 4434 2830 4505 sed
2856 4435 3067 4505 etiam
