<?xml version="1.0" encoding="UTF-8"?>
<!DOCTYPE html PUBLIC "-//W3C//DTD XHTML 1.0 Transitional//EN"
    "http://www.w3.org/TR/xhtml1/DTD/xhtml1-transitional.dtd">
<html xmlns="http://www.w3.org/1999/xhtml" xml:lang="en" lang="en">
 <head>
  <title>
</title>
<meta http-equiv="Content-Type" content="text/html;charset=utf-8" />
  <meta name='ocr-system' content='tesseract 3.04.00' />
  <meta name='ocr-capabilities' content='ocr_page ocr_carea ocr_par ocr_line ocrx_word'/>
</head>
<body>
  <div class='ocr_page' id='page_1' title='image "./historiaeseuvit04lippgoog_0172.png"; bbox 0 0 3327 4999; ppageno 0'>
   <div class='ocr_carea' id='block_1_1' title="bbox 704 319 3109 387">
    <p class='ocr_par' dir='ltr' id='par_1_1' title="bbox 704 319 3109 387">
     <span class='ocr_line' id='line_1_1' title="bbox 704 319 3109 387; baseline -0.001 -1"><span class='ocrx_word' id='word_1_1' title='bbox 704 320 832 386; x_wconf 68' lang='lat'>⁴62</span> <span class='ocrx_word' id='word_1_2' title='bbox 1511 337 1591 384; x_wconf 71' lang='grc' dir='ltr'>ως</span> <span class='ocrx_word' id='word_1_3' title='bbox 1637 337 1696 386; x_wconf 90' lang='lat' dir='ltr'>s.</span> <span class='ocrx_word' id='word_1_4' title='bbox 1749 334 2062 386; x_wconf 70' lang='lat' dir='ltr'>ausonio</span> <span class='ocrx_word' id='word_1_5' title='bbox 2107 337 2270 384; x_wconf 71' lang='grc' dir='ltr'><strong>ΡΑΡΑ</strong></span> <span class='ocrx_word' id='word_1_6' title='bbox 2772 319 2995 387; x_wconf 75' lang='lat' dir='ltr'><strong>MART.</strong></span> <span class='ocrx_word' id='word_1_7' title='bbox 3044 319 3109 384; x_wconf 72' lang='lat'>⁴2</span> 
     </span>
    </p>
   </div>
   <div class='ocr_carea' id='block_1_2' title="bbox 597 415 3141 3455">
    <p class='ocr_par' dir='ltr' id='par_1_2' title="bbox 603 415 3125 2021">
     <span class='ocr_line' id='line_1_2' title="bbox 605 415 3111 506; baseline -0.002 -16"><span class='ocrx_word' id='word_1_8' title='bbox 605 443 645 490; x_wconf 66' lang='grc' dir='ltr'>ι</span> <span class='ocrx_word' id='word_1_9' title='bbox 699 419 882 490; x_wconf 81' lang='lat' dir='ltr'>Licet</span> <span class='ocrx_word' id='word_1_10' title='bbox 925 439 1080 499; x_wconf 83' lang='lat' dir='ltr'>eoS,</span> <span class='ocrx_word' id='word_1_11' title='bbox 1131 415 1255 503; x_wconf 92' lang='lat' dir='ltr'>qui</span> <span class='ocrx_word' id='word_1_12' title='bbox 1293 415 1408 506; x_wconf 91' lang='lat' dir='ltr'>pia</span> <span class='ocrx_word' id='word_1_13' title='bbox 1468 416 1847 487; x_wconf 88' lang='lat' dir='ltr'>intentione</span> <span class='ocrx_word' id='word_1_14' title='bbox 1893 415 2358 488; x_wconf 83' lang='lat' dir='ltr'>solicitudinis</span> <span class='ocrx_word' id='word_1_15' title='bbox 2396 438 2641 487; x_wconf 89' lang='lat' dir='ltr'>curam</span> <span class='ocrx_word' id='word_1_16' title='bbox 2681 416 3004 489; x_wconf 90' lang='lat' dir='ltr'>debilibus</span> <span class='ocrx_word' id='word_1_17' title='bbox 3044 439 3111 486; x_wconf 88' lang='lat' dir='ltr'>ac</span> 
     </span>
     <span class='ocr_line' id='line_1_3' title="bbox 604 503 3114 601; baseline -0.001 -23"><span class='ocrx_word' id='word_1_18' title='bbox 604 509 843 601; x_wconf 81' lang='lat' dir='ltr'>egenis</span> <span class='ocrx_word' id='word_1_19' title='bbox 888 505 1327 597; x_wconf 89' lang='lat' dir='ltr'>impendunt,</span> <span class='ocrx_word' id='word_1_20' title='bbox 1366 527 1495 575; x_wconf 90' lang='lat' dir='ltr'>sua</span> <span class='ocrx_word' id='word_1_21' title='bbox 1541 504 1729 597; x_wconf 91' lang='lat' dir='ltr'>apud</span> <span class='ocrx_word' id='word_1_22' title='bbox 1769 527 2010 575; x_wconf 91' lang='lat' dir='ltr'>omnes</span> <span class='ocrx_word' id='word_1_23' title='bbox 2058 505 2277 576; x_wconf 88' lang='lat' dir='ltr'>valeat</span> <span class='ocrx_word' id='word_1_24' title='bbox 2324 505 2503 576; x_wconf 80' lang='lat' dir='ltr'>tueri</span> <span class='ocrx_word' id='word_1_25' title='bbox 2550 505 2848 586; x_wconf 88' lang='lat' dir='ltr'>devotio,</span> <span class='ocrx_word' id='word_1_26' title='bbox 2898 503 3114 575; x_wconf 88' lang='lat' dir='ltr'>melius</span> 
     </span>
     <span class='ocr_line' id='line_1_4' title="bbox 609 594 3115 685; baseline -0.002 -17"><span class='ocrx_word' id='word_1_27' title='bbox 609 610 837 668; x_wconf 87' lang='lat' dir='ltr'>tamen</span> <span class='ocrx_word' id='word_1_28' title='bbox 885 608 1026 675; x_wconf 84' lang='lat' dir='ltr'>est,</span> <span class='ocrx_word' id='word_1_29' title='bbox 1091 594 1152 664; x_wconf 91' lang='lat' dir='ltr'>si</span> <span class='ocrx_word' id='word_1_30' title='bbox 1213 616 1338 685; x_wconf 90' lang='lat' dir='ltr'>pro</span> <span class='ocrx_word' id='word_1_31' title='bbox 1384 594 1612 682; x_wconf 79' lang='lat' dir='ltr'>quiete</span> <span class='ocrx_word' id='word_1_32' title='bbox 1661 616 1789 664; x_wconf 90' lang='lat' dir='ltr'>sua</span> <span class='ocrx_word' id='word_1_33' title='bbox 1840 594 1926 664; x_wconf 91' lang='lat' dir='ltr'>de</span> <span class='ocrx_word' id='word_1_34' title='bbox 1973 595 2084 667; x_wconf 90' lang='lat' dir='ltr'>his</span> <span class='ocrx_word' id='word_1_35' title='bbox 2135 594 2397 664; x_wconf 87' lang='lat' dir='ltr'>fuerint</span> <span class='ocrx_word' id='word_1_36' title='bbox 2439 596 2741 677; x_wconf 89' lang='lat' dir='ltr'>muniti,</span> <span class='ocrx_word' id='word_1_37' title='bbox 2791 616 2956 684; x_wconf 89' lang='lat' dir='ltr'>quae</span> <span class='ocrx_word' id='word_1_38' title='bbox 2989 616 3115 685; x_wconf 87' lang='lat' dir='ltr'>ges-</span> 
     </span>
     <span class='ocr_line' id='line_1_5' title="bbox 603 682 3113 776; baseline -0.002 -19"><span class='ocrx_word' id='word_1_39' title='bbox 603 687 865 767; x_wconf 82' lang='lat' dir='ltr'>serint,</span> <span class='ocrx_word' id='word_1_40' title='bbox 945 705 1033 753; x_wconf 90' lang='lat' dir='ltr'>ne</span> <span class='ocrx_word' id='word_1_41' title='bbox 1096 683 1259 753; x_wconf 93' lang='lat' dir='ltr'>inde</span> <span class='ocrx_word' id='word_1_42' title='bbox 1322 683 1421 752; x_wconf 89' lang='lat' dir='ltr'>eis</span> <span class='ocrx_word' id='word_1_43' title='bbox 1496 683 2003 770; x_wconf 82' lang='lat' dir='ltr'>inquietudinis</span> <span class='ocrx_word' id='word_1_44' title='bbox 2069 684 2383 763; x_wconf 83' lang='lat' dir='ltr'>occasio,</span> <span class='ocrx_word' id='word_1_45' title='bbox 2462 683 2651 754; x_wconf 90' lang='lat' dir='ltr'>unde</span> <span class='ocrx_word' id='word_1_46' title='bbox 2718 685 2928 776; x_wconf 88' lang='lat' dir='ltr'>magis</span> <span class='ocrx_word' id='word_1_47' title='bbox 2983 682 3113 752; x_wconf 89' lang='lat' dir='ltr'>lau-</span> 
     </span>
     <span class='ocr_line' id='line_1_6' title="bbox 604 771 3114 863; baseline -0.002 -18"><span class='ocrx_word' id='word_1_48' title='bbox 604 775 820 845; x_wconf 89' lang='lat' dir='ltr'>dandi</span> <span class='ocrx_word' id='word_1_49' title='bbox 868 783 1052 854; x_wconf 89' lang='lat' dir='ltr'>sunt,</span> <span class='ocrx_word' id='word_1_50' title='bbox 1105 771 1389 842; x_wconf 87' lang='lat' dir='ltr'>oriatur.</span> <span class='ocrx_word' id='word_1_51' title='bbox 1447 773 1622 855; x_wconf 84' lang='lat' dir='ltr'>Quia</span> <span class='ocrx_word' id='word_1_52' title='bbox 1671 772 1884 863; x_wconf 87' lang='lat' dir='ltr'>igitur</span> <span class='ocrx_word' id='word_1_53' title='bbox 1917 783 1979 843; x_wconf 89' lang='lat' dir='ltr'>te</span> <span class='ocrx_word' id='word_1_54' title='bbox 2013 771 2239 843; x_wconf 90' lang='lat' dir='ltr'>virum</span> <span class='ocrx_word' id='word_1_55' title='bbox 2289 771 2694 863; x_wconf 88' lang='lat' dir='ltr'>religiosum</span> <span class='ocrx_word' id='word_1_56' title='bbox 2754 771 3114 843; x_wconf 86' lang='lat' dir='ltr'>intentionis</span> 
     </span>
     <span class='ocr_line' id='line_1_7' title="bbox 604 860 3116 953; baseline -0.003 -19"><span class='ocrx_word' id='word_1_57' title='bbox 604 876 764 935; x_wconf 90' lang='lat' dir='ltr'>tuae</span> <span class='ocrx_word' id='word_1_58' title='bbox 809 860 1039 933; x_wconf 88' lang='lat' dir='ltr'>studio</span> <span class='ocrx_word' id='word_1_59' title='bbox 1095 860 1491 950; x_wconf 88' lang='lat' dir='ltr'>provocati,</span> <span class='ocrx_word' id='word_1_60' title='bbox 1565 862 1828 931; x_wconf 87' lang='lat' dir='ltr'>mensis</span> <span class='ocrx_word' id='word_1_61' title='bbox 1890 884 2027 953; x_wconf 89' lang='lat' dir='ltr'>pau</span> <span class='ocrx_word' id='word_1_62' title='bbox 2079 883 2278 932; x_wconf 92' lang='lat' dir='ltr'>erum</span> <span class='ocrx_word' id='word_1_63' title='bbox 2326 861 2754 931; x_wconf 84' lang='lat' dir='ltr'>exhibendae</span> <span class='ocrx_word' id='word_1_64' title='bbox 2801 863 3116 931; x_wconf 80' lang='lat' dir='ltr'>diaconiae</span> 
     </span>
     <span class='ocr_line' id='line_1_8' title="bbox 603 949 3117 1044; baseline -0.003 -21"><span class='ocrx_word' id='word_1_65' title='bbox 603 952 945 1044; x_wconf 87' lang='lat' dir='ltr'>elegimus</span> <span class='ocrx_word' id='word_1_66' title='bbox 991 950 1602 1041; x_wconf 90' lang='lat' dir='ltr'>praeponendum,</span> <span class='ocrx_word' id='word_1_67' title='bbox 1655 972 1745 1020; x_wconf 91' lang='lat' dir='ltr'>ne</span> <span class='ocrx_word' id='word_1_68' title='bbox 1803 973 1942 1039; x_wconf 91' lang='lat' dir='ltr'>qua</span> <span class='ocrx_word' id='word_1_69' title='bbox 1990 951 2037 1020; x_wconf 88' lang='lat' dir='ltr'>ti</span> <span class='ocrx_word' id='word_1_70' title='bbox 2092 951 2115 1019; x_wconf 92' lang='lat' dir='ltr'>i</span> <span class='ocrx_word' id='word_1_71' title='bbox 2169 972 2249 1019; x_wconf 88' lang='lat' dir='ltr'>ex</span> <span class='ocrx_word' id='word_1_72' title='bbox 2298 951 2427 1020; x_wconf 91' lang='lat' dir='ltr'>hac</span> <span class='ocrx_word' id='word_1_73' title='bbox 2476 965 2803 1022; x_wconf 89' lang='lat' dir='ltr'>nascatur</span> <span class='ocrx_word' id='word_1_74' title='bbox 2852 949 3117 1020; x_wconf 90' lang='lat' dir='ltr'>admini-</span> 
     </span>
     <span class='ocr_line' id='line_1_9' title="bbox 607 1038 3112 1132; baseline -0.003 -21"><span class='ocrx_word' id='word_1_75' title='bbox 607 1041 933 1112; x_wconf 87' lang='lat' dir='ltr'>stratione</span> <span class='ocrx_word' id='word_1_76' title='bbox 987 1039 1329 1120; x_wconf 81' lang='lat' dir='ltr'>dubietaS,</span> <span class='ocrx_word' id='word_1_77' title='bbox 1392 1039 1521 1109; x_wconf 88' lang='lat' dir='ltr'>hac</span> <span class='ocrx_word' id='word_1_78' title='bbox 1581 1051 1646 1109; x_wconf 90' lang='lat' dir='ltr'>te</span> <span class='ocrx_word' id='word_1_79' title='bbox 1707 1040 2095 1110; x_wconf 90' lang='lat' dir='ltr'>munitione</span> <span class='ocrx_word' id='word_1_80' title='bbox 2153 1039 2636 1132; x_wconf 82' lang='lat' dir='ltr'>prospeximus</span> <span class='ocrx_word' id='word_1_81' title='bbox 2695 1038 3112 1111; x_wconf 74' lang='lat' dir='ltr'>fulciendum.</span> 
     </span>
     <span class='ocr_line' id='line_1_10' title="bbox 607 1127 3117 1220; baseline -0.002 -20"><span class='ocrx_word' id='word_1_82' title='bbox 607 1130 1132 1210; x_wconf 78' lang='lat' dir='ltr'>constituenteS,</span> <span class='ocrx_word' id='word_1_83' title='bbox 1197 1139 1278 1199; x_wconf 94' lang='lat' dir='ltr'>ut</span> <span class='ocrx_word' id='word_1_84' title='bbox 1314 1128 1399 1199; x_wconf 90' lang='lat' dir='ltr'>de</span> <span class='ocrx_word' id='word_1_85' title='bbox 1454 1128 1608 1210; x_wconf 91' lang='lat' dir='ltr'>hoc,</span> <span class='ocrx_word' id='word_1_86' title='bbox 1669 1128 1855 1216; x_wconf 91' lang='lat' dir='ltr'>quod</span> <span class='ocrx_word' id='word_1_87' title='bbox 1912 1128 2000 1198; x_wconf 92' lang='lat' dir='ltr'>ad</span> <span class='ocrx_word' id='word_1_88' title='bbox 2056 1150 2344 1200; x_wconf 87' lang='lat' dir='ltr'>mensas</span> <span class='ocrx_word' id='word_1_89' title='bbox 2395 1150 2788 1220; x_wconf 89' lang='lat' dir='ltr'>pauperum</span> <span class='ocrx_word' id='word_1_90' title='bbox 2841 1128 2939 1199; x_wconf 90' lang='lat' dir='ltr'>vel</span> <span class='ocrx_word' id='word_1_91' title='bbox 2993 1127 3117 1195; x_wconf 87' lang='lat' dir='ltr'>dia-</span> 
     </span>
     <span class='ocr_line' id='line_1_11' title="bbox 605 1215 3110 1310; baseline -0.003 -20"><span class='ocrx_word' id='word_1_92' title='bbox 605 1219 847 1290; x_wconf 89' lang='lat' dir='ltr'>coniae</span> <span class='ocrx_word' id='word_1_93' title='bbox 877 1217 1297 1288; x_wconf 83' lang='lat' dir='ltr'>exhibitione</span> <span class='ocrx_word' id='word_1_94' title='bbox 1336 1217 1726 1309; x_wconf 83' lang='lat' dir='ltr'>percepisti,</span> <span class='ocrx_word' id='word_1_95' title='bbox 1761 1217 1904 1287; x_wconf 91' lang='lat' dir='ltr'>sive</span> <span class='ocrx_word' id='word_1_96' title='bbox 1934 1217 2232 1290; x_wconf 89' lang='lat' dir='ltr'>subinde</span> <span class='ocrx_word' id='word_1_97' title='bbox 2270 1215 3110 1310; x_wconf 83' lang='lat' dir='ltr'>perceperis&#39;erogandum‚</span> 
     </span>
     <span class='ocr_line' id='line_1_12' title="bbox 607 1304 3118 1402; baseline -0.002 -24"><span class='ocrx_word' id='word_1_98' title='bbox 607 1308 786 1380; x_wconf 91' lang='lat' dir='ltr'>nulli</span> <span class='ocrx_word' id='word_1_99' title='bbox 831 1329 1143 1395; x_wconf 90' lang='lat' dir='ltr'>unquam</span> <span class='ocrx_word' id='word_1_100' title='bbox 1191 1306 1558 1376; x_wconf 90' lang='lat' dir='ltr'>hominum</span> <span class='ocrx_word' id='word_1_101' title='bbox 1607 1306 1916 1393; x_wconf 86' lang='lat' dir='ltr'>quolibet</span> <span class='ocrx_word' id='word_1_102' title='bbox 1962 1306 2166 1376; x_wconf 92' lang='lat' dir='ltr'>modo</span> <span class='ocrx_word' id='word_1_103' title='bbox 2214 1328 2340 1377; x_wconf 92' lang='lat' dir='ltr'>seu</span> <span class='ocrx_word' id='word_1_104' title='bbox 2386 1306 2665 1397; x_wconf 91' lang='lat' dir='ltr'>ingenio</span> <span class='ocrx_word' id='word_1_105' title='bbox 2712 1304 2977 1399; x_wconf 85' lang='lat' dir='ltr'>cogaris</span> <span class='ocrx_word' id='word_1_106' title='bbox 3019 1325 3118 1402; x_wconf 78' lang='lat' dir='ltr'>po-</span> 
     </span>
     <span class='ocr_line' id='line_1_13' title="bbox 607 1394 3119 1482; baseline -0.002 -16"><span class='ocrx_word' id='word_1_107' title='bbox 607 1420 770 1469; x_wconf 89' lang='lat' dir='ltr'>nere</span> <span class='ocrx_word' id='word_1_108' title='bbox 798 1396 1158 1476; x_wconf 86' lang='lat' dir='ltr'>rationem,</span> <span class='ocrx_word' id='word_1_109' title='bbox 1197 1395 1299 1464; x_wconf 92' lang='lat' dir='ltr'>vel</span> <span class='ocrx_word' id='word_1_110' title='bbox 1336 1396 1642 1482; x_wconf 87' lang='lat' dir='ltr'>aliquam</span> <span class='ocrx_word' id='word_1_111' title='bbox 1693 1394 1946 1466; x_wconf 87' lang='lat' dir='ltr'>debeas</span> <span class='ocrx_word' id='word_1_112' title='bbox 1993 1394 2380 1466; x_wconf 84' lang='lat' dir='ltr'>molestiam</span> <span class='ocrx_word' id='word_1_113' title='bbox 2430 1396 2796 1466; x_wconf 87' lang='lat' dir='ltr'>sustinere.</span> <span class='ocrx_word' id='word_1_114' title='bbox 2836 1395 2957 1466; x_wconf 91' lang='lat' dir='ltr'>Sed</span> <span class='ocrx_word' id='word_1_115' title='bbox 2984 1413 3119 1480; x_wconf 81' lang='lat' dir='ltr'>qma</span> 
     </span>
     <span class='ocr_line' id='line_1_14' title="bbox 605 1484 3122 1579; baseline -0.003 -23"><span class='ocrx_word' id='word_1_116' title='bbox 605 1486 936 1557; x_wconf 88' lang='lat' dir='ltr'>humanis</span> <span class='ocrx_word' id='word_1_117' title='bbox 982 1496 1047 1554; x_wconf 91' lang='lat' dir='ltr'>te</span> <span class='ocrx_word' id='word_1_118' title='bbox 1093 1484 1189 1554; x_wconf 90' lang='lat' dir='ltr'>ita</span> <span class='ocrx_word' id='word_1_119' title='bbox 1235 1485 1561 1555; x_wconf 90' lang='lat' dir='ltr'>omnibus</span> <span class='ocrx_word' id='word_1_120' title='bbox 1608 1504 1760 1556; x_wconf 89' lang='lat' dir='ltr'>esse</span> <span class='ocrx_word' id='word_1_121' title='bbox 1806 1485 2126 1554; x_wconf 88' lang='lat' dir='ltr'>volumus</span> <span class='ocrx_word' id='word_1_122' title='bbox 2172 1484 2560 1555; x_wconf 88' lang='lat' dir='ltr'>rationibus</span> <span class='ocrx_word' id='word_1_123' title='bbox 2607 1485 3018 1563; x_wconf 84' lang='lat' dir='ltr'>absolutum,</span> <span class='ocrx_word' id='word_1_124' title='bbox 3059 1490 3122 1579; x_wconf 79' lang='lat' dir='ltr'>ut</span> 
     </span>
     <span class='ocr_line' id='line_1_15' title="bbox 605 1572 3121 1660; baseline -0.004 -15"><span class='ocrx_word' id='word_1_125' title='bbox 605 1580 741 1645; x_wconf 91' lang='lat' dir='ltr'>Deo</span> <span class='ocrx_word' id='word_1_126' title='bbox 787 1585 1023 1644; x_wconf 91' lang='lat' dir='ltr'>nostro</span> <span class='ocrx_word' id='word_1_127' title='bbox 1069 1573 1156 1643; x_wconf 90' lang='lat' dir='ltr'>de</span> <span class='ocrx_word' id='word_1_128' title='bbox 1204 1574 1354 1656; x_wconf 84' lang='lat' dir='ltr'>his,</span> <span class='ocrx_word' id='word_1_129' title='bbox 1406 1595 1586 1660; x_wconf 92' lang='lat' dir='ltr'>quae</span> <span class='ocrx_word' id='word_1_130' title='bbox 1633 1572 1759 1642; x_wconf 89' lang='lat' dir='ltr'>tibi</span> <span class='ocrx_word' id='word_1_131' title='bbox 1806 1573 2287 1644; x_wconf 90' lang='lat' dir='ltr'>commisimus</span> <span class='ocrx_word' id='word_1_132' title='bbox 2319 1627 2335 1654; x_wconf 95' lang='lat'>,</span> <span class='ocrx_word' id='word_1_133' title='bbox 2390 1573 2723 1645; x_wconf 89' lang='lat' dir='ltr'>rationem</span> <span class='ocrx_word' id='word_1_134' title='bbox 2776 1587 2841 1645; x_wconf 91' lang='lat' dir='ltr'>te</span> <span class='ocrx_word' id='word_1_135' title='bbox 2887 1574 3121 1642; x_wconf 72' lang='lat' dir='ltr'>noveris</span> 
     </span>
     <span class='ocr_line' id='line_1_16' title="bbox 605 1661 3120 1766; baseline -0.004 -32"><span class='ocrx_word' id='word_1_136' title='bbox 605 1663 1036 1766; x_wconf 88' lang='lat' dir='ltr'>positurum:</span> <span class='ocrx_word' id='word_1_137' title='bbox 1089 1663 1472 1744; x_wconf 84' lang='lat' dir='ltr'>hortamur,</span> <span class='ocrx_word' id='word_1_138' title='bbox 1526 1673 1603 1731; x_wconf 90' lang='lat' dir='ltr'>ut</span> <span class='ocrx_word' id='word_1_139' title='bbox 1649 1661 1813 1731; x_wconf 88' lang='lat' dir='ltr'>fidei</span> <span class='ocrx_word' id='word_1_140' title='bbox 1863 1662 1934 1731; x_wconf 90' lang='lat' dir='ltr'>in</span> <span class='ocrx_word' id='word_1_141' title='bbox 1984 1675 2047 1731; x_wconf 90' lang='lat' dir='ltr'>te</span> <span class='ocrx_word' id='word_1_142' title='bbox 2094 1662 2455 1733; x_wconf 84' lang='lat' dir='ltr'>sinceritas</span> <span class='ocrx_word' id='word_1_143' title='bbox 2503 1663 2768 1754; x_wconf 85' lang='lat' dir='ltr'>vigeat:</span> <span class='ocrx_word' id='word_1_144' title='bbox 2823 1663 2909 1735; x_wconf 88' lang='lat' dir='ltr'>sit</span> <span class='ocrx_word' id='word_1_145' title='bbox 2955 1679 3120 1757; x_wconf 78' lang='lat' dir='ltr'>mens</span> 
     </span>
     <span class='ocr_line' id='line_1_17' title="bbox 607 1750 3125 1842; baseline -0.003 -20"><span class='ocrx_word' id='word_1_146' title='bbox 607 1776 680 1822; x_wconf 80' lang='lat' dir='ltr'>in</span> <span class='ocrx_word' id='word_1_147' title='bbox 729 1753 937 1823; x_wconf 89' lang='lat' dir='ltr'>rebus</span> <span class='ocrx_word' id='word_1_148' title='bbox 982 1751 1336 1835; x_wconf 75' lang='lat' dir='ltr'>intentior,</span> <span class='ocrx_word' id='word_1_149' title='bbox 1369 1773 1539 1821; x_wconf 91' lang='lat' dir='ltr'>cura</span> <span class='ocrx_word' id='word_1_150' title='bbox 1567 1752 1998 1842; x_wconf 86' lang='lat' dir='ltr'>propensior,</span> <span class='ocrx_word' id='word_1_151' title='bbox 2052 1750 2363 1824; x_wconf 88' lang='lat' dir='ltr'>studium</span> <span class='ocrx_word' id='word_1_152' title='bbox 2413 1750 2840 1842; x_wconf 88' lang='lat' dir='ltr'>vigilantius,</span> <span class='ocrx_word' id='word_1_153' title='bbox 2892 1751 3125 1819; x_wconf 74' lang='lat' dir='ltr'>devotio</span> 
     </span>
     <span class='ocr_line' id='line_1_18' title="bbox 605 1837 3120 1927; baseline -0.004 -15"><span class='ocrx_word' id='word_1_154' title='bbox 605 1841 883 1923; x_wconf 89' lang='lat' dir='ltr'>clarior,</span> <span class='ocrx_word' id='word_1_155' title='bbox 934 1840 1266 1911; x_wconf 85' lang='lat' dir='ltr'>exhibitio</span> <span class='ocrx_word' id='word_1_156' title='bbox 1311 1839 1690 1910; x_wconf 86' lang='lat' dir='ltr'>efficacior:</span> <span class='ocrx_word' id='word_1_157' title='bbox 1743 1851 2085 1927; x_wconf 90' lang='lat' dir='ltr'>quatenus</span> <span class='ocrx_word' id='word_1_158' title='bbox 2131 1840 2301 1909; x_wconf 87' lang='lat' dir='ltr'>dum</span> <span class='ocrx_word' id='word_1_159' title='bbox 2349 1839 2584 1910; x_wconf 91' lang='lat' dir='ltr'>divino</span> <span class='ocrx_word' id='word_1_160' title='bbox 2632 1841 2825 1912; x_wconf 88' lang='lat' dir='ltr'>intus</span> <span class='ocrx_word' id='word_1_161' title='bbox 2872 1837 3120 1913; x_wconf 84' lang='lat' dir='ltr'>anxilio,</span> 
     </span>
     <span class='ocr_line' id='line_1_19' title="bbox 605 1927 3124 2021; baseline -0.003 -21"><span class='ocrx_word' id='word_1_162' title='bbox 605 1931 737 2000; x_wconf 92' lang='lat' dir='ltr'>hoc</span> <span class='ocrx_word' id='word_1_163' title='bbox 798 1952 976 2021; x_wconf 90' lang='lat' dir='ltr'>opus</span> <span class='ocrx_word' id='word_1_164' title='bbox 1040 1930 1324 2000; x_wconf 84' lang='lat' dir='ltr'>solerter</span> <span class='ocrx_word' id='word_1_165' title='bbox 1371 1927 1801 2019; x_wconf 81' lang='lat' dir='ltr'>impleveriS,</span> <span class='ocrx_word' id='word_1_166' title='bbox 1852 1941 1918 1999; x_wconf 92' lang='lat' dir='ltr'>et</span> <span class='ocrx_word' id='word_1_167' title='bbox 1977 1928 2081 1998; x_wconf 88' lang='lat' dir='ltr'>illi</span> <span class='ocrx_word' id='word_1_168' title='bbox 2143 1951 2266 2019; x_wconf 90' lang='lat' dir='ltr'>pro</span> <span class='ocrx_word' id='word_1_169' title='bbox 2327 1930 2584 2017; x_wconf 89' lang='lat' dir='ltr'>quibus</span> <span class='ocrx_word' id='word_1_170' title='bbox 2641 1928 3124 2002; x_wconf 89' lang='lat' dir='ltr'>solicitudinem</span> 
     </span>
    </p>

    <p class='ocr_par' dir='ltr' id='par_1_3' title="bbox 603 2017 3126 2290">
     <span class='ocr_line' id='line_1_20' title="bbox 654 2017 3126 2110; baseline -0.004 -20"><span class='ocrx_word' id='word_1_171' title='bbox 654 2020 815 2101; x_wconf 78' lang='lat' dir='ltr'>eriS,</span> <span class='ocrx_word' id='word_1_172' title='bbox 860 2019 1070 2091; x_wconf 91' lang='lat' dir='ltr'>studii</span> <span class='ocrx_word' id='word_1_173' title='bbox 1121 2018 1225 2089; x_wconf 90' lang='lat' dir='ltr'>tui</span> <span class='ocrx_word' id='word_1_174' title='bbox 1272 2018 1523 2088; x_wconf 90' lang='lat' dir='ltr'>solutio</span> <span class='ocrx_word' id='word_1_175' title='bbox 1571 2017 1833 2087; x_wconf 90' lang='lat' dir='ltr'>utiliter</span> <span class='ocrx_word' id='word_1_176' title='bbox 1878 2017 2343 2098; x_wconf 89' lang='lat' dir='ltr'>consolentur,</span> <span class='ocrx_word' id='word_1_177' title='bbox 2387 2030 2452 2088; x_wconf 87' lang='lat' dir='ltr'>et</span> <span class='ocrx_word' id='word_1_178' title='bbox 2495 2032 2572 2089; x_wconf 88' lang='lat' dir='ltr'>ut</span> <span class='ocrx_word' id='word_1_179' title='bbox 2623 2018 2962 2110; x_wconf 85' lang='lat' dir='ltr'>mercedis</span> <span class='ocrx_word' id='word_1_180' title='bbox 2998 2028 3126 2084; x_wconf 87' lang='lat' dir='ltr'>tuae</span> 
     </span>
     <span class='ocr_line' id='line_1_21' title="bbox 603 2044 3123 2211; baseline -0.004 -32"><span class='ocrx_word' id='word_1_181' title='bbox 603 2044 868 2211; x_wconf 53' lang='lat' dir='ltr'>§onum</span> <span class='ocrx_word' id='word_1_182' title='bbox 915 2108 986 2177; x_wconf 90' lang='lat' dir='ltr'>in</span> <span class='ocrx_word' id='word_1_183' title='bbox 1036 2118 1312 2178; x_wconf 87' lang='lat' dir='ltr'>aeterna</span> <span class='ocrx_word' id='word_1_184' title='bbox 1359 2108 1495 2176; x_wconf 88' lang='lat' dir='ltr'>vita</span> <span class='ocrx_word' id='word_1_185' title='bbox 1528 2162 1544 2188; x_wconf 92' lang='lat'>,</span> <span class='ocrx_word' id='word_1_186' title='bbox 1597 2107 2074 2198; x_wconf 90' lang='lat' dir='ltr'>Redemptoris</span> <span class='ocrx_word' id='word_1_187' title='bbox 2122 2108 2339 2177; x_wconf 84' lang='lat' dir='ltr'>nostri</span> <span class='ocrx_word' id='word_1_188' title='bbox 2376 2109 2597 2199; x_wconf 88' lang='lat' dir='ltr'>gratia</span> <span class='ocrx_word' id='word_1_189' title='bbox 2633 2116 3123 2200; x_wconf 85' lang='lat' dir='ltr'>compensante,</span> 
     </span>
     <span class='ocr_line' id='line_1_22' title="bbox 605 2220 2331 2290; baseline -0.003 -23"><span class='ocrx_word' id='word_1_190' title='bbox 605 2220 924 2290; x_wconf 78' lang='lat' dir='ltr'>reclptas.</span> <span class='ocrx_word' id='word_1_191' title='bbox 967 2220 1002 2264; x_wconf 90' lang='lat'>»</span> <span class='ocrx_word' id='word_1_192' title='bbox 2328 2259 2331 2262; x_wconf 84' lang='lat'>.</span> 
     </span>
    </p>

    <p class='ocr_par' dir='ltr' id='par_1_4' title="bbox 597 2280 3141 3455">
     <span class='ocr_line' id='line_1_23' title="bbox 690 2280 3123 2378; baseline -0.004 -19"><span class='ocrx_word' id='word_1_193' title='bbox 690 2289 729 2374; x_wconf 68' lang='grc' dir='ltr'>ἓ</span> <span class='ocrx_word' id='word_1_194' title='bbox 791 2291 941 2359; x_wconf 73' lang='lat'>81.</span> <span class='ocrx_word' id='word_1_195' title='bbox 995 2284 1284 2377; x_wconf 86' lang='lat' dir='ltr'>Singula</span> <span class='ocrx_word' id='word_1_196' title='bbox 1339 2307 1615 2374; x_wconf 92' lang='lat' dir='ltr'>quoque</span> <span class='ocrx_word' id='word_1_197' title='bbox 1670 2284 2116 2356; x_wconf 88' lang='lat' dir='ltr'>ecclesiastici</span> <span class='ocrx_word' id='word_1_198' title='bbox 2150 2284 2336 2374; x_wconf 88' lang='lat' dir='ltr'>juris</span> <span class='ocrx_word' id='word_1_199' title='bbox 2382 2285 2611 2356; x_wconf 84' lang='lat' dir='ltr'>officia</span> <span class='ocrx_word' id='word_1_200' title='bbox 2662 2286 2947 2378; x_wconf 88' lang='lat' dir='ltr'>singula</span> <span class='ocrx_word' id='word_1_201' title='bbox 2991 2280 3123 2369; x_wconf 89' lang='lat' dir='ltr'>qui-</span> 
     </span>
     <span class='ocr_line' id='line_1_24' title="bbox 602 2373 3121 2466; baseline -0.004 -20"><span class='ocrx_word' id='word_1_202' title='bbox 602 2376 873 2463; x_wconf 88' lang='lat' dir='ltr'>busque</span> <span class='ocrx_word' id='word_1_203' title='bbox 924 2375 1239 2466; x_wconf 89' lang='lat' dir='ltr'>personis</span> <span class='ocrx_word' id='word_1_204' title='bbox 1304 2374 1708 2465; x_wconf 85' lang='lat' dir='ltr'>singulatim</span> <span class='ocrx_word' id='word_1_205' title='bbox 1777 2373 2112 2444; x_wconf 90' lang='lat' dir='ltr'>committi</span> <span class='ocrx_word' id='word_1_206' title='bbox 2160 2374 2409 2443; x_wconf 90' lang='lat' dir='ltr'>debere</span> <span class='ocrx_word' id='word_1_207' title='bbox 2455 2374 2751 2457; x_wconf 89' lang='lat' dir='ltr'>dicebat,</span> <span class='ocrx_word' id='word_1_208' title='bbox 2807 2391 3121 2447; x_wconf 74' lang='lat' dir='ltr'>asserens,</span> 
     </span>
     <span class='ocr_line' id='line_1_25' title="bbox 600 2461 3130 2554; baseline -0.002 -19"><span class='ocrx_word' id='word_1_209' title='bbox 600 2465 767 2554; x_wconf 92' lang='lat' dir='ltr'>quia</span> <span class='ocrx_word' id='word_1_210' title='bbox 813 2464 995 2535; x_wconf 88' lang='lat' dir='ltr'>sicut</span> <span class='ocrx_word' id='word_1_211' title='bbox 1040 2464 1113 2533; x_wconf 92' lang='lat' dir='ltr'>in</span> <span class='ocrx_word' id='word_1_212' title='bbox 1160 2485 1303 2534; x_wconf 92' lang='lat' dir='ltr'>uno</span> <span class='ocrx_word' id='word_1_213' title='bbox 1352 2484 1636 2554; x_wconf 87' lang='lat' dir='ltr'>corpore</span> <span class='ocrx_word' id='word_1_214' title='bbox 1685 2462 1906 2533; x_wconf 89' lang='lat' dir='ltr'>multa</span> <span class='ocrx_word' id='word_1_215' title='bbox 1953 2461 2307 2534; x_wconf 63' lang='lat' dir='ltr'>habemus&gt;</span> <span class='ocrx_word' id='word_1_216' title='bbox 2342 2465 2674 2547; x_wconf 90' lang='lat' dir='ltr'>membra,</span> <span class='ocrx_word' id='word_1_217' title='bbox 2750 2463 2990 2535; x_wconf 89' lang='lat' dir='ltr'>omnia</span> <span class='ocrx_word' id='word_1_218' title='bbox 3031 2479 3130 2531; x_wconf 85' lang='lat' dir='ltr'>au-</span> 
     </span>
     <span class='ocr_line' id='line_1_26' title="bbox 603 2552 3134 2626; baseline -0.004 -1"><span class='ocrx_word' id='word_1_219' title='bbox 603 2568 737 2626; x_wconf 90' lang='lat' dir='ltr'>tem</span> <span class='ocrx_word' id='word_1_220' title='bbox 788 2554 1102 2624; x_wconf 90' lang='lat' dir='ltr'>membra</span> <span class='ocrx_word' id='word_1_221' title='bbox 1135 2574 1271 2622; x_wconf 93' lang='lat' dir='ltr'>non</span> <span class='ocrx_word' id='word_1_222' title='bbox 1336 2552 1635 2622; x_wconf 90' lang='lat' dir='ltr'>eundem</span> <span class='ocrx_word' id='word_1_223' title='bbox 1693 2566 1924 2621; x_wconf 90' lang='lat' dir='ltr'>actum</span> <span class='ocrx_word' id='word_1_224' title='bbox 1985 2552 2281 2622; x_wconf 87' lang='lat' dir='ltr'>habent:</span> <span class='ocrx_word' id='word_1_225' title='bbox 2333 2553 2428 2623; x_wconf 90' lang='lat' dir='ltr'>ita</span> <span class='ocrx_word' id='word_1_226' title='bbox 2482 2555 2555 2623; x_wconf 92' lang='lat' dir='ltr'>in</span> <span class='ocrx_word' id='word_1_227' title='bbox 2617 2554 2953 2625; x_wconf 83' lang='lat' dir='ltr'>ecclesiae</span> <span class='ocrx_word' id='word_1_228' title='bbox 3008 2570 3134 2620; x_wconf 90' lang='lat' dir='ltr'>cor·</span> 
     </span>
     <span class='ocr_line' id='line_1_27' title="bbox 601 2640 3141 2736; baseline -0.003 -22"><span class='ocrx_word' id='word_1_229' title='bbox 601 2666 790 2736; x_wconf 90' lang='lat' dir='ltr'>pore,</span> <span class='ocrx_word' id='word_1_230' title='bbox 847 2641 1234 2715; x_wconf 89' lang='lat' dir='ltr'>secundum</span> <span class='ocrx_word' id='word_1_231' title='bbox 1288 2640 1660 2711; x_wconf 87' lang='lat' dir='ltr'>veridicam</span> <span class='ocrx_word' id='word_1_232' title='bbox 1727 2640 1922 2710; x_wconf 91' lang='lat' dir='ltr'>Pauli</span> <span class='ocrx_word' id='word_1_233' title='bbox 1969 2642 2413 2724; x_wconf 89' lang='lat' dir='ltr'>sententiam,</span> <span class='ocrx_word' id='word_1_234' title='bbox 2465 2643 2537 2710; x_wconf 92' lang='lat' dir='ltr'>in</span> <span class='ocrx_word' id='word_1_235' title='bbox 2588 2666 2728 2712; x_wconf 91' lang='lat' dir='ltr'>uno</span> <span class='ocrx_word' id='word_1_236' title='bbox 2777 2642 3141 2725; x_wconf 72' lang='lat' dir='ltr'>eodemque⁴</span> 
     </span>
     <span class='ocr_line' id='line_1_28' title="bbox 599 2728 3130 2825; baseline -0.004 -22"><span class='ocrx_word' id='word_1_237' title='bbox 599 2733 853 2825; x_wconf 87' lang='lat' dir='ltr'>spiritu</span> <span class='ocrx_word' id='word_1_238' title='bbox 917 2732 1038 2801; x_wconf 88' lang='lat' dir='ltr'>alii</span> <span class='ocrx_word' id='word_1_239' title='bbox 1088 2728 1584 2800; x_wconf 89' lang='lat' dir='ltr'>conferendum</span> <span class='ocrx_word' id='word_1_240' title='bbox 1644 2742 1750 2799; x_wconf 90' lang='lat' dir='ltr'>est</span> <span class='ocrx_word' id='word_1_241' title='bbox 1805 2730 1934 2800; x_wconf 88' lang='lat' dir='ltr'>hoc</span> <span class='ocrx_word' id='word_1_242' title='bbox 1981 2730 2286 2801; x_wconf 83' lang='lat' dir='ltr'>officium</span> <span class='ocrx_word' id='word_1_243' title='bbox 2322 2785 2337 2810; x_wconf 93' lang='lat'>‚</span> <span class='ocrx_word' id='word_1_244' title='bbox 2404 2730 2523 2800; x_wconf 86' lang='lat' dir='ltr'>alii</span> <span class='ocrx_word' id='word_1_245' title='bbox 2571 2729 3130 2802; x_wconf 88' lang='lat' dir='ltr'>committendum</span> 
     </span>
     <span class='ocr_line' id='line_1_29' title="bbox 600 2818 3134 2911; baseline -0.003 -20"><span class='ocrx_word' id='word_1_246' title='bbox 600 2837 702 2893; x_wconf 88' lang='lat' dir='ltr'>est</span> <span class='ocrx_word' id='word_1_247' title='bbox 771 2820 971 2890; x_wconf 90' lang='lat' dir='ltr'>illud.</span> <span class='ocrx_word' id='word_1_248' title='bbox 1053 2824 1280 2906; x_wconf 87' lang='lat' dir='ltr'>Neque</span> <span class='ocrx_word' id='word_1_249' title='bbox 1356 2819 1481 2888; x_wconf 90' lang='lat' dir='ltr'>uni</span> <span class='ocrx_word' id='word_1_250' title='bbox 1554 2818 2066 2906; x_wconf 86' lang='lat' dir='ltr'>quantumlibet</span> <span class='ocrx_word' id='word_1_251' title='bbox 2136 2819 2540 2890; x_wconf 80' lang='lat' dir='ltr'>exercitatae</span> <span class='ocrx_word' id='word_1_252' title='bbox 2610 2843 2949 2911; x_wconf 88' lang='lat' dir='ltr'>personae</span> <span class='ocrx_word' id='word_1_253' title='bbox 3014 2833 3134 2886; x_wconf 88' lang='lat' dir='ltr'>uno</span> 
     </span>
     <span class='ocr_line' id='line_1_30' title="bbox 602 2906 3131 3000; baseline -0.002 -21"><span class='ocrx_word' id='word_1_254' title='bbox 602 2923 907 3000; x_wconf 88' lang='lat' dir='ltr'>tempore</span> <span class='ocrx_word' id='word_1_255' title='bbox 954 2909 1253 2977; x_wconf 91' lang='lat' dir='ltr'>duarum</span> <span class='ocrx_word' id='word_1_256' title='bbox 1302 2929 1536 2977; x_wconf 90' lang='lat' dir='ltr'>rerum</span> <span class='ocrx_word' id='word_1_257' title='bbox 1575 2906 1803 2978; x_wconf 85' lang='lat' dir='ltr'>officia</span> <span class='ocrx_word' id='word_1_258' title='bbox 1839 2908 2355 2980; x_wconf 87' lang='lat' dir='ltr'>committenda.</span> <span class='ocrx_word' id='word_1_259' title='bbox 2411 2910 2586 2993; x_wconf 86' lang='lat' dir='ltr'>Quia</span> <span class='ocrx_word' id='word_1_260' title='bbox 2633 2909 2692 2979; x_wconf 89' lang='lat' dir='ltr'>si</span> <span class='ocrx_word' id='word_1_261' title='bbox 2743 2921 2968 2980; x_wconf 87' lang='lat' dir='ltr'>totum</span> <span class='ocrx_word' id='word_1_262' title='bbox 3002 2926 3131 2977; x_wconf 90' lang='lat' dir='ltr'>cor·</span> 
     </span>
     <span class='ocr_line' id='line_1_31' title="bbox 600 2996 3135 3090; baseline -0 -22"><span class='ocrx_word' id='word_1_263' title='bbox 600 3021 735 3090; x_wconf 93' lang='lat' dir='ltr'>pus</span> <span class='ocrx_word' id='word_1_264' title='bbox 782 2997 1051 3079; x_wconf 88' lang='lat' dir='ltr'>oculus,</span> <span class='ocrx_word' id='word_1_265' title='bbox 1113 2997 1234 3067; x_wconf 92' lang='lat' dir='ltr'>ubi</span> <span class='ocrx_word' id='word_1_266' title='bbox 1283 2996 1612 3067; x_wconf 72' lang='lat' dir='ltr'>auditus?</span> <span class='ocrx_word' id='word_1_267' title='bbox 1660 2996 1851 3068; x_wconf 90' lang='lat' dir='ltr'>Sicut</span> <span class='ocrx_word' id='word_1_268' title='bbox 1913 2997 2099 3067; x_wconf 89' lang='lat' dir='ltr'>enim</span> <span class='ocrx_word' id='word_1_269' title='bbox 2153 3001 2445 3068; x_wconf 78' lang='lat' dir='ltr'>varietas</span> <span class='ocrx_word' id='word_1_270' title='bbox 2507 2999 2987 3069; x_wconf 91' lang='lat' dir='ltr'>membrorum</span> <span class='ocrx_word' id='word_1_271' title='bbox 3036 3012 3135 3085; x_wconf 79' lang='lat' dir='ltr'>per</span> 
     </span>
     <span class='ocr_line' id='line_1_32' title="bbox 600 3086 3136 3177; baseline -0.002 -20"><span class='ocrx_word' id='word_1_272' title='bbox 600 3087 871 3157; x_wconf 88' lang='lat' dir='ltr'>diversa</span> <span class='ocrx_word' id='word_1_273' title='bbox 918 3086 1146 3156; x_wconf 84' lang='lat' dir='ltr'>officia</span> <span class='ocrx_word' id='word_1_274' title='bbox 1201 3098 1265 3156; x_wconf 92' lang='lat' dir='ltr'>et</span> <span class='ocrx_word' id='word_1_275' title='bbox 1312 3086 1526 3155; x_wconf 91' lang='lat' dir='ltr'>robur</span> <span class='ocrx_word' id='word_1_276' title='bbox 1584 3086 1893 3176; x_wconf 90' lang='lat' dir='ltr'>corporis</span> <span class='ocrx_word' id='word_1_277' title='bbox 1941 3098 2209 3167; x_wconf 89' lang='lat' dir='ltr'>servat,</span> <span class='ocrx_word' id='word_1_278' title='bbox 2271 3099 2336 3158; x_wconf 94' lang='lat' dir='ltr'>et</span> <span class='ocrx_word' id='word_1_279' title='bbox 2399 3087 3001 3177; x_wconf 88' lang='lat' dir='ltr'>pulchritudinem</span> <span class='ocrx_word' id='word_1_280' title='bbox 3048 3102 3136 3151; x_wconf 85' lang='lat' dir='ltr'>re-</span> 
     </span>
     <span class='ocr_line' id='line_1_33' title="bbox 601 3174 3135 3268; baseline -0.003 -23"><span class='ocrx_word' id='word_1_281' title='bbox 601 3186 1030 3268; x_wconf 89' lang='lat' dir='ltr'>praesentat:</span> <span class='ocrx_word' id='word_1_282' title='bbox 1101 3174 1196 3244; x_wconf 91' lang='lat' dir='ltr'>ita</span> <span class='ocrx_word' id='word_1_283' title='bbox 1264 3177 1553 3245; x_wconf 79' lang='lat' dir='ltr'>varietas</span> <span class='ocrx_word' id='word_1_284' title='bbox 1603 3197 2056 3266; x_wconf 90' lang='lat' dir='ltr'>personarum</span> <span class='ocrx_word' id='word_1_285' title='bbox 2087 3231 2103 3254; x_wconf 91' lang='lat'>,</span> <span class='ocrx_word' id='word_1_286' title='bbox 2177 3197 2298 3266; x_wconf 89' lang='lat' dir='ltr'>per</span> <span class='ocrx_word' id='word_1_287' title='bbox 2358 3176 2627 3248; x_wconf 84' lang='lat' dir='ltr'>diversa</span> <span class='ocrx_word' id='word_1_288' title='bbox 2686 3175 3135 3246; x_wconf 83' lang='lat' dir='ltr'>nihilominus</span> 
     </span>
     <span class='ocr_line' id='line_1_34' title="bbox 597 3262 3137 3344; baseline -0.002 -9"><span class='ocrx_word' id='word_1_289' title='bbox 597 3264 825 3335; x_wconf 85' lang='lat' dir='ltr'>officia</span> <span class='ocrx_word' id='word_1_290' title='bbox 870 3262 1263 3344; x_wconf 88' lang='lat' dir='ltr'>distributa,</span> <span class='ocrx_word' id='word_1_291' title='bbox 1302 3276 1368 3333; x_wconf 90' lang='lat' dir='ltr'>et</span> <span class='ocrx_word' id='word_1_292' title='bbox 1414 3263 1888 3334; x_wconf 88' lang='lat' dir='ltr'>fortitudinem</span> <span class='ocrx_word' id='word_1_293' title='bbox 1933 3276 2000 3335; x_wconf 92' lang='lat' dir='ltr'>et</span> <span class='ocrx_word' id='word_1_294' title='bbox 2054 3276 2481 3335; x_wconf 86' lang='lat' dir='ltr'>venustatem</span> <span class='ocrx_word' id='word_1_295' title='bbox 2523 3278 2803 3336; x_wconf 85' lang='lat' dir='ltr'>sanctae</span> <span class='ocrx_word' id='word_1_296' title='bbox 2865 3264 2986 3335; x_wconf 90' lang='lat' dir='ltr'>Dei</span> <span class='ocrx_word' id='word_1_297' title='bbox 3029 3266 3137 3331; x_wconf 87' lang='lat' dir='ltr'>Ec·</span> 
     </span>
     <span class='ocr_line' id='line_1_35' title="bbox 597 3351 3136 3455; baseline -0.003 -30"><span class='ocrx_word' id='word_1_298' title='bbox 597 3354 847 3425; x_wconf 75' lang='lat' dir='ltr'>(zlesiae</span> <span class='ocrx_word' id='word_1_299' title='bbox 910 3351 1322 3422; x_wconf 88' lang='lat' dir='ltr'>manifestat.</span> <span class='ocrx_word' id='word_1_300' title='bbox 1372 3358 1449 3422; x_wconf 86' lang='lat' dir='ltr'>Et</span> <span class='ocrx_word' id='word_1_301' title='bbox 1496 3354 1676 3424; x_wconf 88' lang='lat' dir='ltr'>sicut</span> <span class='ocrx_word' id='word_1_302' title='bbox 1730 3352 2136 3422; x_wconf 86' lang='lat' dir='ltr'>indecorum</span> <span class='ocrx_word' id='word_1_303' title='bbox 2194 3367 2319 3435; x_wconf 91' lang='lat' dir='ltr'>est,</span> <span class='ocrx_word' id='word_1_304' title='bbox 2387 3366 2465 3424; x_wconf 89' lang='lat' dir='ltr'>ut</span> <span class='ocrx_word' id='word_1_305' title='bbox 2531 3354 2601 3423; x_wconf 92' lang='lat' dir='ltr'>in</span> <span class='ocrx_word' id='word_1_306' title='bbox 2667 3376 2965 3455; x_wconf 84' lang='lat' dir='ltr'>corpore</span> <span class='ocrx_word' id='word_1_307' title='bbox 3022 3352 3136 3419; x_wconf 89' lang='lat' dir='ltr'>hu-</span> 
     </span>
    </p>
   </div>
   <div class='ocr_carea' id='block_1_3' title="bbox 599 3441 3241 3532">
    <p class='ocr_par' dir='ltr' id='par_1_5' title="bbox 599 3441 3241 3532">
     <span class='ocr_line' id='line_1_36' title="bbox 599 3441 3241 3532; baseline -0.003 -19"><span class='ocrx_word' id='word_1_308' title='bbox 599 3465 808 3513; x_wconf 91' lang='lat' dir='ltr'>mano</span> <span class='ocrx_word' id='word_1_309' title='bbox 856 3441 1148 3511; x_wconf 88' lang='lat' dir='ltr'>alterum</span> <span class='ocrx_word' id='word_1_310' title='bbox 1198 3441 1590 3511; x_wconf 89' lang='lat' dir='ltr'>membrum</span> <span class='ocrx_word' id='word_1_311' title='bbox 1638 3442 1924 3512; x_wconf 88' lang='lat' dir='ltr'>alterius</span> <span class='ocrx_word' id='word_1_312' title='bbox 1971 3441 2303 3532; x_wconf 81' lang='lat' dir='ltr'>fungatur</span> <span class='ocrx_word' id='word_1_313' title='bbox 2348 3442 2614 3513; x_wconf 87' lang='lat' dir='ltr'>officio:</span> <span class='ocrx_word' id='word_1_314' title='bbox 2669 3443 2767 3514; x_wconf 88' lang='lat' dir='ltr'>ita</span> <span class='ocrx_word' id='word_1_315' title='bbox 2810 3441 3135 3513; x_wconf 82' lang='lat' dir='ltr'>nimirum</span> <span class='ocrx_word' id='word_1_316' title='bbox 3240 3510 3241 3521; x_wconf 18' lang='lat'>¹</span> 
     </span>
    </p>
   </div>
   <div class='ocr_carea' id='block_1_4' title="bbox 592 3529 3139 4516">
    <p class='ocr_par' dir='ltr' id='par_1_6' title="bbox 592 3529 3139 4516">
     <span class='ocr_line' id='line_1_37' title="bbox 600 3529 3139 3688; baseline -0.002 -88"><span class='ocrx_word' id='word_1_317' title='bbox 600 3531 880 3601; x_wconf 86' lang='lat' dir='ltr'>noxium</span> <span class='ocrx_word' id='word_1_318' title='bbox 916 3529 1265 3618; x_wconf 89' lang='lat' dir='ltr'>simulque</span> <span class='ocrx_word' id='word_1_319' title='bbox 1313 3532 1823 3622; x_wconf 87' lang='lat' dir='ltr'>turpissimum,</span> <span class='ocrx_word' id='word_1_320' title='bbox 1879 3531 1939 3602; x_wconf 89' lang='lat' dir='ltr'>si</span> <span class='ocrx_word' id='word_1_321' title='bbox 1987 3531 2266 3623; x_wconf 88' lang='lat' dir='ltr'>singula</span> <span class='ocrx_word' id='word_1_322' title='bbox 2315 3553 2549 3603; x_wconf 89' lang='lat' dir='ltr'>rerum</span> <span class='ocrx_word' id='word_1_323' title='bbox 2576 3532 2975 3603; x_wconf 88' lang='lat' dir='ltr'>ministeria</span> <span class='ocrx_word' id='word_1_324' title='bbox 2987 3550 3139 3688; x_wconf 55' lang='lat' dir='ltr'>(per-</span> 
     </span>
     <span class='ocr_line' id='line_1_38' title="bbox 597 3619 3137 3709; baseline -0.001 -19"><span class='ocrx_word' id='word_1_325' title='bbox 597 3620 788 3690; x_wconf 87' lang='lat' dir='ltr'>sonis</span> <span class='ocrx_word' id='word_1_326' title='bbox 836 3619 1117 3689; x_wconf 81' lang='lat' dir='ltr'>totidem</span> <span class='ocrx_word' id='word_1_327' title='bbox 1179 3642 1316 3690; x_wconf 90' lang='lat' dir='ltr'>non</span> <span class='ocrx_word' id='word_1_328' title='bbox 1367 3619 1622 3689; x_wconf 86' lang='lat' dir='ltr'>fuerint</span> <span class='ocrx_word' id='word_1_329' title='bbox 1669 3620 2061 3690; x_wconf 86' lang='lat' dir='ltr'>distributa.</span> <span class='ocrx_word' id='word_1_330' title='bbox 2108 3620 2285 3689; x_wconf 89' lang='lat' dir='ltr'>Hinc</span> <span class='ocrx_word' id='word_1_331' title='bbox 2334 3634 2437 3691; x_wconf 89' lang='lat' dir='ltr'>est</span> <span class='ocrx_word' id='word_1_332' title='bbox 2482 3621 2670 3707; x_wconf 91' lang='lat' dir='ltr'>quod</span> <span class='ocrx_word' id='word_1_333' title='bbox 2718 3622 2985 3709; x_wconf 89' lang='lat' dir='ltr'>quibus</span> <span class='ocrx_word' id='word_1_334' title='bbox 3035 3635 3137 3687; x_wconf 89' lang='lat' dir='ltr'>am</span> 
     </span>
     <span class='ocr_line' id='line_1_39' title="bbox 597 3704 3133 3800; baseline -0.003 -20"><span class='ocrx_word' id='word_1_335' title='bbox 597 3707 1008 3789; x_wconf 75' lang='lat' dir='ltr'>ambitiosiS,</span> <span class='ocrx_word' id='word_1_336' title='bbox 1050 3709 1227 3780; x_wconf 91' lang='lat' dir='ltr'>sicut</span> <span class='ocrx_word' id='word_1_337' title='bbox 1272 3710 1344 3778; x_wconf 91' lang='lat' dir='ltr'>in</span> <span class='ocrx_word' id='word_1_338' title='bbox 1393 3709 1543 3779; x_wconf 91' lang='lat' dir='ltr'>suis</span> <span class='ocrx_word' id='word_1_339' title='bbox 1591 3709 1827 3792; x_wconf 57' lang='lat' dir='ltr'>literis</span> <span class='ocrx_word' id='word_1_340' title='bbox 1872 3732 2048 3797; x_wconf 89' lang='lat' dir='ltr'>quas</span> <span class='ocrx_word' id='word_1_341' title='bbox 2073 3731 2198 3800; x_wconf 88' lang='lat' dir='ltr'>ego</span> <span class='ocrx_word' id='word_1_342' title='bbox 2250 3709 2478 3781; x_wconf 86' lang='lat' dir='ltr'>studio</span> <span class='ocrx_word' id='word_1_343' title='bbox 2528 3710 2887 3781; x_wconf 88' lang='lat' dir='ltr'>brevitatis</span> <span class='ocrx_word' id='word_1_344' title='bbox 2917 3704 3133 3785; x_wconf 89' lang='lat' dir='ltr'>omisi,</span> 
     </span>
     <span class='ocr_line' id='line_1_40' title="bbox 595 3794 3139 3891; baseline -0.003 -24"><span class='ocrx_word' id='word_1_345' title='bbox 595 3799 843 3890; x_wconf 89' lang='lat' dir='ltr'>poterit</span> <span class='ocrx_word' id='word_1_346' title='bbox 893 3798 1219 3872; x_wconf 86' lang='lat' dir='ltr'>inveniri.</span> <span class='ocrx_word' id='word_1_347' title='bbox 1275 3799 1763 3870; x_wconf 88' lang='lat' dir='ltr'>moderationis</span> <span class='ocrx_word' id='word_1_348' title='bbox 1829 3798 2025 3869; x_wconf 83' lang='lat' dir='ltr'>frena</span> <span class='ocrx_word' id='word_1_349' title='bbox 2087 3797 2478 3886; x_wconf 87' lang='lat' dir='ltr'>frequenter</span> <span class='ocrx_word' id='word_1_350' title='bbox 2526 3799 2891 3891; x_wconf 88' lang='lat' dir='ltr'>imposuit.</span> <span class='ocrx_word' id='word_1_351' title='bbox 2962 3794 3139 3866; x_wconf 92' lang='lat' dir='ltr'>Unde</span> 
     </span>
     <span class='ocr_line' id='line_1_41' title="bbox 595 3887 3139 3979; baseline -0.001 -23"><span class='ocrx_word' id='word_1_352' title='bbox 595 3887 955 3957; x_wconf 82' lang='lat' dir='ltr'>Anthemio</span> <span class='ocrx_word' id='word_1_353' title='bbox 1005 3887 1431 3958; x_wconf 88' lang='lat' dir='ltr'>subdiacono</span> <span class='ocrx_word' id='word_1_354' title='bbox 1480 3910 1603 3979; x_wconf 91' lang='lat' dir='ltr'>pro</span> <span class='ocrx_word' id='word_1_355' title='bbox 1633 3888 1999 3959; x_wconf 89' lang='lat' dir='ltr'>Paschasio</span> <span class='ocrx_word' id='word_1_356' title='bbox 2032 3888 2356 3979; x_wconf 87' lang='lat' dir='ltr'>episcopo</span> <span class='ocrx_word' id='word_1_357' title='bbox 2382 3888 2505 3975; x_wconf 91' lang='lat' dir='ltr'>qui</span> <span class='ocrx_word' id='word_1_358' title='bbox 2535 3910 2657 3979; x_wconf 92' lang='lat' dir='ltr'>per</span> <span class='ocrx_word' id='word_1_359' title='bbox 2687 3888 3139 3977; x_wconf 85' lang='lat' dir='ltr'>semetipsum</span> 
     </span>
     <span class='ocr_line' id='line_1_42' title="bbox 594 3976 3138 4068; baseline -0.002 -21"><span class='ocrx_word' id='word_1_360' title='bbox 594 3976 871 4047; x_wconf 75' lang='lat' dir='ltr'>sibimet</span> <span class='ocrx_word' id='word_1_361' title='bbox 919 3977 1140 4045; x_wconf 85' lang='lat' dir='ltr'>ma&#39;or</span> <span class='ocrx_word' id='word_1_362' title='bbox 1177 3977 1428 4047; x_wconf 88' lang='lat' dir='ltr'>domus</span> <span class='ocrx_word' id='word_1_363' title='bbox 1474 3989 1539 4047; x_wconf 91' lang='lat' dir='ltr'>et</span> <span class='ocrx_word' id='word_1_364' title='bbox 1601 3977 2073 4047; x_wconf 88' lang='lat' dir='ltr'>vicedominus</span> <span class='ocrx_word' id='word_1_365' title='bbox 2121 3978 2591 4068; x_wconf 85' lang='lat' dir='ltr'>permanebat,</span> <span class='ocrx_word' id='word_1_366' title='bbox 2647 3976 2834 4046; x_wconf 89' lang='lat' dir='ltr'>inter</span> <span class='ocrx_word' id='word_1_367' title='bbox 2881 3988 3138 4045; x_wconf 87' lang='lat' dir='ltr'>caetera</span> 
     </span>
     <span class='ocr_line' id='line_1_43' title="bbox 593 4064 3134 4157; baseline -0.001 -23"><span class='ocrx_word' id='word_1_368' title='bbox 593 4065 953 4157; x_wconf 89' lang='lat' dir='ltr'>praecipit,</span> <span class='ocrx_word' id='word_1_369' title='bbox 1057 4066 1287 4137; x_wconf 87' lang='lat' dir='ltr'>icens:</span> <span class='ocrx_word' id='word_1_370' title='bbox 1342 4066 1733 4136; x_wconf 79' lang='lat' dir='ltr'>«Volumus</span> <span class='ocrx_word' id='word_1_371' title='bbox 1780 4079 2034 4147; x_wconf 85' lang='lat' dir='ltr'>autem,</span> <span class='ocrx_word' id='word_1_372' title='bbox 2073 4079 2150 4144; x_wconf 79' lang='lat' dir='ltr'>ut</span> <span class='ocrx_word' id='word_1_373' title='bbox 2180 4066 2387 4136; x_wconf 85' lang='lat' dir='ltr'>frater</span> <span class='ocrx_word' id='word_1_374' title='bbox 2419 4080 2650 4137; x_wconf 85' lang='lat' dir='ltr'>noster</span> <span class='ocrx_word' id='word_1_375' title='bbox 2697 4064 3134 4140; x_wconf 86' lang='lat' dir='ltr'>Paschasius,</span> 
     </span>
     <span class='ocr_line' id='line_1_44' title="bbox 593 4154 3138 4245; baseline -0.003 -20"><span class='ocrx_word' id='word_1_376' title='bbox 593 4165 659 4225; x_wconf 91' lang='lat' dir='ltr'>et</span> <span class='ocrx_word' id='word_1_377' title='bbox 695 4154 1209 4241; x_wconf 88' lang='lat' dir='ltr'>vicedominum</span> <span class='ocrx_word' id='word_1_378' title='bbox 1257 4155 1392 4225; x_wconf 88' lang='lat' dir='ltr'>sibi</span> <span class='ocrx_word' id='word_1_379' title='bbox 1438 4155 1729 4236; x_wconf 87' lang='lat' dir='ltr'>ordinet,</span> <span class='ocrx_word' id='word_1_380' title='bbox 1774 4168 1840 4225; x_wconf 89' lang='lat' dir='ltr'>et</span> <span class='ocrx_word' id='word_1_381' title='bbox 1888 4155 2218 4245; x_wconf 89' lang='lat' dir='ltr'>majorem</span> <span class='ocrx_word' id='word_1_382' title='bbox 2268 4156 2559 4226; x_wconf 87' lang='lat' dir='ltr'>domus:</span> <span class='ocrx_word' id='word_1_383' title='bbox 2612 4160 2967 4242; x_wconf 76' lang='lat' dir='ltr'>quatenus</span> <span class='ocrx_word' id='word_1_384' title='bbox 2993 4172 3138 4242; x_wconf 90' lang='lat' dir='ltr'>pos·</span> 
     </span>
     <span class='ocr_line' id='line_1_45' title="bbox 592 4242 3133 4345; baseline -0.003 -31"><span class='ocrx_word' id='word_1_385' title='bbox 592 4244 683 4314; x_wconf 89' lang='lat' dir='ltr'>sit</span> <span class='ocrx_word' id='word_1_386' title='bbox 747 4243 850 4315; x_wconf 91' lang='lat' dir='ltr'>vel</span> <span class='ocrx_word' id='word_1_387' title='bbox 918 4244 1310 4336; x_wconf 89' lang='lat' dir='ltr'>hospitibus</span> <span class='ocrx_word' id='word_1_388' title='bbox 1368 4245 2055 4345; x_wconf 84' lang='lat' dir='ltr'>supervenientibus,</span> <span class='ocrx_word' id='word_1_389' title='bbox 2120 4244 2223 4314; x_wconf 91' lang='lat' dir='ltr'>vel</span> <span class='ocrx_word' id='word_1_390' title='bbox 2290 4244 2522 4313; x_wconf 87' lang='lat' dir='ltr'>causis</span> <span class='ocrx_word' id='word_1_391' title='bbox 2582 4266 2760 4332; x_wconf 91' lang='lat' dir='ltr'>quae</span> <span class='ocrx_word' id='word_1_392' title='bbox 2824 4242 3133 4318; x_wconf 87' lang='lat' dir='ltr'>veniunt,</span> 
     </span>
     <span class='ocr_line' id='line_1_46' title="bbox 592 4333 3138 4425; baseline -0.003 -22"><span class='ocrx_word' id='word_1_393' title='bbox 592 4333 885 4405; x_wconf 89' lang='lat' dir='ltr'>idoneus</span> <span class='ocrx_word' id='word_1_394' title='bbox 931 4346 998 4403; x_wconf 92' lang='lat' dir='ltr'>et</span> <span class='ocrx_word' id='word_1_395' title='bbox 1045 4346 1327 4425; x_wconf 90' lang='lat' dir='ltr'>paratus</span> <span class='ocrx_word' id='word_1_396' title='bbox 1375 4345 1745 4403; x_wconf 74' lang='lat' dir='ltr'>existere.»</span> <span class='ocrx_word' id='word_1_397' title='bbox 1797 4334 1865 4402; x_wconf 91' lang='lat' dir='ltr'>Si</span> <span class='ocrx_word' id='word_1_398' title='bbox 1913 4355 2067 4403; x_wconf 90' lang='lat' dir='ltr'>vero</span> <span class='ocrx_word' id='word_1_399' title='bbox 2114 4333 2220 4402; x_wconf 85' lang='lat' dir='ltr'>vel</span> <span class='ocrx_word' id='word_1_400' title='bbox 2272 4333 2732 4425; x_wconf 87' lang='lat' dir='ltr'>negligentem</span> <span class='ocrx_word' id='word_1_401' title='bbox 2784 4355 2953 4403; x_wconf 89' lang='lat' dir='ltr'>eum</span> <span class='ocrx_word' id='word_1_402' title='bbox 2990 4350 3138 4420; x_wconf 87' lang='lat' dir='ltr'>pro·</span> 
     </span>
     <span class='ocr_line' id='line_1_47' title="bbox 592 4419 3138 4516; baseline -0.003 -22"><span class='ocrx_word' id='word_1_403' title='bbox 592 4424 827 4516; x_wconf 88' lang='lat' dir='ltr'>spicis,</span> <span class='ocrx_word' id='word_1_404' title='bbox 896 4424 998 4493; x_wconf 87' lang='lat' dir='ltr'>vel</span> <span class='ocrx_word' id='word_1_405' title='bbox 1064 4445 1145 4494; x_wconf 91' lang='lat' dir='ltr'>ea</span> <span class='ocrx_word' id='word_1_406' title='bbox 1189 4443 1368 4510; x_wconf 90' lang='lat' dir='ltr'>quae</span> <span class='ocrx_word' id='word_1_407' title='bbox 1413 4422 1717 4494; x_wconf 88' lang='lat' dir='ltr'>dicimus</span> <span class='ocrx_word' id='word_1_408' title='bbox 1776 4421 2065 4513; x_wconf 90' lang='lat' dir='ltr'>implere</span> <span class='ocrx_word' id='word_1_409' title='bbox 2110 4421 2562 4506; x_wconf 83' lang='lat' dir='ltr'>differentem,</span> <span class='ocrx_word' id='word_1_410' title='bbox 2617 4422 2850 4493; x_wconf 86' lang='lat' dir='ltr'>omnis</span> <span class='ocrx_word' id='word_1_411' title='bbox 2918 4419 3138 4492; x_wconf 84' lang='lat' dir='ltr'>clerus</span> 
     </span>
    </p>
   </div>
  </div>
 </body>
</html>
