<?xml version="1.0" encoding="UTF-8"?>
<!DOCTYPE html PUBLIC "-//W3C//DTD XHTML 1.0 Transitional//EN"
    "http://www.w3.org/TR/xhtml1/DTD/xhtml1-transitional.dtd">
<html xmlns="http://www.w3.org/1999/xhtml" xml:lang="en" lang="en">
 <head>
  <title>
</title>
<meta http-equiv="Content-Type" content="text/html;charset=utf-8" />
  <meta name='ocr-system' content='tesseract 3.04.00' />
  <meta name='ocr-capabilities' content='ocr_page ocr_carea ocr_par ocr_line ocrx_word'/>
</head>
<body>
  <div class='ocr_page' id='page_1' title='image "./historiaeseuvit04lippgoog_0100.png"; bbox 0 0 3327 4999; ppageno 0'>
   <div class='ocr_carea' id='block_1_1' title="bbox 754 325 3137 403">
    <p class='ocr_par' dir='ltr' id='par_1_1' title="bbox 754 325 3137 403">
     <span class='ocr_line' id='line_1_1' title="bbox 754 325 3137 403; baseline -0.003 -7"><span class='ocrx_word' id='word_1_1' title='bbox 754 330 838 396; x_wconf 89' lang='grc'>90</span> <span class='ocrx_word' id='word_1_2' title='bbox 1530 347 1610 392; x_wconf 75' lang='lat' dir='ltr'>1)ss</span> <span class='ocrx_word' id='word_1_3' title='bbox 1658 347 1717 393; x_wconf 80' lang='lat' dir='ltr'>s,</span> <span class='ocrx_word' id='word_1_4' title='bbox 1770 346 1981 393; x_wconf 68' lang='lat' dir='ltr'>mon</span> <span class='ocrx_word' id='word_1_5' title='bbox 2030 347 2347 403; x_wconf 63' lang='lat' dir='ltr'>Acunum</span> <span class='ocrx_word' id='word_1_6' title='bbox 2854 325 3069 390; x_wconf 80' lang='lat' dir='ltr'><strong>MART.</strong></span> <span class='ocrx_word' id='word_1_7' title='bbox 3108 325 3137 389; x_wconf 83' lang='lat'>7</span> 
     </span>
    </p>
   </div>
   <div class='ocr_carea' id='block_1_2' title="bbox 646 423 3231 4149">
    <p class='ocr_par' dir='ltr' id='par_1_2' title="bbox 656 423 3149 1932">
     <span class='ocr_line' id='line_1_2' title="bbox 661 423 3141 519; baseline -0.003 -22"><span class='ocrx_word' id='word_1_8' title='bbox 661 448 875 519; x_wconf 87' lang='lat' dir='ltr'>supra</span> <span class='ocrx_word' id='word_1_9' title='bbox 908 437 1154 497; x_wconf 88' lang='lat' dir='ltr'>terram</span> <span class='ocrx_word' id='word_1_10' title='bbox 1188 425 1466 516; x_wconf 78' lang='lat' dir='ltr'>reponi:</span> <span class='ocrx_word' id='word_1_11' title='bbox 1517 437 1582 495; x_wconf 91' lang='lat' dir='ltr'>et</span> <span class='ocrx_word' id='word_1_12' title='bbox 1630 439 1794 495; x_wconf 92' lang='lat' dir='ltr'>tunc</span> <span class='ocrx_word' id='word_1_13' title='bbox 1827 426 2062 497; x_wconf 77' lang='lat' dir='ltr'>itidem</span> <span class='ocrx_word' id='word_1_14' title='bbox 2093 426 2261 497; x_wconf 90' lang='lat' dir='ltr'>odor</span> <span class='ocrx_word' id='word_1_15' title='bbox 2288 425 2741 497; x_wconf 89' lang='lat' dir='ltr'>suavissimus</span> <span class='ocrx_word' id='word_1_16' title='bbox 2771 423 2922 492; x_wconf 90' lang='lat' dir='ltr'>inde</span> <span class='ocrx_word' id='word_1_17' title='bbox 2950 444 3141 491; x_wconf 83' lang='lat' dir='ltr'>mana-</span> 
     </span>
     <span class='ocr_line' id='line_1_3' title="bbox 663 512 3141 607; baseline -0.003 -21"><span class='ocrx_word' id='word_1_18' title='bbox 663 517 780 598; x_wconf 91' lang='lat' dir='ltr'>vit,</span> <span class='ocrx_word' id='word_1_19' title='bbox 820 537 1208 607; x_wconf 82' lang='lat' dir='ltr'>corpusque</span> <span class='ocrx_word' id='word_1_20' title='bbox 1254 525 1320 584; x_wconf 93' lang='lat' dir='ltr'>et</span> <span class='ocrx_word' id='word_1_21' title='bbox 1367 526 1582 585; x_wconf 90' lang='lat' dir='ltr'>vestes</span> <span class='ocrx_word' id='word_1_22' title='bbox 1615 514 1854 584; x_wconf 87' lang='lat' dir='ltr'>illaesa</span> <span class='ocrx_word' id='word_1_23' title='bbox 1885 515 2097 597; x_wconf 85' lang='lat' dir='ltr'>suere,</span> <span class='ocrx_word' id='word_1_24' title='bbox 2141 515 2278 585; x_wconf 89' lang='lat' dir='ltr'>nisi</span> <span class='ocrx_word' id='word_1_25' title='bbox 2322 515 2501 602; x_wconf 91' lang='lat' dir='ltr'>quod</span> <span class='ocrx_word' id='word_1_26' title='bbox 2556 534 2798 606; x_wconf 89' lang='lat' dir='ltr'>parum</span> <span class='ocrx_word' id='word_1_27' title='bbox 2827 512 3034 581; x_wconf 87' lang='lat' dir='ltr'>deerat</span> <span class='ocrx_word' id='word_1_28' title='bbox 3055 533 3141 580; x_wconf 82' lang='lat' dir='ltr'>ex·</span> 
     </span>
     <span class='ocr_line' id='line_1_4' title="bbox 660 600 3143 695; baseline -0.003 -19"><span class='ocrx_word' id='word_1_29' title='bbox 660 605 862 676; x_wconf 82' lang='lat' dir='ltr'>tremi</span> <span class='ocrx_word' id='word_1_30' title='bbox 910 603 1181 695; x_wconf 90' lang='lat' dir='ltr'>pollicis</span> <span class='ocrx_word' id='word_1_31' title='bbox 1241 602 1515 673; x_wconf 80' lang='lat' dir='ltr'>dextrae</span> <span class='ocrx_word' id='word_1_32' title='bbox 1553 625 1840 672; x_wconf 88' lang='lat' dir='ltr'>manus:</span> <span class='ocrx_word' id='word_1_33' title='bbox 1893 616 2095 693; x_wconf 88' lang='lat' dir='ltr'>atque</span> <span class='ocrx_word' id='word_1_34' title='bbox 2149 605 2361 694; x_wconf 78' lang='lat' dir='ltr'>huJus</span> <span class='ocrx_word' id='word_1_35' title='bbox 2402 626 2565 674; x_wconf 89' lang='lat' dir='ltr'>sane</span> <span class='ocrx_word' id='word_1_36' title='bbox 2606 603 2703 672; x_wconf 91' lang='lat' dir='ltr'>rei</span> <span class='ocrx_word' id='word_1_37' title='bbox 2750 602 2919 671; x_wconf 86' lang='lat' dir='ltr'>idern</span> <span class='ocrx_word' id='word_1_38' title='bbox 2965 600 3143 670; x_wconf 75' lang='lat' dir='ltr'>Abbas</span> 
     </span>
     <span class='ocr_line' id='line_1_5' title="bbox 660 690 3147 784; baseline -0.003 -20"><span class='ocrx_word' id='word_1_39' title='bbox 660 694 851 764; x_wconf 90' lang='lat' dir='ltr'>testis</span> <span class='ocrx_word' id='word_1_40' title='bbox 882 694 1163 784; x_wconf 88' lang='lat' dir='ltr'>juratus</span> <span class='ocrx_word' id='word_1_41' title='bbox 1221 690 1374 761; x_wconf 86' lang='lat' dir='ltr'>suit.</span> <span class='ocrx_word' id='word_1_42' title='bbox 1427 696 1697 762; x_wconf 85' lang='lat' dir='ltr'><strong>Rursus</strong></span> <span class='ocrx_word' id='word_1_43' title='bbox 1743 705 1994 775; x_wconf 92' lang='lat' dir='ltr'>autem,</span> <span class='ocrx_word' id='word_1_44' title='bbox 2040 706 2118 763; x_wconf 93' lang='lat' dir='ltr'>ut</span> <span class='ocrx_word' id='word_1_45' title='bbox 2162 693 2249 762; x_wconf 91' lang='lat' dir='ltr'>ad</span> <span class='ocrx_word' id='word_1_46' title='bbox 2299 715 2538 763; x_wconf 90' lang='lat' dir='ltr'>omnes</span> <span class='ocrx_word' id='word_1_47' title='bbox 2578 691 2902 762; x_wconf 85' lang='lat' dir='ltr'>celebrior</span> <span class='ocrx_word' id='word_1_48' title='bbox 2942 703 3001 758; x_wconf 89' lang='lat' dir='ltr'>et</span> <span class='ocrx_word' id='word_1_49' title='bbox 3037 710 3147 758; x_wconf 86' lang='lat' dir='ltr'>cer-</span> 
     </span>
     <span class='ocr_line' id='line_1_6' title="bbox 668 778 3147 872; baseline -0.003 -19"><span class='ocrx_word' id='word_1_50' title='bbox 668 784 799 854; x_wconf 82' lang='lat' dir='ltr'>tior</span> <span class='ocrx_word' id='word_1_51' title='bbox 846 782 931 852; x_wconf 92' lang='lat' dir='ltr'>de</span> <span class='ocrx_word' id='word_1_52' title='bbox 998 780 1215 851; x_wconf 89' lang='lat' dir='ltr'>sancti</span> <span class='ocrx_word' id='word_1_53' title='bbox 1280 779 1407 850; x_wconf 89' lang='lat' dir='ltr'>viri</span> <span class='ocrx_word' id='word_1_54' title='bbox 1456 780 1676 871; x_wconf 85' lang='lat' dir='ltr'>gloria</span> <span class='ocrx_word' id='word_1_55' title='bbox 1734 793 1800 850; x_wconf 91' lang='lat' dir='ltr'>et</span> <span class='ocrx_word' id='word_1_56' title='bbox 1863 781 2127 853; x_wconf 88' lang='lat' dir='ltr'>meritis</span> <span class='ocrx_word' id='word_1_57' title='bbox 2179 782 2363 851; x_wconf 88' lang='lat' dir='ltr'>fama</span> <span class='ocrx_word' id='word_1_58' title='bbox 2411 781 2842 872; x_wconf 89' lang='lat' dir='ltr'>perferretur,</span> <span class='ocrx_word' id='word_1_59' title='bbox 2891 778 3147 867; x_wconf 88' lang='lat' dir='ltr'>ejusdem</span> 
     </span>
     <span class='ocr_line' id='line_1_7' title="bbox 664 869 3149 957; baseline -0.003 -17"><span class='ocrx_word' id='word_1_60' title='bbox 664 871 1064 942; x_wconf 87' lang='lat' dir='ltr'>monasterii</span> <span class='ocrx_word' id='word_1_61' title='bbox 1111 869 1333 939; x_wconf 78' lang='lat' dir='ltr'>Abbas</span> <span class='ocrx_word' id='word_1_62' title='bbox 1380 891 1563 938; x_wconf 89' lang='lat' dir='ltr'>anno</span> <span class='ocrx_word' id='word_1_63' title='bbox 1617 870 2132 957; x_wconf 89' lang='lat' dir='ltr'>quartodecimo</span> <span class='ocrx_word' id='word_1_64' title='bbox 2198 872 2284 940; x_wconf 90' lang='lat' dir='ltr'>ab</span> <span class='ocrx_word' id='word_1_65' title='bbox 2331 871 2524 940; x_wconf 90' lang='lat' dir='ltr'>obitu</span> <span class='ocrx_word' id='word_1_66' title='bbox 2570 870 2785 950; x_wconf 89' lang='lat' dir='ltr'>illius,</span> <span class='ocrx_word' id='word_1_67' title='bbox 2836 879 3083 957; x_wconf 84' lang='lat' dir='ltr'>rogatus</span> <span class='ocrx_word' id='word_1_68' title='bbox 3119 888 3149 932; x_wconf 80' lang='lat' dir='ltr'>a</span> 
     </span>
     <span class='ocr_line' id='line_1_8' title="bbox 661 953 3147 1050; baseline -0.004 -18"><span class='ocrx_word' id='word_1_69' title='bbox 661 981 891 1032; x_wconf 90' lang='lat' dir='ltr'>sorore</span> <span class='ocrx_word' id='word_1_70' title='bbox 936 960 1091 1047; x_wconf 87' lang='lat' dir='ltr'>ejus</span> <span class='ocrx_word' id='word_1_71' title='bbox 1129 958 1502 1039; x_wconf 89' lang='lat' dir='ltr'>Theodora,</span> <span class='ocrx_word' id='word_1_72' title='bbox 1538 970 1614 1027; x_wconf 89' lang='lat' dir='ltr'>ut</span> <span class='ocrx_word' id='word_1_73' title='bbox 1655 981 1942 1047; x_wconf 82' lang='lat' dir='ltr'>manum</span> <span class='ocrx_word' id='word_1_74' title='bbox 1993 961 2143 1050; x_wconf 87' lang='lat' dir='ltr'>ejus</span> <span class='ocrx_word' id='word_1_75' title='bbox 2188 960 2494 1029; x_wconf 82' lang='lat' dir='ltr'>dextram</span> <span class='ocrx_word' id='word_1_76' title='bbox 2543 960 2723 1028; x_wconf 90' lang='lat' dir='ltr'>inter</span> <span class='ocrx_word' id='word_1_77' title='bbox 2768 978 2984 1028; x_wconf 89' lang='lat' dir='ltr'>sacras</span> <span class='ocrx_word' id='word_1_78' title='bbox 3026 953 3147 1024; x_wconf 83' lang='lat' dir='ltr'>reli·</span> 
     </span>
     <span class='ocr_line' id='line_1_9' title="bbox 660 1046 3145 1138; baseline -0.003 -20"><span class='ocrx_word' id='word_1_79' title='bbox 660 1049 861 1136; x_wconf 90' lang='lat' dir='ltr'>quias</span> <span class='ocrx_word' id='word_1_80' title='bbox 920 1046 1405 1118; x_wconf 87' lang='lat' dir='ltr'>asservandam</span> <span class='ocrx_word' id='word_1_81' title='bbox 1476 1047 1610 1137; x_wconf 90' lang='lat' dir='ltr'>ipsi</span> <span class='ocrx_word' id='word_1_82' title='bbox 1674 1047 1903 1128; x_wconf 88' lang='lat' dir='ltr'>daret,</span> <span class='ocrx_word' id='word_1_83' title='bbox 1984 1060 2510 1118; x_wconf 87' lang='lat' dir='ltr'>monumentum</span> <span class='ocrx_word' id='word_1_84' title='bbox 2560 1047 2851 1138; x_wconf 88' lang='lat' dir='ltr'>aperuit,</span> <span class='ocrx_word' id='word_1_85' title='bbox 2900 1056 2960 1113; x_wconf 90' lang='lat' dir='ltr'>et</span> <span class='ocrx_word' id='word_1_86' title='bbox 3003 1054 3145 1112; x_wconf 83' lang='lat' dir='ltr'>tanta</span> 
     </span>
     <span class='ocr_line' id='line_1_10' title="bbox 659 1135 3141 1225; baseline -0.004 -18"><span class='ocrx_word' id='word_1_87' title='bbox 659 1137 824 1207; x_wconf 89' lang='lat' dir='ltr'>inde</span> <span class='ocrx_word' id='word_1_88' title='bbox 869 1149 970 1206; x_wconf 90' lang='lat' dir='ltr'>est</span> <span class='ocrx_word' id='word_1_89' title='bbox 998 1136 1229 1206; x_wconf 88' lang='lat' dir='ltr'>odoris</span> <span class='ocrx_word' id='word_1_90' title='bbox 1276 1135 1651 1225; x_wconf 78' lang='lat' dir='ltr'>fragrantia</span> <span class='ocrx_word' id='word_1_91' title='bbox 1699 1137 1937 1217; x_wconf 82' lang='lat' dir='ltr'>effusa,</span> <span class='ocrx_word' id='word_1_92' title='bbox 1974 1151 2051 1206; x_wconf 91' lang='lat' dir='ltr'>ut</span> <span class='ocrx_word' id='word_1_93' title='bbox 2100 1137 2420 1207; x_wconf 85' lang='lat' dir='ltr'>monachi</span> <span class='ocrx_word' id='word_1_94' title='bbox 2467 1158 2705 1206; x_wconf 88' lang='lat' dir='ltr'>ornnes</span> <span class='ocrx_word' id='word_1_95' title='bbox 2739 1144 3141 1211; x_wconf 81' lang='lat' dir='ltr'>accurrerent,</span> 
     </span>
     <span class='ocr_line' id='line_1_11' title="bbox 659 1224 3145 1314; baseline -0.003 -19"><span class='ocrx_word' id='word_1_96' title='bbox 659 1227 756 1296; x_wconf 90' lang='lat' dir='ltr'>rei</span> <span class='ocrx_word' id='word_1_97' title='bbox 794 1225 1085 1294; x_wconf 88' lang='lat' dir='ltr'>novitate</span> <span class='ocrx_word' id='word_1_98' title='bbox 1116 1224 1604 1314; x_wconf 84' lang='lat' dir='ltr'>obstupefacti:</span> <span class='ocrx_word' id='word_1_99' title='bbox 1657 1237 1722 1294; x_wconf 91' lang='lat' dir='ltr'>et</span> <span class='ocrx_word' id='word_1_100' title='bbox 1769 1237 1933 1294; x_wconf 88' lang='lat' dir='ltr'>tunc</span> <span class='ocrx_word' id='word_1_101' title='bbox 1966 1247 2239 1313; x_wconf 88' lang='lat' dir='ltr'>quoque</span> <span class='ocrx_word' id='word_1_102' title='bbox 2272 1225 2443 1294; x_wconf 89' lang='lat' dir='ltr'>nihil</span> <span class='ocrx_word' id='word_1_103' title='bbox 2477 1247 2699 1313; x_wconf 87' lang='lat' dir='ltr'>neque</span> <span class='ocrx_word' id='word_1_104' title='bbox 2730 1225 2800 1293; x_wconf 91' lang='lat' dir='ltr'>in</span> <span class='ocrx_word' id='word_1_105' title='bbox 2827 1244 3006 1292; x_wconf 86' lang='lat' dir='ltr'>sacro</span> <span class='ocrx_word' id='word_1_106' title='bbox 3029 1242 3145 1289; x_wconf 88' lang='lat' dir='ltr'>cor-</span> 
     </span>
     <span class='ocr_line' id='line_1_12' title="bbox 660 1313 3143 1406; baseline -0.003 -22"><span class='ocrx_word' id='word_1_107' title='bbox 660 1337 847 1406; x_wconf 91' lang='lat' dir='ltr'>pore,</span> <span class='ocrx_word' id='word_1_108' title='bbox 906 1336 1126 1401; x_wconf 90' lang='lat' dir='ltr'>neque</span> <span class='ocrx_word' id='word_1_109' title='bbox 1161 1313 1231 1381; x_wconf 90' lang='lat' dir='ltr'>in</span> <span class='ocrx_word' id='word_1_110' title='bbox 1281 1313 1586 1383; x_wconf 87' lang='lat' dir='ltr'>vestibus</span> <span class='ocrx_word' id='word_1_111' title='bbox 1636 1315 2101 1404; x_wconf 87' lang='lat' dir='ltr'>corruptionis</span> <span class='ocrx_word' id='word_1_112' title='bbox 2142 1315 2495 1384; x_wconf 89' lang='lat' dir='ltr'>inventum</span> <span class='ocrx_word' id='word_1_113' title='bbox 2542 1326 2667 1394; x_wconf 88' lang='lat' dir='ltr'>est,</span> <span class='ocrx_word' id='word_1_114' title='bbox 2725 1325 3143 1403; x_wconf 87' lang='lat' dir='ltr'>praeterquam</span> 
     </span>
     <span class='ocr_line' id='line_1_13' title="bbox 661 1400 3141 1492; baseline -0.004 -19"><span class='ocrx_word' id='word_1_115' title='bbox 661 1403 846 1492; x_wconf 92' lang='lat' dir='ltr'>quod</span> <span class='ocrx_word' id='word_1_116' title='bbox 908 1417 1210 1472; x_wconf 85' lang='lat' dir='ltr'>extrema</span> <span class='ocrx_word' id='word_1_117' title='bbox 1265 1400 1375 1472; x_wconf 89' lang='lat' dir='ltr'>sui</span> <span class='ocrx_word' id='word_1_118' title='bbox 1481 1414 1621 1471; x_wconf 89' lang='lat' dir='ltr'>arte</span> <span class='ocrx_word' id='word_1_119' title='bbox 1677 1424 1889 1471; x_wconf 83' lang='lat' dir='ltr'>nasus</span> <span class='ocrx_word' id='word_1_120' title='bbox 1938 1403 2251 1472; x_wconf 87' lang='lat' dir='ltr'>nonnihil</span> <span class='ocrx_word' id='word_1_121' title='bbox 2303 1402 2719 1472; x_wconf 90' lang='lat' dir='ltr'>imminutus</span> <span class='ocrx_word' id='word_1_122' title='bbox 2765 1401 3141 1473; x_wconf 89' lang='lat' dir='ltr'>cernebatur.</span> 
     </span>
     <span class='ocr_line' id='line_1_14' title="bbox 661 1485 3145 1581; baseline -0.004 -19"><span class='ocrx_word' id='word_1_123' title='bbox 661 1493 1074 1563; x_wconf 86' lang='lat' dir='ltr'>Existimans</span> <span class='ocrx_word' id='word_1_124' title='bbox 1122 1502 1349 1561; x_wconf 90' lang='lat' dir='ltr'>autem</span> <span class='ocrx_word' id='word_1_125' title='bbox 1396 1494 1443 1560; x_wconf 88' lang='grc' dir='ltr'><strong>Α</strong></span> <span class='ocrx_word' id='word_1_126' title='bbox 1497 1491 1618 1559; x_wconf 86' lang='lat' dir='ltr'>bas</span> <span class='ocrx_word' id='word_1_127' title='bbox 1666 1489 1795 1559; x_wconf 88' lang='lat' dir='ltr'>levi</span> <span class='ocrx_word' id='word_1_128' title='bbox 1830 1503 2065 1560; x_wconf 76' lang='lat' dir='ltr'>tractu</span> <span class='ocrx_word' id='word_1_129' title='bbox 2123 1513 2194 1560; x_wconf 89' lang='lat' dir='ltr'>se</span> <span class='ocrx_word' id='word_1_130' title='bbox 2241 1511 2441 1581; x_wconf 88' lang='lat' dir='ltr'>posse</span> <span class='ocrx_word' id='word_1_131' title='bbox 2496 1513 2783 1561; x_wconf 87' lang='lat' dir='ltr'>manum</span> <span class='ocrx_word' id='word_1_132' title='bbox 2832 1513 2870 1559; x_wconf 91' lang='lat' dir='ltr'>a</span> <span class='ocrx_word' id='word_1_133' title='bbox 2913 1485 3145 1559; x_wconf 86' lang='lat' dir='ltr'>brachio</span> 
     </span>
     <span class='ocr_line' id='line_1_15' title="bbox 656 1578 3146 1663; baseline -0.003 -12"><span class='ocrx_word' id='word_1_134' title='bbox 656 1581 966 1663; x_wconf 86' lang='lat' dir='ltr'>avellere,</span> <span class='ocrx_word' id='word_1_135' title='bbox 1001 1602 1159 1650; x_wconf 88' lang='lat' dir='ltr'>cum</span> <span class='ocrx_word' id='word_1_136' title='bbox 1196 1580 1264 1648; x_wconf 91' lang='lat' dir='ltr'>id</span> <span class='ocrx_word' id='word_1_137' title='bbox 1314 1579 1566 1649; x_wconf 83' lang='lat' dir='ltr'>frustra</span> <span class='ocrx_word' id='word_1_138' title='bbox 1613 1590 1958 1660; x_wconf 86' lang='lat' dir='ltr'>tentasset,</span> <span class='ocrx_word' id='word_1_139' title='bbox 1998 1592 2276 1650; x_wconf 88' lang='lat' dir='ltr'>coactus</span> <span class='ocrx_word' id='word_1_140' title='bbox 2322 1592 2424 1650; x_wconf 91' lang='lat' dir='ltr'>est</span> <span class='ocrx_word' id='word_1_141' title='bbox 2471 1579 2649 1650; x_wconf 84' lang='lat' dir='ltr'>ferro</span> <span class='ocrx_word' id='word_1_142' title='bbox 2703 1601 2856 1649; x_wconf 90' lang='lat' dir='ltr'>eam</span> <span class='ocrx_word' id='word_1_143' title='bbox 2910 1578 3146 1647; x_wconf 88' lang='lat' dir='ltr'>detrun-</span> 
     </span>
     <span class='ocr_line' id='line_1_16' title="bbox 656 1667 3145 1757; baseline -0.004 -17"><span class='ocrx_word' id='word_1_144' title='bbox 656 1692 853 1740; x_wconf 86' lang='lat' dir='ltr'>care:</span> <span class='ocrx_word' id='word_1_145' title='bbox 905 1690 1113 1757; x_wconf 86' lang='lat' dir='ltr'>quam</span> <span class='ocrx_word' id='word_1_146' title='bbox 1162 1668 1440 1755; x_wconf 86' lang='lat' dir='ltr'>quidem</span> <span class='ocrx_word' id='word_1_147' title='bbox 1492 1668 1711 1736; x_wconf 89' lang='lat' dir='ltr'>sancti</span> <span class='ocrx_word' id='word_1_148' title='bbox 1743 1667 2044 1739; x_wconf 86' lang='lat' dir='ltr'>Doctoris</span> <span class='ocrx_word' id='word_1_149' title='bbox 2083 1668 2397 1757; x_wconf 82' lang='lat' dir='ltr'>piissima</span> <span class='ocrx_word' id='word_1_150' title='bbox 2424 1690 2614 1738; x_wconf 89' lang='lat' dir='ltr'>soror</span> <span class='ocrx_word' id='word_1_151' title='bbox 2661 1667 2997 1737; x_wconf 87' lang='lat' dir='ltr'>Theodora</span> <span class='ocrx_word' id='word_1_152' title='bbox 3022 1685 3145 1734; x_wconf 90' lang='lat' dir='ltr'>cum</span> 
     </span>
     <span class='ocr_line' id='line_1_17' title="bbox 659 1755 3149 1849; baseline -0.004 -20"><span class='ocrx_word' id='word_1_153' title='bbox 659 1759 986 1849; x_wconf 89' lang='lat' dir='ltr'>lacrymis</span> <span class='ocrx_word' id='word_1_154' title='bbox 1024 1757 1401 1826; x_wconf 89' lang='lat' dir='ltr'>admodum</span> <span class='ocrx_word' id='word_1_155' title='bbox 1452 1768 1833 1826; x_wconf 87' lang='lat' dir='ltr'>reverenter</span> <span class='ocrx_word' id='word_1_156' title='bbox 1869 1756 1954 1825; x_wconf 90' lang='lat' dir='ltr'>ad</span> <span class='ocrx_word' id='word_1_157' title='bbox 2005 1756 2335 1826; x_wconf 88' lang='lat' dir='ltr'>sacellum</span> <span class='ocrx_word' id='word_1_158' title='bbox 2395 1758 2599 1828; x_wconf 88' lang='lat' dir='ltr'>castri</span> <span class='ocrx_word' id='word_1_159' title='bbox 2662 1758 2775 1827; x_wconf 90' lang='lat' dir='ltr'>sui</span> <span class='ocrx_word' id='word_1_160' title='bbox 2829 1755 3074 1834; x_wconf 86' lang='lat' dir='ltr'>detulit,</span> <span class='ocrx_word' id='word_1_161' title='bbox 3103 1763 3149 1820; x_wconf 83' lang='lat' dir='ltr'>et</span> 
     </span>
     <span class='ocr_line' id='line_1_18' title="bbox 656 1844 1820 1932; baseline -0.003 -15"><span class='ocrx_word' id='word_1_162' title='bbox 656 1849 837 1917; x_wconf 88' lang='lat' dir='ltr'>inter</span> <span class='ocrx_word' id='word_1_163' title='bbox 883 1848 1055 1917; x_wconf 86' lang='lat' dir='ltr'>alias</span> <span class='ocrx_word' id='word_1_164' title='bbox 1087 1845 1414 1932; x_wconf 87' lang='lat' dir='ltr'>reliquias</span> <span class='ocrx_word' id='word_1_165' title='bbox 1442 1844 1820 1915; x_wconf 90' lang='lat' dir='ltr'>collocavit.</span> 
     </span>
    </p>

    <p class='ocr_par' dir='ltr' id='par_1_3' title="bbox 646 1928 3231 4149">
     <span class='ocr_line' id='line_1_19' title="bbox 744 1928 3143 2026; baseline -0.005 -19"><span class='ocrx_word' id='word_1_166' title='bbox 744 1941 782 2024; x_wconf 65' lang='grc' dir='ltr'>ξ</span> <span class='ocrx_word' id='word_1_167' title='bbox 850 1942 1001 2009; x_wconf 62' lang='lat' dir='ltr'>tu.</span> <span class='ocrx_word' id='word_1_168' title='bbox 1056 1941 1259 2004; x_wconf 84' lang='lat' dir='ltr'>Porro</span> <span class='ocrx_word' id='word_1_169' title='bbox 1292 1956 1474 2002; x_wconf 91' lang='lat' dir='ltr'>anno</span> <span class='ocrx_word' id='word_1_170' title='bbox 1507 1956 1547 2002; x_wconf 85' lang='lat' dir='ltr'>a</span> <span class='ocrx_word' id='word_1_171' title='bbox 1580 1946 1793 2003; x_wconf 90' lang='lat' dir='ltr'>morte</span> <span class='ocrx_word' id='word_1_172' title='bbox 1842 1938 1906 2004; x_wconf 90' lang='lat' dir='ltr'>S.</span> <span class='ocrx_word' id='word_1_173' title='bbox 1947 1935 2242 2004; x_wconf 89' lang='lat' dir='ltr'>Thomae</span> <span class='ocrx_word' id='word_1_174' title='bbox 2288 1934 2821 2026; x_wconf 87' lang='lat' dir='ltr'>quadragesimo</span> <span class='ocrx_word' id='word_1_175' title='bbox 2861 1928 3143 2003; x_wconf 78' lang='lat' dir='ltr'>secundo,</span> 
     </span>
     <span class='ocr_line' id='line_1_20' title="bbox 657 2022 3149 2117; baseline -0.004 -20"><span class='ocrx_word' id='word_1_176' title='bbox 657 2025 1038 2097; x_wconf 88' lang='lat' dir='ltr'>Canonicus</span> <span class='ocrx_word' id='word_1_177' title='bbox 1084 2023 1365 2110; x_wconf 87' lang='lat' dir='ltr'>quidam</span> <span class='ocrx_word' id='word_1_178' title='bbox 1418 2022 1911 2103; x_wconf 71' lang='lat' dir='ltr'>Salernitanus’,</span> <span class='ocrx_word' id='word_1_179' title='bbox 1965 2047 2194 2095; x_wconf 89' lang='lat' dir='ltr'>sacras</span> <span class='ocrx_word' id='word_1_180' title='bbox 2227 2024 2549 2112; x_wconf 88' lang='lat' dir='ltr'>reliquias</span> <span class='ocrx_word' id='word_1_181' title='bbox 2597 2024 2974 2110; x_wconf 87' lang='lat' dir='ltr'>inquirens,</span> <span class='ocrx_word' id='word_1_182' title='bbox 3013 2039 3149 2117; x_wconf 69' lang='lat' dir='ltr'>quas</span> 
     </span>
     <span class='ocr_line' id='line_1_21' title="bbox 657 2106 3149 2206; baseline -0.005 -21"><span class='ocrx_word' id='word_1_183' title='bbox 657 2127 1012 2206; x_wconf 87' lang='lat' dir='ltr'>reponeret</span> <span class='ocrx_word' id='word_1_184' title='bbox 1054 2113 1123 2181; x_wconf 84' lang='lat' dir='ltr'>in</span> <span class='ocrx_word' id='word_1_185' title='bbox 1161 2112 1409 2183; x_wconf 87' lang='lat' dir='ltr'>sacello</span> <span class='ocrx_word' id='word_1_186' title='bbox 1444 2117 1507 2180; x_wconf 91' lang='lat' dir='ltr'>S.</span> <span class='ocrx_word' id='word_1_187' title='bbox 1555 2112 1789 2183; x_wconf 88' lang='lat' dir='ltr'>Crucis</span> <span class='ocrx_word' id='word_1_188' title='bbox 1836 2114 1924 2183; x_wconf 87' lang='lat' dir='ltr'>ab</span> <span class='ocrx_word' id='word_1_189' title='bbox 1964 2113 2113 2203; x_wconf 88' lang='lat' dir='ltr'>ipso</span> <span class='ocrx_word' id='word_1_190' title='bbox 2161 2125 2573 2194; x_wconf 81' lang='lat' dir='ltr'>constructO,</span> <span class='ocrx_word' id='word_1_191' title='bbox 2614 2112 2699 2182; x_wconf 89' lang='lat' dir='ltr'>ad</span> <span class='ocrx_word' id='word_1_192' title='bbox 2733 2124 3028 2184; x_wconf 88' lang='lat' dir='ltr'>castrum</span> <span class='ocrx_word' id='word_1_193' title='bbox 3057 2106 3149 2177; x_wconf 76' lang='lat' dir='ltr'>ubi</span> 
     </span>
     <span class='ocr_line' id='line_1_22' title="bbox 663 2201 3150 2292; baseline -0.004 -20"><span class='ocrx_word' id='word_1_194' title='bbox 663 2225 911 2272; x_wconf 88' lang='lat' dir='ltr'>manus</span> <span class='ocrx_word' id='word_1_195' title='bbox 960 2207 1024 2270; x_wconf 89' lang='lat' dir='ltr'>S.</span> <span class='ocrx_word' id='word_1_196' title='bbox 1066 2202 1365 2272; x_wconf 87' lang='lat' dir='ltr'>Doctoris</span> <span class='ocrx_word' id='word_1_197' title='bbox 1423 2202 1846 2280; x_wconf 88' lang='lat' dir='ltr'>servabatur,</span> <span class='ocrx_word' id='word_1_198' title='bbox 1904 2202 2200 2282; x_wconf 88' lang='lat' dir='ltr'>advenit,</span> <span class='ocrx_word' id='word_1_199' title='bbox 2264 2201 2651 2288; x_wconf 86' lang='lat' dir='ltr'>multasque</span> <span class='ocrx_word' id='word_1_200' title='bbox 2699 2201 2838 2292; x_wconf 91' lang='lat' dir='ltr'>ipsi</span> <span class='ocrx_word' id='word_1_201' title='bbox 2884 2214 3150 2270; x_wconf 82' lang='lat' dir='ltr'>ostensas</span> 
     </span>
     <span class='ocr_line' id='line_1_23' title="bbox 659 2290 3151 2380; baseline -0.004 -20"><span class='ocrx_word' id='word_1_202' title='bbox 659 2304 1052 2361; x_wconf 87' lang='lat' dir='ltr'>sanctorum</span> <span class='ocrx_word' id='word_1_203' title='bbox 1103 2290 1428 2376; x_wconf 88' lang='lat' dir='ltr'>reliquias</span> <span class='ocrx_word' id='word_1_204' title='bbox 1490 2302 1895 2370; x_wconf 88' lang='lat' dir='ltr'>reverenter,</span> <span class='ocrx_word' id='word_1_205' title='bbox 1960 2303 2038 2360; x_wconf 93' lang='lat' dir='ltr'>ut</span> <span class='ocrx_word' id='word_1_206' title='bbox 2101 2313 2226 2380; x_wconf 90' lang='lat' dir='ltr'>par</span> <span class='ocrx_word' id='word_1_207' title='bbox 2287 2303 2430 2360; x_wconf 89' lang='lat' dir='ltr'>erat</span> <span class='ocrx_word' id='word_1_208' title='bbox 2494 2291 2968 2360; x_wconf 85' lang='lat' dir='ltr'>venerabatur.</span> <span class='ocrx_word' id='word_1_209' title='bbox 3019 2292 3151 2356; x_wconf 90' lang='lat' dir='ltr'>Cum</span> 
     </span>
     <span class='ocr_line' id='line_1_24' title="bbox 657 2377 3152 2469; baseline -0.003 -20"><span class='ocrx_word' id='word_1_210' title='bbox 657 2393 884 2449; x_wconf 90' lang='lat' dir='ltr'>autem</span> <span class='ocrx_word' id='word_1_211' title='bbox 934 2379 1187 2448; x_wconf 85' lang='lat' dir='ltr'>diceret</span> <span class='ocrx_word' id='word_1_212' title='bbox 1233 2378 1621 2448; x_wconf 78' lang='lat' dir='ltr'>sacellarius</span> <span class='ocrx_word' id='word_1_213' title='bbox 1669 2380 1897 2458; x_wconf 85' lang='lat' dir='ltr'>castri,</span> <span class='ocrx_word' id='word_1_214' title='bbox 1937 2401 2009 2450; x_wconf 91' lang='lat' dir='ltr'>se</span> <span class='ocrx_word' id='word_1_215' title='bbox 2069 2379 2300 2448; x_wconf 92' lang='lat' dir='ltr'>adhuc</span> <span class='ocrx_word' id='word_1_216' title='bbox 2348 2379 2630 2469; x_wconf 87' lang='lat' dir='ltr'>majoris</span> <span class='ocrx_word' id='word_1_217' title='bbox 2692 2379 2894 2468; x_wconf 90' lang='lat' dir='ltr'>pretii</span> <span class='ocrx_word' id='word_1_218' title='bbox 2945 2377 3152 2446; x_wconf 78' lang='lat' dir='ltr'>habere</span> 
     </span>
     <span class='ocr_line' id='line_1_25' title="bbox 658 2460 3154 2568; baseline -0.004 -30"><span class='ocrx_word' id='word_1_219' title='bbox 658 2468 1009 2555; x_wconf 87' lang='lat' dir='ltr'>reliquias,</span> <span class='ocrx_word' id='word_1_220' title='bbox 1064 2489 1310 2568; x_wconf 85' lang='lat' dir='ltr'>nempe</span> <span class='ocrx_word' id='word_1_221' title='bbox 1350 2488 1632 2536; x_wconf 88' lang='lat' dir='ltr'>manum</span> <span class='ocrx_word' id='word_1_222' title='bbox 1685 2467 2023 2558; x_wconf 87' lang='lat' dir='ltr'>integram</span> <span class='ocrx_word' id='word_1_223' title='bbox 2071 2467 2300 2538; x_wconf 88' lang='lat' dir='ltr'>fratris</span> <span class='ocrx_word' id='word_1_224' title='bbox 2333 2468 2630 2538; x_wconf 87' lang='lat' dir='ltr'>Thomae</span> <span class='ocrx_word' id='word_1_225' title='bbox 2667 2467 3038 2556; x_wconf 79' lang='lat' dir='ltr'>Aquinatis,</span> <span class='ocrx_word' id='word_1_226' title='bbox 3068 2460 3154 2531; x_wconf 84' lang='lat' dir='ltr'>ille</span> 
     </span>
     <span class='ocr_line' id='line_1_26' title="bbox 656 2556 3155 2651; baseline -0.002 -23"><span class='ocrx_word' id='word_1_227' title='bbox 656 2558 909 2651; x_wconf 89' lang='lat' dir='ltr'>sprevit</span> <span class='ocrx_word' id='word_1_228' title='bbox 956 2571 1019 2627; x_wconf 93' lang='lat' dir='ltr'>et</span> <span class='ocrx_word' id='word_1_229' title='bbox 1069 2557 1302 2636; x_wconf 76' lang='lat' dir='ltr'>irrisit,</span> <span class='ocrx_word' id='word_1_230' title='bbox 1367 2556 1628 2636; x_wconf 89' lang='lat' dir='ltr'>dicens,</span> <span class='ocrx_word' id='word_1_231' title='bbox 1696 2556 1895 2626; x_wconf 91' lang='lat' dir='ltr'>illum</span> <span class='ocrx_word' id='word_1_232' title='bbox 1946 2569 2262 2628; x_wconf 88' lang='lat' dir='ltr'>sanctum</span> <span class='ocrx_word' id='word_1_233' title='bbox 2312 2579 2448 2626; x_wconf 94' lang='lat' dir='ltr'>non</span> <span class='ocrx_word' id='word_1_234' title='bbox 2510 2579 2680 2639; x_wconf 87' lang='lat' dir='ltr'>esse,</span> <span class='ocrx_word' id='word_1_235' title='bbox 2719 2558 2843 2627; x_wconf 91' lang='lat' dir='ltr'>sed</span> <span class='ocrx_word' id='word_1_236' title='bbox 2891 2575 3089 2627; x_wconf 91' lang='lat' dir='ltr'>unum</span> <span class='ocrx_word' id='word_1_237' title='bbox 3122 2570 3155 2650; x_wconf 30' lang='lat' dir='ltr'>,e</span> 
     </span>
     <span class='ocr_line' id='line_1_27' title="bbox 655 2640 3157 2737; baseline -0.004 -21"><span class='ocrx_word' id='word_1_238' title='bbox 655 2647 919 2717; x_wconf 84' lang='lat' dir='ltr'>familia</span> <span class='ocrx_word' id='word_1_239' title='bbox 948 2645 1166 2716; x_wconf 91' lang='lat' dir='ltr'>sancti</span> <span class='ocrx_word' id='word_1_240' title='bbox 1216 2643 1575 2713; x_wconf 90' lang='lat' dir='ltr'>Dominici.</span> <span class='ocrx_word' id='word_1_241' title='bbox 1633 2649 1783 2714; x_wconf 86' lang='lat' dir='ltr'>Mox</span> <span class='ocrx_word' id='word_1_242' title='bbox 1830 2666 1985 2714; x_wconf 88' lang='lat' dir='ltr'>vero</span> <span class='ocrx_word' id='word_1_243' title='bbox 2032 2658 2497 2737; x_wconf 85' lang='lat' dir='ltr'>contemptum</span> <span class='ocrx_word' id='word_1_244' title='bbox 2550 2657 2785 2716; x_wconf 87' lang='lat' dir='ltr'>secuta</span> <span class='ocrx_word' id='word_1_245' title='bbox 2832 2658 2933 2716; x_wconf 89' lang='lat' dir='ltr'>est</span> <span class='ocrx_word' id='word_1_246' title='bbox 2977 2640 3157 2713; x_wconf 73' lang='lat' dir='ltr'>vindi-</span> 
     </span>
     <span class='ocr_line' id='line_1_28' title="bbox 656 2734 3158 2825; baseline -0.004 -18"><span class='ocrx_word' id='word_1_247' title='bbox 656 2749 765 2808; x_wconf 91' lang='lat' dir='ltr'>cta</span> <span class='ocrx_word' id='word_1_248' title='bbox 785 2735 1130 2805; x_wconf 79' lang='lat' dir='ltr'>coelestis,</span> <span class='ocrx_word' id='word_1_249' title='bbox 1166 2739 1332 2802; x_wconf 89' lang='lat' dir='ltr'>Nam</span> <span class='ocrx_word' id='word_1_250' title='bbox 1383 2747 1635 2802; x_wconf 91' lang='lat' dir='ltr'>tremor</span> <span class='ocrx_word' id='word_1_251' title='bbox 1681 2734 1880 2804; x_wconf 89' lang='lat' dir='ltr'>illum</span> <span class='ocrx_word' id='word_1_252' title='bbox 1917 2734 2162 2825; x_wconf 85' lang='lat' dir='ltr'>ingens</span> <span class='ocrx_word' id='word_1_253' title='bbox 2193 2736 2652 2824; x_wconf 87' lang='lat' dir='ltr'>apprehendit</span> <span class='ocrx_word' id='word_1_254' title='bbox 2699 2735 2912 2805; x_wconf 91' lang='lat' dir='ltr'>totius</span> <span class='ocrx_word' id='word_1_255' title='bbox 2955 2751 3158 2821; x_wconf 81' lang='lat' dir='ltr'>corpo-</span> 
     </span>
     <span class='ocr_line' id='line_1_29' title="bbox 655 2822 3157 2923; baseline -0.002 -28"><span class='ocrx_word' id='word_1_256' title='bbox 655 2827 775 2905; x_wconf 81' lang='lat' dir='ltr'>riS,</span> <span class='ocrx_word' id='word_1_257' title='bbox 818 2836 882 2893; x_wconf 91' lang='lat' dir='ltr'>et</span> <span class='ocrx_word' id='word_1_258' title='bbox 911 2835 1117 2923; x_wconf 85' lang='lat' dir='ltr'>caput</span> <span class='ocrx_word' id='word_1_259' title='bbox 1144 2823 1292 2910; x_wconf 87' lang='lat' dir='ltr'>ejus</span> <span class='ocrx_word' id='word_1_260' title='bbox 1342 2822 1513 2890; x_wconf 89' lang='lat' dir='ltr'>mire</span> <span class='ocrx_word' id='word_1_261' title='bbox 1544 2822 1900 2892; x_wconf 88' lang='lat' dir='ltr'>intumuit.</span> <span class='ocrx_word' id='word_1_262' title='bbox 1939 2828 2107 2891; x_wconf 89' lang='lat' dir='ltr'>Tum</span> <span class='ocrx_word' id='word_1_263' title='bbox 2158 2823 2274 2893; x_wconf 89' lang='lat' dir='ltr'>ille</span> <span class='ocrx_word' id='word_1_264' title='bbox 2322 2824 2406 2892; x_wconf 88' lang='lat' dir='ltr'>ad</span> <span class='ocrx_word' id='word_1_265' title='bbox 2459 2846 2531 2894; x_wconf 92' lang='lat' dir='ltr'>se</span> <span class='ocrx_word' id='word_1_266' title='bbox 2578 2824 2879 2905; x_wconf 82' lang='lat' dir='ltr'>rediens,</span> <span class='ocrx_word' id='word_1_267' title='bbox 2919 2837 3157 2906; x_wconf 82' lang='lat' dir='ltr'>seseque</span> 
     </span>
     <span class='ocr_line' id='line_1_30' title="bbox 655 2911 3157 3003; baseline -0.003 -19"><span class='ocrx_word' id='word_1_268' title='bbox 655 2911 1054 2984; x_wconf 75' lang='lat' dir='ltr'>temeritatis</span> <span class='ocrx_word' id='word_1_269' title='bbox 1101 2932 1422 3000; x_wconf 80' lang='lat' dir='ltr'>arguenS,</span> <span class='ocrx_word' id='word_1_270' title='bbox 1462 2911 1729 2980; x_wconf 88' lang='lat' dir='ltr'>veniam</span> <span class='ocrx_word' id='word_1_271' title='bbox 1779 2912 2129 2982; x_wconf 86' lang='lat' dir='ltr'>humiliter</span> <span class='ocrx_word' id='word_1_272' title='bbox 2178 2912 2369 3003; x_wconf 90' lang='lat' dir='ltr'>petiit</span> <span class='ocrx_word' id='word_1_273' title='bbox 2397 2936 2436 2981; x_wconf 90' lang='lat' dir='ltr'>a</span> <span class='ocrx_word' id='word_1_274' title='bbox 2468 2913 2846 2993; x_wconf 89' lang='lat' dir='ltr'>sacerdote,</span> <span class='ocrx_word' id='word_1_275' title='bbox 2881 2926 3157 2982; x_wconf 87' lang='lat' dir='ltr'>manum·</span> 
     </span>
     <span class='ocr_line' id='line_1_31' title="bbox 654 2999 3231 3089; baseline 0 -19"><span class='ocrx_word' id='word_1_276' title='bbox 654 3023 790 3089; x_wconf 90' lang='lat' dir='ltr'>que</span> <span class='ocrx_word' id='word_1_277' title='bbox 835 2999 1055 3070; x_wconf 88' lang='lat' dir='ltr'>sancti</span> <span class='ocrx_word' id='word_1_278' title='bbox 1105 2999 1400 3068; x_wconf 88' lang='lat' dir='ltr'>Thomae</span> <span class='ocrx_word' id='word_1_279' title='bbox 1445 3011 1829 3069; x_wconf 83' lang='lat' dir='ltr'>reverenter</span> <span class='ocrx_word' id='word_1_280' title='bbox 1874 3001 2303 3083; x_wconf 78' lang='lat' dir='ltr'>exosculanS,</span> <span class='ocrx_word' id='word_1_281' title='bbox 2364 3012 2431 3072; x_wconf 92' lang='lat' dir='ltr'>et</span> <span class='ocrx_word' id='word_1_282' title='bbox 2477 3013 2773 3072; x_wconf 88' lang='lat' dir='ltr'>tremore</span> <span class='ocrx_word' id='word_1_283' title='bbox 2821 3015 2889 3073; x_wconf 92' lang='lat' dir='ltr'>et</span> <span class='ocrx_word' id='word_1_284' title='bbox 2933 3014 3157 3071; x_wconf 82' lang='lat' dir='ltr'>tumore</span> <span class='ocrx_word' id='word_1_285' title='bbox 3230 3038 3231 3071; x_wconf 67' lang='lat' dir='ltr'>l</span> 
     </span>
     <span class='ocr_line' id='line_1_32' title="bbox 655 3087 3158 3178; baseline -0.002 -18"><span class='ocrx_word' id='word_1_286' title='bbox 655 3112 728 3160; x_wconf 89' lang='lat' dir='ltr'>se</span> <span class='ocrx_word' id='word_1_287' title='bbox 762 3088 975 3158; x_wconf 87' lang='lat' dir='ltr'>sensit</span> <span class='ocrx_word' id='word_1_288' title='bbox 1023 3087 1412 3157; x_wconf 89' lang='lat' dir='ltr'>liberatum.</span> <span class='ocrx_word' id='word_1_289' title='bbox 1467 3090 1772 3178; x_wconf 88' lang='lat' dir='ltr'>Percepit</span> <span class='ocrx_word' id='word_1_290' title='bbox 1817 3101 2047 3159; x_wconf 88' lang='lat' dir='ltr'>autem</span> <span class='ocrx_word' id='word_1_291' title='bbox 2095 3091 2374 3161; x_wconf 87' lang='lat' dir='ltr'>odorem</span> <span class='ocrx_word' id='word_1_292' title='bbox 2424 3090 2799 3162; x_wconf 86' lang='lat' dir='ltr'>mirificum</span> <span class='ocrx_word' id='word_1_293' title='bbox 2851 3113 2931 3162; x_wconf 85' lang='lat' dir='ltr'>ex</span> <span class='ocrx_word' id='word_1_294' title='bbox 2970 3101 3158 3158; x_wconf 79' lang='lat' dir='ltr'>sacrae</span> 
     </span>
     <span class='ocr_line' id='line_1_33' title="bbox 656 3177 3231 3269; baseline 0 -23"><span class='ocrx_word' id='word_1_295' title='bbox 656 3200 908 3247; x_wconf 89' lang='lat' dir='ltr'>manus</span> <span class='ocrx_word' id='word_1_296' title='bbox 940 3188 1194 3246; x_wconf 88' lang='lat' dir='ltr'>attactu</span> <span class='ocrx_word' id='word_1_297' title='bbox 1241 3177 1360 3263; x_wconf 90' lang='lat' dir='ltr'>qui</span> <span class='ocrx_word' id='word_1_298' title='bbox 1409 3177 1613 3246; x_wconf 86' lang='lat' dir='ltr'>etiam</span> <span class='ocrx_word' id='word_1_299' title='bbox 1663 3177 1854 3248; x_wconf 90' lang='lat' dir='ltr'>illius</span> <span class='ocrx_word' id='word_1_300' title='bbox 1887 3177 2057 3246; x_wconf 90' lang='lat' dir='ltr'>vesti</span> <span class='ocrx_word' id='word_1_301' title='bbox 2104 3178 2227 3247; x_wconf 92' lang='lat' dir='ltr'>diu</span> <span class='ocrx_word' id='word_1_302' title='bbox 2276 3191 2508 3269; x_wconf 87' lang='lat' dir='ltr'>postea</span> <span class='ocrx_word' id='word_1_303' title='bbox 2553 3180 2879 3263; x_wconf 87' lang='lat' dir='ltr'>inhaesit,</span> <span class='ocrx_word' id='word_1_304' title='bbox 2917 3180 3070 3249; x_wconf 85' lang='lat' dir='ltr'>adeo</span> <span class='ocrx_word' id='word_1_305' title='bbox 3098 3180 3155 3238; x_wconf 74' lang='lat' dir='ltr'>ut</span> <span class='ocrx_word' id='word_1_306' title='bbox 3230 3214 3231 3269; x_wconf 69' lang='lat' dir='ltr'>j</span> 
     </span>
     <span class='ocr_line' id='line_1_34' title="bbox 656 3264 3149 3352; baseline 0 -18"><span class='ocrx_word' id='word_1_307' title='bbox 656 3266 855 3335; x_wconf 90' lang='lat' dir='ltr'>valde</span> <span class='ocrx_word' id='word_1_308' title='bbox 909 3265 1231 3335; x_wconf 87' lang='lat' dir='ltr'>admirati</span> <span class='ocrx_word' id='word_1_309' title='bbox 1279 3264 1403 3346; x_wconf 92' lang='lat' dir='ltr'>illi,</span> <span class='ocrx_word' id='word_1_310' title='bbox 1465 3266 1642 3335; x_wconf 91' lang='lat' dir='ltr'>inter</span> <span class='ocrx_word' id='word_1_311' title='bbox 1697 3287 1869 3352; x_wconf 90' lang='lat' dir='ltr'>quos</span> <span class='ocrx_word' id='word_1_312' title='bbox 1919 3267 2341 3347; x_wconf 86' lang='lat' dir='ltr'>versabatur,</span> <span class='ocrx_word' id='word_1_313' title='bbox 2403 3268 2922 3339; x_wconf 89' lang='lat' dir='ltr'>sciscitarentur</span> <span class='ocrx_word' id='word_1_314' title='bbox 2946 3289 3039 3337; x_wconf 83' lang='lat' dir='ltr'>-ex</span> <span class='ocrx_word' id='word_1_315' title='bbox 3070 3279 3149 3335; x_wconf 69' lang='lat' dir='ltr'>eo,</span> 
     </span>
     <span class='ocr_line' id='line_1_35' title="bbox 653 3354 3157 3459; baseline -0 -34"><span class='ocrx_word' id='word_1_316' title='bbox 653 3356 841 3426; x_wconf 92' lang='lat' dir='ltr'>unde</span> <span class='ocrx_word' id='word_1_317' title='bbox 887 3366 1063 3425; x_wconf 84' lang='lat' dir='ltr'>esset</span> <span class='ocrx_word' id='word_1_318' title='bbox 1109 3354 1278 3424; x_wconf 91' lang='lat' dir='ltr'>odor</span> <span class='ocrx_word' id='word_1_319' title='bbox 1326 3367 1461 3423; x_wconf 89' lang='lat' dir='ltr'>tam</span> <span class='ocrx_word' id='word_1_320' title='bbox 1510 3354 1827 3424; x_wconf 88' lang='lat' dir='ltr'>eximius.</span> <span class='ocrx_word' id='word_1_321' title='bbox 1900 3356 2165 3438; x_wconf 87' lang='lat' dir='ltr'>Quibus</span> <span class='ocrx_word' id='word_1_322' title='bbox 2220 3355 2335 3424; x_wconf 89' lang='lat' dir='ltr'>ille</span> <span class='ocrx_word' id='word_1_323' title='bbox 2379 3359 2619 3427; x_wconf 88' lang='lat' dir='ltr'>crebro</span> <span class='ocrx_word' id='word_1_324' title='bbox 2674 3358 3048 3459; x_wconf 87' lang='lat' dir='ltr'>exponebat</span> <span class='ocrx_word' id='word_1_325' title='bbox 3084 3364 3157 3447; x_wconf 67' lang='lat' dir='ltr'>tq·</span> 
     </span>
     <span class='ocr_line' id='line_1_36' title="bbox 653 3438 3159 3534; baseline -0.002 -21"><span class='ocrx_word' id='word_1_326' title='bbox 653 3446 791 3514; x_wconf 86' lang='lat' dir='ltr'>tius</span> <span class='ocrx_word' id='word_1_327' title='bbox 838 3456 1066 3534; x_wconf 85' lang='lat' dir='ltr'>gestae</span> <span class='ocrx_word' id='word_1_328' title='bbox 1100 3443 1195 3511; x_wconf 91' lang='lat' dir='ltr'>rei</span> <span class='ocrx_word' id='word_1_329' title='bbox 1242 3443 1513 3513; x_wconf 87' lang='lat' dir='ltr'>seriem.</span> <span class='ocrx_word' id='word_1_330' title='bbox 1553 3443 1763 3512; x_wconf 87' lang='lat' dir='ltr'>Multa</span> <span class='ocrx_word' id='word_1_331' title='bbox 1808 3443 1943 3512; x_wconf 89' lang='lat' dir='ltr'>alia</span> <span class='ocrx_word' id='word_1_332' title='bbox 1992 3444 2212 3515; x_wconf 89' lang='lat' dir='ltr'>sancti</span> <span class='ocrx_word' id='word_1_333' title='bbox 2262 3447 2565 3515; x_wconf 88' lang='lat' dir='ltr'>Doctoris</span> <span class='ocrx_word' id='word_1_334' title='bbox 2614 3446 2879 3516; x_wconf 77' lang='lat' dir='ltr'>meritis</span> <span class='ocrx_word' id='word_1_335' title='bbox 2906 3438 3159 3515; x_wconf 74' lang='lat' dir='ltr'>suntdi·</span> 
     </span>
     <span class='ocr_line' id='line_1_37' title="bbox 653 3530 3157 3627; baseline -0.001 -26"><span class='ocrx_word' id='word_1_336' title='bbox 653 3534 910 3603; x_wconf 89' lang='lat' dir='ltr'>vinitus</span> <span class='ocrx_word' id='word_1_337' title='bbox 956 3532 1138 3602; x_wconf 87' lang='lat' dir='ltr'>edita</span> <span class='ocrx_word' id='word_1_338' title='bbox 1187 3530 1545 3612; x_wconf 87' lang='lat' dir='ltr'>miracula,</span> <span class='ocrx_word' id='word_1_339' title='bbox 1580 3553 1878 3618; x_wconf 91' lang='lat' dir='ltr'>quorum</span> <span class='ocrx_word' id='word_1_340' title='bbox 1926 3532 2132 3602; x_wconf 87' lang='lat' dir='ltr'>etiam</span> <span class='ocrx_word' id='word_1_341' title='bbox 2192 3533 2532 3620; x_wconf 88' lang='lat' dir='ltr'>quaedam</span> <span class='ocrx_word' id='word_1_342' title='bbox 2583 3536 2823 3605; x_wconf 78' lang='lat' dir='ltr'>recitat</span> <span class='ocrx_word' id='word_1_343' title='bbox 2869 3545 3157 3627; x_wconf 72' lang='lat' dir='ltr'>summus</span> 
     </span>
     <span class='ocr_line' id='line_1_38' title="bbox 649 3620 3160 3709; baseline -0.002 -17"><span class='ocrx_word' id='word_1_344' title='bbox 649 3620 952 3692; x_wconf 88' lang='lat' dir='ltr'>Pontifex</span> <span class='ocrx_word' id='word_1_345' title='bbox 999 3627 1298 3690; x_wconf 87' lang='lat' dir='ltr'>Joannes</span> <span class='ocrx_word' id='word_1_346' title='bbox 1345 3625 1520 3689; x_wconf 84' lang='lat' dir='ltr'>XXII</span> <span class='ocrx_word' id='word_1_347' title='bbox 1567 3620 1636 3688; x_wconf 92' lang='lat' dir='ltr'>in</span> <span class='ocrx_word' id='word_1_348' title='bbox 1690 3620 1905 3702; x_wconf 88' lang='lat' dir='ltr'>Bulla,</span> <span class='ocrx_word' id='word_1_349' title='bbox 1941 3644 2079 3709; x_wconf 90' lang='lat' dir='ltr'>qua</span> <span class='ocrx_word' id='word_1_350' title='bbox 2129 3623 2345 3691; x_wconf 89' lang='lat' dir='ltr'>sancti</span> <span class='ocrx_word' id='word_1_351' title='bbox 2396 3623 2524 3692; x_wconf 89' lang='lat' dir='ltr'>viri</span> <span class='ocrx_word' id='word_1_352' title='bbox 2555 3623 2627 3692; x_wconf 90' lang='lat' dir='ltr'>in</span> <span class='ocrx_word' id='word_1_353' title='bbox 2677 3624 2879 3693; x_wconf 90' lang='lat' dir='ltr'>Divos</span> <span class='ocrx_word' id='word_1_354' title='bbox 2926 3620 3160 3708; x_wconf 73' lang='lat' dir='ltr'>relatio·</span> 
     </span>
     <span class='ocr_line' id='line_1_39' title="bbox 650 3700 3159 3813; baseline -0.002 -33"><span class='ocrx_word' id='word_1_355' title='bbox 650 3733 810 3780; x_wconf 89' lang='lat' dir='ltr'>nem</span> <span class='ocrx_word' id='word_1_356' title='bbox 858 3710 1182 3800; x_wconf 87' lang='lat' dir='ltr'>explicat:</span> <span class='ocrx_word' id='word_1_357' title='bbox 1233 3731 1410 3797; x_wconf 91' lang='lat' dir='ltr'>quae</span> <span class='ocrx_word' id='word_1_358' title='bbox 1434 3708 1942 3779; x_wconf 89' lang='lat' dir='ltr'>evidentissime</span> <span class='ocrx_word' id='word_1_359' title='bbox 1973 3711 2346 3791; x_wconf 87' lang='lat' dir='ltr'>declarant,</span> <span class='ocrx_word' id='word_1_360' title='bbox 2384 3726 2723 3799; x_wconf 87' lang='lat' dir='ltr'>quantum</span> <span class='ocrx_word' id='word_1_361' title='bbox 2756 3712 2974 3813; x_wconf 89' lang='lat' dir='ltr'>possit</span> <span class='ocrx_word' id='word_1_362' title='bbox 3001 3700 3159 3799; x_wconf 89' lang='lat' dir='ltr'>apud</span> 
     </span>
     <span class='ocr_line' id='line_1_40' title="bbox 650 3798 3164 3891; baseline 0.002 -23"><span class='ocrx_word' id='word_1_363' title='bbox 650 3811 1159 3891; x_wconf 90' lang='lat' dir='ltr'>praepotentem</span> <span class='ocrx_word' id='word_1_364' title='bbox 1210 3803 1446 3867; x_wconf 89' lang='lat' dir='ltr'>Deum.</span> <span class='ocrx_word' id='word_1_365' title='bbox 1501 3803 1631 3867; x_wconf 89' lang='lat' dir='ltr'>Nos</span> <span class='ocrx_word' id='word_1_366' title='bbox 1679 3798 1987 3868; x_wconf 88' lang='lat' dir='ltr'>brevitati</span> <span class='ocrx_word' id='word_1_367' title='bbox 2037 3800 2411 3880; x_wconf 86' lang='lat' dir='ltr'>studentes,</span> <span class='ocrx_word' id='word_1_368' title='bbox 2448 3823 2526 3871; x_wconf 91' lang='lat' dir='ltr'>ea</span> <span class='ocrx_word' id='word_1_369' title='bbox 2575 3802 2965 3882; x_wconf 77' lang='lat' dir='ltr'>omisimus,</span> <span class='ocrx_word' id='word_1_370' title='bbox 3016 3815 3164 3884; x_wconf 82' lang='lat' dir='ltr'>quo·</span> 
     </span>
     <span class='ocr_line' id='line_1_41' title="bbox 649 3887 3162 3978; baseline -0.003 -20"><span class='ocrx_word' id='word_1_371' title='bbox 649 3889 836 3958; x_wconf 88' lang='lat' dir='ltr'>niam</span> <span class='ocrx_word' id='word_1_372' title='bbox 883 3889 1098 3957; x_wconf 90' lang='lat' dir='ltr'>multa</span> <span class='ocrx_word' id='word_1_373' title='bbox 1144 3898 1328 3966; x_wconf 88' lang='lat' dir='ltr'>sunt,</span> <span class='ocrx_word' id='word_1_374' title='bbox 1366 3899 1431 3957; x_wconf 92' lang='lat' dir='ltr'>et</span> <span class='ocrx_word' id='word_1_375' title='bbox 1476 3887 1819 3958; x_wconf 90' lang='lat' dir='ltr'>habentur</span> <span class='ocrx_word' id='word_1_376' title='bbox 1864 3888 2052 3978; x_wconf 89' lang='lat' dir='ltr'>apud</span> <span class='ocrx_word' id='word_1_377' title='bbox 2101 3889 2273 3959; x_wconf 88' lang='lat' dir='ltr'>alios</span> <span class='ocrx_word' id='word_1_378' title='bbox 2319 3889 2626 3959; x_wconf 90' lang='lat' dir='ltr'>diversos</span> <span class='ocrx_word' id='word_1_379' title='bbox 2673 3890 2730 3958; x_wconf 74' lang='lat'>*.</span> <span class='ocrx_word' id='word_1_380' title='bbox 2794 3895 2913 3961; x_wconf 89' lang='lat' dir='ltr'>Est</span> <span class='ocrx_word' id='word_1_381' title='bbox 2958 3897 3162 3958; x_wconf 87' lang='lat' dir='ltr'>autem</span> 
     </span>
     <span class='ocr_line' id='line_1_42' title="bbox 649 3976 3157 4068; baseline -0.002 -21"><span class='ocrx_word' id='word_1_382' title='bbox 649 3978 753 4047; x_wconf 88' lang='lat' dir='ltr'>vir</span> <span class='ocrx_word' id='word_1_383' title='bbox 798 3977 1238 4047; x_wconf 86' lang='lat' dir='ltr'>beatissimus</span> <span class='ocrx_word' id='word_1_384' title='bbox 1279 3981 1683 4046; x_wconf 91' lang='lat' dir='ltr'>Sanctorum</span> <span class='ocrx_word' id='word_1_385' title='bbox 1731 3976 2039 4067; x_wconf 84' lang='lat' dir='ltr'>catalogo</span> <span class='ocrx_word' id='word_1_386' title='bbox 2085 3977 2432 4068; x_wconf 87' lang='lat' dir='ltr'>ascriptus</span> <span class='ocrx_word' id='word_1_387' title='bbox 2478 3978 2567 4046; x_wconf 89' lang='lat' dir='ltr'>ab</span> <span class='ocrx_word' id='word_1_388' title='bbox 2614 4000 2722 4060; x_wconf 90' lang='lat' dir='ltr'>eo,</span> <span class='ocrx_word' id='word_1_389' title='bbox 2783 3999 2992 4065; x_wconf 88' lang='lat' dir='ltr'>quern</span> <span class='ocrx_word' id='word_1_390' title='bbox 3027 3976 3157 4064; x_wconf 85' lang='lat' dir='ltr'>jam</span> 
     </span>
     <span class='ocr_line' id='line_1_43' title="bbox 646 4065 2891 4149; baseline 0 -13"><span class='ocrx_word' id='word_1_391' title='bbox 646 4066 973 4149; x_wconf 76' lang='lat' dir='ltr'>diximuS,</span> <span class='ocrx_word' id='word_1_392' title='bbox 1005 4071 1310 4136; x_wconf 88' lang='lat' dir='ltr'>Romano</span> <span class='ocrx_word' id='word_1_393' title='bbox 1343 4065 1666 4135; x_wconf 89' lang='lat' dir='ltr'>Pontifice</span> <span class='ocrx_word' id='word_1_394' title='bbox 1696 4072 1982 4148; x_wconf 69' lang='lat' dir='ltr'>scanne,</span> <span class='ocrx_word' id='word_1_395' title='bbox 2035 4070 2227 4136; x_wconf 80' lang='lat' dir='ltr'>Anno</span> <span class='ocrx_word' id='word_1_396' title='bbox 2259 4065 2506 4138; x_wconf 85' lang='lat' dir='ltr'>Christi</span> <span class='ocrx_word' id='word_1_397' title='bbox 2552 4087 2891 4137; x_wconf 74' lang='lat' dir='ltr'>ucccxnn.</span> 
     </span>
    </p>
   </div>
   <div class='ocr_carea' id='block_1_3' title="bbox 647 4227 3069 4382">
    <p class='ocr_par' dir='ltr' id='par_1_4' title="bbox 647 4227 3069 4382">
     <span class='ocr_line' id='line_1_44' title="bbox 647 4227 3069 4303; baseline -0 -14"><span class='ocrx_word' id='word_1_398' title='bbox 647 4227 680 4265; x_wconf 68' lang='lat'>¹*</span> <span class='ocrx_word' id='word_1_399' title='bbox 718 4234 887 4289; x_wconf 78' lang='lat' dir='ltr'>Eam</span> <span class='ocrx_word' id='word_1_400' title='bbox 924 4233 1312 4302; x_wconf 78' lang='lat' dir='ltr'>praedictae</span> <span class='ocrx_word' id='word_1_401' title='bbox 1351 4233 1596 4288; x_wconf 80' lang='lat' dir='ltr'>Bullae</span> <span class='ocrx_word' id='word_1_402' title='bbox 1632 4236 1898 4301; x_wconf 76' lang='lat' dir='ltr'>partem</span> <span class='ocrx_word' id='word_1_403' title='bbox 1931 4232 2087 4300; x_wconf 81' lang='lat' dir='ltr'>huc,</span> <span class='ocrx_word' id='word_1_404' title='bbox 2116 4232 2363 4290; x_wconf 77' lang='lat' dir='ltr'>lectori</span> <span class='ocrx_word' id='word_1_405' title='bbox 2403 4236 2640 4292; x_wconf 76' lang='lat' dir='ltr'>nostro</span> <span class='ocrx_word' id='word_1_406' title='bbox 2681 4236 3069 4303; x_wconf 74' lang='lat' dir='ltr'>pergratum</span> 
     </span>
     <span class='ocr_line' id='line_1_45' title="bbox 729 4313 3061 4382; baseline -0 -13"><span class='ocrx_word' id='word_1_407' title='bbox 729 4313 929 4382; x_wconf 71' lang='lat' dir='ltr'>etuti,</span> <span class='ocrx_word' id='word_1_408' title='bbox 972 4314 1389 4382; x_wconf 71' lang='lat' dir='ltr'>addidimu83</span> <span class='ocrx_word' id='word_1_409' title='bbox 1431 4326 1608 4380; x_wconf 83' lang='lat' dir='ltr'>quae</span> <span class='ocrx_word' id='word_1_410' title='bbox 1637 4314 1738 4369; x_wconf 80' lang='lat' dir='ltr'>ita</span> <span class='ocrx_word' id='word_1_411' title='bbox 1767 4327 1841 4369; x_wconf 77' lang='lat' dir='ltr'>ee</span> <span class='ocrx_word' id='word_1_412' title='bbox 1868 4313 2111 4369; x_wconf 81' lang='lat' dir='ltr'>habet:</span> <span class='ocrx_word' id='word_1_413' title='bbox 3054 4332 3061 4345; x_wconf 82' lang='lat'><strong>·</strong></span> 
     </span>
    </p>
   </div>
   <div class='ocr_carea' id='block_1_4' title="bbox 742 4426 3166 4517">
    <p class='ocr_par' dir='ltr' id='par_1_5' title="bbox 742 4426 3166 4517">
     <span class='ocr_line' id='line_1_46' title="bbox 742 4426 3166 4517; baseline -0.005 -19"><span class='ocrx_word' id='word_1_414' title='bbox 742 4429 778 4513; x_wconf 69' lang='grc' dir='ltr'>ξ</span> <span class='ocrx_word' id='word_1_415' title='bbox 808 4433 885 4499; x_wconf 82' lang='lat'>1.</span> <span class='ocrx_word' id='word_1_416' title='bbox 925 4482 1059 4497; x_wconf 93' lang='grc'><strong>.....</strong></span> <span class='ocrx_word' id='word_1_417' title='bbox 1069 4427 1233 4515; x_wconf 85' lang='lat' dir='ltr'>quia</span> <span class='ocrx_word' id='word_1_418' title='bbox 1266 4426 1558 4517; x_wconf 81' lang='lat' dir='ltr'>dignum</span> <span class='ocrx_word' id='word_1_419' title='bbox 1589 4436 1733 4495; x_wconf 89' lang='lat' dir='ltr'>erat</span> <span class='ocrx_word' id='word_1_420' title='bbox 1761 4438 1827 4495; x_wconf 91' lang='lat' dir='ltr'>et</span> <span class='ocrx_word' id='word_1_421' title='bbox 1857 4447 2265 4507; x_wconf 81' lang='lat' dir='ltr'>consonum,</span> <span class='ocrx_word' id='word_1_422' title='bbox 2307 4441 2382 4496; x_wconf 90' lang='lat' dir='ltr'>ut</span> <span class='ocrx_word' id='word_1_423' title='bbox 2407 4449 2612 4514; x_wconf 90' lang='lat' dir='ltr'>quem</span> <span class='ocrx_word' id='word_1_424' title='bbox 2647 4434 2822 4498; x_wconf 90' lang='lat' dir='ltr'>Deus</span> <span class='ocrx_word' id='word_1_425' title='bbox 2854 4426 3166 4495; x_wconf 86' lang='lat' dir='ltr'>viventem</span> 
     </span>
    </p>
   </div>
  </div>
 </body>
</html>
