3327 4999
157 311 413 378 MART.
469 312 542 378 24
1012 333 1092 379 nn
1141 334 1197 381 s.
1252 330 1598 381 BssNssmcro
1646 332 1888 378 ΑΒΒΑΤΕ
2506 316 2637 381 417

151 412 566 498 alloquutus
612 424 736 493 est,
808 413 1090 486 dicens:
1145 438 1181 482 «
1216 417 1620 487 Miser-eatur
1668 415 1898 496 vestri,
1961 414 2229 496 fratres,
2283 416 2730 507 omnipotens

165 504 388 568 Deus:
443 523 659 587 quare
697 501 768 569 in
821 523 928 570 me
965 502 1092 572 ista
1121 503 1344 573 facere
1394 503 1762 572 voluistis?
1801 503 2153 589 Numquid
2185 525 2321 572 non
2355 504 2550 593 prius
2582 503 2732 573 dixi

155 586 381 669 vobis,
446 589 612 675 quia
652 590 894 659 vestris
943 612 1022 658 ac
1073 592 1243 660 meis
1295 592 1606 660 moribus
1656 591 1947 659 minime
1993 592 2435 660 conveniret?
2483 598 2602 672 Ite,
2661 603 2727 661 et

165 674 356 744 'uxta
405 689 660 747 vestros
710 698 936 745 mores
987 690 1248 767 patrem
1293 680 1485 747 vobis
1510 678 1859 764 quaerite:
1914 679 2078 764 quia
2130 679 2411 768 posthac
2461 701 2571 748 me
2602 680 2731 747 ha-

213 783 328 830 ere
368 764 658 832 minime
692 764 1044 854 potestis.»
1080 772 1408 852 Tuncque
1456 767 1539 835 ad
1593 766 1822 834 locum
1851 765 2139 834 dilectae
2166 766 2561 836 solitudinis
2609 779 2726 836 re-

164 849 322 930 diit,
375 862 442 919 et
489 850 678 920 solus
726 852 795 920 in
849 854 1132 943 superni
1184 875 1217 922 s
1268 854 1586 923 ectatoris
1634 853 1856 923 oculis
1893 853 2222 924 habitavit
2270 876 2593 924 secum...

253 940 292 1023 ξ
356 944 451 1008 6.
507 944 674 1007 Cum
715 950 996 1010 sanctus
1035 942 1140 1010 vir
1249 943 1320 1011 iu
1379 942 1450 1009 in
1501 941 1744 1010 eadem
1794 940 2166 1011 solitudine
2209 941 2579 1013 virtutibus
2629 942 2728 1012 si-

159 1026 465 1113 gnisque
513 1040 997 1108 succresceret,
1039 1029 1244 1099 multi
1291 1029 1378 1097 ab
1424 1051 1503 1098 eo
1553 1030 1622 1096 in
1675 1028 1910 1098 eodem
1962 1028 2113 1097 loco
2152 1029 2239 1096 ad
2290 1029 2731 1118 omnipoten-

158 1113 254 1182 tis
309 1112 424 1180 Dei
472 1120 635 1183 sunt
683 1114 1037 1184 servitium
1086 1117 1537 1208 congregati:
1595 1116 1687 1183 ita
1737 1129 1811 1185 ut
1861 1116 2003 1184 illic
2052 1116 2422 1185 duodecim
2483 1138 2727 1186 mona-

161 1200 377 1270 steria
424 1222 586 1269 curn
648 1201 1141 1291 omnipotentis
1205 1210 1368 1273 Jesu
1419 1203 1668 1273 Christi
1733 1203 2007 1272 Domini
2054 1204 2507 1292 opitulatione
2555 1226 2725 1274 con-

158 1298 485 1357 strueret:
513 1289 583 1356 in
616 1290 872 1374 quibus
905 1292 1175 1361 statutis
1204 1292 1520 1391 patribus
1541 1289 1902 1360 duodenos
1930 1292 2303 1361 monachos
2334 1291 2712 1380 deputavit,

162 1396 434 1464 paucos
480 1398 636 1445 vero
679 1400 912 1447 secum
967 1379 1272 1465 retinuit,
1313 1401 1487 1465 quos
1533 1378 1766 1447 adhuc
1800 1379 1871 1446 in
1908 1399 2035 1446 sua
2075 1378 2460 1467 praesentia
2492 1381 2726 1470 aptius

159 1462 437 1531 erudiri
466 1463 826 1552 judicavit.
863 1470 1153 1555 Coepere
1199 1468 1402 1547 etiam
1448 1478 1613 1536 tunc
1660 1466 1748 1534 ad
1798 1487 1955 1534 eum
1990 1470 2338 1535 Romanae
2368 1467 2566 1536 urbis
2608 1489 2730 1536 no-

154 1549 343 1619 biles
392 1564 457 1618 et
506 1551 627 1618 reli
682 1551 809 1620 iosi
856 1556 1289 1635 concurrere,
1356 1575 1656 1640 suosque
1716 1553 1777 1622 ei
1842 1553 2023 1622 filios
2072 1554 2526 1643 omnipotenti
2590 1560 2724 1624 Deo

158 1639 579 1707 nutriendos
675 1662 815 1708 are.
869 1646 1057 1709 Tunc
1120 1663 1396 1729 quoque
1443 1641 1665 1710 bonae
1726 1641 1871 1730 spei
1923 1663 2085 1710 suas
2134 1640 2442 1721 soboles,
2505 1647 2720 1731 Euty-

158 1725 373 1796 chius
423 1732 734 1795 Maurum
788 1729 1156 1797 Tertullius
1203 1750 1361 1797 vero
1389 1729 1711 1818 patritius
1754 1728 2108 1797 Placidum
2143 1728 2461 1798 tradidit:
2499 1751 2536 1798 e
2564 1729 2724 1815 qui-

160 1818 306 1887 bus
358 1819 636 1883 Maurus
677 1814 920 1900 ,iunior
949 1816 1006 1896 *,
1058 1838 1216 1884 cum
1254 1816 1455 1885 bonis
1505 1817 1790 1906 polleret
1841 1817 2176 1897 moribuS,
2234 1816 2549 1905 magistri
2599 1817 2726 1885 ad-

168 1906 358 1973 ’utor
404 1901 629 1991 coepit
660 1903 946 1973 existere
969 1910 999 1970 :⁸
1037 1903 1359 1973 Placidus
1407 1925 1563 1973 vero
1598 1903 1887 1993 puerilis
1935 1903 2164 1972 adhuc
2223 1902 2480 1972 indolis
2528 1925 2725 1994 gere-

219 2002 292 2060 at
340 2010 583 2057 annos.
2417 2012 2422 2021 '

259 2080 297 2164 ξ
368 2081 443 2146 2.
500 2081 576 2145 In
636 2098 778 2145 uno
836 2089 1065 2147 autem
1116 2099 1197 2146 ex
1256 2078 1356 2146 eis
1405 2077 1888 2157 monasteriiS,
1942 2098 2118 2162 quae
2175 2076 2724 2164 circumquaque

163 2175 670 2243 construxerat,
724 2165 1009 2250 quidam
1060 2166 1445 2234 monachus
1491 2176 1635 2232 erat
1665 2164 1787 2249 qui
1820 2164 1905 2233 ad
1941 2165 2317 2233 orationem
2369 2177 2549 2234 stare
2584 2186 2723 2234 non

164 2263 471 2354 poterat:
525 2251 645 2319 sed
681 2273 837 2321 mox
879 2264 962 2321 ut
1009 2274 1081 2321 se
1129 2251 1372 2322 fratres
1411 2252 1497 2319 ad
1548 2251 1860 2320 studium
1902 2251 2233 2321 orationis
2264 2252 2719 2333 inclinabant,

162 2362 323 2431 lpse
354 2338 836 2428 egrediebatur
883 2338 1089 2419 foras,
1127 2351 1194 2409 et
1240 2350 1467 2408 mente
1495 2341 1692 2427 vaga,
1747 2352 2015 2407 terrena
2073 2338 2308 2424 aliqua
2355 2351 2420 2408 et
2471 2339 2725 2410 transi-

164 2428 348 2498 toria
395 2427 661 2518 agebat.
717 2431 1023 2513 Cumque
1070 2428 1157 2496 ab
1205 2428 1459 2497 Abbate
1513 2448 1640 2495 suo
1689 2426 1967 2516 saepius
2004 2426 2248 2496 fuisset
2295 2426 2721 2509 admonituS,

163 2515 261 2586 ad
311 2515 534 2590 virum
578 2515 702 2582 Dei
750 2513 1091 2585 deductus
1137 2527 1269 2585 est:
1321 2516 1443 2602 qui
1492 2515 1640 2604 ipse
1688 2536 1963 2601 quoque
2012 2514 2376 2584 stultitiam
2411 2515 2563 2604 ejus
2613 2536 2728 2582 ve-

167 2606 534 2674 hementer
583 2602 994 2691 increpavit,
1059 2614 1123 2671 et
1152 2602 1255 2671 'ad
1308 2602 1804 2671 monasterium
1867 2623 2227 2680 reversuS,
2291 2602 2401 2670 vix
2448 2602 2726 2671 duobus

166 2689 423 2760 diebus
471 2690 594 2758 viri
659 2690 775 2757 Dei
823 2690 1363 2759 admonitionem
1417 2690 1661 2760 tenuit.
1718 2695 1884 2758 Nam
1951 2690 2065 2758 die
2130 2689 2329 2758 tertia
2375 2688 2459 2756 ad
2513 2710 2729 2758 usum

166 2777 537 2870 proprium
589 2798 925 2858 reversus,
978 2779 1215 2866 vagari
1263 2789 1569 2878 ternpore
1616 2777 1947 2846 orationis
2008 2777 2255 2866 coepit.
2318 2775 2514 2858 Quod
2563 2797 2732 2845 cum

165 2887 369 2938 servo
417 2864 533 2933 Dei
597 2864 685 2932 ab
731 2863 972 2933 eodem
1024 2866 1422 2934 monasterii
1473 2877 1687 2954 patre,
1753 2886 1960 2950 quem
2011 2864 2486 2945 constituerat,
2541 2884 2727 2931 nun-

164 2954 431 3025 ciatum
482 2950 743 3031 suisset,
798 2951 1004 3020 dixit:
1068 2957 1264 3043 «Ego
1313 2953 1533 3031 veni0‚
1595 2973 1895 3037 eumque
1946 2974 2066 3040 per
2129 2953 2621 3042 memetipsum
2653 2972 2729 3020 e-

165 3039 512 3112 mendo.»
563 3043 868 3124 Cumque
915 3039 1018 3107 vir
1069 3041 1182 3109 Dei
1230 3040 1528 3109 venisset
1555 3040 1642 3108 ad
1693 3040 1875 3107 idem
1909 3040 2430 3119 monasterium,
2466 3050 2532 3108 et
2560 3059 2728 3107 con-

166 3130 413 3200 stituta
454 3127 622 3195 hora
660 3125 928 3215 expleta
960 3126 1347 3215 psalmodia
1375 3148 1523 3196 sese
1555 3125 1800 3204 fratres
1831 3127 1901 3194 in
1932 3128 2312 3196 orationem
2344 3126 2725 3206 dedissent,

162 3216 460 3306 aspexit,
511 3213 697 3299 quod
746 3212 1071 3282 eumdem
1141 3215 1560 3284 monachum
1609 3214 1731 3299 qui
1778 3215 1849 3282 in
1891 3215 2197 3283 oratione
2256 3235 2536 3283 manere
2585 3233 2726 3281 non

219 3304 414 3383 otuit,
449 3300 736 3388 quidam
780 3302 976 3390 niger
1015 3303 1354 3392 puerulus
1401 3323 1523 3391 per
1569 3301 1959 3370 vestimenti
2006 3301 2320 3370 fimbrias
2369 3300 2552 3370 foras
2585 3312 2727 3369 tra·-

161 3327 385 3462 Eeret.
438 3395 628 3458 Tunc
675 3388 900 3457 eidem
948 3389 1125 3478 patri
1156 3388 1580 3469 monasterii,
1611 3388 2366 3480 Pompejanonomine,
2399 3398 2466 3457 et
2493 3393 2732 3457 Mauro

163 3478 289 3548 Dei
336 3476 597 3547 famulo
644 3487 901 3545 secrete
947 3476 1159 3545 dixit:
1214 3476 1627 3563 «Numquid
1691 3497 1826 3544 non
1875 3477 2211 3565 aspicitiS,
2250 3477 2408 3562 quis
2457 3489 2561 3545 est
2607 3474 2733 3562 qui

165 3567 386 3635 istum
415 3565 798 3634 monachus
827 3563 1010 3633 foras
1043 3563 1322 3633 trahit?»
1350 3566 1479 3646 Qui
1512 3563 2028 3653 respondentes,
2067 3563 2424 3632 dixerunt:
2462 3568 2727 3633 «Nom»

164 3654 436 3737 Quibus
483 3651 620 3721 ait:
674 3674 711 3717 «
754 3655 1066 3733 Oremu5‚
1111 3664 1188 3721 ut
1233 3674 1352 3721 vos
1411 3652 1619 3720 etiam
1668 3651 1979 3731 videatiS,
2036 3673 2243 3738 quem
2294 3650 2424 3720 iste
2483 3671 2725 3719 mona·

165 3742 348 3811 chus
381 3739 765 3825 sequitur.»
800 3744 1109 3826 Cumque
1142 3761 1262 3831 per
1286 3739 1581 3808 biduum
1617 3750 1796 3808 esset
1842 3750 2141 3819 oratum,
2182 3744 2461 3807 Maurus
2492 3759 2735 3807 mona-

165 3829 348 3898 chus
396 3826 605 3895 vidit:
660 3826 1122 3927 Pompejanus
1187 3848 1344 3896 vero
1407 3827 1719 3982 ejlusdem
1770 3825 2170 3895 monasterii
2231 3837 2447 3914 pater,
2503 3825 2737 3894 videre

167 3937 311 3985 non
363 3914 606 4005 potuit.
669 3914 786 3982 Die
835 3928 1048 4004 igitur
1093 3915 1253 3996 alia,
1318 3937 1446 4003 exp
1478 3927 1585 3985 eta
1632 3915 1974 3994 oratione,
2028 3913 2131 3981 vir
2182 3913 2298 3981 Dei
2347 3912 2740 3981 oratorium

169 4025 520 4094 egressus,
578 4013 872 4071 stantem
921 4001 1087 4071 foris
1135 4003 1558 4072 monachum
1628 4002 1917 4090 reperit,
1980 4021 2185 4086 quem
2238 4023 2362 4090 pro
2409 3999 2741 4069 caecitate

172 4091 408 4163 cordis
456 4089 565 4159 sui
613 4089 807 4180 virga
864 4090 1238 4180 percussit:
1291 4091 1413 4177 qui
1477 4111 1559 4159 ex
1622 4088 1744 4157 illo
1802 4090 1914 4158 die
1965 4088 2062 4156 nil
2105 4088 2581 4177 persuasionis
2636 4087 2744 4155 ul·-

174 4179 392 4249 terius
442 4200 483 4246 a
531 4177 731 4267 nigro
779 4178 928 4266 jam
980 4178 1272 4268 puerulo
1323 4176 1651 4268 pertulit,
1714 4177 1829 4246 sed
1881 4176 1969 4245 ad
2032 4176 2361 4246 orationis
2423 4174 2740 4246 studium

233 4322 257 4344 ·
287 4322 331 4362 8.
348 4321 502 4362 unus-1
519 4320 771 4363 historiam
788 4321 934 4364 habes
953 4322 1005 4363 tn
1022 4322 1045 4362 1
1065 4321 1166 4362 Vol.
1184 4331 1230 4372 p.
1250 4322 1341 4363 302.
1361 4321 1506 4364 Plura
1527 4320 1702 4362 ibidem
1724 4322 1781 4363 de
1799 4321 1969 4372 Magno
1990 4321 2260 4365 Benedicto.

340 4447 586 4508 Sul-ius
614 4475 643 4493 ·
692 4443 852 4509 Vitae
875 4446 987 4511 88.
1019 4475 1046 4494 -
1072 4446 1202 4505 Vol.
1246 4445 1348 4506 m.
2426 4447 2504 4505 27
