3327 4999
629 311 714 376 72
1468 328 1548 374 ως
1595 328 1652 374 s.
1706 325 1941 374 comm
1989 326 2160 375 vnto.
2740 306 2992 372 MART.
3051 306 3100 370 6

538 411 800 483 mensis
850 409 1206 482 Februarii
1255 409 1367 481 die
1415 409 1747 501 vigesimo
1797 424 2004 492 sexto,
2056 410 2178 498 qui
2225 408 2356 479 fuit
2401 408 2825 489 Dominicus‚
2884 429 3100 477 mane

536 499 966 571 confessione
1004 499 1204 579 facta,
1242 499 1373 569 sub
1421 499 1765 569 sacrificio
1807 505 2066 592 Corpus
2114 498 2360 569 Christi
2407 520 2683 569 summa
2730 496 3100 567 devotione

588 588 869 680 ercepit.
911 586 1235 676 Sequenti
1281 601 1479 659 nocte
1526 588 1713 659 venit
1757 589 1843 659 ad
1892 612 2041 659 eam
2093 587 2433 689 singulari
2464 586 2766 675 quadam
2801 587 3107 656 benevo-

567 679 752 748 entia
813 678 1148 747 Dominus
1208 682 1457 746 Jesus:
1510 690 1665 767 post
1725 699 1935 765 quam
2002 677 2501 768 apparltionem
2554 676 2672 745 illa
2719 675 2942 745 instar
2990 674 3104 743 in-

537 767 749 837 fantis
813 766 986 835 nihil
1038 766 1185 857 jam
1250 764 1433 835 ullas
1481 767 1771 837 curabat
1817 790 1924 838 res
1972 765 2398 845 mundanas,
2452 764 2576 834 soli
2628 770 2761 835 Deo
2810 785 3097 844 vacanS,

540 878 658 927 ore
707 854 811 925 vel
863 868 1089 925 mente
1135 854 1335 924 illum
1382 854 1785 945 deprecans.
1837 860 1994 927 Post
2031 855 2280 926 accidit
2317 855 2379 925 ei
2425 853 2701 923 insolita
2747 853 3100 940 quaedam

541 945 890 1025 debilitaS,
945 966 1123 1031 quae
1170 942 1668 1014 confessarium
1719 946 1896 1032 ejus,
1950 945 2302 1014 timentem
2353 956 2754 1024 moreretur,
2807 964 2888 1012 eo
2936 964 3103 1032 per-

546 1034 784 1115 movit,
837 1044 915 1103 ut
961 1046 1333 1103 extremam
1383 1034 1783 1103 unctionem
1830 1033 1892 1102 ei
1941 1033 2316 1103 adhiberet.
2372 1031 2626 1103 Deinde
2692 1030 2856 1121 legit
2904 1030 3104 1121 apud

542 1122 736 1193 illam
787 1121 1036 1192 Christi
1086 1121 1464 1212 passiones,
1520 1123 1777 1209 quibus
1824 1121 2157 1192 absolutis
2189 1121 2476 1192 advertit
2505 1120 2813 1190 nondum
2851 1119 3104 1189 adesse

546 1233 952 1302 supremum
1003 1211 1178 1281 vitae
1228 1223 1521 1302 tempus:
1561 1211 1792 1298 itaque
1832 1212 2112 1281 recessit
2156 1211 2243 1280 ab
2288 1233 2390 1281 ea.
2429 1209 2649 1278 Altera
2680 1208 2793 1277 die
2825 1208 2913 1277 ad
2943 1210 3114 1299 ejus

544 1301 731 1371 venit
777 1300 1179 1378 oratorium,
1236 1298 1655 1372 sacrificium
1708 1321 1830 1400 pro
1882 1321 2068 1368 more
2114 1321 2341 1369 coram
2394 1298 2512 1368 illa
2558 1298 2870 1367 facturus
2906 1353 2921 1378 ,
2992 1320 3106 1366 re-

548 1390 867 1480 peritque
913 1387 1103 1458 illam
1155 1388 1454 1479 optimae
1503 1401 1988 1469 constitutam,
2036 1388 2316 1477 perinde
2362 1411 2441 1457 ac
2491 1387 2550 1457 si
2597 1401 2774 1458 esset
2822 1386 3101 1456 incolu-

547 1479 709 1550 mis.
764 1478 1139 1546 Mirabatur
1186 1490 1440 1557 autem,
1486 1476 1674 1548 unde
1724 1489 1858 1546 tam
1898 1476 2030 1546 cito
2077 1490 2251 1547 esset
2297 1476 2630 1556 restituta,
2671 1475 2901 1546 sciens
2940 1475 3110 1544 abs-

542 1589 676 1654 que
713 1565 992 1658 speciali
1029 1566 1249 1656 gratia
1280 1565 1394 1634 Dei
1433 1566 1501 1636 id
1544 1566 1693 1636 fieri
1730 1587 1863 1635 non
1899 1565 2226 1656 potuisse.
2264 1571 2432 1634 Tum
2467 1586 2622 1634 vero
2662 1564 3101 1632 sacrificium

543 1654 664 1724 illa
711 1654 1123 1745 cumprimis
1171 1668 1555 1724 reverenter
1600 1655 1887 1734 audivit,
1926 1667 1992 1724 et
2039 1654 2284 1723 Christi
2335 1659 2593 1755 Corpus
2640 1675 2798 1721 cum
2852 1652 3112 1724 multis

542 1743 872 1903 {iaczymis
905 1743 1248 1813 adoravit:
1289 1743 1471 1815 idem
1520 1742 1782 1814 faciens
1827 1743 2031 1813 etiam
2083 1742 2366 1830 reliquis
2412 1765 2563 1834 eJus
2611 1741 3106 1811 hebdomadae

593 1854 657 1901 le
711 1854 819 1902 us.
2041 1894 2046 1901 .

631 1923 669 2009 ξ
716 1925 881 1992 63.
962 1919 1431 1992 confessarius
1494 1943 1656 1990 cum
1709 1920 1936 2002 soci0‚
1990 1919 2233 1990 nolens
2279 1942 2431 1989 eam
2482 1941 2552 1988 se
2599 1920 2882 1989 absente
2935 1919 3112 1988 red-

545 2008 706 2080 dere
754 2008 1104 2099 spiritum,
1150 2010 1332 2079 venit
1378 2009 1463 2078 ad
1515 2010 2033 2091 monasterium,
2068 2008 2252 2096 quod
2283 2009 2402 2077 illa
2434 2009 2708 2077 nemine
2739 2008 3112 2078 indicante

546 2099 711 2169 ilico
758 2097 1098 2186 cognovit.
1136 2096 1230 2167 Ad
1281 2120 1632 2189 vesperam
1674 2113 1898 2168 sextae
1945 2098 2152 2167 seriae
2197 2097 2484 2166 comiter
2526 2109 2594 2166 et
2640 2096 3115 2167 consolatorie

551 2187 965 2274 loquebatur
1012 2186 1094 2256 ad
1147 2186 1411 2256 fratres.
1451 2187 1743 2257 Sabbato
1784 2198 1933 2287 post
1965 2186 2408 2264 sacrificium,
2510 2189 2669 2254 etita
2709 2185 2796 2254 ab
2844 2187 2946 2255 eis
2984 2209 3112 2257 co-

553 2276 694 2368 pia,
735 2287 801 2344 et
851 2275 1143 2377 peractis
1193 2275 1540 2367 precibus,
1595 2275 1904 2344 celeriter
1949 2275 2246 2367 abiitfad
2299 2273 2461 2343 cubi
2493 2296 2551 2355 e,
2611 2274 2847 2345 Crucis
2894 2275 3116 2366 signo

550 2386 624 2435 se
673 2385 1119 2455 conslgnanS,
1173 2366 1426 2451 aitque:
1474 2387 1509 2430 «
1543 2369 1638 2432 En
1688 2375 2070 2432 extremum
2118 2363 2371 2433 cubile:
2437 2362 2687 2432 deinde
2735 2364 2806 2431 iu
2857 2363 2980 2433 illo
3030 2387 3114 2434 se

550 2453 910 2544 reposuit,
974 2454 1215 2540 vestita
1263 2475 1451 2522 more
1508 2473 1668 2532 suo,
1724 2452 1992 2543 sibiipsi
2042 2452 2407 2542 imponens
2455 2453 2734 2542 nigrum
2777 2452 3105 2524 velamen

551 2544 737 2630 quod
790 2565 832 2612 a
869 2543 1194 2630 Pontifice
1242 2554 1618 2632 acceperat,
1669 2562 1826 2611 cum
1865 2541 2170 2633 primum
2205 2543 2696 2632 professionem
2732 2541 2912 2611 fecit.
2951 2548 3114 2614 Mox

549 2628 806 2706 clausit
833 2654 910 2702 os
936 2644 1005 2699 et
1034 2632 1291 2712 oculoS,
1324 2631 1650 2721 deinceps
1701 2652 1836 2699 non
1886 2631 2317 2721 aperiendoS,
2359 2631 2514 2701 licet
2548 2631 2825 2700 interim
2860 2632 3116 2703 omnia

496 2786 503 2795 .
552 2731 802 2802 nosset,
854 2743 1032 2808 quae
1078 2719 1243 2789 soris
1291 2732 1681 2810 agerentur.
1735 2724 1859 2789 Pro
1906 2719 2207 2806 quodam
2256 2720 2442 2790 enim
2495 2720 2875 2789 levamento
2915 2732 3115 2791 attu-

551 2809 781 2879 lerunt
825 2809 888 2877 ei
940 2807 1294 2898 pulvinar,
1348 2808 1531 2894 quod
1580 2808 1703 2878 illa
1749 2809 2003 2898 rejecit.
2086 2807 2708 2899 Quadragintaocto
2757 2808 2949 2878 horis
3002 2810 3112 2880 sic

557 2897 814 2966 mansit
862 2896 932 2964 in
981 2896 1254 2978 lectulo,
1309 2897 1481 2965 nihil
1537 2919 1756 2984 neque
1795 2898 2083 2985 loquens
2132 2919 2352 2984 neque
2402 2898 2662 2977 videns,
2716 2918 2940 2984 neque
2989 2898 3110 2968 ul-

554 2986 701 3055 lum
757 2983 856 3053 vel
907 2997 1177 3075 gestum
1226 2985 1329 3055 vel
1378 2987 1655 3076 signum
1707 2986 1852 3056 ulla
1898 2986 2207 3077 corporis
2244 2998 2433 3076 parte
2475 2986 2709 3067 edens,
2747 2986 2864 3055 sed
2902 3009 3111 3057 sum-

558 3096 744 3143 mam
795 3096 959 3163 prae
1006 3095 1078 3143 se
1125 3072 1350 3144 ferens
1398 3074 1821 3145 honestatem
1868 3087 1933 3144 et
1981 3075 2437 3155 sanctitatem,
2477 3075 2652 3144 nihil
2694 3087 2956 3145 mutato
2991 3098 3118 3147 co-

554 3163 695 3233 lore
744 3161 815 3231 in
867 3161 985 3231 illo
1036 3162 1290 3244 dolore,
1332 3185 1468 3250 quo
1518 3175 1684 3233 tunc
1717 3163 2180 3234 cruciabatur.
2235 3164 2404 3233 Inde
2450 3176 2638 3233 sexta
2689 3164 2912 3234 Martii
2960 3165 3097 3246 die,

552 3251 826 3323 cunctis
874 3250 1346 3322 Gandavensis
1395 3252 1790 3322 monasterii
1839 3252 2191 3323 sororibus
2244 3252 2742 3342 praesentibus,
2799 3254 3106 3341 itemque

556 3342 708 3433 ejus
755 3340 1173 3412 confessario
1220 3351 1284 3410 et
1332 3340 1516 3411 socio
1557 3339 1785 3422 fratre,
1841 3341 2090 3410 clausit
2138 3354 2520 3411 extremum
2569 3341 2745 3409 vitae
2795 3355 3106 3430 tempus,

555 3431 789 3499 anima
838 3429 1274 3501 sanctissima
1303 3452 1342 3498 a
1374 3450 1658 3520 corpore
1704 3429 2005 3499 suaviter
2032 3429 2413 3511 recedente,
2448 3442 2514 3500 et
2549 3443 2730 3500 recta
2759 3429 2845 3499 ad
2885 3434 3113 3499 Deum

551 3531 926 3589 creatorem
976 3540 1178 3587 suum
1232 3517 1725 3609 proficiscente.
1775 3518 1968 3588 Color
2014 3530 2268 3600 autem,
2306 3520 2428 3606 qui
2475 3517 2605 3587 fuit
2652 3518 2724 3586 in
2774 3540 2856 3587 ea
2898 3518 3118 3587 dece-

552 3606 775 3687 dente,
834 3606 1229 3697 perduravit
1277 3606 1461 3676 horis
1509 3607 1793 3693 aliquot:
1829 3607 1992 3677 inde
2025 3607 2251 3679 subito
2280 3630 2535 3699 corpus
2564 3607 2718 3698 eJus
2752 3618 3115 3678 mutatum

553 3707 657 3765 est
702 3695 771 3763 in
823 3695 1410 3786 pulchritudinem
1452 3695 1959 3766 admirandam.
2013 3701 2169 3766 Erat
2214 3697 2403 3765 enim
2451 3697 2669 3766 instar
2716 3695 2895 3765 nivis
2928 3718 3117 3766 can—

548 3782 1019 3865 didissimum,
1056 3784 1246 3854 venis
1278 3782 1503 3854 colore
1533 3785 1848 3856 caeruleo
1876 3784 2391 3877 elegantissimo
2435 3786 2694 3877 passim
2756 3807 3121 3875 apparen-

552 3872 762 3942 tibus:
815 3872 1124 3950 membra
1172 3873 1407 3943 omnia
1456 3872 1957 3946 formosissima
2007 3874 2423 3954 visebantur,
2479 3885 2545 3944 et
2591 3896 2768 3962 quae
2815 3887 3113 3964 possent

547 3961 748 4032 facile
793 3961 1074 4043 inflecti,
1129 3960 1409 4032 odorem
1458 3962 1834 4034 mirificum
1880 3986 1960 4033 ex
2009 3984 2081 4033 se
2110 3963 2594 4042 diffundentia,
2634 3964 2729 4033 ita
2761 3976 2838 4032 ut
2893 3963 3118 4054 plane

547 4051 621 4121 in
669 4050 770 4120 eis
816 4051 1246 4122 innocentiae
1292 4063 1509 4124 status
1554 4065 1620 4123 et
1665 4051 2068 4122 omnimoda
2097 4052 2363 4144 puritas
2395 4053 2750 4123 reluceret.
2785 4051 2881 4121 Iis
2926 4051 3115 4122 adeo

549 4139 842 4232 permoti
887 4139 1074 4210 suere
1121 4140 1429 4230 plurimi,
1463 4152 1542 4213 ut
1571 4164 1785 4232 supra
1815 4141 2096 4233 triginta
2127 4141 2494 4212 hominum
2545 4141 2766 4211 millia
2794 4141 2881 4210 ad
2942 4163 3115 4214 earn

551 4229 907 4299 visendam
983 4229 1463 4299 confluxerint.
1546 4229 1766 4300 Tertio
1813 4231 1901 4301 ab
1958 4229 2152 4300 obitu
2208 4253 2334 4302 suo
2400 4230 2514 4301 die
2562 4231 2929 4299 humatum
3003 4243 3120 4302 est

547 4317 937 4411 virgineum
985 4317 1159 4388 illud
1206 4318 1742 4410 corpusculum,
1807 4317 1951 4400 sed,
1995 4331 2074 4389 ut
2110 4319 2265 4411 ipsa
2293 4319 2598 4408 jusserat
2627 4375 2643 4402 ,
2709 4317 2779 4388 in
2827 4340 3121 4391 summa
