3327 4999
260 302 512 367 MART.
566 302 654 367 29
1129 316 1209 361 ΒΕ
1257 315 1312 361 s.
1367 311 1674 359 sususm
1721 310 1964 357 ΑΒΒΑΤΕ
2608 293 2736 357 553

261 399 519 469 Galliae
568 396 829 466 finibus
876 405 941 463 et
989 393 1058 463 in
1112 394 1282 462 locis
1333 391 1704 461 maritimis
1753 390 2175 459 morabatur.
2231 396 2365 460 Iter
2412 408 2638 464 autem
2698 397 2822 465 ha-

258 489 411 556 buit
459 484 873 555 Eustachius
923 505 1043 571 per
1093 482 1343 551 saltum
1379 479 1752 566 quemdam
1846 500 2197 566 agumque
2237 481 2608 571 Briegium‚
2669 507 2824 574 per-

259 576 579 658 venitque
648 573 733 641 ad
785 572 1019 640 villam
1087 569 1532 660 Chagnerici,
1587 569 1711 636 ubi
1835 568 2051 635 udum
2121 568 2272 657 ejus
2323 572 2647 659 magister
2695 572 2824 641 ali-

259 664 575 752 quandiu
624 672 932 729 moratus
1005 658 1251 727 suerat.
1305 657 1479 725 Villa
1541 678 1621 724 ea
1669 655 2152 745 Pipimisicum
2196 656 2230 690 ⁴*
2286 657 2665 741 dicebatur,
2720 661 2825 729 di-

261 765 451 823 stans
501 752 587 819 ab
623 749 794 819 urbe
829 747 1157 816 Meldensi
1206 746 1483 815 duobus
1532 745 1693 833 plus
1743 744 1976 814 minus
2034 743 2476 815 milliaribus,
2517 750 2620 817 Ibi
2672 760 2819 818 tum

263 839 730 929 chagnericus
778 858 936 905 curn
990 836 1286 923 conJucre
1348 856 1475 902 sua
1525 832 2033 921 Laudeguuda,
2090 832 2262 901 bene
2313 836 2697 906 Christiana
2758 852 2824 906 et

261 950 473 1000 sanae
522 926 773 996 mentis
823 924 1144 1003 foemina,
1198 890 1509 1012 degebat:
1572 922 1776 1010 cujus
1825 920 2045 988 filium
2102 923 2586 1010 Magnoaldum
2638 925 2825 1015 apud

263 1039 336 1086 se
369 1016 684 1085 habebat.
743 1014 896 1082 Viso
944 1025 1173 1080 autem
1225 1009 1614 1089 Eustacliio,
1656 1009 2123 1097 chagnericus
2156 1031 2314 1077 cum
2356 1012 2620 1102 ingenti
2653 1038 2829 1104 gau-

261 1105 377 1174 dio
423 1126 584 1172 eum
631 1101 917 1191 excepit.
974 1107 1131 1168 Erat
1188 1111 1419 1168 autem
1469 1119 1631 1165 cum
1686 1109 1874 1184 patre
1931 1109 1998 1165 et
2048 1109 2263 1166 matre
2315 1098 2458 1168 filia
2513 1104 2823 1191 Burgun-

262 1192 524 1271 dofora,
593 1212 802 1277 quam
853 1195 925 1256 B.
980 1187 1449 1258 Columbanus
1502 1185 1787 1253 Domino
1837 1201 2375 1256 consecraverat.
2440 1194 2603 1258 Eam
2671 1214 2825 1260 vero

263 1293 456 1372 pater
503 1280 785 1348 invitam
835 1290 900 1345 et
997 1277 1152 1344 lane
1194 1286 1624 1343 recusantem
1676 1296 1837 1341 cum
1894 1273 2380 1362 desponsasset
2428 1278 2712 1348 cuidam
2761 1290 2827 1348 et

262 1369 529 1458 nuptiis
563 1367 826 1436 tradere
876 1387 951 1433 ve
985 1365 1095 1445 let,
1151 1364 1386 1432 dolore
1434 1360 1795 1430 oculorum
1845 1373 2159 1449 correpta
2189 1376 2253 1430 et
2301 1377 2487 1433 tanto
2524 1365 2819 1437 febrium

263 1458 423 1547 igne
472 1477 804 1527 succensa
850 1466 974 1529 est,
1039 1466 1117 1521 ut
1164 1452 1273 1520 vix
1325 1451 1470 1537 jam
1532 1450 1806 1538 superis
1878 1450 2072 1518 reddi
2150 1473 2349 1539 posse
2397 1455 2816 1524 crederetur.

260 1551 413 1615 Jam
466 1565 870 1634 supremum
897 1541 1015 1610 illa
1065 1540 1374 1609 trahente
1413 1538 1762 1627 spiritum,
1808 1539 2052 1608 beatus
2091 1540 2507 1610 Eustachius
2557 1557 2848 1632 patrem.

257 1635 408 1723 ejus
456 1632 855 1722 increpavit,
912 1629 1150 1698 dicens
1184 1651 1348 1697 suae
1399 1648 1612 1694 noxae
1660 1648 1810 1696 esse
1847 1626 2031 1712 quod
2083 1649 2161 1695 ea
2215 1629 2421 1698 tantis
2469 1631 2840 1701 cruciare·'

199 1742 210 1749 ·
261 1735 376 1791 tur
425 1722 660 1811 poenis
709 1717 1271 1806 quandoquidem
1305 1715 1713 1785 columbani
1748 1714 1888 1809 ‚viri
1920 1716 2033 1782 Dei
2065 1716 2509 1786 interdictum
2564 1720 2823 1789 violare

263 1822 677 1879 attentasset.
733 1815 901 1876 Tum
957 1807 1070 1875 ille
1118 1803 1597 1875 dissimulans,
1655 1808 1954 1882 Utinam,
2011 1804 2259 1890 inquit,
2308 1807 2621 1893 sospitati
2672 1809 2825 1876 red-

262 1898 469 1967 datur
514 1910 576 1966 et
625 1896 880 1965 divinis
931 1895 1240 1963 tradatur
1286 1892 1674 1977 obsequiis:
1713 1913 1839 1981 ego
1874 1891 2129 1960 talibus
2164 1893 2334 1961 votis
2379 1895 2649 1964 obstare
2686 1918 2824 1964 non

264 1986 548 2056 debebo.
602 1985 873 2054 Accedit
910 1983 1072 2051 inde
1123 1981 1535 2050 Eustachius
1571 1993 1759 2067 pater
1805 1980 1889 2047 ad
1943 1979 2196 2048 lectum
2241 1980 2534 2069 puellae,
2581 1984 2821 2053 scisci-

266 2085 447 2143 tatur
495 2075 551 2142 si
614 2097 737 2143 suo
785 2094 1075 2141 assensu
1123 2083 1360 2138 contra
1410 2068 1589 2138 beati
1639 2067 2047 2137 Columbani
2111 2069 2557 2138 interdictum
2592 2126 2612 2151 ,
2675 2084 2824 2160 post

263 2174 419 2232 vota
466 2163 784 2231 coelestia
831 2182 1076 2229 rursus
1111 2159 1382 2226 iteraret
1431 2169 1721 2225 terrena.
1757 2161 1831 2223 At
1864 2155 2095 2245 puella
2130 2158 2506 2227 testabatur
2553 2181 2624 2228 se
2676 2160 2827 2229 tali-

264 2251 399 2320 bus
448 2252 619 2321 votis
671 2271 1029 2334 nunquam
1077 2247 1413 2335 paruisse,
1468 2256 1543 2313 ut
1593 2244 1881 2312 terrenis
1946 2244 2265 2313 coelestia
2311 2261 2819 2332 commutaret,

264 2339 383 2408 sed
437 2351 745 2430 paratam
788 2337 999 2404 fuisse
1048 2348 1112 2403 et
1159 2357 1308 2403 esse
1344 2333 1519 2402 beati
1562 2332 1691 2400 viri
1742 2334 1979 2421 parere
2009 2335 2418 2422 praeconiis:
2475 2358 2683 2421 seque
2730 2337 2827 2406 ait

265 2428 630 2518 praeterita
683 2426 876 2494 no‘cte
927 2424 1179 2493 vidisse
1229 2421 1441 2489 simili
1493 2420 1722 2511 figura
1770 2421 2035 2499 virum,
2090 2443 2223 2507 qua
2276 2422 2424 2512 ipse
2472 2437 2650 2510 esset
2703 2424 2825 2511 qui

263 2517 621 2586 oculorum
668 2514 899 2582 lumen
936 2514 1015 2581 ·ei
1065 2512 1400 2588 redderet;
1439 2531 1811 2595 vocemque
1860 2509 2069 2578 simul
2121 2510 2400 2580 audisse
2448 2512 2818 2580 dicentem:

265 2606 764 2690 Quodcumque
826 2602 950 2672 tibi
1022 2601 1126 2668 vir
1173 2601 1298 2667 iste
1376 2598 1644 2677 dixerit,
1700 2598 1828 2675 fac,
1882 2611 1946 2666 et
1992 2599 2373 2667 sanaberis.
2429 2600 2613 2668 Infer
2660 2622 2824 2690 ergo

264 2695 553 2763 auribus
630 2692 802 2760 meis
879 2711 1056 2776 quae
1106 2688 1280 2756 mihi
1353 2701 1514 2756 sunt
1573 2686 2027 2755 custodienda
2075 2698 2139 2754 et
2198 2688 2335 2757 tuis
2394 2689 2826 2759 orationibus

312 2782 441 2850 elle
490 2780 795 2849 dolorem
846 2801 885 2847 a
955 2777 1248 2845 Domino
1297 2775 1591 2844 illatum.
1661 2780 2046 2843 Prostratus
2112 2775 2343 2861 itaque
2413 2776 2611 2845 humi
2660 2799 2824 2845 cum

263 2806 592 2960 lacrymis
639 2865 1074 2936 venerandus
1126 2878 1338 2954 pater,
1395 2864 1763 2932 Dominum
1818 2863 2158 2953 postulat,
2219 2877 2297 2933 ut
2347 2884 2605 2933 munus
2666 2887 2827 2965 pro-

265 2959 555 3027 missum
597 2957 966 3046 largiatur:
1023 2973 1474 3042 surgensque,
1527 2973 1804 3020 crucem
1843 2973 2056 3040 supra
2104 2952 2341 3021 oculos
2388 2954 2712 3042 exprimit
2758 2964 2825 3022 et

187 3070 191 3077 ·
261 3069 478 3115 manu
525 3045 762 3113 oculos
800 3043 1113 3131 palpans,
1171 3041 1440 3108 Domini
1490 3038 1825 3107 auxilium
1880 3039 1972 3106 im
2034 3039 2229 3108 lorat.
2267 3042 2589 3111 Protinus
2635 3042 2825 3111 salus

262 3146 498 3206 secuta
544 3144 667 3210 est,
723 3130 956 3198 lumen
1012 3129 1344 3206 redditur,
1399 3127 1697 3195 febrium
1748 3127 1766 3193 i
1828 3129 1933 3196 nis
2005 3141 2289 3216 ugatur,
2349 3130 2828 3216 redditamque

264 3222 576 3310 sospitati
616 3218 814 3286 matri
866 3217 1328 3296 commendat,
1381 3215 1599 3286 donec
1647 3237 1690 3283 a
1738 3221 1781 3283 C
1812 3216 2028 3285 otario
2077 3238 2428 3299 reversuS,
2483 3218 2827 3308 religiosis

240 3331 416 3377 eam
467 3308 772 3375 vestibus
805 3305 1071 3374 induat.
2194 3303 2207 3320 ’

353 3399 389 3482 ξ
433 3400 521 3465 5.
578 3399 876 3463 Cernens
924 3406 1152 3462 autem
1232 3402 1423 3482 pater
1470 3390 1784 3489 sospitati
1854 3389 2071 3460 filiam
2136 3391 2478 3461 redditam
2512 3447 2527 3473 ,
2580 3415 2827 3462 rursus

263 3483 524 3554 insistit
562 3493 648 3556 ,ut
703 3503 956 3571 sponso
1006 3480 1318 3550 tradatur
1350 3534 1364 3560 ,
1438 3478 1956 3569 pollicitationis
2016 3479 2346 3568 pristinae
2394 3502 2598 3549 caeca
2654 3481 2827 3549 obli-

264 3574 464 3642 vione
513 3572 903 3639 immemor.
959 3574 1107 3651 Quo
1156 3567 1387 3659 puella
1431 3578 1805 3656 comperto,
1850 3589 2011 3636 cum
2061 3589 2201 3635 una
2249 3589 2286 3635 e
2335 3568 2693 3637 sodalibus
2740 3568 2827 3637 de

260 3662 425 3751 fuga
473 3659 780 3728 ineunda
829 3669 1240 3748 pertractat:
1283 3660 1502 3741 eaque
1549 3676 1914 3725 assensum
1973 3656 2365 3743 praebente,
2424 3656 2607 3724 felici
2656 3657 2826 3745 suga

262 3751 439 3820 clam
474 3748 771 3837 elapsae,
828 3746 913 3814 ad
964 3746 1143 3815 beati
1176 3744 1353 3813 Petri
1380 3743 1857 3831 Apostolorum
1894 3743 2233 3832 principis
2275 3744 2634 3812 basilicam
2670 3768 2821 3835 per-

262 3849 618 3908 venerunt.
673 3836 867 3918 Quod
931 3846 1009 3904 ut
1058 3847 1248 3923 pater
1322 3831 1618 3910 rescivit,
1699 3843 1851 3918 post
1898 3853 2014 3898 eas
2088 3830 2511 3901 furibundus
2572 3855 2825 3921 pueros

259 3927 519 4018 dirigit,
549 3925 885 4015 jubetque
931 3935 1010 3992 ut
1056 3920 1561 4013 apprehensam
1600 3918 1817 3988 filiam
1846 3918 2220 3988 crudeliter
2254 3920 2619 4009 perimant.
2660 3926 2820 3990 Per-

306 4029 496 4086 entes
545 4014 766 4104 pueri,
823 4011 1097 4081 sinibus
1147 4009 1476 4079 ecclesiae
1511 4007 1810 4097 puellam
1846 4021 2192 4097 receptam
2224 4009 2604 4098 reperiunt.
2641 4015 2820 4078 Pau-

313 4126 472 4193 sper
519 4115 751 4172 autem
802 4100 1073 4179 morati,
1131 4099 1301 4167 dum
1354 4096 1658 4187 parentis
1708 4095 1812 4163 ira
1844 4093 2297 4186 frangeretur,
2337 4097 2606 4187 puellae
2640 4118 2823 4165 mor·

258 4192 345 4262 tis
393 4191 786 4282 periculum
839 4189 1218 4257 minantur.
1258 4191 1335 4255 At
1383 4184 1535 4253 illa:
1576 4184 1714 4262 «Si,
1769 4184 2017 4270 inquit,
2076 4197 2362 4254 mortem
2414 4206 2525 4252 me
2573 4184 2814 4252 sormi-

255 4279 424 4349 dare
459 4280 740 4369 putatis,
783 4278 854 4346 in
886 4277 1015 4346 hoc
1054 4274 1384 4344 ecclesiae
1422 4273 1814 4364 pavimento
1848 4274 2150 4364 probate.
2180 4273 2277 4342 Ob
2316 4273 2519 4341 talem
2559 4272 2814 4341 etenim

307 4398 334 4424 ‘
369 4397 580 4448 opwy-
