3327 4999
618 355 747 418 558
1388 374 1468 420 nn
1516 374 1570 421 s.
1625 371 1932 421 Eusrasm
1981 369 2225 418 ABBATE
2697 355 2944 421 MART.
3000 358 3092 423 29

525 449 703 520 intra
780 450 1161 539 praesentis
1227 451 1395 520 anni
1465 452 1808 523 circulum
1881 452 2430 541 disceptaturum
2483 451 2742 533 invit0,
2796 466 2873 522 ut
2909 454 3093 544 justi

516 539 781 629 judicis
829 542 1114 607 examen
1167 541 1450 618 sentias,
1505 542 1710 630 cujus
1746 540 2090 609 famulum
2130 540 2265 609 tuis
2296 539 2912 611 obtrectationibus
2944 564 3094 611 ma-

523 627 760 696 culare
807 628 1107 697 conaris.
1146 650 1179 693 »
1232 628 1354 698 His
1404 629 1655 710 dictiS,
1713 642 1941 697 metus
1989 629 2328 714 quosdam
2384 630 2600 718 partis
2647 630 3091 720 Agrestianae

523 716 863 805 perculit,
921 716 1421 802 hortanturque
1467 740 1712 787 omnes
1743 773 1758 799 ,
1812 731 1889 786 ut
1947 717 2138 806 pacis
2187 738 2368 784 nexu
2417 718 2625 786 corda
2663 720 3082 809 jungantur,

522 815 587 872 et
623 804 781 873 illae
827 804 1109 890 quidem
1153 827 1192 872 a
1243 819 1730 897 praesumptae
1781 805 2182 875 temeritatis
2222 805 2516 873 audacia
2557 807 2936 889 desisteret,
2974 808 3086 877 hic

521 913 679 960 vero
732 905 1016 979 paterno
1077 894 1327 962 affectu
1389 896 1523 984 piis
1579 894 2134 983 correptionibus
2202 893 2543 962 labentem
2613 896 2888 964 foveret.
2959 900 3088 965 Re-

523 981 816 1081 spondet
847 986 918 1051 B.
959 982 1399 1050 Eustachius:
1440 1005 1475 1048 «
1509 982 1761 1052 Vestris
1808 1005 1933 1072 ego
1988 981 2307 1070 precibus
2335 981 2558 1050 libens
2588 982 3079 1067 satisfacerem,

523 1091 583 1137 st
632 1069 885 1138 misera
935 1091 1130 1139 mens
1177 1071 1504 1139 duritiam
1557 1072 1914 1140 vecordiae
1953 1071 2301 1160 abjiceret,
2359 1084 2424 1138 et
2472 1072 2797 1140 correctis
2844 1087 3082 1141 caute-

522 1159 626 1226 rio
676 1159 960 1239 morbiS,
1016 1158 1119 1226 vel
1169 1159 1473 1228 antidoto
1523 1160 1783 1228 curatis
1833 1159 2247 1238 visceribuS,
2295 1158 2507 1226 redux
2561 1158 2647 1226 ad
2699 1182 2870 1229 sana
2917 1182 3085 1229 con-

523 1245 682 1315 silia
731 1268 802 1315 se
851 1246 1153 1335 recipere
1205 1248 1556 1317 niteretur.
1600 1275 1627 1313 »
1666 1253 1835 1315 Tum
1873 1268 2028 1316 vero
2070 1246 2479 1333 cogentibus
2527 1249 2820 1328 cunctiS,
2876 1252 3084 1338 Agre-

523 1335 701 1405 stius
773 1334 1170 1404 simulatam
1239 1357 1474 1423 pacem
1560 1335 1907 1425 postulat,
1964 1334 2064 1404 uti
2140 1347 2373 1423 postea
2422 1335 2619 1404 factis
2680 1336 3076 1406 declaravit.

523 1424 938 1492 Eustachius
981 1423 1130 1491 miti
1175 1424 1431 1505 animo,
1476 1437 1541 1492 et
1583 1438 1809 1492 mente
1858 1425 2190 1492 virtutum
2242 1424 2544 1505 conscia,
2586 1424 2911 1493 suasione
2956 1446 3085 1514 po·-

523 1512 860 1581 scentium
915 1512 1154 1586 flexus,
1212 1534 1452 1601 pacem
1510 1512 1789 1593 tribuit,
1837 1511 2151 1581 osculum
2208 1511 2518 1601 porrigit,
2575 1512 2926 1600 Agrestius
2977 1513 3085 1581 in-

523 1600 720 1667 terim
793 1598 1225 1668 manifestam
1294 1600 1641 1671 vesaniam
1710 1614 1900 1669 metu
1972 1598 2428 1668 verecundiae
2490 1600 2875 1683 continuit,
2941 1619 3108 1670 non'

522 1696 752 1756 tamen
804 1710 842 1755 a
891 1687 1095 1755 malis
1146 1688 1421 1776 penitus
1471 1688 1774 1757 recessit.

610 1783 647 1857 ἓ
695 1782 830 1846 11.
910 1776 1142 1865 Coepit
1193 1798 1494 1863 namque
1591 1790 1778 1845 ostea
1828 1787 2090 1845 tentare
2138 1775 2579 1856 monasteria,
2634 1786 2700 1843 et
2748 1776 2881 1845 sub
2931 1797 3084 1864 spe-

518 1863 621 1931 cie
663 1864 1016 1953 discipuli,
1055 1864 1348 1952 pretium
1391 1800 1805 1953 proditionis
1857 1876 2106 1933 taxare.
2144 1864 2339 1931 Venit
2388 1885 2544 1931 vero
2593 1862 2676 1931 ad
2727 1864 3082 1948 quendam

515 1952 741 2020 virum
807 1952 1265 2021 venerabilem
1343 1954 1787 2021 Romaricum
1830 2007 1844 2032 ,
1899 1953 2021 2038 qui
2080 1951 2347 2040 primae
2414 1951 2792 2019 nobilitatis
2856 1951 3079 2021 fuerat

515 2040 699 2129 apud
777 2040 1321 2109 Theodebertum
1389 2063 1615 2130 regem
1645 2095 1659 2121 ,
1710 2063 1912 2130 porro
1962 2040 2143 2108 beati
2194 2039 2602 2107 Colutnbani
2650 2039 2966 2129 exemplo
3013 2053 3080 2109 et

516 2127 866 2196 Eustachii
919 2128 1430 2217 praedicatione
1481 2142 1860 2217 permotuS‚
1894 2129 1965 2196 in
2001 2128 2407 2196 Luxoviensi
2458 2128 2787 2196 coenobio
2840 2150 3079 2197 mona-

516 2215 708 2285 sticis
756 2216 1091 2286 institutis
1140 2238 1212 2285 se
1260 2216 1686 2285 subdiderat.
1722 2222 1887 2285 Cum
1921 2230 2151 2284 autem
2188 2215 2307 2282 diu
2342 2216 2472 2284 sub
2510 2217 2810 2306 regulari
2848 2229 3078 2286 tenore

515 2304 724 2371 vitam
778 2316 1029 2394 ageret,
1068 2315 1240 2394 post,
1298 2306 1666 2374 Eustachio
1717 2317 2090 2383 annuente,
2131 2303 2535 2393 puellarum
2574 2305 3075 2373 monasterium

516 2390 585 2459 in
639 2392 856 2460 fundo
915 2415 1041 2462 suo
1104 2393 1431 2462 extruxit.
1487 2393 1556 2461 in
1607 2415 1745 2478 quo
1802 2392 2006 2460 etiam
2073 2393 2382 2482 regulam
2439 2394 2615 2461 beati
2669 2394 3078 2462 Columbani

517 2480 1043 2551 custodiendam
1098 2481 1372 2551 indidit.
1423 2486 1731 2568 Cumque
1779 2481 1924 2581 jam
1980 2480 2199 2549 multa
2240 2480 2571 2569 religione
2623 2481 2930 2571 polleret,
2991 2482 3076 2551 ad

514 2591 673 2637 eum
726 2571 1076 2660 Agrestius
1118 2571 1361 2661 pergit,
1399 2593 1548 2640 sese
1595 2570 1953 2639 subditum
2007 2584 2209 2655 atque
2274 2571 2706 2638 obedientem
2760 2569 3068 2650 simulat,

514 2657 865 2744 simulque
912 2663 1255 2739 Amatum,
1309 2682 1512 2745 quem
1550 2659 1648 2726 ibi
1702 2657 2112 2727 Eustachius
2145 2660 2232 2727 ob
2280 2659 2727 2726 imbuendam
2762 2659 3076 2748 regulam

514 2746 954 2835 praefecerat,
1011 2746 1341 2820 mollibus
1390 2747 1956 2836 suggestionibus
2008 2759 2241 2814 tentat.
2298 2751 2388 2813 Eo
2434 2769 2735 2832 namque
2768 2759 3077 2835 tempore

513 2856 638 2923 pro
687 2834 1106 2920 quibusdam
1161 2836 1367 2905 rebus
1416 2835 1746 2923 neglectis
1779 2849 1915 2903 tam
1952 2839 2234 2902 Amatus
2268 2857 2474 2920 quam
2511 2835 2943 2915 RomaricuS,
2980 2835 3068 2904 ab

514 2923 879 2992 Eustachio
927 2923 1271 3012 objurgati
1309 2922 1601 2991 fuerant.
1637 2928 1881 2992 Laesos
1907 2945 2070 3011 ergo
2104 2936 2178 2990 ut
2210 2923 2448 3001 sensit,
2485 2937 2561 2991 ut
2600 2923 2879 2992 facilius
2912 2945 3070 2991 exa-

514 3023 822 3099 speratas
872 3023 1136 3079 mentes
1184 3012 1332 3080 suis
1363 3011 2237 3100 assertionibusjungeret,
2277 3010 2699 3096 quibusdam
2735 3010 3070 3083 adhibitis

514 3098 817 3168 stimulis
868 3097 933 3166 id
971 3099 1306 3188 paulatim
1361 3099 1728 3179 nitebatur,
1785 3113 1860 3167 ut
1902 3113 2233 3167 venenata
2285 3100 2485 3166 verba
2540 3121 2749 3167 sanae
2801 3113 3067 3168 mentes

510 3187 917 3277 reciperent,
972 3199 1037 3256 et
1097 3187 1196 3257 sic
1264 3187 1333 3255 in
1386 3200 1832 3276 contempum
1895 3186 2174 3277 regulae
2220 3188 2398 3255 beati
2451 3187 2858 3257 Columbani
2910 3210 3068 3277 pro-

510 3274 734 3363 priam
786 3275 1136 3343 vesaniam
1178 3288 1609 3366 propagaret.
1667 3276 1841 3344 Proh
1875 3276 2091 3355 dolor,
2129 3276 2457 3344 exitiabili
2496 3277 2818 3345 suasione
2857 3300 2938 3344 ac
2971 3276 3066 3345 le-

510 3361 705 3430 tifera
756 3364 1197 3453 suggestione
1246 3364 1538 3433 insanus
1588 3363 1704 3431 ille
1753 3386 1921 3433 sana
1969 3363 2364 3432 maculavit.
2406 3370 2570 3432 Nam
2624 3365 2910 3452 abjectis
2963 3364 3068 3431 in-

510 3451 767 3520 stitutis
826 3453 1178 3541 pristinis,
1236 3453 1530 3521 rudibus
1580 3452 1849 3553 plebem
1913 3451 2248 3521 doctrinis
2297 3453 2639 3520 instruere
2690 3454 2791 3520 illi
2841 3453 3073 3521 conati

508 3551 695 3608 sunt:
751 3553 815 3609 et
861 3541 1108 3610 educto
1148 3542 1295 3630 jam
1347 3554 1525 3622 ante,
1571 3554 1774 3630 Juxta
1826 3546 1897 3609 Β.
1935 3541 2097 3620 Job,
2161 3540 2446 3608 colubro
2501 3553 2803 3610 tortuoso
2854 3563 3073 3609 manu

506 3626 989 3698 obstetricante
1053 3629 1286 3697 divina
1333 3629 1492 3718 (Em
1538 3631 1657 3697 Job
1716 3628 1932 3716 xxw),
1980 3651 2254 3696 rursum
2320 3629 2542 3696 zelum
2595 3628 2895 3697 invidiae
2945 3629 3077 3713 adf

506 3715 774 3784 mittere
807 3739 940 3784 non
995 3729 1337 3786 metuunt.
1393 3717 1647 3785 Deinde
1690 3719 1771 3786 ad
1813 3717 2409 3806 Burgundbforam
2443 3716 2680 3805 dirigit
2712 3717 2838 3784 iter
2862 3723 3068 3807 Agre-

505 3804 704 3886 stiuS,
760 3819 836 3873 ut
882 3829 1032 3874 eam
1069 3828 1344 3892 quoque
1379 3806 1527 3874 suis
1567 3805 2187 3884 stimulationibus,
2244 3806 2301 3872 si
2355 3820 2605 3894 posset,
2658 3806 3064 3875 macularet.

504 3896 580 3960 At
630 3894 876 3962 Christi
951 3894 1139 3997 virgo
1206 3916 1364 3962 eum
1432 3916 1566 3963 non
1618 3893 1957 3962 foemineo
2008 3916 2197 3961 more
2232 3948 2246 3974 ,
2302 3894 2418 3962 sed
2475 3893 2654 3960 virili
2712 3894 2912 3983 plane
2962 3916 3073 3962 re-

503 3981 874 4070 sponsione
905 3983 1281 4051 contitdit.*
1316 3987 1531 4051 «Num
1570 3994 1665 4062 tu,
1706 3982 1953 4068 inquit,
2009 3982 2395 4050 confutator
2422 3982 2725 4051 veritatis
2755 3995 2820 4050 et
2857 4004 3069 4050 novo-

503 4092 658 4137 rum
710 4070 1140 4140 introductor
1187 4085 1783 4172 argumentorum,
1820 4093 1897 4138 ea
1947 4075 2160 4139 causa
2196 4071 2330 4139 huc
2366 4072 2634 4152 venisti,
2686 4085 2763 4140 ut
2804 4092 3069 4141 veneno

502 4169 619 4227 tuo
670 4158 902 4227 dulcia
950 4159 1154 4227 mella
1204 4162 1549 4238 misceres,
1603 4172 1668 4227 et
1722 4159 1951 4227 vitalia
2000 4159 2327 4227 alimenta
2373 4159 2553 4227 letali
2589 4159 3066 4230 amaritudine

501 4249 1008 4317 commutares?
1083 4248 1229 4316 Illis
1303 4261 1377 4316 tu
1444 4248 1801 4328 detrahiS,
1868 4270 2163 4334 quorum
2233 4271 2359 4337 ego
2433 4248 2751 4344 virtutes
2764 4262 3070 4346 experta

556 4390 582 4417 ¹·
612 4391 734 4430 Nota
752 4392 806 4430 ut:
827 4393 1012 4441 egregie
1032 4393 1082 4431 B.
1111 4393 1470 4440 Burgundosora
1502 4393 1716 4431 confutat·
1744 4392 2014 4440 Agrestium
2049 4392 2099 4430 in
2134 4393 2212 4434 SS.
2244 4392 2586 4433 Columbtnum
2618 4394 2667 4433 et
2694 4393 2972 4433 Eustasium
2994 4404 3073 4436 ca-

498 4443 709 4484 lumnias
727 4445 1022 4486 inferentem.
1049 4447 1117 4485 De
1137 4455 1191 4484 ea
1211 4446 1318 4485 vide
1336 4445 1388 4484 in
1405 4446 1691 4485 Mam-raon.
1709 4446 1928 4485 ILLusTR.
1951 4454 1998 4484 111
2018 4447 2132 4494 Apr.
