3327 4999
700 313 827 379 626
1443 330 1522 378 na
1568 330 1624 378 s.
1679 328 1961 379 nancto
2007 326 2307 380 arrscoro
2660 310 2766 376 EX
2812 310 3033 378 SEPT.
3097 310 3146 377 :3

610 432 843 482 sacras
888 411 1240 482 didicisset
1305 409 1575 493 literas,
1647 432 1720 480 se
1784 411 1853 480 in
1921 410 2136 482 fundo
2201 433 2329 482 suo
2392 408 2750 480 ecclesiam
2819 408 3151 480 exaedifi-

608 513 925 572 caturum
963 556 979 584 ‚
1025 499 1166 570 illic
1216 499 1501 570 Domino
1559 511 1886 603 perpetuo
1960 501 2370 570 serviturum
2410 554 2425 581 ,
2499 510 2565 569 et
2633 520 2808 586 quos
2863 511 3096 591 posset
3126 553 3146 583 ‚

610 590 694 660 ad
761 590 872 660 Dei
938 588 1200 659 cultum
1248 600 1314 659 et
1375 589 1835 660 ministerium
1885 590 2019 660 sibi
2067 590 2286 662 socios
2318 600 2880 680 aggregaturum.
2933 594 3159 676 Atque

609 702 688 749 eo
738 680 1038 771 flagrans
1067 678 1429 760 desiderio,
1482 693 1822 749 nocturna
1868 679 2130 750 visione
2175 677 2495 759 afficitur,
2530 689 2595 746 et
2626 677 2947 768 Angelica
2976 700 3160 747 con-

610 769 940 838 solatione
1011 768 1199 837 hunc
1248 768 1315 838 in
1366 767 1649 838 modum
1699 768 2202 839 confirmatur:
2262 794 2287 833 ι
2342 765 2618 838 Noveris
2648 766 2877 847 frater,
2921 766 3164 853 inquit

611 858 927 950 Angelus,
969 879 1048 927 ea
1105 868 1278 940 vota,
1331 876 1505 945 quae
1553 857 1816 928 Christo
1865 879 2038 948 puer
2083 856 2526 948 nuncupasti,
2580 854 2683 925 illi
2722 878 2871 928 esse
2917 868 3154 947 grata,-

612 968 981 1037 precesque
1028 944 1223 1016 illum
1274 946 1637 1018 admisisse
1686 959 1870 1016 tuas:
1926 969 2050 1017 nec
2095 946 2390 1029 dubites,
2423 946 2590 1033 quin
2641 944 2826 1032 quod
2868 966 3163 1036 praeve-

613 1036 810 1105 niens
860 1036 979 1106 tibi
1027 1036 1389 1127 aspiravit,
1442 1035 1648 1105 etiam
1696 1036 2086 1128 adjuvando
2134 1036 2223 1107 sit
2269 1048 2760 1127 prosecuturus
2790 1089 2806 1116 ,
2857 1048 2925 1104 et
2970 1032 3154 1104 affe-

611 1137 798 1196 ctum
848 1124 1309 1217 perducturus
1358 1126 1428 1194 in
1476 1125 1817 1195 effectum.
1870 1125 2015 1207 Ille,
2067 1126 2400 1214 inquam,
2450 1123 2787 1215 sapientia
2836 1146 2963 1195 sua
3010 1124 3156 1192 im-

614 1213 774 1284 buet
837 1234 955 1285 cor
1022 1226 1259 1295 tuum,
1311 1227 1376 1284 et
1420 1213 1686 1284 erudiet
1755 1227 1817 1284 te
1880 1216 2260 1307 praeceptis
2307 1213 2455 1286 suis
2488 1269 2503 1294 ,
2556 1223 2620 1283 et
2668 1211 2887 1303 legem
2937 1233 3149 1282 suam

614 1304 939 1375 inscribet
974 1303 1227 1395 pectori
1266 1318 1404 1374 tuo.
1452 1308 1656 1373 Porro
1703 1316 1928 1374 autem
1976 1305 2181 1374 etiam
2231 1304 2313 1373 ad
2364 1302 2880 1374 Ecclesiasticae
2909 1301 2977 1372 di
3035 1301 3153 1372 ni—

613 1393 770 1463 tatis
816 1393 1055 1462 munia
1103 1393 1449 1474 eveheriS,
1502 1393 1895 1480 multosque
1943 1393 2205 1463 Christo
2251 1405 2317 1462 et
2362 1391 2703 1463 Ecclesiae
2747 1392 2901 1483 ejus
2958 1392 3152 1460 flios

612 1482 748 1552 tuis
805 1482 1031 1551 verbis
1076 1494 1141 1551 et
1186 1482 1516 1574 exemplis
1568 1483 1951 1573 generabis.
2011 1507 2040 1549 ι
2095 1486 2304 1571 Atque
2348 1492 2426 1552 ut
2452 1481 2538 1551 de
2574 1480 2685 1550 his
2713 1481 2960 1551 certior
2995 1480 3155 1550 effi-

613 1571 842 1652 ciaris,
893 1571 1169 1641 beatum
1221 1570 1619 1642 Remaclum
1669 1571 1875 1653 adito,
1912 1571 2035 1660 qui
2082 1593 2217 1641 non
2260 1570 2495 1661 procul
2546 1569 2709 1640 hinc
2756 1569 2973 1640 abest.
3025 1569 3146 1639 Illi

615 1665 790 1730 Deus
839 1659 1207 1741 revelavit,
1258 1660 1424 1749 quid
1469 1660 1589 1731 tibi
1651 1661 2046 1731 faciendum
2095 1662 2202 1733 sit.
2257 1660 2379 1730 Ille
2438 1659 2687 1751 diriget
2731 1681 2810 1729 eo
2858 1681 3149 1751 gressus

616 1762 792 1831 tuos,
843 1770 979 1837 quo
1028 1763 1102 1819 tu
1150 1761 1496 1841 tantopere
1561 1751 1849 1841 aspiras,

698 1847 736 1921 §
803 1842 885 1911 S.
933 1838 1163 1929 Surgit
1208 1861 1422 1930 ocyus
1497 1838 1736 1909 beatus
1784 1840 2041 1922 Trudo,
2096 1838 2270 1909 nihil
2342 1839 2427 1909 de
2485 1836 2805 1929 Angelica
2872 1837 3146 1910 visione

614 1927 985 2009 haesitan3‚
1028 1950 1242 2015 eoque
1272 1949 1408 2016 quo
1446 1928 1690 2018 jussus
1718 1927 1959 2011 fuerat,
2005 1929 2102 1998 ire
2135 1928 2506 1999 contendit.
2563 1932 2852 1997 Sanctus
2901 1931 3151 1997 Rema-

611 2017 761 2088 clus
794 2030 940 2087 tum
990 2030 1365 2109 occupatus
1397 2030 1540 2087 erat
1568 2018 1935 2109 pascendis
1962 2031 2028 2088 et
2056 2018 2388 2089 curandis
2415 2015 2659 2087 ovibus
2691 2016 2837 2087 suis
2883 2027 2949 2085 et
2980 2039 3146 2087 cum

612 2107 897 2199 propius
935 2107 1173 2179 beatus
1236 2107 1459 2176 Trudo
1507 2108 1877 2190 accederet,
1931 2107 2046 2177 ille
2092 2107 2326 2178 divina
2373 2105 2782 2177 revelatione
2826 2104 3136 2189 edoctu3‚

617 2198 953 2288 «Sui-gite,
1008 2197 1252 2284 inquit,
1306 2208 1700 2288 propere,et
1747 2198 1890 2267 viro
1941 2197 2053 2266 Dei
2102 2198 2384 2285 quinos
2431 2196 2726 2265 invisere
2783 2194 2989 2277 venit,
3019 2194 3145 2265 ob·

616 2287 795 2354 viam
844 2286 1025 2355 itote:
1071 2299 1452 2357 reverenter
1497 2282 2033 2388 illum‘excipite
2094 2299 2160 2356 et
2204 2309 2365 2357 cum
2426 2286 2686 2356 honore
2731 2285 2816 2354 ad
2868 2306 2981 2354 me
3037 2284 3142 2352 in-

615 2375 1017 2446 troducite.»
1059 2380 1153 2444 En
1205 2398 1418 2467 prope
1462 2387 1600 2445 est:
1653 2388 1991 2447 occurrite
2031 2375 2132 2445 illi
2181 2375 2511 2446 celeriter.
2553 2373 2835 2444 Faciunt
2885 2373 3012 2455 illi,
3064 2385 3143 2442 ut

611 2476 804 2536 erant
841 2465 1045 2556 jussi,
1088 2477 1154 2535 et
1200 2478 1512 2537 sanctum
1565 2466 1950 2536 Trudonem
2007 2464 2094 2536 ad
2143 2466 2418 2537 beatum
2469 2462 2893 2546 Remaclum‚
2949 2462 3141 2533 domi
3231 2543 3242 2560 ·

611 2577 771 2624 cum
823 2555 966 2624 suis
1016 2567 1427 2638 manentem,
1480 2555 1859 2626 adducunt.
1913 2561 2207 2628 Cernens
2254 2555 2451 2625 illum
2511 2554 2670 2646 pius
2711 2565 2931 2650 pater,
2987 2575 3147 2624 sur-

612 2644 711 2734 git
755 2644 812 2726 *,
865 2656 929 2713 et
976 2665 1140 2734 prae
1186 2645 1439 2734 gaudio
1487 2646 1660 2715 flens
1709 2645 1776 2714 in
1831 2646 1981 2735 ejus
2027 2644 2265 2716 oscula
2310 2644 2488 2714 ruit:
2545 2643 2879 2713 volentem
2939 2642 3029 2710 ad
3090 2643 3146 2710 i-

617 2734 811 2824 psius
843 2733 1049 2825 pedes
1097 2755 1169 2804 se
1199 2734 1515 2825 abjicere,
1570 2734 1835 2815 retinet,
1898 2755 2189 2822 moxque
2221 2734 2420 2826 erigit
2466 2747 2530 2804 et
2597 2732 2685 2802 ab
2733 2731 2979 2801 intimo
3027 2754 3148 2822 pe-

609 2835 791 2892 ctore
837 2823 1092 2913 gratias
1123 2842 1334 2914 agens
1364 2827 1532 2892 Deo:
1577 2824 1712 2892 «Sit
1746 2823 1891 2904 tibi,
1927 2823 2174 2910 inquit,
2226 2830 2392 2895 Jesu
2425 2823 2600 2892 bone
2682 2844 2758 2891 er
2804 2820 3143 2912 Spiritum

614 2917 939 2982 Sanctum
988 2933 1145 2980 cum
1196 2925 1466 2982 aeterno
1516 2917 1707 2982 Patre
1755 2912 2059 2984 visitator
2122 2914 2537 2993 animarum,
2582 2911 2824 3003 goria,
2878 2910 3031 2980 laus
3080 2921 3149 2980 et

599 2999 922 3091 jubilatio
953 3001 1073 3087 qui
1106 3001 1383 3071 voluisti
1441 3022 1567 3070 nos
1599 3001 1728 3071 hac
1761 3001 1872 3071 die
1915 3002 2256 3073 consolari
2289 3001 2585 3071 adventu
2635 3000 2852 3086 hujus
2899 2997 3144 3068 famuli

610 3091 735 3171 tui,
788 3090 857 3158 in
896 3111 1034 3178 quo
1082 3100 1157 3158 tu
1204 3090 1497 3172 habitas;
1549 3090 1992 3179 addiditque:
2046 3097 2122 3161 Et
2160 3104 2236 3162 tu
2283 3090 2384 3161 fili
2424 3090 2551 3172 mi,
2606 3090 2702 3160 sis
2733 3087 3143 3162 benedictus

607 3200 648 3247 a
695 3178 1003 3260 Domin0‚
1054 3177 1174 3265 qui
1208 3190 1270 3248 te
1316 3179 1641 3270 dignatus
1670 3192 1772 3250 est
1817 3181 2083 3251 mittere
2112 3181 2198 3250 ad
2248 3202 2396 3261 nos,
2441 3192 2506 3249 et
2534 3178 2955 3249 desiderium
2991 3176 3144 3247 ani-

610 3268 701 3335 mi
758 3268 853 3337 tui
899 3267 1167 3339 occulta
1196 3269 1645 3359 inspiratione
1680 3269 1877 3340 nobis
1910 3270 2323 3362 significare.
2361 3268 2538 3340 Scito
2567 3268 2780 3369 igitur
2810 3266 3142 3359 deinceps

607 3369 669 3425 te
717 3356 887 3425 mihi
934 3356 1287 3428 charitatis
1325 3359 1485 3448 ‚jure
1515 3358 1734 3429 filium
1786 3359 1948 3441 fore,
1997 3380 2239 3447 meque
2279 3380 2550 3449 semper
2579 3357 2702 3427 nbi
2752 3356 2970 3448 patris
3000 3357 3145 3449 spi-

606 3445 824 3518 ritalis
870 3445 1095 3516 officia
1128 3448 1638 3537 praestiturum.
1694 3448 1859 3517 Mihi
1905 3449 2090 3518 enim
2142 3469 2332 3518 servo
2366 3470 2493 3517 suo
2540 3447 2861 3518 revelavit
2909 3446 3145 3515 Domi-

607 3557 762 3616 nus,
814 3536 980 3623 quid
1032 3558 1154 3626 pro
1200 3537 1473 3607 animae
1538 3549 1693 3606 tuae
1740 3537 1959 3608 salute
2006 3536 2399 3607 faciendum
2447 3536 2570 3607 tibi
2621 3537 2732 3617 sit,
2785 3548 2851 3605 et
2897 3556 2981 3604 ex
3034 3557 3146 3604 me

607 3624 852 3702 disces,
891 3625 1476 3713 quemadmodum
1527 3627 1751 3717 possis
1796 3648 2077 3717 compos
2108 3623 2286 3696 effici
2319 3625 2454 3696 voti
2503 3626 2628 3695 tui.
2680 3625 2977 3716 Cognovi
3018 3629 3146 3693 Do-

608 3713 797 3782 mino
846 3736 955 3784 me
1002 3714 1327 3796 docente,
1388 3716 1456 3784 in
1524 3716 1817 3806 pueritia
1866 3727 1926 3786 te
1972 3716 2270 3797 vovisse,
2328 3715 2387 3784 si
2436 3714 2559 3785 tibi
2619 3735 2974 3784 sacrarum
3025 3736 3146 3784 co-

608 3804 826 3893 gnitio
882 3803 1235 3874 literarum
1283 3803 1699 3893 quandoque
1757 3805 2167 3898 obtingeret,
2221 3804 2578 3875 ecclesiam
2636 3805 2706 3873 in
2756 3802 2974 3872 fundo
3023 3815 3145 3873 tuo

609 3905 670 3962 te
717 3904 1274 3964 constructurum
1309 3950 1324 3976 ,
1377 3906 1579 3982 atque
1640 3893 1784 3963 illic
1833 3895 2160 3976 Domin0‚
2212 3893 2383 3965 dum
2430 3892 2712 3974 vixeris,
2764 3890 3146 3962 famulatu-

612 4003 787 4051 rum.
846 3981 1081 4054 Isthuc
1129 3995 1352 4053 autem
1404 3983 1530 4052 hoc
1576 3983 1818 4052 ordine
1872 3997 1934 4053 te
1995 3984 2263 4055 noveris
2308 3982 2847 4075 completurum.
2897 3985 3149 4050 Sancto

606 4071 1104 4162 protomartyri·
1139 4073 1479 4163 Stephano
1527 4072 1712 4162 apud
1761 4072 2001 4142 urbem
2054 4078 2415 4143 Metensem
2464 4084 2622 4143 tuas
2670 4069 3149 4163 possessiones

603 4160 865 4243 offereS,
917 4171 983 4231 et
1029 4160 1114 4230 ab
1152 4163 1303 4254 eJus
1334 4161 1464 4231 loci
1515 4162 2015 4232 habitatoribus
2063 4163 2318 4254 scripta
2361 4161 2596 4231 divina
2631 4159 3010 4232 doceberis.
3065 4159 3142 4229 Id

604 4250 726 4319 ubi
773 4262 1185 4321 consecutus
1233 4249 1468 4332 sueriS,
1503 4251 1587 4321 ad
1621 4272 1732 4321 me
1780 4251 2037 4322 redibis
2067 4265 2133 4322 et
2161 4251 2520 4324 ecclesiam
2553 4274 2690 4339 quo
2737 4249 2924 4320 voles
2957 4248 3135 4330 loco.

604 4350 682 4409 ut
728 4362 800 4409 es
849 4339 1224 4431 pollicitus,
1279 4340 1750 4411 aedificabis.»

661 4467 685 4493 *
717 4467 816 4516 Qua
841 4467 1027 4509 sincera
1047 4464 1227 4509 laetula
1245 4467 1293 4509 et
1311 4467 1582 4510 humilitate
1602 4468 1805 4511 sanctus
1823 4468 2048 4513 Sanctum
2064 4470 2252 4521 excipit.
