3327 4999
193 335 398 399 MART.
451 335 529 397 ⁴2
1032 354 1110 399 nr:
1159 354 1216 400 s.
1269 351 1584 400 Gal-:como
1633 351 1796 398 ΡΑΡΑ
2477 331 2589 397 131

198 432 356 500 enixe
401 444 693 532 rogatUS,
767 433 1200 519 maximeque
1247 457 1287 501 a
1336 432 1639 502 Leandro
1711 430 2102 522 Hispalensi
2151 431 2499 521 episcopO,
2567 431 2689 518 qui

233 542 293 589 ro
332 543 543 590 causis
572 520 1108 610 wisigothorum
1160 523 1428 613 legatus
1476 521 1715 590 eodem
1770 533 2072 611 tempore
2123 520 2688 609 Constantinopo-

206 610 282 677 im
323 622 600 686 venerat,
657 611 1060 700 compulsus
1107 624 1248 691 est,
1304 623 1379 680 ut
1429 611 1684 680 librum
1728 609 1909 679 beati
1954 610 2086 677 Job
2135 609 2373 679 multis
2423 609 2688 678 involit-

183 710 305 766 tum
339 699 669 784 mysteriis
703 699 1048 768 enodaret.
1086 705 1314 787 Neque
1361 699 1479 767 ille
1519 721 1771 788 negare
1820 699 2273 788 potuit·opuS‚
2323 699 2507 785 quod
2552 697 2686 766 sibi

181 809 340 854 amor
380 787 715 855 fraternus
768 787 999 856 multis
1030 789 1199 857 utile
1250 789 1645 889 imponebat
1694 788 2033 856 futurum.
2075 786 2203 855 Sed
2243 788 2568 856 eumdem
2601 785 2685 855 li-

183 874 344 942 brum
388 875 730 962 quomodo
769 876 964 964 juxta
1033 877 1301 946 literam
1351 876 1887 968 lntelligenduS,
1933 875 2231 962 qualiter
2296 876 2382 944 ad
2433 875 2684 946 Christi

182 977 234 1030 et
274 964 586 1034 Ecclesiae
654 978 1085 1034 sacramenta
1135 965 1582 1046 referendus,
1638 989 1775 1051 quo
1825 987 2036 1034 sensu
2083 965 2465 1052 unicuique
2513 965 2683 1034 fide-

177 1050 316 1119 lium
363 1054 446 1122 sit
507 1052 857 1143 aptandus
892 1110 906 1132 ,
964 1077 1084 1144 per
1149 1055 1447 1124 trifarias
1513 1055 1949 1145 intelligendi
1999 1054 2307 1143 specim,
2363 1053 2683 1123 miranda

171 1140 393 1210 ratione
462 1142 842 1231 perdocuit.
924 1148 1000 1211 In
1074 1144 1608 1236 quibus-tamen
1662 1145 1758 1213 ita
1804 1144 1887 1212 de
1937 1143 2307 1212 virtutibus
2363 1144 2684 1229 vitiisque

179 1228 506 1311 disseruit,
558 1245 638 1299 ut
696 1253 826 1299 non
897 1232 1121 1301 solum
1194 1234 1504 1302 videatur
1571 1233 1810 1302 eadem
1861 1232 2087 1300 verbis
2135 1254 2494 1321 exponere,
2566 1231 2685 1300 sed

176 1316 378 1389 formis
424 1319 937 1405 quodammodo
1011 1321 1404 1391 visibilibus
1463 1344 1585 1392 seu
1649 1321 2122 1411 palpabilibus
2188 1321 2683 1390 demonstrare.

178 1406 334 1505 L'nde
391 1431 522 1476 non
576 1422 681 1479 est
728 1408 1057 1490 dubium,
1111 1410 1598 1500 perfectionem
1648 1412 1961 1501 ipsarum
2027 1431 2188 1478 eum
2236 1422 2689 1478 consecutum

171 1491 350 1565 fuisse
382 1497 737 1577 virtutum,
775 1521 1074 1584 quarum
1125 1511 1261 1567 tam
1313 1500 1681 1569 efficaciter
1722 1500 1936 1568 valuit
1967 1498 2273 1567 indicare
2365 1498 2684 1568 rosectUS.

240 1587 444 1669 §122
517 1592 874 1655 Praeterea
923 1588 1332 1659 venerabilis
1385 1589 1610 1657 Levita
1658 1587 2028 1678 Gregorius
2096 1588 2164 1654 in
2214 1609 2293 1656 ea
2346 1611 2454 1657 em
2507 1588 2687 1656 Urbe

167 1673 327 1763 regia
370 1677 791 1744 constitutus
823 1730 838 1755 ,
917 1690 1307 1746 nascentem
1359 1700 1604 1747 novam
1659 1677 2000 1745 haeresim
2052 1675 2135 1744 de
2185 1689 2368 1746 statu
2418 1687 2690 1745 nostrae

170 1764 682 1842 resurrectionis
739 1786 894 1833 cum
950 1765 1120 1865 ipso,
1175 1789 1312 1851 quo
1361 1779 1506 1835 orta
1555 1779 1655 1836 est
1704 1766 1924 1845 initio,
1968 1766 2255 1855 juvante
2297 1767 2516 1856 gratia
2564 1786 2691 1832 no-

176 1851 272 1916 stri
315 1852 785 1942 Redemptoris
834 1855 1110 1923 attrlvit.
1168 1856 1519 1941 Siquidem
1571 1855 1953 1946 Eutychius
1994 1855 2117 1943 (a),
2171 1854 2480 1944 ejusdem
2518 1854 2685 1921 civi-

177 1939 303 2006 tatis
340 1941 736 2031 episcopus‚
792 1941 966 2010 libro
1014 1942 1098 2011 de
1147 1945 1645 2013 resurrectione
1702 1958 2134 2013 mortuorum
2184 1943 2513 2023 confecm,
2567 1942 2685 2011 do·

178 2030 541 2118 gmatizabat
617 2052 874 2119 corpus
942 2047 1251 2101 nostrum
1314 2034 1379 2099 in
1433 2032 1552 2101 illa
1600 2033 2123 2102 resurrectionis
2173 2032 2392 2121 gloria
2438 2031 2689 2120 impal-

181 2115 409 2214 pabile,
454 2120 688 2188 ventis
737 2123 1025 2206 aereque
1073 2121 1399 2190 subtilius
1449 2144 1595 2190 esse
1645 2122 1984 2189 futurum.
2052 2121 2244 2202 Quod
2321 2120 2690 2209 Gregorius

191 2204 465 2300 audiens,
519 2222 590 2277 et
645 2209 905 2276 ratione
954 2210 1275 2289 veritatis,
1331 2222 1394 2279 et
1442 2209 1753 2300 ex‘emplo
1806 2209 2197 2277 Dominicae
2247 2209 2690 2280 resurrectio·

185 2311 308 2392 ms3
355 2297 666 2385 probavit
717 2298 841 2365 hoc
889 2297 1141 2386 dogma
1188 2299 1604 2368 orthodoxae
1646 2299 1805 2366 fidei
1854 2298 2274 2367 omnimodis
2323 2321 2472 2368 esse
2520 2320 2686 2366 con-

178 2391 440 2454 tranum.
496 2385 910 2455 «Catholica
958 2389 1233 2466 etenim,
1274 2388 1522 2474 inquit,
1557 2388 1728 2456 fides
1777 2387 2004 2466 habet,
2046 2388 2230 2474 quod
2282 2410 2535 2476 corpus
2570 2408 2688 2454 no-

175 2480 346 2568 strum
395 2474 460 2543 in
513 2474 645 2543 illa
694 2475 1229 2546 immortalitatis
1279 2477 1499 2568 gloria
1548 2477 2027 2556 sublimatum,
2085 2475 2336 2548 subtile
2401 2475 2683 2564 quidem

167 2572 269 2627 erit
309 2585 416 2651 per
463 2565 792 2633 effectum
845 2566 1227 2654 spiritualis
1277 2567 1641 2656 potentiae,
1699 2566 1817 2634 sed
1872 2566 2216 2656 palpabile
2271 2588 2391 2656 per
2444 2565 2691 2633 verita-

170 2656 274 2715 tem
331 2665 620 2722 naturae
669 2654 726 2720 ⁴⁸.
789 2659 991 2723 Juxta
1054 2656 1449 2745 exemplum
1520 2655 1860 2724 Dominioi
1919 2655 2269 2745 corporis,
2327 2654 2410 2723 de
2459 2676 2595 2739 quo
2645 2675 2684 2721 a

167 2741 411 2838 mortuis
462 2742 899 2821 resuscitatO,
953 2743 1120 2812 dicit
1167 2745 1313 2833 ipse
1362 2743 1730 2833 discipulis
1778 2744 1948 2812 suis:
2008 2748 2289 2833 Palpate
2338 2754 2400 2811 et
2436 2743 2679 2821 videte,

162 2845 294 2913 qum.
334 2834 620 2920 spiritus
651 2852 932 2900 carnem·
951 2844 1012 2901 et
1043 2856 1191 2901 ossa
1219 2857 1348 2901 non
1380 2835 1597 2913 habet,
1635 2835 1808 2901 sicut
1838 2856 1941 2900 *me
1970 2834 2211 2901 videtis
2259 2833 2499 2900 habere
2528 2833 2690 2918 (Lu.-

159 2937 251 2982 cae
295 2920 486 3007 mv).
551 2944 587 2985 »
642 2923 948 3006 Cumque
997 2922 1125 2989 hoc
1172 2922 1607 3011 evangelicae
1656 2921 1960 2990 veritatis
2011 2922 2481 2990 testimonium
2519 2925 2683 2988 Gre-

158 3004 358 3103 gorius
393 3008 821 3096 protulisset,
861 3011 1239 3098 Eutychius
1280 3011 1395 3079 ait:
1437 3034 1472 3076 «
1509 3010 1775 3079 Idcirco
1824 3010 1952 3079 hoc
2006 3010 2335 3078 Dominus
2383 3008 2562 3089 fecit,
2611 3022 2690 3077 ut

155 3084 632 3165 dubitationem
671 3099 1192 3168 resurrectionis
1242 3122 1408 3169 suae
1456 3099 1539 3168 de
1587 3100 1760 3169 disci
1818 3098 2094 3167 ulorum
2130 3099 2458 3168 cordibus
2493 3119 2686 3166 amo-

155 3181 325 3276 reret.
365 3211 399 3251 »
450 3186 582 3254 Cui
635 3187 1038 3276 Gregorius:
1095 3211 1130 3253 «
1167 3189 1333 3257 Mira
1380 3200 1482 3257 est
1528 3212 1636 3258 res
1686 3211 1766 3256 va
1797 3188 1904 3268 de,
1959 3209 2171 3274 quam
2220 3187 2548 3257 adstruis:
2603 3197 2679 3254 ut

152 3270 286 3372 inde
331 3276 539 3344 nobis
589 3274 906 3344 dubietas
955 3288 1216 3367 surgat,
1270 3277 1457 3346 unde
1505 3277 2011 3367 discipulorum
2061 3277 2267 3345 corda
2333 3276 2613 3345 fuerunt
2645 3298 2686 3343 a

154 3355 556 3431 dubitatione
607 3377 896 3433 sanata..
952 3366 1128 3447 Quid
1186 3367 1372 3434 enim
1436 3366 1739 3435 deterius
1800 3366 1935 3435 dici
1989 3377 2252 3455 potest,
2323 3387 2531 3452 quam
2602 3374 2681 3433 ut

155 3442 253 3545 hoc
296 3452 504 3520 nobis
554 3451 643 3519 de
710 3455 861 3543 ejus
922 3476 1080 3523 vera
1127 3477 1333 3524 carne
1381 3454 1678 3524 dubium
1729 3454 1884 3534 siat,
1945 3476 2065 3544 per
2112 3453 2296 3541 quod
2346 3451 2678 3543 discipuli

154 3553 272 3622 ejus
316 3540 402 3609 ad
458 3541 672 3610 fidem
723 3542 808 3611 ab
856 3544 1046 3611 omni
1095 3556 1258 3613 sunt
1304 3544 1650 3613 dubietate
1686 3544 2016 3633 reparati?
2058 3543 2122 3611 Si
2159 3544 2345 3612 enim
2382 3544 2509 3612 hoc
2546 3564 2685 3610 non

151 3620 450 3700 habuisse
501 3629 912 3711 adstruitur,
947 3632 1131 3719 quod
1165 3633 1485 3712 ostendit,
1521 3633 1709 3701 unde
1758 3633 1929 3703 fides
1977 3631 2486 3722 discipulorum
2523 3630 2679 3717 ejus

147 3717 534 3788 confirmata
594 3732 743 3797 est,
798 3720 958 3789 inde
1007 3733 1238 3790 nostra
1273 3722 1674 3791 destruitur.
1711 3749 1733 3785 »
1775 3722 2153 3808 Eutychius
2187 3721 2302 3789 ait:
2346 3744 2382 3786 «
2420 3724 2683 3809 Corpus

153 3802 473 3894 palpabile
522 3808 795 3887 habuit,
850 3811 1034 3895 quod
1085 3811 1404 3880 ostendit:
1460 3811 1576 3880 sed
1622 3823 1773 3901 post
1820 3810 2227 3879 confirmata
2274 3809 2481 3878 corda
2532 3808 2685 3897 pal-

180 3895 467 3986 ⁴ntium,
525 3919 734 3964 omne
785 3897 956 3967 illud
1005 3899 1076 3966 in
1128 3901 1438 3979 DominO,
1490 3900 1675 3987 quod
1727 3900 1997 3990 palpari
2050 3898 2291 3988 potuit,
2348 3899 2416 3966 in
2469 3897 2691 3966 subti-

178 3990 383 4053 ttatem
433 3983 752 4071 aliquam
800 3999 900 4056 est
950 3988 1329 4058 redactum.
1401 4012 1437 4055 »
1495 3988 1588 4057 Ad
1640 3989 1808 4058 haec
1860 3988 2229 4077 Gregorius
2281 3986 2685 4076 respondit:

202 4138 248 4181 (ω
271 4142 536 4192 Eutychiae
557 4143 635 4182 hic
656 4144 730 4180 est
750 4154 1023 4193 magnarum
1039 4147 1272 4186 virtutum
1291 4147 1430 4186 laude
1460 4157 1512 4185 ae
1541 4147 1805 4195 ingentium
1838 4147 2159 4197 prodigiorum
2196 4144 2345 4195 glorta
2379 4145 2698 4185 celebrandus

165 4185 299 4238 &quo
317 4197 363 4235 in
384 4198 531 4237 Surio
554 4198 723 4235 nostro
744 4197 857 4241 (Vol.
879 4199 941 4242 II,
956 4212 998 4248 p.
1018 4201 1110 4245 620)
1140 4201 1386 4239 historiam
1415 4200 1561 4238 habes
1591 4211 1645 4239 ex
1676 4201 1996 4249 metaphraste
2027 4202 2142 4239 satis
2172 4201 2262 4240 fide
2291 4201 2493 4247 diguam.
2524 4201 2581 4236 At
2612 4197 2692 4237 ubl

291 4247 407 4288 ritae
427 4252 645 4298 scriptor
664 4250 707 4288 S.
725 4251 1140 4301 archiepiscopum
1160 4264 1385 4294 excusare
1404 4254 1572 4293 nititur
1591 4254 1709 4300 (ibid.
1726 4267 1771 4302 p.
1796 4255 1887 4299 13:54)
1909 4255 2035 4294 circa
2055 4256 2223 4294 falsam
2244 4255 2510 4301 opinionem
2543 4253 2593 4289 de
2630 4262 2701 4289 re-

171 4304 387 4342 ·uroettionc
405 4316 673 4353 con-parum,
696 4313 838 4350 quam
859 4305 1037 4353 scripto
1055 4308 1250 4355 vulgare
1269 4318 1364 4346 non
1384 4308 1699 4350 dubitaverat.
1718 4309 1976 4347 notandum
1998 4320 2107 4348 cum
2121 4308 2382 4355 Lipomano
2413 4310 2461 4345 et
2490 4303 2694 4344 Baronio

174 4350 321 4393 etthan
338 4357 388 4396 in
403 4367 458 4396 re
477 4357 642 4396 virum
664 4357 839 4405 alioqui
880 4360 1230 4401 sanctissimum
1249 4371 1343 4400 non
1364 4361 1532 4400 leviter
1547 4371 1749 4405 errasse,
1767 4364 1820 4399 ut
1841 4372 1895 4400 ex
1916 4363 1960 4401 S.
1992 4362 2205 4407 Gregorii
2234 4360 2499 4399 testimonio
2530 4356 2702 4406 liquet.

308 4418 411 4449 enm
433 4420 551 4457 ergo
575 4411 824 4457 poenituit,
842 4412 890 4451 et
910 4412 960 4450 tu
977 4422 1116 4453 verae
1138 4414 1246 4454 fidei
1266 4414 1562 4455 confessione
1583 4415 1827 4462 catholica,
1848 4415 1982 4456 beate
2004 4417 2060 4456 ad
2082 4415 2333 4456 Dominum
2354 4412 2587 4461 migravit.

215 4454 234 4479 ‘
255 4458 310 4500 De
329 4471 439 4504 vera
461 4465 716 4515 Corporum
739 4467 1068 4507 resurrectione.
