3327 4999
230 324 473 389 MART.
531 324 614 386 t6
940 339 1019 386 nn
1068 341 1124 387 s.
1178 340 1529 388 namneum
1577 340 1802 388 conon.
1854 337 2055 387 amsc.
2263 359 2273 367 ·
2568 322 2699 386 333

226 425 489 494 monita
509 423 726 503 danti,
747 423 864 494 ille
884 425 1262 514 respondit:
1291 431 1494 505 «Ista,
1525 425 1810 495 Domine
1834 424 1953 505 mi,
1989 429 2119 492 Deo
2142 420 2516 512 aspirante,
2540 423 2784 492 libenti

224 514 459 581 animo
507 534 712 602 agere
759 513 1059 582 curabo:
1114 513 1227 583 sed
1285 524 1447 582 tuus
1495 515 1582 582 ab
1634 514 1762 581 hac
1815 513 1948 581 vita
1997 512 2373 592 discessus,
2414 511 2648 581 fratris
2691 510 2795 580 tui

184 600 642 691 ,orphanitas
668 612 734 668 et
763 600 1284 671 inconsolabilis
1324 601 1598 670 animae
1629 622 1823 671 meae
1857 600 2155 670 viduitas
2203 612 2326 669 est.
2363 601 2547 669 Nosti
2600 622 2797 689 prae-

225 702 416 758 terea
462 689 636 775 quia
684 688 1007 778 majestas
1056 689 1438 778 imperialis
1487 689 1625 758 tuis
1659 687 1991 757 omnibus
2040 687 2452 785 propinquis
2509 688 2799 757 adversa

225 798 515 866 semper
539 776 780 858 extitit,
815 788 881 845 et
905 778 1073 845 dum
1110 778 1484 858 adviveres,
1524 790 1689 846 tunc
1719 798 1995 863 quoque
2023 776 2223 844 nobis
2256 787 2531 865 propter
2561 777 2793 865 ipsum

220 865 664 956 periculosus
729 876 875 933 erat
938 877 1158 935 status
1205 866 1381 934 vitae
1446 865 1849 954 praesentis.
1919 869 2086 931 Ecce
2149 876 2379 932 autem
2446 863 2794 953 refugium

220 965 569 1029 nostrum,
635 974 882 1021 murus
930 964 995 1020 et
1043 952 1473 1021 antemurale
1542 965 1856 1021 nostrum
1919 951 2126 1031 cadit,
2190 951 2360 1020 dum
2411 961 2486 1018 tu
2533 952 2619 1020 ab
2666 952 2798 1020 hac

218 1043 365 1110 vita
413 1040 745 1121 discedis,
800 1040 1004 1129 cujus
1053 1041 1549 1110 muniebamur
1612 1041 1865 1109 virtute
1919 1052 1984 1108 et
2049 1039 2311 1128 gratia,
2386 1040 2800 1128 magnisque

220 1127 413 1217 apud
470 1133 687 1196 Deum
739 1141 804 1197 et
852 1128 1172 1197 homines
1233 1129 1498 1199 meritis
1552 1127 1995 1218 pervulgatis.
2041 1149 2079 1193 »
2141 1126 2233 1195 Ad
2303 1126 2472 1194 haec
2532 1127 2636 1194 vir
2682 1126 2801 1195 Dei

221 1216 481 1305 spiritu
538 1214 937 1373 grophetico
970 1217 1424 1305 praedoctus:
1481 1221 1825 1320 «Regem,
1869 1215 2119 1301 inquit,
2157 1213 2616 1283 immortalem
2651 1235 2800 1282 mo·-

222 1304 359 1384 dis,
413 1304 534 1389 qui
592 1326 672 1371 us
710 1305 858 1393 jam
908 1304 1075 1386 dixi,
1147 1305 1346 1374 stude
1397 1305 1521 1374 tibi
1570 1305 1842 1372 efficere
1897 1302 2312 1392 propitium:
2366 1302 2451 1368 de
2501 1303 2626 1370 isto
2673 1323 2801 1369 au-

223 1404 361 1462 tem
414 1392 694 1460 homine
741 1394 1137 1461 communis
1196 1393 1579 1463 necessitas
1627 1392 1839 1460 finem
1894 1391 2158 1460 factura
2205 1401 2330 1469 est,
2403 1401 2481 1458 ut
2525 1401 2592 1457 et
2651 1389 2800 1478 ipse

218 1481 409 1550 viam
450 1481 813 1549 universae
862 1480 1096 1550 carnis
1125 1481 1582 1570 ingrediatur.
1626 1478 1904 1549 Noveris
1937 1479 2120 1547 enim
2154 1478 2322 1564 quia
2352 1490 2505 1568 post
2531 1476 2799 1547 obitum

222 1591 488 1648 meum,
529 1569 739 1636 trium
784 1590 919 1637 non
971 1571 1250 1657 peraget
1296 1590 1646 1637 annorum
1697 1566 2222 1637 curriculum.»

316 1660 353 1744 ἓ
392 1660 572 1727 28.
629 1661 785 1725 Post
832 1657 1025 1737 haec,
1068 1657 1307 1726 morbo
1349 1657 1838 1735 invalescente,
1869 1655 2161 1744 jamque
2189 1676 2325 1722 non
2360 1654 2619 1724 incerto
2649 1654 2801 1743 ejus

224 1744 547 1825 transitu,
603 1744 1003 1833 spirituales
1050 1744 1204 1834 ipso
1230 1744 1521 1831 jubente
1550 1767 1588 1813 a
1627 1743 1960 1813 fratribus
1993 1742 2318 1829 exequiae
2366 1742 2800 1832 psalmorum

224 1832 831 1902 decantationibus
898 1831 1338 1902 inchoantur.
1414 1838 1442 1900 I
1501 1854 1576 1901 se
1645 1853 1923 1918 quoquc
1994 1830 2288 1921 pectoris
2360 1830 2796 1909 anhelantiS‚

223 1921 456 2010 quoad
508 1932 790 2009 poterat,
826 1920 1161 1989 citharam
1213 1934 1408 1990 exten
1474 1921 1653 2000 ebat,
1696 1920 1951 2009 pariter
2002 1918 2308 2009 psallens
2354 1929 2421 1985 et
2467 1918 2803 2003 quodam-

222 2009 435 2079 modo
469 2010 755 2079 dicens:
807 2010 1171 2097 Inyredt'ar
1228 2011 1299 2077 in
1380 2014 1594 2077 locum
1647 2009 2076 2077 tabernaculi
2125 2008 2552 2074 admirabilis
2591 2028 2803 2095 usque

222 2099 319 2167 ad
354 2100 624 2167 domum
653 2100 797 2176 Dei,
836 2099 908 2166 in
944 2120 1100 2165 voce
1154 2099 1603 2166 eoeultationis
1651 2107 1714 2165 et
1762 2097 2191 2184 confessionis
2236 2096 2452 2182 (Psal.
2491 2093 2631 2181 41¹).
2687 2099 2805 2161 In-

238 2198 427 2254 terea
476 2207 863 2276 pauperum
928 2199 1465 2274 procuratorem,
1527 2184 1642 2253 cui
1692 2206 1933 2252 curam
1986 2182 2264 2250 illorum
2315 2182 2465 2270 ipse
2511 2180 2801 2250 commi-

231 2286 441 2352 serat,
509 2274 687 2342 inter
753 2273 1211 2342 moerentium
1259 2286 1600 2341 catervam
1654 2271 1975 2341 obminus
2026 2270 2158 2338 sibi
2207 2270 2531 2338 assistere
2577 2267 2796 2337 vidit:

230 2367 376 2428 «Et
406 2361 591 2447 quid,
633 2361 882 2447 inquit,
931 2383 1116 2430 nunc
1151 2373 1367 2451 agunt
1425 2359 1668 2429 fratres
1719 2360 1903 2428 mei?
1949 2364 2123 2427 Num
2181 2357 2474 2426 illorum
2524 2357 2804 2426 servitio

230 2450 424 2518 deest
468 2449 726 2537 aliquid
750 2454 820 2517 ἲ»
872 2450 1148 2519 Dicebat
1177 2462 1408 2519 autem
1435 2449 1518 2517 de
1547 2448 2007 2538 pauperibus.
2058 2447 2322 2515 Etenim
2368 2445 2525 2516 illos
2553 2444 2806 2515 humili

225 2539 650 2609 conscientia
700 2540 942 2607 fratres
992 2561 1177 2617 suos,
1216 2539 1431 2607 immo
1471 2552 1537 2606 et
1564 2536 1885 2608 dominos
1916 2551 1982 2604 et
2016 2548 2338 2626 patronos
2369 2535 2556 2624 apud
2590 2540 2805 2602 Deum

223 2626 592 2696 aestimare
640 2641 1110 2696 consueverat.
1149 2632 1313 2694 Cum
1372 2626 1491 2693 ille
1540 2636 1793 2693 cuncta
1842 2647 2029 2711 quae
2080 2623 2209 2693 sibi
2262 2623 2615 2712 assignata
2657 2622 2808 2700 fue-

225 2727 405 2793 rant,
465 2737 535 2784 se
581 2715 1010 2805 expendisse,
1056 2715 1344 2802 jamque
1394 2712 1568 2782 nihil
1620 2735 1979 2802 superesse
2041 2711 2534 2801 respondisset,
2593 2709 2808 2798 proti-

227 2825 368 2870 nus
413 2803 743 2873 ecclesiae
784 2805 1284 2893 praepositum,
1341 2814 1406 2871 et
1452 2801 1754 2872 civitatis
1801 2800 2190 2869 accersiens
2224 2798 2661 2876 advocatum,
2699 2796 2808 2865 his

226 2890 387 2959 illos
419 2890 766 2960 allocutus
816 2903 958 2960 est:
1015 2891 1383 2970 «AudistiS,
1424 2889 1852 2968 charissimi,
1892 2889 2111 2956 immo
2158 2899 2223 2956 et
2272 2886 2639 2975 vigilanter
2686 2906 2811 2953 au-

227 2979 386 3047 dire
433 2977 696 3049 debetis
754 2980 1179 3081 Scripturam
1220 2979 1603 3047 dicentem:
1663 2979 1842 3059 Quia
1899 2979 2292 3065 foeneratur
2353 2976 2651 3054 Domino,
2688 2974 2814 3063 qui

222 3071 584 3136 miseretur
620 3088 963 3157 paupert:
999 3080 1079 3152 ⁸et
1124 3068 1288 3153 quia
1334 3069 1508 3135 sicut
1557 3068 1785 3154 z'qnem
1833 3066 2180 3153 eoett‘nqait
2231 3086 2439 3153 aqua,
2479 3066 2579 3130 ita
2629 3065 2805 3130 elee-

227 3179 515 3245 mosyna
578 3157 830 3224 resistit
885 3158 1177 3245 peccatis
1240 3156 1580 3244 (Proverb.
1620 3176 1726 3223 x1x
1781 3165 1847 3222 et
1908 3154 2118 3222 Ecclt'.
2163 3151 2291 3240 111).
2332 3156 2471 3239 Ego
2523 3151 2582 3219 si
2632 3148 2808 3235 quid

231 3243 533 3332 exempli
582 3244 749 3313 boni
813 3243 1201 3313 secundum
1250 3243 1457 3312 verba
1522 3243 1694 3311 haec
1746 3241 1938 3311 vobis
2009 3238 2331 3329 praebui,
2400 3239 2460 3307 si
2513 3238 2680 3325 quid
2735 3237 2807 3306 in

228 3331 663 3421 pauperibus
710 3331 1069 3411 seminavi,
1126 3353 1314 3399 nunc
1351 3332 1499 3420 jam
1552 3330 1853 3420 reposita
1884 3327 2452 3417 compensabitur
2516 3347 2804 3405 merceS‚

228 3431 297 3487 et
350 3419 615 3501 messiS,
666 3441 879 3505 quam
927 3419 1288 3504 acquisivi,
1328 3441 1518 3488 nunc
1560 3418 1707 3505 jam
1760 3416 2159 3506 recipienda
2207 3427 2333 3496 est,
2397 3415 2585 3484 sicut
2642 3414 2806 3482 item

231 3506 571 3596 scriptum
623 3519 764 3576 est:
819 3510 952 3589 Qui
988 3530 1193 3596 parce
1220 3509 1529 3586 seminat,
1581 3529 1787 3596 parce
1826 3515 1888 3574 et
1927 3515 2168 3573 metet:
2221 3515 2283 3572 et
2375 3505 2455 3571 αἱ
2504 3504 2807 3571 seminat

228 3597 301 3664 in
328 3595 908 3671 benedictionibus,
937 3596 1017 3663 de
1069 3596 1627 3664 benedictionibus
1660 3604 1723 3662 et
1753 3603 1952 3662 metet
1982 3593 2055 3682 (2
2089 3598 2236 3663 Cor.
2271 3614 2336 3660 1x
2377 3645 2391 3659 .
2416 3597 2575 3659 dam
2611 3589 2801 3659 enim

234 3683 596 3753 vobiscum
646 3683 911 3752 diutius
961 3704 1097 3751 non
1148 3704 1263 3751 ero
1315 3682 1449 3762 bic,
1512 3681 1633 3752 ubi
1695 3681 2103 3750 seminatur.
2168 3679 2616 3769 Migrandum
2671 3687 2800 3756 est,

233 3782 301 3841 et
339 3771 490 3860 jam
551 3772 719 3840 hora
776 3770 1007 3850 instat,
1046 3781 1122 3839 ut
1168 3792 1321 3839 eam
1374 3771 1565 3852 illuc,
1618 3769 1740 3839 ubi
1793 3769 2094 3848 metitur,
2136 3766 2422 3857 propria
2493 3766 2811 3856 corporis

235 3859 398 3941 mei,
439 3871 640 3949 prout
688 3859 893 3947 gessi,
930 3871 1356 3948 recepturus.
1398 3865 1526 3928 Vos
1573 3858 1788 3958 igitur
1835 3870 2167 3943 tanquam
2233 3855 2417 3925 filios
2474 3853 2812 3925 charissi-

240 3970 393 4017 mos
444 3959 639 4047 pater
688 3946 1003 4019 moriens
1052 3959 1116 4016 et
1163 3947 1493 4017 ultimum
1528 3946 1852 4036 spiritum
1904 3945 2209 4024 trahenS,
2249 3943 2380 4014 hac
2437 3943 2816 4014 novissima

241 4045 604 4105 testatione
651 4034 1004 4112 convenio,
1042 4047 1384 4121 quatenus
1432 4056 1822 4124 pauperum
1851 4054 2192 4102 memores
2219 4032 2392 4113 sitis,
2440 4044 2643 4119 atque
2679 4032 2814 4100 hoc

241 4124 526 4193 animae
581 4145 773 4191 meae
822 4123 1147 4192 solatium
1197 4123 1638 4222 impendatis,
1680 4132 1755 4191 ut
1801 4121 2256 4208 quoadusque
2281 4142 2645 4191 successor
2671 4118 2820 4209 epi-

252 4233 512 4302 scopus
564 4213 776 4282 subro
828 4223 1022 4291 etur,
1089 4223 1542 4281 constitutum
1590 4234 1632 4280 a
1681 4232 1789 4279 me
1852 4209 2278 4300 pauperibus
2346 4209 2811 4298 refrigerium,

242 4314 484 4371 vestra
533 4321 757 4399 suppe
815 4302 1024 4369 itante
1070 4303 1264 4380 cura,
1336 4321 1473 4368 non
1523 4298 1723 4368 desit.
1772 4321 1808 4364 »
1859 4297 1980 4366 His
2027 4297 2305 4379 auditis,
2379 4296 2819 4366 vehementer

241 4401 649 4479 compuncti
697 4400 881 4470 sunt,
934 4409 1145 4475 seque
1194 4389 1323 4458 hoc
1355 4387 1812 4458 libentissime
1838 4398 2113 4456 acturos
2142 4386 2690 4477 spoponderunt,
2727 4403 2808 4451 eo
