3327 4999
638 329 764 394 472
1453 347 1532 394 nn
1580 348 1636 397 s.
1690 347 2003 397 euneoiuo
2050 349 2212 398 rarsi
2701 332 2937 400 MART.
2988 336 3063 401 42

547 425 632 497 ad
684 427 813 497 hoc
861 426 1178 507 facinuS,
1249 426 1563 498 videlicet
1611 428 1955 498 Simoniae
2017 452 2098 500 ac
2163 429 2671 520 Neophytorum
2743 431 3065 502 haeresim

545 515 1085 598 emendandum,
1138 514 1346 585 officii
1394 515 1504 586 sui
1551 517 2099 588 consideratione
2145 518 2580 590 vehementer
2612 540 2746 588 non
2794 520 3062 602 arserit,

544 626 706 674 cum
753 605 906 693 ipso
954 627 1025 674 se
1091 604 1342 674 habere
1390 626 1526 675 non
1573 605 1842 676 dubitet
1897 608 2277 697 portionem
2311 662 2328 688 ,
2396 631 2437 677 a
2491 630 2630 695 quo
2695 608 2888 699 prius
2952 610 3066 679 hoc

545 692 896 784 piaculare
963 692 1306 784 flagitium
1368 694 1669 784 sumpsit
1736 694 2118 766 exordium.
2184 719 2221 764 »
2280 700 2445 766 Cum
2515 719 2673 767 vero
2746 697 3082 784 quosdam*

546 791 986 873 cognosceret
1032 781 1117 851 ad
1166 781 1521 852 evitandae
1570 783 2001 853 simoniacae
2044 784 2345 856 haeresis
2378 785 2697 868 crimina,
2730 786 3071 876 pestiferae

544 870 1031 960 negotiationis
1093 892 1384 941 munera
1458 871 1958 961 pastellaticum
2024 874 2274 944 callide
2330 875 2665 956 vocitare,
2718 897 2799 944 ac
2846 874 3072 966 hujus-

541 959 730 1028 modi
779 970 1041 1029 mutato
1091 959 1391 1041 nomine,
1440 983 1607 1030 suae
1653 961 2054 1051 cupiditatis
2088 962 2447 1032 avaritiam
2488 963 2659 1033 velle
2698 977 3067 1055 contegere,

539 1047 1127 1137 prudentissimus
1174 1048 1409 1119 doctor
1471 1049 1839 1140 Gregorius
1890 1051 2294 1122 sententiam
2326 1104 2347 1132 ,
2402 1073 2614 1138 quam
2667 1052 2735 1120 in
2792 1052 3072 1143 primor-

539 1135 656 1205 dio
701 1136 810 1205 sni
862 1136 1301 1227 pontificatus
1347 1158 1580 1207 coram
1630 1138 1895 1227 synodo
1942 1139 2520 1230 promulgaverat,
2558 1139 2799 1211 iterato
2851 1143 3071 1233 protu-

541 1224 661 1306 lit,
704 1225 964 1294 dicens:
1018 1248 1054 1291 «
1097 1226 1548 1313 Antiquorum
1601 1241 1872 1316 patrum
1936 1227 2249 1317 regulam
2294 1250 2614 1315 sequens,
2667 1228 2849 1300 nulli
2895 1230 3074 1317 quic-

539 1335 751 1399 quam
800 1314 883 1383 de
929 1313 1483 1384 ordinationibus
1545 1315 2028 1404 accipiendum
2078 1339 2228 1388 esse
2274 1318 2616 1387 constituo
2646 1373 2663 1401 ,
2728 1340 2949 1406 neque
3001 1340 3072 1388 ex

541 1401 816 1472 datione
867 1402 1082 1493 pallii,
1123 1425 1343 1490 neque
1388 1426 1469 1472 ex
1517 1404 1881 1474 traditione
1910 1406 2332 1483 chartarum,
2372 1428 2594 1494 neque
2625 1429 2706 1477 ex
2736 1429 2842 1489 ea,
2876 1428 3072 1495 quam

540 1511 716 1561 nova
748 1513 871 1581 per
899 1491 1346 1562 ambitionem
1382 1492 1735 1562 simulatio
1772 1493 2052 1574 invenit,
2093 1494 2551 1585 appellatione
2582 1496 2878 1586 pastelli.
2916 1494 3075 1578 Quia

539 1580 727 1650 enim
777 1581 847 1648 in
896 1580 1282 1650 ordinando
1329 1581 1656 1672 episcopo
1707 1581 2009 1652 Pontifex
2058 1605 2345 1652 manum
2394 1583 2741 1674 imponit,
2798 1605 3073 1687 evange·

541 1668 744 1738 licam
809 1691 963 1738 vero
1013 1668 1368 1739 lectionem
1430 1670 1745 1740 minister
1793 1670 2006 1761 legit,
2059 1670 2608 1742 confirmationis
2654 1686 2888 1744 autem
2938 1694 3075 1761 ejus

541 1757 902 1847 epistolam
955 1758 1266 1829 notarius
1312 1759 1575 1839 scribit,
1628 1759 1808 1828 sicut
1861 1782 1991 1829 non
2035 1760 2227 1830 decet
2285 1760 2691 1851 episcopum
2743 1784 3023 1832 manum
3055 1815 3070 1842 ,

540 1868 749 1933 quam
806 1846 1119 1936 imponit,
1175 1847 1506 1917 vendere:
1560 1847 1654 1916 ita
1705 1849 2017 1922 minister
2068 1848 2165 1918 vel
2220 1849 2529 1940 notarius
2581 1871 2715 1919 non
2767 1851 2968 1920 debet
3011 1851 3074 1920 in

542 1934 975 2013 ordinatione
1021 1936 1198 2023 ejus,
1252 1958 1482 2006 vocem
1535 1959 1732 2006 suam
1784 1936 1886 2006 vel
1938 1937 2283 2007 calamum
2335 1938 2847 2009 venumdare...
2879 1963 2915 2006 »

631 2025 667 2111 ξ
712 2028 790 2094 ⁸2.
872 2018 999 2096 sed
1050 2038 1276 2095 astuta
1339 2025 1780 2125 turpissimae
1841 2026 2241 2117 cupiditatis
2310 2027 2642 2114 iniquitas
2692 2050 2830 2098 non
2883 2028 3075 2098 suffe-

545 2133 703 2181 rens
753 2112 958 2184 tantis
1005 2135 1078 2182 se
1125 2114 1511 2184 commodis
1543 2114 1701 2184 licet
1740 2127 1852 2185 tur
1905 2114 2189 2196 issimis,
2229 2115 2441 2185 immo
2477 2115 3078 2207 periculosissimis

542 2201 922 2291 angustari,
975 2215 1442 2274 commentum
1486 2205 1650 2274 satis
1700 2205 1828 2274 arti
1861 2205 2148 2273 tciosum
2203 2204 2475 2295 reperit,
2528 2227 2666 2291 quo
2716 2207 2981 2277 scilicet
3012 2203 3081 2272 il-

547 2289 651 2358 los
717 2291 1095 2360 sacerdotio
1168 2292 1620 2373 sublimaret,
1676 2293 1795 2380 qui
1868 2294 2002 2363 sibi
2053 2304 2205 2383 post
2249 2293 2841 2363 consecrationem
2906 2306 3078 2363 tanto

548 2378 998 2468 subjectiores
1042 2402 1189 2452 esse
1247 2381 1694 2462 debuissent,
1745 2395 2003 2468 quanto
2067 2404 2211 2470 non
2271 2382 2549 2463 divino,
2618 2383 2791 2469 quin
2865 2383 3079 2474 potius

545 2466 855 2538 humano
892 2468 1160 2559 judicio
1209 2492 1280 2541 se
1338 2468 1552 2539 fuisse
1616 2482 1965 2560 promotos
2028 2470 2160 2561 ipsi
2229 2471 2466 2561 procul
2533 2470 2750 2543 dubio
2815 2485 3083 2564 reputa-

546 2570 720 2627 rent.
789 2563 1215 2648 Quapropter
1277 2558 1765 2649 omnipotentis
1833 2560 1946 2628 Dei
1999 2582 2246 2650 praeco
2305 2561 2673 2661 Gregorius
2745 2561 2815 2629 in
2888 2583 3083 2630 evan-

542 2645 877 2738 geliorum
933 2647 1355 2727 tractatibus,
1408 2658 1485 2716 ut
1532 2647 1805 2717 scilicet·
1838 2648 2267 2735 frequentius
2333 2649 2466 2740 legi
2514 2649 2617 2718 vel
2680 2650 2917 2719 audiri
2967 2671 3080 2741 po-

542 2734 808 2818 tuisset,
861 2735 1188 2826 disputat,
1242 2735 1611 2821 inquiens:
1674 2758 1711 2803 «
1755 2740 1925 2806 Sunt
1971 2736 2324 2818 nonnulli,
2363 2737 2484 2825 qui
2530 2738 2818 2825 quidem
2884 2761 3084 2809 num-

541 2844 814 2894 morum
868 2824 1173 2914 praemia
1219 2845 1299 2892 ex
1350 2823 1782 2894 ordinatione
1846 2847 1981 2896 non
2031 2826 2405 2916 accipiunt,
2460 2841 2524 2897 et
2574 2841 2802 2897 tamen
2856 2848 3081 2897 sacros

541 2911 821 2982 ordines
871 2934 995 3002 pro
1042 2913 1351 2981 humana
1399 2912 1616 3002 gratia
1671 2912 2084 3004 largiuntur,
2120 2930 2325 3001 atque
2373 2915 2458 2984 de
2498 2915 2813 3006 largitate
2853 2917 3084 2986 eadem

543 2999 775 3069 laudis
848 3000 1286 3071 solummodo
1352 3001 1872 3072 retributionem
1950 3016 2316 3091 quaerunt.
2388 3005 2472 3073 Hi
2521 3005 2857 3074 nimirum
2956 3001 3083 3074 uod

543 3088 759 3178 gratis
807 3101 1241 3179 acceperunt,
1281 3090 1495 3181 gratis
1553 3112 1693 3160 non
1742 3091 2086 3173 tribuunt,
2137 3093 2301 3179 quia
2367 3093 2451 3162 de
2498 3093 2817 3183 impenso
2866 3117 2904 3162 o
2959 3093 3082 3163 1cio

542 3177 926 3247 sanctitatis
971 3190 1296 3268 expetunt
1345 3200 1710 3250 nummum
1760 3179 2035 3250 favoris,
2117 3181 2307 3251 Unde
2353 3181 2526 3251 bene
2589 3204 2751 3252 cum
2815 3183 3083 3273 justum

540 3264 767 3335 virum
816 3266 1271 3348 describeret,
1327 3267 1662 3359 Propheta
1711 3269 1854 3337 ait:
1910 3291 1946 3336 «
1983 3268 2113 3353 Qui
2174 3270 2429 3340 excutit
2476 3292 2727 3340 manus
2788 3293 2958 3341 suas
3004 3269 3083 3339 ab

541 3354 733 3424 omni
782 3378 1090 3425 munere.
1139 3379 1174 3422 »
1222 3362 1450 3444 Neque
1496 3357 1683 3427 enim
1732 3357 1942 3439 dixit,
1982 3382 2018 3425 «
2049 3357 2179 3441 Qui
2235 3358 2490 3429 excutit
2537 3381 2789 3430 manus
2839 3381 3002 3430 suas
3046 3379 3083 3426 a

544 3464 876 3513 munere:
932 3444 1049 3515 sed
1113 3444 1451 3536 adjunxit,
1505 3447 1587 3515 ab
1643 3449 1845 3516 omni.
1900 3447 2076 3530 Quia
2123 3446 2313 3517 aliud
2363 3460 2464 3518 est
2512 3469 2774 3517 munus
2824 3448 2914 3517 ab
2974 3446 3084 3516 ob-

541 3532 801 3618 sequie,
875 3533 1063 3603 aliud
1117 3556 1376 3604 munus
1441 3557 1481 3604 a
1539 3556 1799 3616 manu,
1853 3536 2042 3605 aliud
2096 3557 2355 3605 munus
2410 3559 2449 3604 a
2499 3535 2763 3626 lingua.
2838 3542 3083 3605 Munus

539 3622 799 3711 quippe
860 3622 948 3692 ab
1012 3622 1384 3711 obsequie,
1436 3635 1538 3693 est
1590 3623 1924 3714 subjectio
1973 3624 2275 3694 indebite
2338 3624 2678 3715 impensa.
2745 3630 3000 3695 Munus
3045 3640 3083 3692 a

539 3731 777 3792 manu,
835 3711 1150 3801 pecunia.
1204 3717 1454 3782 Munus
1486 3734 1526 3781 a
1559 3710 1821 3803 lingua,
1875 3712 2083 3782 favor.
2137 3714 2267 3797 Qui
2314 3735 2476 3804 ergo
2525 3735 2759 3785 sacros
2807 3714 3083 3812 ordines

539 3798 803 3879 tribuit,
859 3810 1023 3870 tunc
1062 3801 1150 3870 ab
1196 3802 1385 3871 omni
1434 3822 1721 3870 munere
1769 3823 2020 3872 manus
2058 3802 2334 3884 excutit,
2372 3803 2652 3889 quando
2703 3803 2774 3871 in
2826 3801 3080 3871 divinis

538 3887 750 3958 rebus
797 3909 933 3989 non
973 3888 1201 3989 solum
1250 3890 1513 3960 nullam
1553 3889 1946 3980 pecuniam,
1985 3890 2104 3961 sed
2135 3891 2342 3961 etiam
2374 3890 2757 3961 humanam
2788 3891 3080 3981 gratiam

541 3997 681 4046 non
730 3990 1101 4064 requlrlt.»

622 4067 662 4153 ξ
707 4068 789 4137 8.
843 4070 984 4136 Hae
1031 4081 1194 4137 sunt
1240 4067 1547 4158 Gregorii
1595 4090 1807 4159 super
1853 4067 2254 4139 simoniacis
2300 4079 2366 4138 et
2410 4067 2675 4141 illicitis
2707 4065 3082 4137 ordinatio-

538 4153 751 4224 nibus
799 4154 1182 4226 doctissimi
1228 4160 1450 4247 Papae
1497 4157 1907 4238 sententiae‚
1959 4179 2133 4244 quas
2182 4157 2329 4248 ipse
2378 4180 2652 4226 summo
2700 4155 2897 4226 cultu
2945 4176 3083 4225 ser-

535 4265 734 4314 vasse
779 4242 1063 4315 docetur
1107 4245 1178 4313 in
1228 4266 1307 4314 eo
1340 4299 1356 4326 ‚
1409 4245 1590 4334 quod
1644 4246 1732 4316 ab
1785 4246 1937 4336 ipso
1985 4268 2151 4315 suae
2215 4246 2751 4316 consecrationis
2803 4242 3080 4344 exordio

539 4354 662 4424 per
707 4354 982 4403 omnem
1023 4331 1404 4403 dioecesim·
1441 4356 1641 4404 suam
1692 4334 2052 4425 episcopos
2099 4334 2566 4423 undecunque
2613 4334 2934 4405 meliores
2980 4352 3081 4399 ln-

540 4422 774 4492 venire
798 4421 1042 4513 potuit,
1097 4421 1652 4493 studiosissimus
1699 4422 2066 4493 ordinavit.
2133 4428 2210 4493 Et
2260 4424 2322 4494 si
2379 4423 2659 4513 quando
2716 4421 3082 4493 necessitas
