3327 4999
591 293 719 357 ⁴78
1400 307 1480 354 mi
1527 307 1583 356 s.
1639 305 1953 355 enneomo
2002 306 2165 354 mu
2669 290 2920 356 MART.
2977 290 3060 356 ⁴2

495 401 804 462 remotus
851 387 1122 458 studeat
1161 385 1419 468 sedere,
1455 398 1521 456 et
1567 386 1652 456 de
1689 409 1904 456 manu
1939 386 2110 456 nihil
2145 385 2586 458 fructificare.
2628 388 2752 457 Sed
2789 388 3063 489 largam

495 501 784 549 manum
851 478 1124 557 habeat,
1181 476 1656 544 necessitatem
1710 475 2132 565 patientibus
2181 489 2522 556 occurrat,
2560 476 2858 546 alienam
2912 499 3065 546 ino-

493 568 682 658 piam
734 588 932 635 suam
995 563 1268 634 credat:
1320 563 1487 651 quia
1551 564 1611 633 si
1674 563 1844 634 haec
1894 585 2028 632 non
2084 564 2320 646 habet,
2386 587 2687 635 vacuum
2746 565 3063 657 episcopi

492 676 744 725 nomen
799 665 1068 723 tenet.»

580 746 616 831 ξ
682 747 821 816 18.
878 747 1046 810 Item
1086 745 1335 811 Sereno
1368 741 1693 830 episcopo
1744 739 2155 810 Massiliensi
2189 750 2344 830 post
2373 738 2647 827 aliqua:
2701 741 2797 807 «⁴⁸
2827 740 3063 810 Peria-

490 843 638 901 tum
690 831 775 899 ad
829 852 954 900 nos
1002 829 1246 909 fuerat,
1283 829 1463 916 quod
1501 828 2011 898 inconsiderato
2041 828 2184 898 zelo
2212 850 2616 910 succensuS,
2653 842 3062 900 sanctorum

489 919 836 1010 imagines
884 919 1014 987 sub
1065 918 1193 987 hac
1240 917 1443 1004 quasi
1489 917 1954 996 excusatione,
1995 938 2080 984 ne
2110 916 2384 986 adorari
2424 916 2850 990 debuissent.
2891 939 3062 988 con-

489 1007 799 1098 fregeris,
847 1011 923 1074 Et
970 1006 1251 1093 quidem
1301 1005 1468 1092 quia
1513 1027 1630 1075 eas
1679 1005 1954 1074 adorari
2004 1005 2360 1088 vetuisseS,
2402 1005 2690 1076 omnino
2741 1006 3059 1076 laudavi-

489 1119 685 1166 mus:
741 1094 1027 1180 fregisse
1067 1116 1224 1165 vero
1272 1116 1344 1162 re
1399 1093 1873 1163 rehendimus.
1916 1093 2032 1162 Dic
2081 1093 2312 1174 frater,
2365 1116 2405 1162 a
2451 1115 2590 1181 quo
2639 1094 2900 1165 factum
2948 1117 3060 1164 sa-

488 1184 763 1254 cerdote
810 1183 1187 1270 aliquando
1235 1205 1327 1251 au
1383 1183 1551 1252 itum
1612 1194 1756 1262 est,
1807 1182 1991 1268 quod
2045 1181 2309 1250 fecisti?
2367 1181 2433 1251 Si
2486 1204 2622 1252 non
2673 1183 2894 1264 aliud,
2947 1183 3055 1252 vel

488 1272 663 1342 illud
737 1286 796 1342 te
844 1271 1083 1342 debuit
1140 1293 1479 1352 revocare,
1546 1292 1630 1338 ne
1696 1270 2041 1359 despectis
2088 1271 2245 1340 aliis
2294 1269 2650 1351 fratribus,
2707 1271 2937 1341 solum
2990 1283 3055 1341 te

487 1373 807 1431 sanetum
858 1383 1009 1429 esse
1060 1360 1374 1429 crederes
1443 1370 1509 1427 et
1581 1359 2015 1447 sapientem?
2062 1359 2258 1428 Aliud
2312 1371 2415 1428 est
2460 1359 2649 1428 enim
2750 1361 3054 1430 icturam

486 1449 797 1530 adorare,
853 1448 1042 1517 aliud
1095 1471 1219 1538 per
1265 1449 1577 1538 picturae
1628 1447 2015 1527 historiam,
2071 1447 2239 1534 quid
2292 1447 2378 1517 sit
2426 1447 2685 1517 adoran
2748 1472 2891 1528 um,
2927 1448 3055 1517 ad-

484 1538 774 1608 discere.
830 1542 995 1606 Nam
1047 1536 1232 1623 quod
1284 1536 1675 1637 legentibus
1724 1537 2092 1626 scriptura,
2134 1536 2262 1604 hoc
2312 1536 2545 1605 idiotis
2595 1549 2938 1626 praestat⁸
2994 1537 3055 1605 i-

485 1639 677 1695 ctura
721 1625 1190 1694 cernentibuS.
1244 1631 1416 1707 Quia
1455 1624 1578 1692 ini
1633 1646 1711 1693 sa
1760 1624 2155 1715 ignorantes
2186 1624 2633 1710 videntquod
2685 1628 2883 1713 sequi
2980 1648 3053 1694 e·

485 1715 734 1784 beant:
787 1714 858 1782 in
910 1714 1060 1804 ipsa
1112 1713 1352 1805 legunt
1397 1713 1519 1800 qui
1617 1713 1822 1782 iteras
1889 1712 2234 1782 nesciunt.
2310 1713 2499 1782 Unde
2546 1726 2612 1784 et
2676 1714 3056 1805 praecipue

485 1803 810 1893 gentibus
864 1825 983 1959 Ero
1019 1801 1309 1871 lectione
1348 1802 1614 1889 pictura
1647 1814 1773 1870 est.
1813 1801 2006 1884 Quod
2060 1823 2480 1892 magnopere
2520 1825 2561 1872 a
2611 1814 2672 1872 te
2709 1803 2833 1890 qui
2873 1804 3055 1872 inter

485 1903 724 1982 gentes
774 1891 863 1958 ha
914 1890 1069 1970 itas,
1112 1890 1370 1959 attendi
1408 1890 1753 1970 decuerat,
1796 1912 1880 1957 ne
1927 1889 2096 1960 dum
2135 1904 2319 1959 recto
2366 1889 2511 1959 zelo
2558 1891 2840 1961 incaute
2888 1914 3054 1961 suc-

483 1978 824 2059 cenderiS,
862 1978 1312 2048 ferocioribus
1359 1978 1615 2046 animis
1663 1977 2075 2047 scandalum
2126 2000 2514 2068 generares.
2578 1980 2827 2071 Frangi
2886 2002 3052 2071 ergo

487 2090 626 2136 non
677 2065 1131 2154 debuitquod
1181 2089 1315 2137 non
1368 2066 1451 2135 ad
1505 2067 1937 2136 adorandum
1983 2066 2051 2134 in
2085 2067 2419 2148 ecclesiis,
2460 2067 2574 2137 sed
2618 2069 2704 2137 ad
2743 2068 3052 2139 istruen-

487 2155 614 2224 das
664 2155 1102 2225 solummodo
1153 2167 1416 2225 mentes
1463 2154 1592 2224 fuit
1641 2155 2095 2224 nescientium
2148 2154 2584 2225 collocatum.
2630 2162 2710 2226 Et
2756 2158 2923 2244 quia
2975 2157 3049 2226 in

485 2243 657 2313 locis
708 2244 1219 2314 venerabilibus
1269 2257 1662 2313 sanctorum
1716 2243 2001 2335 depingi
2051 2243 2376 2314 historias
2427 2266 2558 2313 non
2599 2245 2750 2314 sine
2783 2246 3054 2316 ratione

481 2346 784 2402 vetustas
831 2333 1134 2413 admisit,
1178 2333 1237 2402 si
1266 2331 1489 2401 zelum
1523 2332 1938 2401 discretione
1966 2332 2371 2412 condiisses,
2408 2334 2557 2403 sine
2595 2329 2907 2404 dubio‘et
2934 2356 3044 2416 ea,

481 2442 660 2508 quae
721 2421 1152 2501 intendebaS,
1219 2421 1592 2491 salubriter
1654 2419 1986 2502 obtinere,
2054 2433 2118 2489 et
2165 2420 2528 2491 collectum
2579 2445 2857 2514 gregem
2905 2445 3048 2492 non

478 2510 900 2602 dispergere,
956 2512 1073 2580 sed
1124 2510 1516 2598 dispersum
1560 2509 1794 2666 fotius
1827 2523 2096 2599 poteras
2126 2531 2582 2601 congregare:
2638 2526 2715 2582 ut
2747 2513 3050 2603 pastoris

477 2597 546 2667 in
604 2613 664 2668 te
717 2600 1036 2669 meritum
1094 2617 1342 2666 nomen
1395 2620 1555 2667 exce
1587 2598 1793 2679 leret,
1857 2620 1991 2667 non
2045 2598 2256 2688 culpa
2302 2599 2720 2689 dispersoris
2770 2603 3051 2671 incum-

476 2689 688 2758 beret.
744 2689 920 2756 Hine
977 2700 1233 2766 autem,
1272 2685 1438 2755 dum
1493 2687 1560 2754 in
1615 2686 1746 2755 hoc
1794 2686 2013 2755 animi
2076 2687 2171 2755 tui
2227 2686 2500 2757 incaute
2550 2689 2763 2758 nimis
2814 2703 3050 2759 motus

475 2776 856 2863 exequeris,
911 2776 1007 2844 ita
1057 2788 1208 2844 tuos
1258 2774 1762 2844 scandalizasse
1812 2774 1993 2845 filios
2030 2776 2439 2864 perhiberiS,
2479 2789 2556 2846 ut
2590 2778 2894 2847 maxima
2923 2800 3045 2849 eo-

475 2888 630 2934 rum
684 2886 845 2953 pars
893 2886 933 2932 a
982 2876 1099 2932 tua
1147 2885 1220 2931 se
1285 2864 1778 2933 communione
1835 2864 2310 2954 suspenderet.
2381 2865 2672 2948 Quando
2735 2889 2900 2957 ergo
2950 2866 3044 2936 ad

475 2953 650 3022 ovile
699 2951 1134 3021 Dominicum
1186 2964 1493 3022 errantes
1526 2974 1685 3022 oves
1732 2952 2062 3033 adduceS‚
2101 2953 2224 3039 qui
2264 2976 2439 3041 quas
2473 2954 2708 3037 habes,
2748 2957 3049 3026 retinere

473 3063 610 3111 non
665 3039 1064 3131 praevales?
1113 3040 1404 3110 Proinde
1452 3041 1835 3119 hortamur,
1884 3053 1961 3109 ut
2008 3042 2111 3110 vel
2159 3063 2342 3111 nunc
2398 3043 2680 3113 studeas
2727 3066 2880 3116 esse
2930 3067 3048 3115 so-

473 3129 729 3209 licitus,
768 3141 972 3216 atque
1020 3129 1107 3197 ab
1157 3129 1284 3198 hac
1317 3141 1380 3199 te
1414 3130 1977 3220 praesumptione
2024 3152 2449 3220 compescaS,
2503 3142 2568 3201 et
2614 3154 2856 3201 eorum
2890 3135 3046 3202 ani-

470 3240 645 3298 mos,
682 3239 858 3304 quos
905 3241 945 3287 a
996 3229 1112 3286 tua
1159 3217 1544 3308 disjunctos
1591 3219 1856 3287 unitate
1903 3219 2287 3310 cognosciS,
2383 3232 2619 3290 aterna
2660 3221 2747 3290 ad
2785 3234 2846 3291 te
2875 3222 3046 3293 dul-

467 3307 712 3377 cedine
759 3306 948 3376 omni
999 3306 1258 3376 annisu
1303 3307 1635 3393 omnique
1683 3307 1914 3376 studio
1965 3330 2284 3377 revocare
2358 3309 2632 3379 estines.
2666 3333 2701 3376 »

555 3398 594 3484 ξ
653 3400 804 3468 19.
856 3395 1188 3465 ‚Ianuario
1218 3417 1492 3482 quoque
1526 3395 1911 3464 Caralitano
1944 3396 2281 3486 Episcopo
2310 3410 2462 3487 post
2491 3398 2729 3484 aliqua
2756 3399 3034 3481 scribit,

463 3483 743 3554 dicens:
799 3484 918 3550 (δ’
964 3490 1151 3554 Inter
1178 3485 1495 3571 querelas
1545 3483 1968 3573 multiplices
2017 3484 2351 3566 IsidoruS,
2406 3486 2509 3554 vir
2555 3486 3037 3571 clarissimus,

464 3596 505 3642 a
570 3587 630 3643 te
708 3573 1129 3643 fraternitate
1170 3585 1288 3643 tua
1334 3572 1590 3642 frustra
1641 3595 1712 3641 se
1759 3574 2435 3643 excommunicatum
2487 3576 3047 3649 anathematiza·

461 3672 750 3751 tumque
797 3676 1216 3750 conquestus
1261 3675 1384 3731 est.
1424 3661 1619 3744 Quod
1669 3661 2123 3749 quamobrem
2174 3661 2433 3731 factum
2492 3662 2723 3746 fuerit,
2765 3665 2946 3735 dum
2999 3692 3049 3739 a

460 3754 711 3826 clerico
761 3766 876 3822 tuo
922 3752 1041 3840 qui
1095 3772 1421 3842 praesens
1460 3766 1627 3830 erat,
1684 3750 2149 3821 voluissemus
2198 3750 2582 3833 addiscere,
2647 3776 2770 3844 pro
2827 3757 3043 3828 nulla

462 3842 599 3913 alia
645 3865 879 3924 causa,
920 3840 1057 3910 nisi
1097 3863 1220 3931 pro
1248 3863 1326 3910 eo
1360 3839 1544 3926 quod
1583 3853 1643 3909 te
1672 3839 2140 3928 injuriaverat,
2181 3839 2439 3910 factum
2474 3840 2803 3912 innotuit.
2842 3849 3047 3926 Quae

461 3954 572 4002 res
618 3954 743 4002 nos
791 3931 1229 4000 vehementer
1274 3929 1537 3999 afflixit.
1592 3930 1767 4012 Quia
1831 3929 1891 3997 si
1941 3928 2035 3997 ita
2091 3940 2215 4009 est,
2282 3929 2379 3997 nil
2451 3940 2514 3999 te
2578 3931 2891 4001 ostendis
2945 3934 3045 4004 de

456 4022 872 4092 coelestibus
919 4020 1243 4111 cogitare,
1309 4019 1426 4089 sed
1482 4031 1822 4088 terrenam
1874 4030 1938 4086 te
1982 4018 2569 4087 conversationem
2625 4019 2883 4089 habere
2936 4023 3044 4093 si·

460 4111 777 4204 gnificas,
811 4110 981 4180 dum
1034 4132 1158 4267 pro
1194 4109 1491 4179 vindicta
1542 4108 1861 4198 propriae
1908 4105 2207 4206 injuriae
2246 4106 2435 4206 ‘quod
2489 4109 2709 4177 sacris
2761 4111 3038 4199 regulis

462 4200 891 4292 prohibetur,
928 4221 1042 4268 ma
1069 4199 1481 4279 edictionem
1531 4197 1989 4267 anathematis
2038 4195 2377 4265 invexisti.
2414 4196 2605 4265 Unde
2639 4195 2726 4267 de
2753 4213 3041 4271 caetero

518 4359 542 4382 θ
571 4360 638 4400 De
657 4358 940 4407 imaginibus
961 4360 1234 4398 sanctorum
1253 4368 1372 4407 pene
1392 4355 1725 4397 tconoeismeo
1745 4363 1875 4394 more
1894 4352 2150 4393 confi-setta
2170 4353 2517 4394 Massiliensem
2546 4356 2833 4405 Episcopum
2857 4363 3049 4409 argute.

516 4413 571 4442 ⁸*
587 4412 872 4462 Episcopum
890 4413 1101 4453 deterret
1119 4420 1345 4453 censuras
1363 4410 1714 4452 ecclesiasticas
1742 4407 1802 4449 nd
1821 4407 2044 4457 injurtam
2060 4407 2152 4448 sibi
2169 4407 2352 4448 illatam
2368 4407 2688 4451 ulciscendam
2706 4410 3045 4457 adhibentem.

1246 4482 1294 4535 s
