3327 4999
228 320 489 386 MAR'P.
543 322 617 386 ΞΛ
1075 341 1154 387 ns
1203 341 1259 388 s,
1313 339 1657 388 annumero
1706 338 1948 388 ABBATE
2569 322 2706 390 427
2791 322 2794 323 ⁷

224 422 456 491 Hodie
500 422 779 508 quidem
832 422 1067 492 minus
1115 437 1261 503 est,
1334 424 1450 494 sed
1501 424 1613 492 die
1671 425 1970 494 crastina
2018 422 2456 493 abundanter
2501 424 2791 494 habebi·-

228 511 421 579 tis.»
450 510 766 597 Sequenti
802 523 1030 580 autem
1066 511 1178 580 die
1224 511 1502 581 ducenti
1552 512 1814 581 farinae
1878 512 2091 581 modii
2152 525 2308 581 ante
2356 512 2533 582 fores
2580 512 2794 583 cellae

222 597 305 666 in
346 599 567 668 saccis
613 598 872 668 inventi
920 611 1104 679 sunt,
1140 621 1314 685 quos
1351 600 1789 691 omnipotens
1824 605 1999 669 Deus
2031 599 2289 686 quibus
2326 600 2792 670 deferentibus

224 687 755 765 transmisisset,
801 708 989 754 nunc
1037 708 1257 772 usque
1308 700 1535 756 manet
1582 688 2037 776 incognitum.
2093 688 2283 770 Quod
2336 711 2495 758 cum
2547 688 2791 758 fratres

222 785 637 855 cernerent,
695 775 983 843 Domino
1030 776 1286 864 gratias
1318 775 1683 845 referentes
1720 831 1734 857 ,
1803 776 2197 845 didicerunt
2232 777 2382 866 jam
2432 775 2517 843 de
2564 776 2792 845 abun-

224 861 474 930 dantia
515 883 637 930 nec
686 862 755 929 in
792 875 1088 951 egestate
1134 863 1562 932 dubitare...

328 957 367 1030 ἓ
434 953 579 1020 ⁷1⁸2.
634 949 775 1017 Alio
822 970 1097 1036 quoque
1144 962 1449 1040 tempore
1509 974 1544 1019 a
1610 951 1912 1037 quodam
1964 950 2150 1019 fideli
2199 950 2344 1020 viro
2391 950 2620 1020 fuerat
2675 972 2788 1020 ro-

223 1050 463 1127 gatus.
500 1049 576 1105 ut
622 1037 691 1104 in
742 1036 893 1126 ejus
942 1038 1222 1126 praedio
1246 1039 1443 1127 juxta
1490 1040 2013 1109 Taracinensem
2067 1040 2336 1118 urbem,
2394 1038 2630 1109 missis
2678 1039 2787 1106 di-

223 1124 530 1214 scipulis
593 1125 784 1205 suiS,
861 1138 1257 1194 construere
1324 1127 1818 1196 monasterium
1879 1126 2251 1196 debuisset.
2317 1127 2446 1208 Qui
2513 1126 2787 1225 roganti

224 1213 700 1292 consentienS,
746 1213 1092 1301 deputatis
1139 1213 1469 1284 fratribus
1526 1229 1783 1303 patrem
1835 1215 2211 1290 constituit,
2249 1226 2313 1281 et
2360 1214 2520 1299 quis
2566 1236 2628 1281 ei
2677 1235 2786 1283 se-

222 1299 513 1370 cundus
532 1312 731 1380 esset,
758 1301 1120 1369 ordinavit.
1162 1302 1427 1383 Quibus
1456 1303 1847 1372 ementibus
1873 1302 2263 1403 spopondit,
2302 1300 2566 1371 dicens:
2603 1305 2784 1383 «Ite,

222 1402 301 1457 et
346 1388 462 1457 die
508 1388 627 1456 illo
674 1410 801 1477 ego
850 1390 1069 1467 veni0,
1126 1401 1190 1458 et
1236 1390 1519 1458 ostendo
1568 1391 1783 1470 vobiS,
1840 1391 1908 1457 in
1957 1411 2093 1475 quo
2143 1390 2289 1458 loco
2355 1388 2731 1458 oratorium
2763 1443 2779 1469 ,

222 1476 307 1544 in
344 1497 482 1561 quo
531 1474 960 1545 refectorium
998 1475 1313 1557 fratrum,
1375 1477 1446 1544 in
1495 1499 1632 1563 quo
1682 1478 2186 1565 susceptionem
2247 1477 2624 1567 hospitum,
2679 1476 2783 1545 vel

224 1585 552 1650 quaeque
598 1576 761 1632 sunt
810 1565 1215 1644 necessaria,
1255 1564 1618 1633 aedificare
1675 1562 2066 1634 debeatis»
2116 1564 2246 1645 Qui
2306 1563 2786 1633 benedictione

222 1662 579 1741 percepta,
632 1651 790 1719 ilico
840 1665 1305 1740 perrexerunt,
1338 1663 1402 1721 et
1430 1652 1881 1723 constitutum
1918 1653 2101 1720 diem
2142 1673 2556 1742 magnopere
2586 1674 2784 1741 prae-

222 1738 583 1817 stolanteS‚
641 1751 1054 1827 paraverunt
1100 1739 1333 1808 omnia
1379 1762 1556 1825 quae
1607 1741 1715 1808 his
1746 1740 1863 1826 qui
1904 1761 2064 1808 cum
2104 1750 2285 1807 tanto
2331 1751 2518 1828 patre
2553 1741 2786 1808 venire

222 1826 639 1917 potuissent,
679 1826 1090 1895 videbantur
1120 1848 1269 1896 esse
1320 1827 1728 1896 necessaria.
1768 1833 1971 1897 Nocte
2002 1849 2160 1896 vero
2190 1827 2424 1895 eadem
2454 1849 2592 1913 qua
2626 1849 2786 1915 pro-

226 1915 499 1983 missus
547 1914 987 1982 illucescebat
1033 1915 1203 1994 dies,
1266 1914 1487 1982 eidem
1556 1936 1748 1985 servo
1815 1915 1968 1993 Dei,
2033 1935 2237 1999 quenl
2308 1914 2451 1983 illic
2516 1927 2775 2004 patrem

184 2002 700 2089 constituerat,
756 2013 960 2087 atque
990 2003 1140 2091 eJus
1242 2003 1600 2091 raeposit0‚
1655 2003 1759 2069 vir
1806 2001 2075 2070 Domini
2120 2001 2186 2068 in
2248 2003 2509 2071 somnis
2569 2024 2784 2101 appa-

229 2090 398 2170 ruit,
452 2102 516 2157 et
566 2090 712 2159 loca
761 2089 1079 2178 singula,
1141 2024 1262 2158 ussi
1310 2089 1479 2176 quid
1529 2090 1894 2158 aedificare
1954 2089 2385 2169 debuissent,
2441 2089 2786 2158 subtiliter

226 2177 641 2266 designavit.
683 2181 990 2263 Cumque
1036 2178 1313 2264 utrique
1341 2200 1381 2245 a
1416 2199 1658 2247 somno
1690 2200 1811 2246 sur
1859 2188 2070 2255 erent,
2108 2176 2241 2245 sibi
2270 2176 2562 2244 invicem
2612 2175 2782 2262 quid

230 2265 571 2343 viderant,
613 2264 1018 2333 retulerunt.
1056 2271 1196 2334 Non
1247 2275 1470 2333 tamen
1525 2265 1767 2333 visioni
1803 2265 1820 2332 i
1859 2264 1905 2332 li
1935 2263 2334 2332 omnimodo
2376 2263 2579 2332 fidem
2614 2265 2785 2332 dan-

229 2365 357 2432 teS,
398 2352 623 2421 virum
678 2352 815 2432 Dei,
855 2353 1033 2421 sicut
1082 2375 1153 2422 se
1201 2352 1431 2421 venire
1467 2353 1897 2442 promiserat,
1950 2350 2416 2439 expectabant.
2477 2356 2784 2436 Cumque

230 2440 341 2508 vir
389 2439 504 2509 Dei
552 2440 921 2510 constituto
988 2440 1100 2510 die
1165 2440 1452 2510 minime
1513 2441 1844 2521 venisset,
1908 2439 1992 2508 ad
2051 2458 2211 2508 eum
2259 2460 2421 2508 cum
2472 2460 2783 2508 moerore

233 2529 491 2597 reversi
539 2539 723 2606 sunt,
777 2527 1119 2597 dicentes=
1185 2541 1220 2595 ι(
1260 2529 1783 2618 Expectavimus
1850 2539 2062 2615 pater,
2119 2537 2196 2596 ut
2242 2527 2532 2607 venireS‚
2601 2527 2785 2595 sicut

232 2615 678 2706 promiseras,
734 2627 799 2684 et
847 2616 1045 2685 nobis
1076 2617 1495 2696 ostenderes,
1552 2616 1673 2685 ubi
1721 2616 1888 2702 quid
1940 2614 2306 2683 aedificare
2338 2613 2772 2704 deberemus,

224 2716 293 2773 et
342 2725 477 2772 non
517 2703 832 2771 venisti.»
883 2701 1148 2785 Quibus
1199 2704 1343 2793 ipse
1393 2705 1527 2773 ait:
1583 2709 1857 2786 «Quare
1904 2703 2169 2780 fratres,
2224 2724 2438 2788 quare
2492 2702 2622 2769 ista
2670 2701 2780 2768 di-

226 2792 431 2861 citis?
468 2790 816 2876 Numquid
859 2791 1039 2859 sicut
1070 2792 1378 2880 promisi,
1419 2813 1554 2859 non
1606 2792 1862 2860 venii»
1898 2792 2017 2860 Cui
2067 2811 2227 2859 cum
2279 2790 2410 2879 ipsi
2443 2789 2772 2868 dicerent,

228 2901 263 2946 «
290 2879 579 2960 Quando
617 2877 909 2947 venisti?
932 2902 966 2944 »
1002 2879 1378 2969 respondit,
1419 2903 1454 2944 «
1478 2879 1826 2966 Numquid
1857 2879 2168 2964 utrisque
2201 2878 2391 2947 vobis
2432 2877 2782 2945 dormien-

230 2966 422 3035 tibus
469 2988 605 3034 non
667 2966 985 3055 apparui,
1038 2978 1103 3035 et
1151 2965 1300 3036 loca
1358 2967 1633 3057 singula
1687 2967 2093 3056 designavi?
2142 2970 2260 3046 Ite,
2323 2976 2387 3034 et
2436 2965 2614 3034 sicut
2662 2986 2785 3053 per

229 3053 570 3123 visionem
608 3053 897 3132 vidistis,
953 3074 1156 3121 omne
1205 3054 1678 3123 babitaculum
1731 3054 2126 3124 monasterii
2179 3053 2269 3121 ita
2319 3053 2781 3122 construite.»

124 3209 127 3218 ,
226 3142 360 3223 Qui
415 3142 607 3233 haec,
643 3141 1024 3220 audientes,
1084 3141 1520 3210 vehementer
1564 3143 1910 3222 admirati,
1969 3142 2053 3210 ad
2107 3141 2536 3231 praedictum
2590 3161 2784 3229 prae-

226 3230 424 3296 dium
479 3240 642 3297 sunt
674 3228 950 3309 reversi,
994 3240 1061 3296 et
1107 3242 1358 3298 cuncta
1406 3229 1822 3310 habitacula,
1862 3231 2041 3299 sicut
2092 3250 2172 3297 ex
2221 3229 2629 3297 revelatione
2677 3227 2782 3296 di-

228 3316 565 3406 dicerant.
602 3329 1219 3386 construxerunt...

316 3407 353 3491 ἓ
422 3407 571 3475 ⁷18.
629 3404 755 3473 Sed
787 3404 897 3472 vix
944 3405 1093 3493 ipsa
1128 3404 1523 3474 communis
1554 3404 1707 3492 ejus
1755 3403 2009 3472 locutio
2040 3426 2077 3472 a
2111 3404 2382 3473 virtutis
2429 3414 2575 3471 erat
2605 3423 2780 3492 pon-

222 3492 387 3560 dere
420 3513 666 3560 vacua:
722 3492 885 3578 quia
925 3492 1132 3577 cujus
1179 3513 1298 3561 cor
1329 3514 1475 3561 sese
1506 3491 1573 3561 in
1625 3492 1762 3560 alta
1810 3491 2287 3581 suspenderat,
2335 3511 2776 3576 nequaquam

218 3579 428 3650 verba
476 3581 560 3648 de
607 3602 722 3648 ore
770 3578 961 3649 illius
990 3581 1340 3649 incassum
1372 3579 1732 3650 cadebant.
1772 3579 1835 3646 Si
1872 3578 2038 3664 quid
2079 3600 2236 3647 vero
2284 3601 2596 3664 unquam
2636 3599 2778 3646 non

222 3668 356 3736 'arn
408 3667 865 3746 decernendO,
911 3667 1031 3735 sed
1086 3667 1414 3736 minando
1462 3667 1741 3745 diceret,
1790 3679 2015 3735 tantas
2064 3666 2241 3734 vires
2290 3686 2515 3734 sermo
2578 3665 2776 3735 illius

204 3691 536 3835 liabebat,
573 3777 652 3824 ac
701 3756 758 3824 si
810 3755 939 3824 hoc
987 3777 1123 3823 non
1174 3755 1384 3824 dubie
1415 3767 1617 3840 atque
1666 3775 2023 3842 suspense,
2079 3753 2196 3821 sed
2246 3753 2393 3839 jam
2446 3774 2570 3842 per
2617 3773 2779 3821 sen-

217 3843 499 3913 tentiam
537 3842 956 3933 protulisset.
1011 3848 1177 3912 Nam
1212 3843 1323 3911 lon
1377 3863 1414 3911 e
1444 3842 1531 3911 ab
1560 3843 1712 3932 ejus
1757 3841 2169 3910 monasterio
2209 3839 2389 3908 duae
2428 3840 2780 3926 quaedam

211 3930 775 4000 sanctimoniales
823 3930 1186 4010 foeminae,
1252 3952 1340 3999 no
1392 3930 1573 3998 iliori
1623 3950 1874 4019 genere
1920 3940 2213 4008 exortae,
2281 3928 2351 3995 in
2404 3927 2555 3996 loco
2610 3949 2820 4028 pro->

216 4019 370 4109 prio
409 4018 1018 4098 conversabantur,
1072 4018 1331 4105 quibus
1377 4016 1666 4103 quidam
1719 4017 2082 4106 religiosus
2129 4015 2236 4083 vir
2281 4016 2365 4084 ad
2417 4016 2783 4086 exterioris

212 4107 391 4174 vitae
438 4128 647 4176 usum
703 4106 1071 4195 praebebat
1117 4106 1554 4191 obsequium.
1602 4103 1731 4173 Sed
1780 4103 2367 4174 sicut.nonnullis
2424 4103 2596 4173 solet
2653 4125 2779 4172 no-

211 4192 449 4263 bilitas
496 4194 770 4284 generis
822 4215 1061 4282 parare
1113 4193 1130 4260 i
1189 4192 1610 4262 nobilitatem
1673 4192 1943 4271 mentis,
1985 4203 2060 4261 ut
2110 4191 2346 4261 minus
2397 4213 2471 4261 se
2512 4191 2581 4258 in
2647 4190 2779 4260 hoc

216 4281 483 4351 mundo
530 4281 1061 4371 despiciantqui
1101 4303 1141 4370 p
1176 4303 1258 4348 us
1305 4300 1379 4350 se
1425 4280 1712 4348 caeteris
1742 4279 2004 4366 aliquid
2037 4278 2251 4349 fuisse
2278 4280 2774 4348 meminerunt:

218 4369 519 4439 necdum
593 4369 982 4460 praedictae
1047 4366 1607 4438 sanctimoniales
1677 4366 2016 4437 foeminae
2086 4368 2383 4458 perfecte
2459 4367 2776 4457 linguam
