3327 4999
266 338 374 406 EX
421 339 596 406 OCT.
652 340 721 404 Μ
1003 360 1083 407 nn
1129 361 1186 407 s.
1240 359 1536 410 nummus
1580 358 1804 409 coron.
1857 357 2060 406 muse.
2601 337 2730 407 685

265 437 450 523 quod
499 448 601 510 est
639 438 1026 508 secundum
1077 462 1298 530 genus
1345 439 1824 519 confessionis,
1866 437 2308 508 lamentabile
2363 438 2435 508 in
2487 439 2814 529 peccatis.

267 526 598 607 Tertium,
651 527 834 614 quod
903 530 1342 599 commendat
1406 529 1650 599 beatus
1705 528 2007 599 Jacobus
2072 526 2474 618 Apostolus:
2530 529 2819 598 Confite-

267 614 442 683 mini
481 670 495 696 ‚
563 615 885 702 inquiens
916 672 931 697 ,
987 616 1397 688 alterutrum
1447 629 1731 708 peccata
1777 629 2047 697 vestra,
2102 627 2168 684 et
2213 628 2401 687 orate
2448 638 2573 706 pro
2635 616 2818 685 invi-

264 723 439 784 cem,
475 714 552 773 ut
599 704 985 774 salvemini.
1038 710 1180 775 Hoc
1238 707 1595 776 vobiscum
1640 704 1907 774 domini
1968 716 2035 773 et
2087 703 2330 774 fratres
2395 705 2556 786 mei,
2612 727 2816 796 agere

262 790 439 871 volo,
494 792 623 861 hoc
672 793 872 863 anxie
907 815 1187 880 quaero.
1234 799 1443 886 Spero
1500 807 1730 863 autem
1779 791 1963 880 quod
2014 791 2422 863 advocatum
2476 792 2816 865 habemus

264 880 449 970 apud
487 892 745 981 patrem
795 887 1037 982 3Iesum
1088 883 1433 954 Christum
1454 883 1754 973 justum,
1810 893 1875 951 et
1921 881 2070 971 ipse
2115 893 2218 951 est
2266 880 2661 972 propitiatio
2688 904 2815 972 pro

174 1021 183 1032 .
263 980 563 1057 peccatis
595 980 870 1040 nostris.
904 995 932 1035 ι

352 1058 389 1142 ξ
453 1061 611 1131 34.
667 1058 922 1126 Deinde
970 1069 1335 1149 postquam
1383 1060 1494 1129 his
1533 1081 1607 1129 se
1652 1079 1884 1128 coram
1937 1057 2224 1127 Domino
2274 1069 2490 1128 totum
2541 1057 2810 1141 effudit,

265 1144 576 1234 corporis
635 1157 700 1215 et
756 1147 1121 1237 sanguinis
1187 1148 1525 1218 Dominici
1573 1157 2111 1226 sacramentum,
2164 1145 2438 1217 virtutis
2491 1146 2809 1234 ejusdem

265 1234 677 1303 sacramenti
729 1257 864 1304 non
916 1236 1204 1318 inscius,
1242 1236 1583 1327 expetivit.
1638 1234 1830 1318 Quod
1881 1257 2046 1304 cum
2094 1233 2338 1306 fuisset
2366 1234 2681 1318 allatum,
2711 1235 2813 1304 vir

262 1319 379 1388 ille
414 1321 685 1390 Domini
718 1323 887 1410 quid
936 1325 1168 1394 animo
1217 1325 1528 1404 senserit,
1570 1336 1708 1393 toto
1748 1344 2033 1414 corpore
2060 1335 2450 1422 prostratus
2480 1323 2804 1394 ostendit.

263 1408 580 1479 Refectus
627 1422 855 1480 autem
924 1412 1053 1483 hac
1101 1414 1289 1482 vitali
1355 1412 1708 1494 alimonia,
1764 1433 1885 1502 spe
1942 1409 2254 1493 validior,
2309 1411 2561 1482 lectulo
2609 1412 2811 1482 resti-

261 1507 451 1566 tutus
509 1508 631 1578 est,
697 1499 845 1570 dies
894 1513 1255 1591 postquam
1309 1523 1444 1570 non
1487 1502 1745 1580 minUS,
1805 1521 2015 1587 quam
2064 1500 2397 1586 quinque,
2452 1499 2523 1569 in
2558 1500 2803 1570 eodem

260 1587 570 1676 corporis
603 1587 938 1678 languore
981 1604 1047 1659 et
1094 1590 1382 1680 spiritus
1422 1589 1682 1659 fervore
1715 1588 2118 1678 permansit.
2158 1587 2461 1657 Solemni
2508 1610 2668 1658 vero
2694 1589 2809 1658 die

261 1672 618 1743 beatorum
689 1688 1072 1766 martyrum
1137 1678 1460 1749 Gereonis
1522 1689 1588 1747 et
1644 1677 1994 1746 sociorum
2058 1676 2210 1745 e'us
2256 1677 2406 1767 jam
2456 1688 2805 1767 vergente,

266 1762 495 1862 subito
545 1765 797 1834 mentis
846 1787 1131 1838 excessu
1177 1779 1439 1857 raptuS,
1503 1765 1882 1856 Episcopis,
1920 1765 2088 1833 Duci
2140 1787 2247 1846 uS‚
2288 1764 2691 1846 comitibus,
2745 1777 2812 1834 et

262 1855 533 1919 cunctis
571 1852 694 1937 qui
744 1853 1049 1935 aderant,
1106 1854 1372 1924 luctum
1423 1854 1633 1924 movit
1683 1854 2057 1944 ingentem,
2092 1853 2255 1939 quia
2282 1851 2810 1923 dissolutionem

263 1938 680 2027 optatissimi
728 1943 1036 2032 corporis
1083 1943 1339 2014 instare
1369 1942 1705 2034 putabant
1753 1952 2206 2032 praesentem.
2242 1940 2389 2021 Ille,
2429 1954 2505 2010 ut
2544 1941 2806 2011 solebat

266 2025 629 2114 paululum
668 2029 1175 2111 convalescens,
1204 2030 1581 2100 tumultum
1616 2051 1832 2099 manu
1868 2028 2173 2108 sedabat,
2216 2029 2418 2099 fletus
2447 2039 2512 2097 et
2537 2031 2814 2119 rugitus

244 2115 639 2193 ‚astantium
693 2117 1072 2208 mitigabat,
1139 2121 1432 2208 majores
1479 2130 1544 2187 et
1591 2118 1721 2187 hoc
1777 2118 1990 2187 affatu
2036 2116 2283 2186 ultimo
2329 2116 2682 2208 digniores
2728 2138 2811 2186 ex

266 2203 546 2272 nomine
594 2204 899 2287 vocabat,
954 2206 1235 2288 «Nolite,
1274 2207 1631 2294 inquienS,
1688 2205 1896 2275 nolite
1943 2203 2209 2286 fratres,
2258 2205 2386 2274 hac
2446 2208 2600 2274 mea
2630 2217 2811 2276 sorte

263 2291 544 2360 tristari.
601 2292 883 2363 Divinae
913 2295 1531 2365 animadversionis
1568 2294 1839 2384 judicio
1885 2293 2156 2364 cunctis
2205 2293 2615 2363 mortalibus
2675 2293 2807 2362 im-

262 2381 485 2478 posita
532 2393 633 2450 est
682 2381 809 2452 ista
859 2383 1185 2452 conditio.
1241 2389 1383 2453 Non
1435 2383 1592 2452 licet
1641 2382 1822 2451 nolle
1868 2381 2049 2469 quod
2102 2381 2291 2450 omni
2345 2392 2538 2452 otens
2586 2382 2811 2453 sanxit

261 2468 677 2549 lnevitabile,
718 2470 1032 2542 tristibus
1070 2471 1219 2542 istis
1269 2471 1338 2541 in
1371 2471 1559 2542 brevi
1608 2470 1784 2541 laeta
1834 2468 2238 2540 succedunt.
2271 2474 2300 2539 Ι
2334 2469 2446 2539 luc
2497 2490 2633 2538 non
2684 2470 2807 2540 ab-

261 2560 541 2646 sumpta
591 2558 746 2640 vita,
801 2560 918 2628 sed
970 2563 1233 2629 mutata
1280 2561 1349 2628 in
1401 2559 1677 2640 melius,
1727 2580 1958 2650 pergo,
1997 2559 2119 2627 ubi
2167 2558 2348 2627 viros
2399 2558 2600 2648 longe
2649 2559 2807 2648 plu-

260 2665 369 2713 res
415 2655 480 2714 et
525 2645 850 2716 clariores
880 2702 895 2728 ,
961 2669 1169 2734 quam
1220 2648 1333 2717 bic
1385 2669 1697 2734 unquam
1751 2647 2037 2716 viderim
2065 2701 2081 2727 ,
2120 2645 2253 2715 cito
2301 2645 2618 2715 videbe.»
2669 2651 2802 2716 Nec

262 2732 465 2821 plura
520 2733 629 2803 his
678 2734 973 2818 locutuS,
1029 2736 1278 2807 lectulo
1325 2735 1505 2807 fessa
1554 2757 1711 2805 mox
1759 2735 2070 2805 membra
2118 2755 2190 2802 re
2242 2734 2445 2804 osuit.
2508 2738 2805 2803 Consue-

261 2832 407 2890 tum
458 2822 845 2914 paulopost,
899 2824 1053 2894 luce
1099 2823 1329 2894 adhuc
1384 2825 1674 2914 integra,
1713 2823 2141 2913 vespertinae
2215 2822 2418 2891 audis
2466 2821 2801 2904 officium,

260 2919 455 2978 nocte
500 2911 649 3000 jam
706 2911 1051 3012 profunda
1106 2913 1639 3003 completorium
1705 2912 1853 3001 ipse
1900 2932 2062 2980 cum
2110 2910 2442 2980 fratribus
2474 2931 2806 2980 consum-

261 2997 492 3079 mavit,
534 3004 821 3069 Dommo
856 3005 987 3070 Deo
1035 3023 1163 3071 suo
1211 3013 1749 3087 sanctorumque
1809 2999 1961 3089 ejus
2023 2998 2346 3088 precibus
2402 3020 2553 3068 sese
2601 2998 2807 3086 quasi

260 3107 418 3153 mox
468 3086 725 3155 iturum
777 3088 1104 3159 attentius
1152 3088 1681 3170 commendavit,
1747 3089 1875 3156 iter
1922 3109 2129 3156 suum
2183 3107 2437 3177 magno
2495 3085 2614 3156 illo
2662 3085 2808 3155 via-

261 3171 415 3254 tico,
471 3186 706 3243 sancto
759 3176 1069 3247 videlicet
1115 3189 1181 3246 ct
1227 3177 1433 3247 unico
1472 3174 1966 3266 redemptionis
1998 3187 2267 3245 nostrae
2300 3175 2613 3265 pignore,
2650 3195 2806 3242 mu-

259 3259 451 3340 nivit,
506 3262 901 3353 EpiscopOS,
969 3264 1415 3355 seipsumque
1470 3275 1535 3334 et
1580 3285 1698 3332 eos
1752 3263 1874 3419 <lui
1923 3274 2194 3352 praesto
2240 3275 2457 3344 erant,
2522 3262 2807 3332 benedi-

259 3348 481 3417 ctione
508 3350 961 3440 consignavit.
999 3356 1099 3422 Ita
1125 3353 1553 3422 tremendam
1580 3351 1768 3421 disso
1803 3350 2059 3420 utionis
2093 3372 2258 3420 suae
2291 3351 2531 3420 horam
2566 3350 2802 3419 animo

262 3434 520 3506 intento
566 3437 653 3505 ad
695 3439 1026 3510 creatoris
1074 3441 1184 3510 sui
1231 3439 1604 3530 imperium
1652 3438 2053 3528 expectavit.
2116 3437 2285 3507 Exin
2336 3438 2566 3507 media
2610 3448 2808 3507 nocte

262 3528 626 3607 transacta,
664 3547 1035 3597 conversus
1087 3527 1269 3607 nisu,
1324 3550 1462 3615 quo
1505 3538 1795 3627 poterat,
1830 3525 1915 3593 ad
1974 3525 2390 3616 Episcopum
2441 3525 2808 3595 Theodori-

258 3634 444 3692 cum,
502 3627 815 3713 nepotem
867 3636 1096 3696 suum,
1153 3617 1460 3695 Domine,
1501 3615 1750 3701 1nquit,
1794 3635 1937 3692 ora,
1973 3625 2039 3682 et
2088 3635 2242 3682 mox
2292 3614 2470 3683 inter
2558 3613 2810 3685 sallen-

260 3709 357 3770 tes
408 3705 694 3769 Domino
742 3714 806 3771 et
870 3714 1184 3784 orantes,
1239 3703 1674 3789 nimiumque
1725 3704 2006 3783 ssenteS,
2061 3701 2386 3789 spiritum
2434 3723 2514 3770 ex
2568 3701 2800 3770 alavit.

257 3788 449 3870 Quod
502 3790 571 3858 in
617 3789 734 3858 illo
784 3811 919 3859 non
960 3791 1179 3880 potuit
1226 3791 1425 3871 mori,
1471 3789 1821 3859 redditum
1871 3801 1974 3858 est
2022 3789 2343 3858 Creatori.
2390 3794 2651 3880 Corpus
2677 3812 2805 3859 au-

258 3888 393 3946 tem
421 3877 572 3966 ejus
619 3878 957 3959 exanime,
998 3877 1227 3948 sicuti
1282 3901 1355 3948 se
1400 3878 1598 3948 vivus
1647 3890 2110 3968 praeceperat,
2159 3876 2400 3947 eodem
2431 3876 2567 3959 die,
2608 3876 2678 3945 id
2709 3888 2811 3948 est

254 3964 497 4051 quinto
546 3966 712 4036 Idus
760 3966 1094 4047 Octobris,
1149 3901 1475 4038 indefessi
1537 3967 1689 4056 ejus
1746 3965 2033 4036 comites
2082 3964 2383 4034 levatum
2433 3966 2505 4034 in
2556 3964 2808 4035 feretro

257 4053 779 4134 transferentes,
834 4065 1069 4125 octavo
1119 4066 1352 4145 postea
1397 4054 1510 4123 die
1555 4054 1640 4122 ad
1695 4066 2065 4144 augustam
2116 4052 2304 4123 sedis
2357 4053 2509 4123 e‘us
2560 4065 2809 4122 metro-

260 4141 473 4230 polim
534 4142 883 4212 Coloniam
949 4155 1428 4244 pervenerunt.
1484 4147 1793 4224 Quorum
1861 4140 2091 4210 adhuc
2155 4076 2478 4211 nonnulli
2531 4140 2807 4231 jureju-

257 4228 476 4299 rando
522 4242 588 4300 et
637 4230 893 4300 mirum
954 4253 1023 4299 ιη
1090 4231 1377 4301 modum
1439 4230 1851 4300 affirmando
1901 4240 2263 4310 testantur,
2303 4228 2376 4298 in
2429 4228 2548 4298 illo
2600 4228 2807 4318 longo

256 4316 501 4387 itinere
550 4318 815 4388 nullam
869 4341 1041 4409 pene
1089 4319 1573 4389 lassitudinem
1634 4330 1755 4387 aut
1802 4316 2060 4388 laboris
2109 4317 2493 4387 molestiam
2546 4338 2619 4385 se
2676 4317 2807 4386 sub

260 4416 445 4475 tanto
505 4429 711 4479 onere
773 4406 1164 4498 pertulisse.
1230 4407 1423 4479 Unde
1469 4419 1703 4479 autem
1751 4406 1993 4487 ibant,
2063 4427 2505 4493 quocumque
2554 4403 2801 4487 ibant,
