3327 4999
629 323 760 389 288
1289 340 1371 386 ως
1418 340 1473 387 s.
1528 335 1886 388 menenoao
1946 338 2343 388 Parauaea».
2700 321 2944 390 MART.
3000 321 3085 390 13

538 420 855 490 animum
887 417 1204 489 excolens
1250 429 1316 488 et
1345 440 1507 487 cum
1542 423 1676 489 Deo
1706 441 2013 502 versanS,
2049 421 2220 490 bene
2247 420 2576 507 beateque
2612 420 2817 491 vitam
2852 420 3089 492 tradu-

538 509 657 579 xit.
710 513 906 578 Nunc
956 519 1184 577 autem
1236 517 1510 598 tempus
1555 518 1679 589 est,
1731 521 1807 578 ut
1837 531 2001 577 cum
2030 509 2459 598 providentia
2489 508 2625 591 Dei,
2677 508 2800 596 qui
2843 510 3086 582 mortis

537 598 864 667 umbram
915 596 984 665 in
1037 594 1457 665 matutinum
1523 595 1962 686 splendorem
2010 610 2075 667 et
2135 596 2448 668 tenebras
2523 598 2593 667 in
2643 597 2868 668 lucem
2916 621 3088 669 con-

537 685 758 767 vertit,
813 706 1193 755 moerorem
1229 695 1434 771 atque
1482 685 1828 755 tristitiam
1881 686 1948 754 in
2003 686 2336 776 gaudium
2387 685 2854 774 laetitiamque
2899 709 3091 758 com-

539 773 852 855 mutavit,
892 774 962 842 in
1013 772 1279 859 reliqua
1303 772 1633 844 orationis
1668 787 1856 865 parte
1897 773 2190 845 breviter
2233 775 2810 856 demonstr-emm,
2893 798 3088 846 uem-

538 862 917 933 admodum
984 884 1260 932 sacrum
1313 861 1501 931 illius
1573 884 1854 953 corpus,
1889 863 1959 932 in
2009 863 2268 953 regiam
2358 864 2606 934 urbem
2674 876 2862 934 trans
2892 877 3086 935 atum

537 953 650 1021 sit.
703 957 844 1021 Hoc
892 951 1075 1020 enim
1120 949 1319 1021 nobis
1357 950 1791 1040 potissimum
1825 973 2427 1042 proposueramuS,
2465 951 2623 1022 licet
2670 952 2742 1022 in
2774 952 2932 1024 aliis
2979 975 3088 1023 re-

538 1041 671 1111 bus
720 1038 1159 1109 recensendis
1193 1039 1414 1109 simus
1465 1039 1835 1110 immorati.

624 1132 661 1216 §
726 1133 808 1201 S.
861 1134 1307 1214 Posteaquam
1355 1128 1565 1209 enim,
1618 1128 1941 1199 defuncto
1974 1128 2370 1218 Theophilo,
2404 1130 2779 1219 Imperium
2812 1130 2896 1201 ad
2930 1130 3086 1221 ejus

537 1240 823 1288 uxorem
871 1217 1291 1286 Theodoram
1331 1216 1652 1287 etlilium
1700 1239 1937 1287 eorum
1988 1216 2385 1287 Michaelem
2427 1219 2802 1289 admodum
2847 1219 3084 1290 adole-

538 1320 836 1377 scentem
881 1306 1183 1375 delatum
1232 1317 1356 1387 est,
1408 1305 1479 1374 in
1540 1306 1810 1397 pietatis
1844 1306 2154 1375 studium
2205 1328 2586 1393 curamque
2633 1308 2931 1378 maxime
2981 1307 3087 1377 in-

536 1396 779 1467 cubuit
825 1394 1123 1464 foemina
1173 1416 1325 1464 vere
1382 1394 1499 1463 Dei
1548 1417 1833 1464 munere
1876 1394 2004 1485 (ut
2041 1417 2290 1464 nomeu
2339 1397 2487 1483 eJus
2534 1396 2847 1497 indicat)
2890 1397 3078 1479 data,

534 1506 615 1554 ex
660 1484 990 1554 omnibus
1041 1483 1408 1573 praeclaris
1456 1495 1521 1553 et
1570 1483 1842 1573 magnis
1907 1484 2368 1565 facinoribus,
2433 1484 2691 1571 quibus
2732 1486 3083 1577 principes

530 1572 814 1674 *probari
875 1572 1132 1651 solent,
1205 1571 1480 1641 nullum
1529 1571 1989 1661 praestantius
2036 1573 2437 1643 existimans
2483 1595 2621 1660 quo
2672 1574 2885 1644 tutius
2944 1573 3082 1646 sibi
3167 1629 3172 1634 .

533 1662 904 1751 imperium
954 1661 1413 1743 confirmaret,
1465 1673 1585 1730 aut
1639 1660 1906 1730 virilem
1954 1661 2025 1729 in
2072 1660 2412 1731 foeminea
2473 1684 2767 1751 persona
2803 1662 3083 1734 fortitu-

536 1750 767 1819 dinem
817 1764 1176 1830 exerceret,
1228 1771 1434 1837 quam
1487 1749 1548 1819 si
1595 1749 1865 1840 pietatis
1919 1762 1985 1819 et
2023 1749 2378 1840 religionis
2432 1749 2629 1820 cultu
2668 1756 2878 1821 Deum
2945 1750 3084 1821 sibi

535 1839 914 1930 propitium
964 1838 1295 1908 redderet.
1335 1838 1410 1907 Id
1459 1851 1689 1907 autem
1725 1837 1917 1907 nullo
1951 1851 2150 1929 pacto
2181 1838 2452 1908 facilius
2482 1851 2601 1908 aut
2640 1840 3083 1912 commodius

537 1950 737 2017 posse
769 1928 1113 2018 contigere
1156 1949 1366 2014 quam
1417 1927 1476 1996 si
1519 1926 2100 2016 perturbationem
2137 1927 2206 1996 in
2255 1926 2554 1997 Ecclesia
2577 1928 2856 2018 jamdiu
2892 1929 3082 1999 exci-

537 2027 745 2087 tatam
795 2017 1084 2097 sedaret,
1120 2028 1185 2085 et
1226 2028 1484 2105 partem
1534 2017 1606 2086 in
1668 2015 1786 2085 illo
1837 2018 2073 2085 morbo
2121 2016 2547 2087 laborantem
2593 2017 2948 2087 reduceret
2992 2017 3082 2088 ad

535 2106 923 2175 sanitatem:
978 2116 1054 2174 ut
1099 2104 1219 2191 qui
1267 2105 1561 2175 inter.se
1601 2104 1855 2174 animis
1901 2116 2127 2175 essent
2173 2104 2565 2187 abalienati,
2626 2106 3083 2176 conciliaren-

535 2205 671 2275 tur,
725 2206 929 2280 atque
976 2193 1158 2263 idem
1191 2194 1475 2263 omnino
1536 2194 1889 2263 sentirent.
1956 2194 2066 2264 Sic
2127 2194 2314 2263 enim
2372 2193 2547 2275 fore,
2602 2207 2677 2264 ut
2726 2216 2887 2264 cum
2938 2218 3082 2265 una

534 2295 713 2352 esset
757 2282 1068 2351 omnium
1120 2283 1476 2364 sententia,
1528 2295 1734 2370 atque
1780 2282 1965 2352 idem
2013 2304 2284 2363 sensu5‚
2339 2304 2494 2352 vera
2542 2281 2948 2370 sinceraque
2998 2283 3081 2354 fi-

536 2371 680 2451 deS,
734 2370 1210 2462 Apostolorum
1251 2382 1662 2461 patrumque
1711 2371 2064 2451 institutiS,
2126 2384 2478 2457 tamquam
2528 2371 2771 2443 solidis
2821 2372 3081 2442 funda-

536 2460 788 2532 mentis
836 2460 1223 2541 inhaerenS,
1277 2459 1479 2530 firma
1523 2473 1729 2547 atque
1776 2458 2155 2530 immobilis
2202 2472 2762 2531 conservaretur:
2827 2474 2893 2532 et
2939 2460 3078 2533 sibi

534 2550 860 2640 deinceps
881 2549 1162 2650 Imperii
1191 2549 1597 2639 gubernatio
1630 2549 1852 2619 facilis
1890 2571 1969 2634 ac
2004 2547 2376 2619 tolerabilis
2409 2563 2862 2640 permaneret.
2895 2556 3081 2622 Haec

534 2639 748 2728 igitur
792 2659 954 2707 cum
1002 2636 1121 2706 llla
1167 2659 1320 2708 vere
1366 2637 1599 2706 animo
1645 2637 2007 2719 excellens,
2060 2660 2140 2707 ac
2182 2649 2408 2707 mente
2442 2639 2634 2708 tortis
2684 2639 2942 2739 Regina
2968 2639 3082 2709 in-

532 2728 735 2820 genio
782 2748 907 2796 suo
954 2726 1397 2812 excogitasset
1424 2737 1490 2795 et
1519 2726 1888 2817 prudentia
1932 2726 2454 2809 considerasset,
2491 2749 2562 2796 re
2593 2750 2753 2797 cum
2789 2728 2928 2797 illis
2956 2729 3083 2815 qui

531 2829 726 2886 erant
773 2816 843 2884 in
895 2814 1395 2905 magistratuet
1432 2814 1766 2904 dignitate
1804 2816 2179 2894 constituti,
2219 2815 2752 2898 communicata,
2791 2818 3080 2888 accersit

530 2926 691 2976 cum
728 2904 900 2993 ipsis
932 2924 1048 2972 eos
1094 2902 1214 2989 qui
1263 2903 1440 2973 inter
1493 2903 1869 2974 monachos
1930 2904 2388 2994 praestabant,
2440 2918 2506 2975 et
2551 2904 2637 2975 de
2682 2906 3070 2997 imaginum

532 2991 1030 3063 instauratione
1077 2992 1547 3078 quaestionem
1623 2991 1967 3083 proponit.
2033 2998 2339 3079 Cumque
2398 2993 2581 3063 idem
2631 3015 2873 3066 omnes
2920 3016 3078 3066 sen-

536 3081 781 3152 tientes
826 3081 1294 3170 comperisset,
1346 3080 1816 3168 diuturnoque
1862 3081 2014 3171 ejus
2061 3083 2157 3151 rei
2188 3082 2530 3152 desiderio
2577 3083 2816 3164 teneri,
2873 3096 3081 3170 atque

530 3169 765 3240 animo
803 3168 1182 3239 excruciari
1233 3182 1507 3260 propter
1554 3169 1908 3260 religionis
1954 3170 2028 3239 in
2070 3192 2150 3240 ea
2195 3193 2268 3240 re
2313 3171 2784 3252 mutationem,
2889 3184 3084 3244 ostu-

531 3256 718 3340 lavit,
768 3270 848 3329 ut
893 3279 965 3326 se
1020 3271 1295 3348 patrum
1341 3256 1545 3328 etiam
1594 3259 2120 3330 auctoritatibus
2168 3260 2252 3329 ad
2306 3261 2656 3330 veritatem
2702 3283 2829 3330 con
2863 3283 3081 3330 irma-

531 3359 706 3428 rent,
750 3368 922 3433 quas
970 3347 1177 3417 variis
1234 3347 1303 3415 in
1345 3346 1542 3417 libris
1582 3348 2036 3418 invenissent:
2078 3348 2562 3437 mandavitque
2609 3371 2745 3437 quo
2792 3349 2866 3418 in
2930 3348 3082 3420 loco

532 3436 771 3529 palatii
818 3435 1178 3526 praefinito
1219 3448 1452 3505 coetus
1497 3435 2007 3508 ecclesiasticus
2054 3437 2421 3508 universus
2474 3449 2833 3528 cogeretur
2877 3450 2944 3508 et
2989 3437 3081 3508 ad

533 3524 872 3617 populum
919 3546 999 3609 ea
1029 3524 1113 3594 de
1148 3545 1218 3593 re
1263 3546 1475 3611 quam
1524 3525 1958 3616 apertissime
2005 3526 2209 3595 verba
2267 3525 2537 3596 faceret.
2587 3532 2798 3597 Tanta
2845 3538 3080 3597 autem

533 3612 903 3685 multitudo
935 3612 1289 3694 confluxit,
1325 3626 1404 3684 ut
1437 3636 1725 3684 numero
1784 3614 2278 3704 comprehendi
2318 3636 2453 3685 non
2513 3630 2763 3705 posset.
2828 3621 3084 3685 Conve-

531 3715 785 3772 nerunt
829 3702 1012 3771 enim
1065 3723 1201 3772 non
1236 3701 1459 3773 solum
1517 3701 1617 3771 illi
1665 3703 1786 3791 qui
1836 3716 2134 3772 mentem
2194 3725 2435 3773 sanam
2492 3704 2863 3794 impietatis
2905 3716 3081 3774 tem-

532 3792 820 3881 poribus
849 3801 1356 3872 conservatam,
1395 3812 1632 3861 verum
1662 3792 1866 3862 etiam
1908 3792 2301 3882 complures
2329 3815 2412 3862 ex
2459 3792 2545 3862 iis
2627 3794 2699 3862 ui
2737 3815 2898 3864 cum
2935 3794 3084 3884 pie-

533 3880 691 3951 tatis
719 3879 1034 3950 hostibus
1079 3891 1590 3961 consenserant,
1625 3881 1883 3968 quique
1929 3881 2329 3953 sacerdotiis
2366 3894 2431 3951 et
2469 3887 2596 3952 Ecc
2627 3882 2790 3954 esiis
2835 3904 3082 3972 regen-

532 3967 643 4038 dis
679 3970 768 4039 ab
803 3969 971 4058 ipsis
1017 3968 1213 4039 electi
1265 3968 1588 4040 fuerant:
1650 3991 1688 4039 e
1734 3969 2154 4060 vestigioque
2213 3973 2475 4040 mutata
2535 3972 2910 4052 sententia,
2962 3992 3082 4043 eos

531 4057 655 4145 qui
703 4069 974 4128 sanctas
1022 4057 1363 4159 imagines
1408 4080 1497 4149 op
1551 4072 1917 4159 ugnarant,
1954 4059 2376 4130 anathemati
2408 4059 2876 4149 subjecerunt.
2991 4092 2996 4096 ·

623 4147 680 4234 ξ·
720 4151 813 4215 9.
868 4151 1014 4227 Qua
1073 4147 1355 4234 quidem
1430 4168 1636 4216 ceer1
1686 4161 1751 4217 et
1796 4147 2134 4237 inspirata
2212 4169 2441 4219 rerum
2511 4148 3076 4230 commutatione,

531 4234 841 4304 Joannes
882 4236 1002 4322 qui
1050 4247 1215 4305 tunc
1276 4235 1487 4326 impie
1547 4258 1807 4306 munus
1854 4235 2284 4327 pontificium
2337 4236 2886 4318 administrabat,
2933 4249 3084 4307 stu-

534 4344 701 4414 pore
727 4335 793 4392 et
833 4324 1081 4393 mentis
1111 4323 1410 4415 caligine
1441 4336 1709 4415 captus,
1764 4346 2014 4415 parum
2046 4324 2290 4406 abfuit,
2341 4326 2512 4413 quin
2560 4325 2694 4395 sibi
2739 4326 2888 4417 ipse
2936 4347 3087 4395 ma-

536 4434 672 4483 nus
702 4413 994 4496 afferret,
1035 4427 1464 4502 mortemque
1500 4414 1976 4485 conscisceret.
2016 4414 2138 4486 Hic
2189 4414 2376 4485 enim
2438 4414 2716 4487 sceleris
2777 4425 3088 4506 caputet
