3327 4999
197 372 436 438 MART.
493 374 575 437 ⁴8
862 391 941 437 nn
989 390 1045 437 s.
1097 390 1466 437 ALnxANnao
1512 388 1712 438 Ertsc.
1765 389 2056 437 JERosot..
2515 374 2643 438 343

196 476 590 568 perterritus
638 486 784 555 est,
864 474 981 543 sed
1035 475 1250 544 multo
1303 476 1506 544 etiam
1584 475 1905 566 perfusus
1977 474 2277 566 gaudio,
2334 475 2734 545 hortabatur

199 565 439 645 socios,
493 579 572 635 ut
604 577 994 635 constanter
1052 576 1366 654 agerent:
1432 564 1860 650 festinusque
1924 587 2204 633 sursum
2270 564 2598 645 ascendit,
2658 577 2734 634 ut

195 655 291 722 rei
339 655 594 723 exitum
646 666 1016 743 spectaret:
1071 660 1134 722 et
1201 674 1355 722 ecce
1405 654 1580 722 miro
1637 653 1840 724 modo
1906 665 2184 744 repente
2241 653 2473 723 vident
2532 676 2736 725 omne

199 745 283 813 ab
318 743 435 811 illo
472 743 883 812 monasterio
933 742 1371 833 profligatum
1424 741 1849 811 incendium.

277 833 315 919 ξ
390 837 533 902 12.
587 832 887 901 Nimium
940 830 1183 920 prolixi
1231 831 1515 911 erimus,
1570 831 1628 899 si
1677 830 1911 900 omnia
1980 852 2520 901 commemorare
2568 832 2736 902 veli-

199 941 358 990 mus
404 941 580 1006 quae
614 920 695 988 ad
731 920 880 1008 ejus
919 942 1150 988 sacras
1184 919 1510 1005 reliquias
1531 920 1865 989 divinitus
1899 919 2338 989 declarantur
2372 920 2734 991 miracula.

198 1009 371 1078 Satis
418 1010 645 1095 itaque
694 1009 781 1077 sit
827 1008 1236 1098 compendio
1283 1008 1558 1088 dixisse,
1613 1020 1946 1095 quotquot
1995 1032 2154 1078 cum
2206 1009 2341 1077 fide
2404 1011 2556 1100 ejus
2605 1009 2738 1078 im·

192 1097 464 1187 plorant
496 1096 897 1189 patrocinia,
941 1117 1055 1165 eos
1103 1119 1342 1175 omnes
1377 1098 1488 1166 Dei
1538 1098 1960 1188 benignitate
2010 1097 2167 1166 inde
2215 1097 2598 1168 incolumes
2630 1120 2739 1168 re-

192 1186 363 1255 dire.
403 1186 494 1255 Ad
547 1186 876 1255 lectulum
927 1207 1200 1272 quoque
1246 1187 1436 1275 ejuS,
1494 1187 1561 1255 in
1625 1209 1761 1273 quo
1825 1198 1975 1276 post
2042 1186 2282 1277 longas
2352 1186 2624 1277 vigilias
2672 1199 2740 1257 et

190 1274 490 1366 prolixas
554 1297 786 1365 preces
834 1274 1009 1344 sessa
1062 1276 1370 1344 membra
1432 1274 1750 1345 nonnihil
1801 1276 2097 1345 refovere
2145 1276 2344 1350 solita
2391 1289 2556 1357 erat,
2619 1277 2742 1362 qui

193 1376 427 1454 postea
461 1365 531 1434 in
584 1369 648 1433 S.
704 1363 894 1433 Pauli
928 1363 1285 1433 ecclesiam
1326 1364 1698 1435 translatus
1743 1376 1865 1447 est,
1922 1364 2262 1455 permulta
2311 1365 2508 1455 signa
2550 1364 2736 1434 edita

195 1464 381 1523 sunt.
437 1458 601 1521 Cum
646 1465 873 1522 autem
925 1466 1076 1542 post
1126 1452 1588 1523 Wilfetrudem
1641 1458 1859 1524 Aones
1906 1476 2082 1540 quae
2129 1455 2335 1523 etiam
2396 1453 2617 1522 fuerat
2667 1459 2733 1523 S.

191 1542 549 1611 Get-trudis
599 1542 905 1621 alumna,
946 1542 1338 1611 Abbatissae
1387 1542 1614 1611 locum
1665 1506 2074 1612 dbtinuisset
2121 1554 2184 1611 et
2231 1543 2302 1611 in
2355 1547 2419 1611 S.
2461 1547 2743 1612 Gertru-

190 1631 301 1700 dis
364 1632 693 1699 honorem
743 1630 1081 1720 templum
1129 1631 1642 1711 construxisset,
1696 1632 1981 1722 ejusque
2048 1630 2377 1701 lectulum
2429 1631 2497 1699 in
2564 1631 2740 1701 illud

188 1719 611 1800 intulissent,
659 1719 896 1788 eadem
948 1732 1141 1788 nocte
1188 1743 1347 1789 cum
1400 1720 1618 1791 multa
1665 1721 2094 1790 solemnitate
2159 1721 2430 1811 vigilias
2480 1720 2579 1790 ibi
2629 1744 2741 1790 ce-

188 1808 545 1877 lebrarunt
594 1830 829 1878 sacrae
874 1808 1217 1908 virgines:
1270 1808 1691 1899 expletisque
1743 1810 2096 1879 nocturnis
2149 1810 2502 1899 precibus,
2561 1809 2740 1878 lam-

191 1897 406 1985 pades
436 1920 698 1977 omneS,
753 1896 1050 1988 demptls
1098 1910 1355 1988 septem
1388 1920 1564 1984 quae
1598 1920 1869 1989 semper
1915 1897 2057 1967 illic
2105 1898 2461 1978 ardebant,
2516 1898 2738 1966 extin-

114 2022 117 2025 ·
192 1998 473 2054 xerunt:
525 1999 589 2055 et
618 2008 773 2055 ecce
822 2008 1023 2054 mane
1073 1986 1237 2055 illuc
1287 2008 1616 2068 reversae,
1673 1987 2027 2076 lampades
2055 1987 2386 2056 extinctas
2418 1985 2739 2056 ardentes

190 2074 531 2143 viderunt.
584 2079 769 2158 Quae
818 2098 925 2145 res
976 2097 1130 2143 mox
1163 2075 1364 2166 longe
1412 2074 1682 2162 lateque
1730 2075 2080 2166 divulgata
2127 2088 2250 2144 est.
2306 2081 2527 2166 Begga
2561 2098 2739 2162 quo-

189 2185 327 2250 que
362 2164 764 2232 venerabilis
829 2175 1161 2245 matrona,
1218 2169 1283 2233 S.
1338 2164 1690 2234 Gertrudis
1738 2186 2067 2255 germana
2116 2186 2329 2246 soror,
2387 2175 2735 2234 monaste-

184 2252 374 2321 rium
423 2253 833 2333 construxit,
888 2253 1215 2342 petiitque
1277 2254 1363 2322 ab
1413 2259 1685 2343 Agnete‚
1752 2276 1959 2339 quam
1990 2253 2316 2334 diximus,
2373 2252 2731 2322 Abbatissa

184 2354 251 2410 et
299 2340 449 2430 ejus
498 2342 847 2411 sororibus
896 2363 1125 2412 sacras
1172 2342 1473 2432 virgines
1519 2354 1583 2413 et
1618 2342 1967 2428 reliquiaS,
2023 2354 2099 2410 ut
2129 2354 2447 2432 coeptum
2504 2353 2732 2432 posset

181 2452 363 2521 opus
410 2430 780 2499 absolvere.
845 2435 1181 2518 Dataeque
1230 2443 1393 2501 sunt
1450 2431 1512 2501 ei
1562 2453 1795 2501 sacrae
1862 2430 2189 2518 reliquiae
2238 2444 2302 2499 et
2351 2429 2510 2499 libri
2565 2453 2728 2499 san-

182 2531 451 2590 ctarum
500 2520 999 2621 scripturarum
1049 2533 1112 2589 et
1140 2521 1451 2608 ejusdem
1502 2521 1781 2592 habitus
1820 2521 2081 2607 aliquot
2125 2520 2488 2611 ⁸religiosae
2537 2542 2733 2589 soro-

184 2631 300 2678 res
343 2630 518 2695 quae
565 2609 707 2677 illic
759 2609 1173 2679 monasticae
1223 2610 1572 2699 religionis
1676 2611 1849 2679 rima
1885 2611 2197 2699 jacerent
2227 2608 2733 2678 fundamenta:

188 2697 425 2767 addita
462 2709 562 2766 est
608 2697 811 2767 etiam
863 2720 1021 2788 pars
1053 2698 1389 2785 quaedam
1439 2699 1618 2768 lectu
1657 2700 1677 2767 i
1722 2700 1909 2788 ejus,
1958 2699 2026 2766 in
2075 2720 2211 2785 quo
2257 2703 2318 2767 S.
2378 2697 2738 2766 Gertrudis

182 2808 382 2856 soror
426 2787 600 2874 ejuS,
655 2809 1058 2874 supremum
1111 2788 1371 2856 Christo
1407 2787 1796 2857 reddiderat
1861 2788 2206 2877 spiritum:
2262 2809 2464 2873 quem
2520 2786 2737 2855 lectu-

180 2875 331 2944 lum
383 2875 699 2965 piissima
733 2880 951 2966 Begga
996 2877 1259 2944 curavit
1306 2876 1543 2965 reponi
1579 2876 1777 2961 juxta
1826 2876 2037 2944 altare
2087 2881 2151 2944 S.
2189 2874 2563 2945 Genovefae
2599 2876 2734 2943 vir-

177 2965 409 3056 ginis:
491 2963 572 3032 ad
624 2986 829 3050 quem
900 2977 1078 3034 certe
1125 2965 1493 3035 innumera
1568 2965 1748 3035 facta
1821 2977 1983 3034 sunt
2033 2964 2388 3044 miracula,
2473 2964 2737 3033 Christo

233 3051 614 3121 lorificante
662 3075 988 3140 sponsam
1023 3075 1244 3135 suam,
1297 3054 1410 3122 cui
1459 3067 1559 3124 est
1596 3077 1758 3125 cum
1801 3059 1993 3123 Patre
2061 3068 2125 3123 et
2182 3054 2440 3144 Spiritu
2490 3059 2739 3123 Sancto

178 3078 409 3212 {onor
438 3154 505 3210 et
551 3141 770 3232 gloria
816 3142 886 3210 in
929 3143 1163 3212 secula
1209 3143 1625 3212 seculorum.
1901 3147 1906 3152 '

990 3350 1119 3451 DE
1183 3351 1264 3450 S.
1322 3350 1947 3452 ALEXANDRO

726 3555 979 3620 EPISC.
1031 3555 1617 3621 JEROSOLYMIT.
1672 3557 1772 3620 ET
1821 3556 2205 3622 MARTYRE

621 3733 701 3779 Ex
751 3731 1143 3781 ECCLESIAST.
1196 3735 1361 3781 111sr.
1434 3734 1683 3780 Eusassu
1741 3735 1861 3780 Lm.
1926 3718 1989 3794 6,
2051 3734 2190 3781 CAr.
2248 3718 2312 3782 9.

670 3840 1056 3887 misarum
1101 3838 1345 3908 ,ιοᾼΝΝΕ
1394 3839 1990 3889 camsrornoasono
2036 3839 2264 3889 ANGLo.

185 3961 364 4024 Bina.
393 3964 823 4022 confessione
854 3964 1198 4033 gloriosus
1220 3994 1296 4005 —-
1317 3966 1457 4023 Sub
1487 3967 1730 4023 Severo
1761 3966 1943 4022 eirca
1964 3969 2091 4021 205
2121 3968 2190 4021 et
2217 3964 2348 4021 sub
2377 3964 2582 4021 Decio
2610 3966 2746 4020 251.

283 4097 321 4181 ξ
383 4100 460 4166 1.
517 4097 683 4162 Cum
750 4094 1109 4166 Narcissus
1170 4094 1204 4131 '⁴‘
1252 4117 1387 4164 non
1449 4095 1755 4186 amplius
1831 4105 2108 4185 propter
2163 4095 2751 4196 ingravescentem

197 4194 478 4251 aetatem
534 4183 916 4253 ministerio
963 4205 1278 4275 praeesse
1327 4197 1576 4275 posset,
1650 4184 2024 4254 Alexander
2073 4184 2358 4255 alterius
2415 4184 2753 4255 ecclesiae

196 4271 438 4359 Episco
492 4294 598 4350 us,
652 4272 889 4341 divina
934 4273 1359 4362 providentia
1407 4296 1528 4364 per
1559 4273 2066 4353 revelationem,
2121 4296 2298 4362 quae
2346 4287 2556 4342 noctu
2613 4273 2754 4363 ipsi

200 4380 407 4430 secun
467 4384 585 4430 um
634 4362 934 4449 quietem
994 4361 1464 4453 apparuisset,
1519 4375 1598 4432 ut
1642 4385 1803 4433 cum
1870 4363 2184 4434 Narcisso
2246 4363 2317 4432 in
2369 4361 2751 4433 ministerio

252 4482 279 4508 *¹
307 4481 374 4523 De
393 4483 438 4524 S.
455 4484 678 4526 Narcisso
697 4484 804 4525 vide
825 4484 883 4525 ad
902 4483 1026 4525 diem
1046 4493 1170 4526 xxxx
1191 4484 1284 4525 oet.
