3327 4999
178 320 430 385 MART.
484 321 569 385 20
790 339 870 385 ns
918 340 972 385 s.
1030 336 1394 391 cumanam
1442 336 1643 387 muse.
1700 339 2099 388 Llnnisrann.
2523 323 2652 388 389

188 432 592 511 tempestate
638 421 1057 511 praevalida,
1111 435 1356 510 quarto
1395 422 1682 493 demum
1731 424 1843 492 die
1892 422 2357 508 tranquillitas
2398 425 2743 512 promissa

177 524 416 581 secuta
463 521 603 590 est,
647 532 824 596 quae
872 509 1029 579 illos
1078 511 1406 581 secundis
1455 512 1739 581 flatibus
1787 512 1858 579 in
1911 512 2201 599 patriam
2255 511 2555 580 referret.

272 602 310 682 ,Q
367 603 510 671 15.
567 598 878 679 Quadam
929 620 1205 685 quoque
1253 600 1387 679 die,
1439 621 1601 668 cum
1657 599 2180 689 praedicaturus
2218 599 2417 688 juxta
2455 621 2742 669 consue-

182 686 498 756 tudinem
542 709 742 757 suam
851 686 1081 775 opulis
1129 687 1213 755 de
1274 688 1690 758 monasterio
1738 689 1970 765 exiret,
2008 710 2148 756 uno
2194 687 2444 757 comite
2495 710 2732 787 puer0‚

173 774 465 862 jamque
490 773 614 843 diu
711 796 781 843 ra
838 774 1039 844 iendo
1080 774 1381 864 fatigatis
1422 798 1560 845 non
1589 798 1839 865 parum
1873 775 2103 844 adhuc
2132 787 2416 844 restaret
2448 775 2736 857 itineriS,

180 883 549 949 quousque
596 886 636 931 a
734 863 989 944 vicum,
1028 885 1164 949 quo
1199 864 1592 944 tendebant,
1634 864 2089 954 pervenirent,
2144 865 2238 933 ait
2272 863 2358 932 ad
2409 884 2734 953 puerum,

178 963 452 1021 tentans
498 973 698 1019 eum:
751 974 787 1017 «
830 952 943 1019 Dic
1004 974 1130 1042 age
1193 952 1482 1034 sodaliS‚
1556 953 1680 1022 ubi
1729 952 1932 1021 hodie
1981 952 2174 1020 retici
2224 952 2590 1041 disponas:
2647 974 2737 1020 an

179 1040 439 1109 habeas
488 1038 789 1126 aliquem
822 1038 894 1106 in
928 1039 1058 1119 via,
1104 1039 1188 1108 ad
1239 1062 1445 1127 quem
1497 1040 1832 1109 divertere
1880 1039 2130 1119 valeaS‚
2187 1039 2615 1138 hospitem.»
2659 1043 2738 1109 At

178 1128 297 1198 ille
344 1127 770 1217 respondens
802 1127 932 1196 ait:
988 1133 1122 1196 «Et
1171 1128 1337 1196 haec
1386 1128 1540 1218 ipsa
1574 1151 1872 1208 mecum,
1910 1128 2158 1214 inquit,
2202 1139 2401 1196 tacito
2429 1127 2498 1194 in
2531 1128 2743 1197 corde

178 1216 504 1286 tractavi:
557 1215 722 1301 quia
787 1236 912 1284 nec
962 1216 1287 1285 viaticum
1339 1217 1504 1285 ituri
1549 1216 1840 1286 tulimus
1887 1216 2280 1296 nobiscum,
2336 1236 2557 1301 neque
2605 1215 2738 1283 ali-

179 1326 389 1392 quem
440 1305 510 1372 in
561 1304 804 1371 itinere
847 1315 1088 1373 notum
1139 1304 1478 1374 habemus
1525 1305 1646 1391 qui
1697 1326 1821 1373 nos
1876 1327 2002 1374 suo
2051 1302 2211 1372 velit
2261 1304 2564 1392 recipere
2614 1304 2740 1372 bo-

182 1392 425 1483 spitio:
479 1404 544 1461 et
591 1414 726 1460 non
779 1414 1029 1482 parum
1094 1393 1324 1462 adhuc
1387 1393 1654 1462 itineris
1703 1403 2041 1481 superest,
2088 1391 2270 1478 quod
2313 1391 2539 1490 jejuni
2591 1392 2742 1460 sine

181 1480 499 1548 molestia
545 1479 890 1570 complere
952 1481 1345 1565 nequimus,
1394 1505 1430 1546 »
1481 1481 1603 1550 Cui
1653 1482 1758 1549 vir
1807 1481 2077 1549 Domini
2134 1480 2398 1566 inquit:
2455 1480 2734 1560 «Disce,

182 1567 419 1645 filiole,
460 1566 665 1636 fidem
703 1589 975 1658 semper
1006 1581 1070 1636 et
1117 1591 1310 1657 spem
1364 1569 1616 1639 habere
1667 1570 1734 1637 in
1772 1568 2096 1637 Domino:
2160 1567 2325 1654 quia
2373 1588 2736 1654 nunquam

181 1656 366 1724 fame
416 1656 588 1745 perit
635 1656 754 1741 qui
817 1661 949 1725 Deo
1007 1655 1302 1726 fideliter
1348 1658 1578 1727 servit.
1627 1680 1662 1723 »
1714 1664 1793 1730 Et
1839 1678 2120 1726 sursum
2171 1668 2575 1746 aspectans,
2635 1656 2736 1721 vi-

181 1744 495 1829 densque
553 1743 858 1830 aquilam
918 1744 988 1812 in
1040 1744 1176 1814 alto
1225 1744 1601 1815 volantem:
1650 1746 1968 1824 «CerniS,
2011 1744 2257 1830 inquit,
2293 1742 2602 1829 aquilam
2655 1742 2739 1810 il·-

186 1832 326 1902 lam
369 1854 570 1932 porro
602 1832 993 1901 volantem?
1040 1834 1255 1903 Etiam
1315 1856 1435 1923 per
1480 1833 1695 1923 hujus
1745 1833 2210 1902 ministerium
2263 1830 2592 1922 possibile
2641 1842 2744 1899 est

190 1926 506 1999 Donum,
574 1943 699 1990 nos
760 1920 963 1988 hodic
1012 1922 1378 1991 reficere.»
1428 1922 1613 1990 Talia
1662 1920 2211 1998 confabulanteS‚
2268 1919 2564 2008 agebant
2613 1919 2746 1987 iter

181 2010 385 2100 juxta
433 2009 720 2077 fluvium
778 2009 1175 2095 quemdam,
1230 2023 1295 2078 et
1340 2032 1496 2079 ecce
1546 2009 1776 2080 subito
1826 2009 2056 2077 vident
2111 2007 2417 2094 aquilam
2469 2006 2541 2074 in
2591 2007 2794 2105 ripa⁶

181 2097 624 2177 residentem,
669 2096 976 2182 dixitque
1025 2098 1129 2166 vir
1171 2098 1324 2168 Dei:
1379 2097 1631 2168 «Vides
1671 2098 1792 2165 ubi
1853 2107 2111 2176 nostra,
2161 2117 2370 2182 quam
2430 2094 2746 2184 praedixi

180 2186 504 2255 ministra
554 2184 850 2253 residet?
889 2190 1122 2264 Curre,
1176 2208 1374 2276 rog0,
1429 2198 1494 2254 et
1539 2184 1707 2272 quid
1761 2186 1959 2255 nobis
2006 2183 2397 2274 epularum,
2453 2183 2745 2252 Domino

181 2274 517 2354 mittente,
574 2273 877 2342 attulerit
922 2274 1209 2364 inspice,
1248 2289 1312 2343 et
1342 2274 1548 2344 citius
1596 2274 1844 2342 affer.»
1895 2273 2025 2354 Qui
2066 2293 2460 2347 accurrens,
2514 2270 2748 2340 attulit

183 2361 451 2452 piscem
500 2376 637 2430 non
676 2362 1052 2442 modicum,
1090 2384 1294 2449 quem
1344 2362 1467 2430 illa
1514 2383 1740 2451 nuper
1776 2362 1862 2429 de
1909 2361 2118 2430 fluvio
2151 2358 2630 2450 prehenderat.
2663 2364 2742 2427 At

182 2450 292 2518 vir
339 2450 489 2518 Dei:
546 2473 580 2516 «
606 2449 806 2532 Quid,
841 2450 1087 2537 inquit,
1124 2450 1343 2520 fecisti
1379 2450 1527 2520 fili?
1577 2455 1801 2533 Quare
1834 2448 2190 2519 ministrae
2237 2468 2436 2518 suam
2478 2459 2743 2538 partem

186 2559 326 2607 non
379 2538 678 2607 dedisti?
712 2544 876 2607 Seca
906 2540 1111 2608 citius
1145 2539 1476 2620 medium,
1516 2550 1580 2608 et
1629 2539 1731 2608 illi
1784 2552 2072 2628 partem,
2110 2558 2319 2623 quam
2364 2535 2565 2604 nobis
2613 2535 2745 2603 mi-

187 2626 553 2696 nistrando
604 2640 926 2708 meretur,
963 2627 1315 2696 remitte.»
1350 2628 1551 2707 Fecit,
1596 2639 1674 2697 ut
1699 2626 2024 2714 jusserat,
2062 2627 2479 2714 sumptaque
2505 2646 2744 2694 secum

186 2726 385 2804 parte
435 2714 722 2800 reliqua,
776 2714 899 2784 ubi
936 2727 1208 2804 tempus
1257 2715 1613 2784 reficiendi
1660 2715 1917 2795 aderat,
1973 2714 2397 2782 diverterunt
2442 2711 2529 2781 ad
2582 2733 2743 2801 pro-

184 2802 456 2871 ximum
508 2802 777 2871 vicum:
828 2816 894 2871 et
940 2802 1097 2870 dato
1145 2803 1231 2871 ad
1282 2803 1660 2873 assandum
1696 2804 1907 2893 pisce,
1948 2825 2018 2872 se
2067 2801 2323 2892 pariter
2370 2813 2436 2869 et
2482 2821 2620 2880 eos,
2656 2798 2746 2867 ad

186 2912 367 2975 quos
417 2890 787 2971 intrabant,
843 2890 1235 2991 gratissimo
1300 2890 1593 2959 refecere
1642 2890 1995 2971 convivi0‚
2050 2889 2491 2980 praedicante
2539 2887 2746 2957 Cuth-

185 2979 382 3048 berto
414 2979 698 3046 verbum
752 2984 890 3058 Dei,
929 2990 1133 3065 atque
1163 2979 1314 3067 ejus
1347 2978 1684 3048 beneficia
1712 2978 2176 3057 collaudante,
2211 2990 2275 3047 et
2304 2977 2472 3063 quia
2508 2977 2750 3046 beatus

186 3066 335 3145 vir,
403 3066 606 3154 cujus
653 3079 756 3135 est
804 3088 1054 3135 nomen
1105 3067 1378 3134 Domini
1426 3089 1584 3158 spes
1629 3069 1808 3153 eJ‘us‚
1861 3078 1926 3135 et
1975 3087 2110 3134 non
2163 3088 2270 3134 res
2325 3065 2460 3134 exit
2508 3065 2577 3132 in
2629 3086 2745 3133 va-

186 3154 440 3245 nitates
485 3166 551 3223 et
600 3154 908 3225 insanias
957 3153 1311 3223 falsas,.Ac
1362 3155 1460 3224 sic
1499 3166 1857 3245 resumpto
1905 3154 2172 3233 itinere,
2214 3176 2254 3222 a
2353 3151 2745 3221 docendum

187 3263 332 3321 605,
366 3263 542 3327 quos
590 3263 1034 3331 proposuere,
1082 3241 1369 3331 profecti
1417 3255 1603 3311 sunt.

279 3333 317 3415 ἓ
380 3335 532 3401 16.
592 3335 834 3397 Verum
884 3329 1050 3415 quia
1089 3329 1298 3419 paulo
1348 3331 1691 3419 superius,
1727 3341 2066 3416 quantum
2119 3328 2305 3397 idem
2337 3326 2750 3396 venerabilis

188 3416 603 3487 Cutbbertus
652 3417 1021 3486 adversum
1071 3416 1514 3486 simulatitias
1547 3418 1804 3487 diaboli
1855 3416 2138 3487 fraudes
2186 3415 2499 3496 valuerit,
2544 3435 2753 3503 expo-

186 3506 509 3575 suimus:
565 3527 749 3573 nunc
797 3505 1030 3587 etiam,
1067 3505 1237 3591 quid
1288 3505 1619 3574 adversus
1667 3528 1904 3574 verum
1956 3517 2412 3595 apertumque
2459 3502 2612 3591 ejus
2642 3502 2751 3570 fu-

189 3613 415 3663 rorem
469 3591 723 3671 valeat,
776 3592 1226 3682 explicemus,
1290 3598 1448 3662 Erat
1512 3592 1899 3683 praefectus
1950 3591 2210 3682 ngridi
2259 3590 2576 3659 Hildmer
2625 3611 2749 3657 no-

185 3681 402 3759 mine,
443 3680 546 3748 vir
593 3679 936 3769 religiosis
966 3703 1126 3750 cum
1159 3681 1348 3749 omni
1382 3680 1587 3749 domo
1613 3703 1743 3750 sua
1772 3679 2047 3750 deditus
2076 3678 2427 3770 operibuS,
2462 3678 2754 3764 ideoque

188 3791 232 3838 a
280 3770 478 3838 beato
526 3768 896 3838 Cuthberto
946 3768 1337 3857 specialiter
1368 3767 1687 3849 dilectuS‚
1726 3780 1791 3837 et
1833 3790 1992 3837 cum
2028 3766 2295 3836 itineris
2343 3765 2768 3857 propinqui-·

186 3868 296 3927 tas
345 3869 777 3946 congrueret,
831 3856 1073 3925 crebro
1121 3856 1207 3925 ab
1262 3879 1341 3925 eo
1397 3857 1732 3926 visitatus.
1789 3856 1998 3946 Cujus
2045 3877 2219 3925 uxor
2265 3876 2426 3924 cum
2460 3854 2752 3923 eleemo-

190 3944 390 4035 synis
438 3956 504 4013 et
551 3944 839 4014 caeteris
888 3944 1220 4014 virtutum
1270 3943 1614 4014 fructibus
1647 3956 1825 4012 esset
1851 3945 2135 4022 intenta,
2173 3942 2401 4013 subito
2440 3954 2755 4032 correpta

187 4055 228 4103 a
277 4033 656 4114 daemone,
729 4032 1064 4101 acerrime
1112 4053 1231 4101 coe
1285 4032 1337 4101 it
1398 4031 1667 4099 vexari:
1723 4032 1818 4099 ita
1862 4043 1940 4100 ut
1988 4029 2341 4101 stridendo
2391 4029 2746 4112 dentibUS‚

186 4144 391 4192 voces
441 4120 875 4190 miserabiles
935 4119 1215 4189 emitten
1270 4141 1353 4200 ο,
1415 4118 1703 4187 brachia
1763 4117 1866 4187 vel
1934 4130 2199 4187 caetera
2261 4117 2372 4188 sui
2437 4118 2750 4208 corporis

189 4211 504 4280 membra
554 4208 622 4277 in
661 4209 933 4279 diversa
981 4207 1342 4297 raptando,
1396 4227 1535 4275 non
1588 4206 1961 4275 minimum
2001 4206 2272 4276 cunctis
2320 4207 2754 4277 intuentibus

187 4298 293 4366 vel
344 4297 794 4368 audientibus
844 4297 1182 4365 incuteret
1234 4294 1616 4363 horrorem.
1665 4298 1970 4382 Cumque
2022 4295 2284 4385 jaceret
2329 4287 2632 4386 explosa,
2686 4303 2754 4361 et

178 4385 327 4474 jam
361 4387 652 4476 jamque
709 4384 1057 4454 videretur
1112 4404 1262 4454 esse
1328 4383 1715 4464 moritura,
1778 4383 2091 4453 ascendit
2137 4383 2291 4473 ejus
2341 4404 2624 4471 equum,
2688 4390 2755 4449 et
