3327 4999
712 334 841 401 594
1452 346 1536 397 ns
1584 350 1641 398 s.
1697 345 2015 397 unauuco
2060 344 2361 394 triscoro
2763 327 2869 394 EX
2910 327 3198 395 sulm*

609 431 809 503 navis
857 451 1070 521 super
1096 428 1447 517 quoddam
1501 427 1594 497 im
1652 429 1921 519 ingitur
1956 426 2274 516 lignum:
2325 447 2405 495 ex
2450 445 2591 512 quo
2636 424 3036 525 patentibus
3090 424 3200 494 ri-

613 519 750 587 mis
797 518 1024 609 coepit
1056 516 1390 609 paulatim
1444 516 1589 607 imp
1620 517 1721 586 eri
1768 516 1993 604 aquis,
2047 513 2320 584 Timore
2365 514 2710 605 perterriti
2739 526 3043 593 nautae,
3091 512 3197 583 ad

610 606 779 676 litus
826 605 1257 676 contendunt
1329 607 1643 696 propere.
1721 610 1870 687 Quo
1929 603 2444 695 pervenienteS,
2495 602 2830 675 omnibus
2873 623 3061 688 quae
3110 601 3193 670 in

610 695 771 763 navi
819 706 1038 774 erant,
1093 694 1490 784 exportatiS,
1542 693 1741 763 obliti
1787 706 1954 763 sunt
2011 690 2330 791 Episcopi
2383 691 2455 760 in
2505 689 2732 781 puppi
2778 689 3188 789 residentis.

607 786 799 851 Tunc
846 804 1035 851 unus
1080 804 1161 851 ex
1200 780 1476 851 clericis
1500 781 1783 853 trahens
1829 779 2134 869 suspiria
2163 800 2244 848 ex
2278 779 2525 848 intimo
2555 778 2810 859 cordiS,
2837 790 2959 847 att:
3006 782 3197 848 «Vae

612 869 813 940 nobis
862 869 1138 939 miseris
1169 869 1333 957 quia
1382 867 1452 938 in
1487 882 1675 951 tanto
1707 868 2015 960 periculo
2038 866 2236 937 obliti
2276 890 2526 938 sumus
2564 867 2783 937 nostri
2811 864 3194 937 senioris.»

610 962 689 1027 Et
724 957 895 1027 haec
942 958 1207 1038 dicens,
1246 956 1550 1027 velocius
1595 956 1929 1039 cucurrit,
1981 968 2047 1026 et
2093 954 2409 1027 humeris
2448 955 2854 1054 impositum
2887 954 2975 1023 ad
3013 954 3191 1053 litus

608 1045 951 1136 exposuit.
992 1049 1139 1127 Quo
1187 1067 1487 1136 egresse,
1541 1046 1740 1116 navis
1787 1044 1856 1114 in
1910 1044 2273 1135 posteriori
2370 1057 2516 1113 arte
2549 1056 2889 1133 mergltur
2932 1054 3003 1111 et
3051 1065 3193 1113 mi-

610 1155 768 1203 rum
819 1132 892 1202 in
944 1133 1230 1204 modum
1296 1134 1516 1214 navis,
1566 1155 1758 1221 quae
1806 1131 2009 1223 plena
2059 1132 2327 1202 homini
2381 1153 2467 1202 us
2531 1132 2963 1218 caeterisque
3008 1152 3190 1221 sup-

607 1221 1071 1312 pellectilibus
1119 1243 1333 1311 super
1379 1243 1597 1309 aquas
1637 1233 2011 1303 nataverat,
2041 1220 2189 1289 viro
2223 1220 2339 1290 Dei
2367 1242 2530 1290 cum
2562 1221 2710 1291 suis
2752 1219 3183 1309 egrediente,

608 1331 744 1378 non
797 1311 1022 1401 potuit
1066 1309 1334 1380 diutius
1380 1310 1551 1397 quin
1603 1322 2053 1401 mergeretur,
2098 1308 2516 1379 subsistere:
2556 1320 2633 1378 ut
2680 1306 2843 1376 inde
2890 1307 3188 1396 collige-

609 1410 803 1467 retur
852 1399 1021 1485 quia
1075 1397 1254 1466 hanc
1302 1398 1743 1488 omnipotens
1792 1403 1970 1468 Deus
2038 1419 2169 1468 sua
2217 1419 2434 1466 manu
2483 1408 2844 1477 tenuerat,
2898 1395 3188 1482 quando

610 1486 717 1555 vir
756 1486 874 1554 Dei
905 1508 1065 1555 cum
1116 1485 1264 1555 suis
1314 1486 1385 1554 in
1432 1506 1517 1555 ea
1564 1486 1910 1555 manebat.
1965 1490 2134 1554 Item
2184 1484 2322 1555 alia
2360 1484 2507 1554 vice
2527 1484 2670 1552 0vir
2717 1484 2834 1553 Dei
2884 1488 3184 1554 Romam

611 1595 898 1665 pergere
944 1573 1371 1654 desiderans,
1419 1574 1603 1642 venit
1658 1572 1746 1642 ad
1814 1573 2114 1643 fluvium*
2156 1578 2286 1641 Tar
2323 1573 2356 1608 '⁴‘
2406 1574 2844 1642 nominatum
2882 1596 2898 1639 :
2967 1594 3180 1659 quem

610 1675 748 1732 tam
808 1660 1200 1763 periculosa
1247 1661 1503 1752 reperit
1557 1661 2011 1731 inundatione
2064 1661 2391 1752 effusum,
2445 1672 2523 1729 ut
2589 1681 2716 1729 nec
2762 1682 2967 1746 equo,
3059 1682 3184 1729 nec

608 1749 885 1841 naviglo
933 1749 1189 1836 aliquis
1236 1762 1466 1840 posset
1514 1749 1809 1819 transire
1859 1748 2084 1819 illum.
2140 1748 2268 1818 Sed
2306 1760 2590 1819 sanctus
2640 1747 2946 1838 pontifex
2998 1747 3181 1817 fidu-

613 1838 793 1908 ciam
845 1837 1110 1908 habens
1159 1838 1228 1906 in
1283 1842 1438 1918 Deo,
1477 1837 1842 1907 celebratis
1875 1836 1946 1906 in
1999 1836 2222 1927 ipsius
2261 1836 2578 1905 fluminis
2619 1838 2770 1927 ripa
2811 1837 3184 1907 missarum

612 1925 1016 2026 solemniis,
1080 1924 1512 2015 praedictum
1572 1926 1867 1995 fluvium
1940 1924 2404 1995 transvadavit
2476 1946 2639 1994 cum
2701 1925 3183 1995 incolumitate

612 2035 932 2083 omnium
983 2034 1295 2083 suorum.

697 2110 736 2183 5
790 2107 951 2172 22.
1005 2107 1082 2170 In
1133 2100 1274 2171 illis
1337 2100 1586 2172 diebus
1658 2100 1920 2171 electus
1969 2100 2089 2169 Dei
2161 2100 2466 2191 pontifex
2525 2122 2764 2171 sacrae
2815 2099 3181 2191 religionis

609 2189 842 2259 studio
882 2189 1231 2270 incitatuS,
1281 2189 1501 2259 divini
1547 2188 1806 2260 amoris
1854 2190 2014 2278 igne
2062 2211 2464 2271 succensus,
2516 2190 2744 2279 coepit
2773 2190 2844 2258 in
2879 2186 3180 2259 ecclesia

611 2281 677 2347 S.
734 2276 1063 2366 Stephani
1113 2278 1635 2368 protomartyris
1684 2277 1956 2356 Christi,
2010 2298 2189 2364 quae
2234 2292 2423 2347 extra
2470 2277 2668 2346 urbis
2719 2277 2994 2347 moenia
3047 2278 3180 2346 sita

609 2377 734 2443 est,
789 2364 1147 2454 religiosas
1176 2364 1513 2436 foeminas
1550 2385 1993 2454 congregare:
2030 2378 2375 2452 quatenus
2407 2366 2474 2433 in
2528 2379 2766 2434 sancto
2818 2366 3178 2456 proposito

609 2464 798 2523 tanto
848 2452 1135 2523 liberius
1170 2452 1422 2523 ibidem
1464 2458 1595 2524 Deo
1628 2453 1984 2533 servirent,
2029 2466 2289 2541 quanto
2348 2452 2624 2544 longius
2684 2476 2726 2523 a
2774 2453 3181 2523 mundanae

608 2542 904 2611 actionis
970 2541 1202 2611 labore
1247 2542 1606 2612 distarent.
1658 2541 1754 2612 Ad
1804 2542 1987 2628 quod
2058 2543 2551 2612 monasterium
2606 2542 2776 2611 dum
2824 2543 3177 2628 quaedam

607 2643 924 2699 matrona
972 2630 1059 2699 ad
1120 2630 1639 2700 conversionem
1715 2630 1976 2699 veniret
2038 2642 2104 2699 et
2158 2653 2198 2699 a
2246 2631 2780 2722 congregatione
2855 2643 3185 2721 suscepta

606 2716 871 2797 fuisset,
911 2717 1136 2808 coepit
1193 2719 1262 2787 in
1316 2718 1433 2786 Dei
1480 2717 1757 2788 servitio
1807 2739 2087 2787 manere
2158 2718 2423 2788 devota:
2474 2732 2541 2788 et
2590 2718 2746 2788 licet
2813 2718 3180 2789 literarum

604 2806 896 2875 scientia
931 2806 1165 2875 minus
1193 2807 1552 2886 instructa,
1591 2818 1821 2876 tamen
1854 2806 1941 2875 ad
1989 2806 2331 2876 exteriora
2366 2806 2789 2897 providenda
2820 2807 2990 2877 satis
3033 2819 3188 2877 erat

605 2893 877 2964 idonea.
935 2893 1127 2963 Unde
1175 2915 1444 2965 sorores
1490 2894 1554 2963 ei
1608 2894 1975 2963 voluerunt
2019 2892 2333 2964 officium
2383 2894 2779 2965 cellerariae
2825 2918 3189 2965 commen-

606 2981 795 3062 dare,
845 2981 961 3052 sed
1024 2981 1144 3050 illa
1192 2981 1413 3051 noluit
1458 2982 1870 3052 consentire.
1924 2988 2115 3052 Tunc
2165 3004 2274 3052 res
2333 2983 2420 3052 ad
2470 2984 2889 3073 Episcopum
2944 2983 3182 3052 defer-

606 3082 741 3140 tur.
795 3069 927 3152 Qui
972 3091 1136 3138 cum
1183 3069 1407 3138 eidem
1435 3069 1709 3155 juberet
1739 3070 2040 3149 obedire,
2096 3071 2341 3151 noluit,
2397 3071 2514 3143 sed
2574 3071 2644 3139 in
2705 3071 3188 3141 obstinatione

608 3158 861 3226 mentis
911 3157 1332 3247 perduravit.
1396 3158 1719 3246 Sequenti
1768 3180 1924 3228 vero
1971 3171 2168 3228 nocte
2214 3159 2618 3260 hujusmodi
2686 3159 2908 3231 verbis
2957 3161 3187 3230 corri-

607 3244 797 3334 pitur
843 3245 913 3313 in
949 3247 1240 3315 somnis:
1268 3245 1508 3329 «Quia,
1563 3246 1814 3333 inquit,
1860 3268 1997 3315 non
2033 3247 2329 3318 obedisti
2379 3247 2700 3337 Episcopi
2752 3249 3174 3338 praeceptiS,

606 3333 851 3403 tandiu
896 3333 1305 3403 ambulandi
1355 3356 1488 3404 usu
1548 3335 1858 3416 carebis,
1913 3355 2274 3421 quousque
2332 3335 2420 3404 ab
2471 3335 2588 3404 illo
2627 3336 2893 3405 absolvi
2943 3339 3177 3406 mere-

606 3420 866 3493 beris.»
914 3427 1008 3491 Ex
1059 3423 1439 3512 ergefacta‚
1476 3424 1764 3492 omnino
1825 3424 2206 3513 permansit
2251 3423 2505 3493 debilis
2549 3436 2617 3493 et
2646 3423 2898 3494 clauda
2944 3438 3012 3493 et
3062 3447 3178 3494 re-

602 3522 903 3579 vertente
947 3533 985 3579 a
1082 3510 1422 3580 civitatem
1456 3511 1817 3601 Episcopo,
1871 3524 2028 3581 ante
2059 3511 2214 3599 ejus
2263 3512 2723 3602 praesentiam
2775 3513 2847 3581 in
2908 3512 3175 3582 lectulo

602 3609 706 3668 est
742 3598 1118 3689 deportata.
1173 3604 1219 3667 Α
1265 3607 1402 3686 quo
1449 3597 1535 3668 de
1602 3599 2069 3669 inobedientia
2121 3601 2374 3690 pariter
2419 3613 2736 3690 correpta
2783 3612 2887 3670 est
2934 3613 3002 3670 et
3053 3623 3176 3670 sa-

602 3698 787 3757 nata.
831 3692 997 3777 Ipsa
1045 3699 1301 3767 autem,
1357 3698 1433 3755 ut
1483 3709 1555 3757 se
1603 3688 1819 3757 sensit
1866 3701 2203 3766 sanatam,
2255 3688 2601 3758 currendo
2658 3703 3038 3776 antequam
3078 3689 3176 3758 ad

598 3775 962 3847 ecclesiam
1011 3775 1391 3865 Episcopus
1441 3775 1723 3856 veniret,
1769 3776 2143 3866 praecessit
2173 3798 2361 3858 eum,
2418 3776 2713 3846 laudans
2760 3789 2826 3846 et
2875 3777 3184 3847 benedi-

600 3885 766 3933 cens
818 3869 1056 3932 Deum.

692 3954 729 4038 ξ
792 3957 952 4023 28.
1007 3950 1320 4033 Quodam
1400 3962 1705 4040 tempore
1751 3951 1920 4021 dum
1989 3951 2488 4042 omnipotentis
2548 3952 2662 4021 ltei
2721 3951 3031 4022 famulus
3091 3954 3189 4023 ad

599 4039 947 4127 synodum
1015 4040 1515 4129 Episcoporum
1570 4061 1749 4128 quae
1797 4040 1868 4108 in
1922 4040 2085 4109 villa
2134 4040 2362 4130 regia,
2430 4039 2902 4130 lagelenheim
2955 4041 3176 4124 dicta,

599 4140 745 4198 erat
792 4127 1301 4217 congreganda,
1357 4140 1692 4228 pergeret,
1723 4128 2096 4214 quemdam
2148 4150 2521 4219 pauperem
2577 4128 2861 4198 nomine
2892 4129 3189 4200 Rotber-

603 4227 774 4296 tum,
828 4217 1106 4285 obvium
1160 4215 1403 4285 habuit
1467 4216 1589 4302 qui
1637 4216 1897 4286 ventris
1956 4217 2064 4288 sui
2119 4216 2448 4287 interiora
2501 4215 2668 4287 foris
2721 4216 3054 4307 prolapsa
3105 4218 3182 4289 in

606 4305 769 4375 sinu
801 4304 1110 4394 gestavit.
1152 4309 1367 4387 Quem
1397 4317 1473 4374 ut
1496 4305 1876 4396 conspexit,
1912 4305 2391 4375 misericordia
2421 4319 2673 4388 motuS,
2713 4305 2777 4374 ei
2810 4304 3190 4377 denarium

660 4430 685 4454 ⁴·
713 4430 879 4472 Italica
899 4433 1017 4472 Tar-o
1036 4430 1119 4481 qui
1138 4431 1444 4472 Parmensem
1461 4430 1760 4480 provinciam
1777 4430 2027 4472 interfluit.
