3327 4999
215 360 465 427 MART.
519 364 603 428 48
897 383 975 430 ns
1021 382 1078 428 s.
1130 381 1423 429 numano
1470 381 1631 429 neos
1677 381 1754 428 m·
1800 380 2089 428 mni-ran
2542 360 2673 424 349

215 463 465 555 primis
528 464 667 534 fere
727 465 928 535 annis
977 466 1353 536 Constantii
1401 442 1890 556 Imperatoris,
1954 485 2177 551 usque
2224 463 2310 532 ad
2371 462 2765 552 complures

218 575 441 623 annos
500 554 905 624 Theodosii:
976 578 1259 625 cursum
1321 566 1548 624 autem
1614 575 1824 624 suum
1886 566 2034 624 tum
2106 554 2387 623 demum
2441 572 2769 620 consum-

222 663 474 724 masse,
513 664 673 711 cum
723 644 1168 725 TheodosiuS,
1222 644 1487 713 devicto
1536 644 1827 712 Maximo
1877 656 2187 731 tyranno,
2224 641 2345 728 qui
2377 646 2768 709 Romanum

218 733 602 832 Imperium
672 731 741 800 in
799 733 1159 803 Occidente
1208 734 1571 814 invaserat,
1626 734 1835 802 rebus
1886 733 2211 803 Romanis
2270 741 2448 799 recte
2511 728 2766 799 consti·-

222 832 439 902 tunS,
493 821 1147 912 Constantinopolim
1226 844 1584 902 1·eversu5‚
1639 821 1822 890 filios
1883 843 2045 891 suos
2107 819 2386 889 Arsenio
2446 817 2771 887 erudien-

219 908 350 978 dos
400 909 736 990 traderet,
793 924 870 981 ut
918 911 1155 981 scribit
1210 912 1683 1001 Nicephorus:
1738 934 1772 977 «
1804 910 2050 979 Eadem
2103 918 2498 1001 tempestate
2545 907 2771 975 Timo—

219 998 425 1067 theus
495 1012 560 1068 et
608 998 921 1087 cyrillus,
975 1000 1095 1087 qui
1144 1000 1213 1068 in
1269 1000 1761 1069 Alexandrinae
1799 1014 1864 1069 et
1898 997 2507 1086 Jerosolymitanae
2552 994 2772 1065 eccle-

226 1086 372 1157 siae
412 1087 678 1157 thronis
725 1089 1136 1168 emmeram,
1192 1090 1327 1158 vita
1379 1088 1709 1170 defuncti,
1777 1088 1949 1157 alter
2000 1088 2280 1176 quidem
2330 1084 2775 1156 Alexandriae

226 1176 714 1266 Theophilum,
771 1178 942 1247 alter
987 1190 1214 1247 autem
1264 1178 1711 1263 Jerosolymis
1755 1183 2089 1247 Joannem
2128 1196 2592 1246 successorem
2641 1173 2767 1242 ha-

222 1263 405 1345 buit,
462 1287 684 1353 usque
732 1266 816 1335 ad
867 1279 1173 1358 tempora
1221 1267 1556 1337 Anastasii
1617 1279 1683 1336 et
1745 1265 2129 1336 Innocentii
2178 1264 2589 1333 Pontificum
2639 1267 2773 1333 Ro-

229 1374 625 1424 manorum.
694 1357 982 1425 Joannis
1050 1378 1203 1425 vero
1252 1377 1611 1427 successor
1655 1368 1799 1425 erat
1843 1354 2288 1439 Jerosolymis
2335 1359 2576 1443 Nepos.
2632 1357 2769 1419 Ha-

225 1453 472 1511 ctenus
520 1444 969 1535 Nicephorus.
1022 1450 1099 1514 Et
1148 1444 1439 1533 Cyrillus
1487 1446 1770 1532 quidem
1819 1444 1937 1526 ita,
1992 1456 2067 1513 ut
2116 1443 2438 1533 legimuS,
2508 1442 2773 1511 bonum

225 1543 573 1601 certamen
624 1534 925 1605 certavit.
974 1556 1398 1621 cursumque
1432 1534 1606 1603 vitae
1636 1556 1800 1603 suae
1832 1532 2381 1603 consummavit:
2418 1531 2771 1599 decaetero

229 1631 460 1720 autem
497 1623 793 1712 reposita
824 1634 925 1692 est
964 1622 1066 1691 illi
1098 1645 1351 1692 corona
1373 1623 1707 1713 justitiae,
1760 1645 1970 1710 quam
2020 1610 2349 1690 retribuet
2396 1619 2498 1689 illi
2541 1620 2776 1707 justus

222 1708 464 1798 Judex.
521 1716 738 1793 Quam
792 1710 1214 1802 praeclaram
1265 1725 1493 1781 autem
1543 1723 1609 1782 et
1654 1724 1963 1782 sanctam
2005 1711 2116 1779 sui
2152 1709 2553 1779 memoriam
2587 1705 2776 1797 apud

229 1811 539 1886 posteros
585 1800 792 1869 etiam
842 1800 1196 1886 reliquerit
1240 1800 1554 1890 CyrilluS,
1596 1813 1741 1870 tum
1792 1800 2046 1890 scripta
2081 1798 2270 1869 illius
2299 1819 2478 1885 quae
2516 1807 2770 1866 extant:

232 1896 379 1954 tum
440 1889 802 1959 orientalis
851 1889 1190 1959 Ecclesiae
1236 1889 1393 1961 fasti
1444 1911 1565 1958 seu
1618 1889 2057 1968 calendaria,
2112 1889 2183 1955 in
2232 1888 2489 1974 quibus
2539 1905 2777 1974 preces

238 1976 743 2047 anniversariae
806 1990 870 2048 et
917 1980 1601 2048 commemorationes
1665 1984 2070 2048 Sanctorum
2138 1977 2522 2064 descriptae
2583 1985 2771 2054 sunt,

237 2062 513 2134 abunde
561 2079 965 2137 testantur.»
1012 2073 1177 2137 Nam
1235 2079 1313 2137 ut
1378 2066 1671 2136 aliorum
1722 2073 2025 2147 Patrum,
2063 2066 2185 2151 qui
2235 2065 2304 2133 in
2369 2068 2777 2133 Sanctorum

237 2166 439 2247 coetu
484 2155 805 2227 clariores
854 2157 1218 2235 habentur,
1259 2157 1350 2225 ita
1398 2157 1611 2245 hujus
1649 2177 1924 2242 quoque
1959 2153 2190 2242 Cyrilli
2216 2150 2774 2239 Jerosolymitani

241 2239 357 2310 die
407 2249 489 2313 48
536 2245 755 2315 Martii
804 2246 875 2314 in
923 2244 1231 2316 ecclesiis
1280 2245 1555 2315 Graecis
1605 2256 1843 2313 sancta
1888 2243 2276 2313 celebratur
2309 2240 2663 2310 memoria:
2697 2260 2776 2308 ac

232 2332 511 2419 scriptis
562 2356 836 2423 quoque
888 2334 1076 2403 illius
1124 2334 1309 2425 apud
1361 2338 1652 2404 Graecos
1688 2354 1934 2403 nomen
1987 2332 2207 2403 sancti
2259 2330 2476 2401 Patris
2525 2327 2776 2419 praefi-

227 2439 398 2491 xum
449 2423 709 2511 ubique·
754 2424 1092 2516 reperitur
1140 2431 1262 2515 (a).

931 2677 1181 2753 VITA
1232 2676 1366 2755 ΕΤ
1420 2674 2077 2756 MARTYRIUM

746 2811 2264 2950 S.EDUARUIREGIS

688 3037 769 3085 U'r
818 3037 885 3086 m
931 3037 1227 3093 ANTIQUIS
1273 3037 1413 3084 MSS.
1466 3036 1940 3085 EXEMPLARIBUS
1987 3035 2323 3084 HABENTUR

461 3179 574 3227 SED
621 3177 823 3227 PAULO
870 3178 1162 3228 LATINIUS
1210 3177 1316 3226 HIC
1363 3179 1631 3227 REDDITA
1681 3179 1798 3226 PER
1845 3173 2254 3226 LAURENTIUii
2302 3175 2541 3226 SURIUM

1128 3305 1474 3360 mactatus
1514 3317 1694 3360 anno
1737 3305 1881 3361 978.

317 3467 356 3552 ξ
419 3468 496 3536 1.
550 3463 857 3554 Inclytus
904 3470 1043 3534 Rex
1091 3463 1454 3533 Eduardus
1503 3464 1725 3534 multa
1787 3463 1918 3533 fuit
1980 3463 2252 3554 generis
2323 3461 2762 3542 claritudine,

229 3554 322 3625 ab
361 3554 666 3639 antiquis
714 3553 1104 3623 Britanniae
1153 3554 1433 3644 regibus
1479 3553 1817 3642 originem
1872 3553 2173 3623 ducens:
2227 3564 2293 3623 et
2338 3552 2523 3639 quod
2575 3550 2780 3640 longe

228 3643 576 3713 illustrius
623 3653 746 3721 est,
794 3643 866 3710 in
927 3641 1175 3713 teneris
1222 3643 1426 3712 annis
1478 3664 1517 3711 a
1570 3647 1921 3713 Dunstano
1969 3642 2406 3711 sanctissimo
2459 3639 2783 3731 pontifice

231 3732 709 3802 Cantuariensi
741 3731 987 3800 Christi
1037 3742 1467 3801 sacramento
1509 3743 1972 3821 regeneratus,
2007 3731 2231 3820 coepit
2262 3730 2508 3800 virtute
2532 3741 2597 3798 et
2627 3751 2784 3820 pro-

225 3821 443 3891 bitate
485 3820 758 3911 pollere.
800 3826 1062 3890 Patrem
1115 3821 1359 3890 habuit
1404 3819 1752 3910 Edgarum
1809 3841 2065 3910 regem,
2120 3820 2328 3889 rebus
2374 3830 2440 3887 et
2485 3818 2665 3888 bello
2712 3827 2781 3887 et

225 3932 400 4002 pace
446 3909 657 4001 gestis
689 3908 886 3980 valde
931 3910 1312 4001 insignem:
1370 3920 1660 3978 matrem
1710 3930 1866 3979 vero
1918 3908 2275 3989 Elfledam,
2317 3906 2779 3999 praepotentis

280 4058 339 4104 (a)
367 4056 563 4096 Praeter
583 4055 841 4103 epistolam
864 4056 923 4096 sd
942 4054 1269 4096 Constantium
1289 4055 1347 4095 de
1364 4064 1458 4104 qun
1479 4064 1623 4104 snpra
1641 4055 1692 4095 in
1712 4053 1732 4104 5
1752 4055 1795 4100 2,
1812 4052 2005 4103 scripsit
2025 4053 2229 4102 cyrillus
2247 4062 2353 4094 cnm
2371 4052 2522 4093 adhuc
2536 4053 2787 4103 presbyter

227 4112 356 4150 esset
376 4109 637 4150 octodecim
657 4110 714 4148 de
735 4109 1015 4149 Christianis
1034 4110 1344 4159 dogmatibus.
1366 4109 1679 4149 sacramentis
1702 4109 1750 4148 et
1771 4107 1945 4148 ritibus
1965 4116 2136 4147 tureos
2166 4108 2399 4147 tractatus
2419 4108 2520 4147 sive
2538 4107 2785 4148 caecubae,

228 4173 349 4212 quae
367 4165 480 4204 sunt
500 4163 823 4202 institutiones
847 4164 903 4203 ad
925 4163 1311 4206 catechumenos:
1347 4164 1578 4202 accedunt
1597 4162 1807 4211 quinque
1832 4161 2150 4212 Myseaqoqteae
2172 4161 2355 4201 scilicet
2378 4163 2431 4201 ut
2452 4171 2618 4212 graeco
2639 4161 2784 4210 signi·

229 4216 395 4257 flentur
410 4227 526 4256 voce
547 4216 683 4265 qussi
704 4218 984 4265 appendices
1005 4217 1326 4260 catechesum.
1345 4226 1430 4256 sen
1452 4216 1779 4256 institutiones
1805 4214 1864 4254 sd
1885 4225 2031 4254 reeens
2051 4215 2333 4261 mammam.
2350 4216 2399 4254 et
2432 4216 2654 4265 mysteriis
2679 4215 2783 4262 jum

229 4270 435 4318 initiatos,
457 4273 746 4320 competentes
766 4271 848 4319 qui
867 4270 1159 4310 dicebantur.
1183 4271 1360 4310 Harum
1378 4271 1588 4319 quinque
1608 4269 1891 4318 praesertim
1912 4268 2336 4318 mystagogionrum
2357 4269 2412 4308 ut
2431 4278 2457 4308 s
2478 4278 2529 4309 se
2548 4269 2783 4318 ingratam

230 4325 498 4364 excuterent
522 4324 851 4364 anctoritatem
873 4325 1172 4370 calvinistae.
1190 4324 1358 4363 vitiata
1376 4321 1695 4372 chronologis,
1713 4323 1945 4371 negarunt
1967 4325 2211 4362 auctorem
2232 4331 2336 4363 esse
2365 4322 2409 4362 S.
2445 4321 2693 4370 cyrinum:
2730 4321 2780 4359 nt

231 4376 290 4415 ab
308 4379 526 4418 universo
543 4386 742 4426 prorsus
772 4378 1069 4426 antiquitate,
1097 4379 1145 4416 et
1172 4378 1490 4417 recentiorum
1525 4377 1822 4422 eruditorum
1846 4375 2021 4415 vuidis
2049 4385 2214 4417 eornm
2241 4375 2535 4425 impudenti·
2567 4374 2785 4423 rejicitur

228 4433 526 4526 Ἆιὲιωῗέιιὶε.
556 4433 600 4472 8.
623 4431 788 4480 cyrini
807 4431 1085 4474 catecheses
1107 4432 1310 4473 Graecas
1333 4441 1360 4471 n
1378 4432 1567 4473 vetusto
1587 4430 1681 4471 ΜΒ.
1702 4430 1976 4477 Grodecins,
1991 4430 2125 4471 allsti
2142 4431 2286 4482 elogii
2303 4429 2522 4478 scriptor,
2539 4427 2780 4469 latinitate

332 4495 389 4525 nv
432 4516 443 4526 .
