3327 4999
205 344 312 411 EX
359 344 535 412 OCT.
594 348 676 413 ⁴0
1000 364 1080 411 nn
1129 365 1184 412 s.
1236 362 1480 411 somna
1528 363 1761 411 canon.
1817 362 1960 410 nnc.
2541 346 2669 410 655

204 449 407 517 etiam
459 472 499 518 a
533 449 715 520 vitiis
761 451 1122 520 coerceret.
1159 452 1235 518 At
1281 447 1399 517 ille
1446 447 1881 538 perpendens
1913 458 2215 515 teneram
2249 466 2399 516 esse
2429 445 2558 516 lilii
2587 446 2755 515 sub-

208 537 531 609 stantiam
578 559 757 624 quae
805 538 1167 637 spinarum
1231 536 1493 607 aculeis
1541 535 1741 605 facile
1790 534 2192 625 perforetur,
2258 534 2507 605 timens
2553 534 2760 605 etiam

204 625 619 697 insanientis
670 625 982 695 libidinis
1038 638 1292 706 aestus,
1351 625 1677 695 vicesimo
1726 624 1965 695 aetatis
2012 646 2179 694 suae
2228 645 2433 705 anno,
2502 643 2756 715 magno

208 714 567 816 religiosae
611 716 785 785 vitae
815 714 1060 784 ardore
1108 726 1489 805 correptuS,
1542 713 1914 783 virtutibus
1963 712 2312 804 praeclare
2346 713 2753 791 instructus,

206 803 456 874 Christi
519 806 936 894 sempiterno
986 804 1261 874 servitio
1325 825 1397 872 se
1449 802 1804 873 constituit
1869 803 2289 902 mancipare.
2358 802 2751 872 Movebatur

206 892 394 961 enim
436 893 641 962 etiam
685 893 771 961 iis
819 893 1049 974 rebus,
1085 914 1259 979 quas
1290 892 1539 982 partim
1590 890 1996 978 quotidiana
2043 890 2352 962 discebat
2402 890 2760 980 experien-

205 980 323 1063 tia,
379 994 475 1052 tot
533 981 712 1051 inter
759 982 1076 1051 homines
1137 981 1588 1051 existentibus
1657 979 2213 1049 contentionibus
2280 990 2355 1048 et·
2392 978 2761 1050 discordiis

204 1068 603 1140 diuturnis:
658 1071 907 1161 partim
964 1069 1295 1139 memoria
1345 1069 1751 1160 repetebate
1783 1067 2147 1157 scripturis
2198 1067 2475 1149 divinis,
2512 1067 2671 1136 Abel
2699 1079 2766 1136 et

201 1158 366 1227 Cain
423 1180 565 1227 uno
616 1170 895 1249 parente
942 1158 1184 1240 editos,
1236 1157 1635 1228 columbam
1699 1169 1764 1226 et
1834 1177 2116 1226 corvum
2172 1157 2423 1246 pariter
2472 1157 2540 1225 in
2592 1177 2758 1225 arca

198 1259 730 1329 commorantes,
798 1252 991 1316 Isaac
1038 1259 1104 1316 et
1152 1245 1512 1316 Ismaelem
1578 1247 1758 1314 inter
1804 1266 1875 1313 se
1937 1243 2389 1327 colludenteS‚
2449 1245 2536 1314 ab
2585 1244 2759 1335 ipsis

207 1336 459 1425 primis
492 1336 701 1405 creati
732 1335 918 1405 orbis
959 1335 1176 1404 initiis
1215 1335 1570 1436 improbos
1596 1334 1798 1403 bonis
1830 1333 2205 1403 admixtos:
2251 1333 2551 1420 denique
2580 1333 2765 1403 mul-

207 1436 311 1493 tos
359 1425 670 1511 undique
720 1424 898 1493 male
946 1424 1366 1494 blandientis
1399 1423 1648 1493 mundi
1690 1420 2076 1523 propositos
2107 1443 2257 1492 esse
2288 1422 2595 1510 laqueos.
2632 1427 2766 1491 Ho-

201 1535 363 1583 rum
432 1514 647 1614 igitur
703 1525 1025 1583 accurata
1086 1512 1634 1583 consideratione
1700 1512 2069 1591 incitatuS‚
2131 1510 2763 1601 Bridlingtoniense

200 1603 617 1673 coenoblum
670 1603 886 1693 petiit,
944 1613 1147 1689 atque
1192 1601 1335 1671 illic
1394 1601 1580 1671 haud
1633 1622 1834 1673 secus
1883 1611 2085 1687 atque
2143 1599 2442 1690 Angelus
2490 1621 2526 1669 e
2568 1600 2759 1670 coelo

200 1691 513 1772 veniens,
572 1691 882 1760 hilariter
929 1702 1275 1781 acceptuS‚
1329 1690 1792 1760 monasticum
1855 1688 2167 1758 habitum
2219 1688 2469 1771 induit,
2510 1688 2765 1758 multa-

200 1801 342 1867 que
392 1801 664 1849 morum
717 1779 1105 1870 integritate
1151 1780 1620 1870 conspicuus,
1696 1790 1761 1847 et
1827 1777 2056 1846 Sancti
2125 1777 2425 1866 Spiritus
2481 1776 2767 1846 flamma

201 1868 560 1950 incensuS‚
615 1868 956 1959 regularis
1002 1867 1475 1939 observantiae
1523 1865 1901 1937 admodum
1936 1864 2310 1947 ,studiosus
2353 1866 2505 1936 fuit.
2559 1870 2764 1934 Ama-

203 1956 324 2027 bat
374 1961 585 2026 Deum
629 1969 762 2027 toto
810 1957 1015 2026 corde
1061 1967 1127 2025 et
1176 1967 1310 2026 tota
1357 1957 1615 2037 anima,
1682 1966 1910 2024 mente
1965 1952 2284 2024 coelestia
2331 1953 2755 2045 suspirabat,

204 2046 455 2115 mundi
487 2046 697 2134 hujus
729 2067 838 2115 res
867 2045 1168 2116 caducas
1209 2066 1449 2115 omnes
1491 2043 1996 2124 contemnebat,
2038 2043 2211 2111 mire
2251 2041 2575 2133 perfusus
2606 2064 2763 2143 gra-

205 2134 302 2204 tia
340 2134 639 2205 coelesti.
678 2140 835 2204 Erat
876 2134 1189 2214 humilis,
1250 2133 1600 2213 obediens,
1642 2131 2057 2202 abstinentia
2110 2131 2401 2222 rigidus,
2447 2131 2761 2223 justitiae

204 2233 427 2303 tenax,
482 2223 904 2293 continentia
955 2222 1276 2325 insignis,
1336 2223 1404 2290 in
1457 2222 1712 2312 vigiliis
1760 2220 2105 2308 frequens,
2148 2233 2473 2291 strenuus
2503 2221 2572 2289 in
2603 2242 2759 2311 pre-

200 2313 425 2394 cibus'‚
457 2313 708 2404 spiritu
753 2312 1042 2393 fervens,
1099 2334 1164 2380 in
1199 2332 1515 2381 sermone
1561 2312 2114 2400 circumspectus
2150 2322 2216 2379 et
2252 2321 2591 2391 maturus,
2626 2331 2751 2400 spe

204 2400 476 2484 firmuS,
565 2413 845 2491 erpetuo
894 2401 963 2469 in
1016 2401 1133 2470 Dei
1182 2400 1572 2470 servitutem
1627 2400 1956 2468 intentus.
2011 2402 2175 2466 Cum
2229 2398 2349 2467 alii
2393 2420 2582 2468 more
2628 2421 2755 2467 suo

202 2490 399 2561 vanis
435 2492 524 2562 ob
552 2490 954 2561 ectamentis
1004 2512 1151 2561 sese
1203 2488 1552 2570 dederent,
1607 2488 1756 2579 ipse
1803 2486 1904 2556 vel
1955 2486 2271 2562 orationi.
2326 2485 2426 2557 vel
2480 2485 2756 2557 lectioni

202 2578 671 2650 incumbebat.
740 2578 1152 2670 Disciplinae
1211 2578 1627 2648 monasticae
1678 2588 1814 2646 tam
1866 2577 1996 2645 tuit
2042 2589 2320 2645 exactus
2380 2574 2627 2656 cultor,
2679 2586 2757 2645 ut

205 2689 332 2738 nec
382 2669 710 2739 minimas
756 2667 1280 2738 constitutiones
1312 2667 1721 2758 negligeret:
1774 2664 1958 2752 quod
1995 2664 2178 2733 idem
2211 2664 2416 2733 etiam
2449 2665 2598 2734 suis
2627 2664 2762 2734 fra-

204 2758 429 2827 tribus
460 2759 529 2826 in
567 2779 892 2849 supremo
931 2757 1183 2847 spiritu
1230 2756 1555 2825 attentius
1601 2753 2132 2824 commendavit.
2188 2759 2399 2822 Tanta
2439 2774 2596 2822 vero
2631 2753 2764 2822 hu-

203 2846 492 2917 militate
538 2846 689 2928 fuit,
732 2858 810 2915 ut
854 2868 1014 2916 cum
1065 2845 1302 2914 divina
1329 2844 1550 2915 officia
1602 2842 2056 2914 attentissimo
2086 2841 2292 2912 corde
2317 2841 2757 2931 persolveret,

205 2934 499 3006 libenter
546 2934 704 3006 totis
751 2934 1016 3005 viribus
1063 2935 1359 3004 aliorum
1419 2934 1596 3003 vices
1657 2932 2013 3023 impleret:
2071 2931 2138 2998 in
2201 2931 2482 3000 incessu
2528 2942 2757 2999 autem

204 3046 482 3093 omnem
549 3022 1064 3094 mundanorum
1133 3023 1495 3093 hominum
1550 3037 1902 3112 pompam·
1950 3040 2236 3110 prorsus
2312 3017 2650 3089 fastidiret
2696 3031 2763 3089 et

205 3112 606 3223 negligeret.
2451 3169 2466 3187 ‚

292 3204 330 3288 ς
398 3205 490 3273 8.
543 3206 824 3291 Propter
869 3201 1021 3290 ejus
1067 3199 1354 3269 eximias
1389 3199 1674 3269 virtutes
1722 3195 2137 3267 demandata
2192 3197 2256 3266 ei
2308 3196 2499 3267 fuere
2563 3202 2762 3267 Prae-

203 3289 524 3378 ceptoris,
580 3288 1115 3378 Eleemosynarii
1147 3300 1213 3359 et
1261 3288 1649 3378 Superioris
1699 3287 2107 3368 ministeria,
2155 3286 2226 3355 in
2278 3286 2535 3373 quibus
2585 3296 2764 3356 recte

205 3388 413 3464 atque
460 3377 703 3447 ordine
736 3399 883 3447 sese
931 3377 1164 3468 gessit.
1221 3376 1315 3446 Ab
1363 3376 1520 3445 aliis
1566 3375 2065 3456 functionibuS‚
2101 3396 2280 3461 quae
2336 3373 2582 3444 mundi
2630 3374 2764 3443 hu-

194 3464 317 3556 jus
364 3466 782 3536 tumultibus
813 3478 878 3536 et
928 3465 1448 3554 tempestatibus
1494 3463 1841 3554 expositae
1872 3474 2060 3544 sunt,
2115 3463 2196 3531 ad
2237 3475 2514 3554 tempus
2562 3462 2761 3532 illum

207 3554 447 3624 divina
495 3555 923 3656 providentia
963 3552 1443 3645 praeservavit,
1498 3575 1583 3621 ne
1630 3552 1914 3621 animus
1963 3572 2223 3630 recenS,
2262 3550 2595 3619 virtutum
2647 3573 2761 3620 or-

205 3654 551 3714 namentis
613 3644 902 3734 pulchre
949 3665 1100 3714 com
1156 3643 1376 3713 ositus
1438 3640 1685 3710 mundi
1749 3639 1966 3727 hujus
2012 3638 2586 3729 occupationibus
2634 3639 2765 3709 im-

202 3733 525 3823 plicatuS,
576 3732 804 3802 fallaci
838 3754 1069 3803 rerum
1146 3730 1504 3801 abentium
1553 3750 1789 3800 amore
1835 3728 2315 3798 obfuscaretur
2342 3740 2408 3797 et
2434 3748 2759 3797 excaeca-

203 3836 418 3894 retur.
472 3828 574 3892 Ita
621 3821 736 3891 ille
777 3833 1123 3923 protector
1173 3831 1400 3889 noster
1447 3823 1649 3899 DeuS‚
1705 3829 1781 3887 ut
1806 3816 2160 3905 quondam
2210 3818 2343 3887 Noe
2392 3838 2432 3885 a
2464 3816 2754 3897 diluvio,

206 3914 324 3981 Lot
353 3913 440 3982 ab
469 3910 745 3981 coelesti
773 3909 1116 3991 incendio,
1149 3914 1342 3978 Isaac
1371 3908 1458 3977 ab
1491 3906 1933 4008 impendente
1967 3904 2222 3996 gladio,
2275 3904 2531 3995 Joseph
2559 3927 2600 3973 a
2626 3904 2762 3975 foe-

205 4001 435 4070 minae
482 3999 837 4070 calumnia
869 4011 936 4068 et
981 3997 1279 4068 carceris
1325 3995 1692 4086 angustiis,
1747 4001 2022 4095 Moysen
2058 3993 2146 4063 ab
2193 3994 2299 4063 ira
2352 3993 2754 4075 PharaoniS‚

205 4089 445 4159 Rahab
492 4112 534 4158 a
580 4088 874 4159 civitatis
919 4087 1208 4169 excidiO,
1267 4087 1523 4156 Jonam
1574 4107 1615 4154 a
1665 4096 1904 4154 mortis
1953 4083 2262 4173 periculo
2294 4137 2309 4164 ‚
2364 4087 2758 4153 Susannam

206 4197 243 4243 a
275 4176 468 4247 falsis
500 4177 812 4258 testibus,
868 4176 1218 4246 Danielem
1254 4198 1295 4245 a
1342 4174 1684 4254 leonibus,
1722 4184 1860 4242 tres
1888 4193 2141 4272 pueros
2188 4172 2275 4241 ab
2316 4170 2622 4262 ignibu5‚
2662 4170 2762 4242 sic

207 4266 631 4367 monasticae
668 4264 1081 4358 disciplinae
1127 4264 1478 4356 specimen
1512 4285 1552 4332 a
1582 4261 1948 4334 saevientis
1997 4261 2213 4332 seculi
2245 4271 2573 4352 potestate
2622 4281 2764 4330 ser-

206 4366 409 4425 vavlt.

298 4447 335 4529 ξ
421 4450 507 4517 4.
562 4445 689 4515 Sed
776 4465 935 4514 cum
1009 4455 1343 4513 cresceret
1421 4440 1605 4512 fama
1680 4439 2010 4512 virtutum
2062 4441 2254 4530 eJuS,
2333 4435 2631 4518 accidit,
2686 4447 2767 4507 ut
