3327 4999
226 363 463 430 MART.
525 363 608 428 46
1008 384 1089 431 m:
1137 383 1193 430 s,
1247 383 1529 431 ummo
1575 382 1972 432 confessoris
2551 369 2679 435 3⁴3

223 463 348 533 hoc
378 461 569 554 gravi
618 473 894 552 propter
940 474 1003 532 te
1036 461 1413 533 liberemur
1452 485 1830 533 moerore.»
1855 464 1974 533 His
2009 462 2236 554 puella
2282 465 2479 536 valde
2526 467 2759 537 animo

222 552 531 634 contrita,
584 551 768 621 cadit
814 552 964 641 ipsa
1004 574 1299 638 quoque,
1356 573 1489 621 non
1525 575 1725 623 secus
1754 575 1832 622 ac
1885 552 2203 622 meretrix
2239 552 2381 636 illa,
2417 555 2501 624 ad
2554 555 2762 646 pedes

220 640 704 731 praeceptoriS‚
773 641 1016 710 acerbe
1060 641 1325 711 deflens
1372 653 1436 711 et
1482 663 1597 711 eos
1645 641 1944 732 irrigans
1994 642 2223 712 fluviis
2273 642 2765 733 lacrymarum.

305 734 343 819 ᾗ
412 732 561 801 28.
616 734 781 798 Cum
834 728 881 797 ii
934 751 1095 819 ergo
1144 731 1238 800 ita
1286 752 1357 799 se
1407 731 1759 811 haberent,
1813 742 1878 799 et
1926 729 2040 799 ille
2070 730 2350 816 quidem
2384 734 2568 822 apud
2610 755 2763 802 eam

218 831 526 890 uteretur
572 817 1163 888 admonitionibus
1212 831 1277 888 et
1322 819 1397 889 in
1447 821 1697 889 bonam
1748 833 1995 888 terram
2048 819 2148 889 sic
2196 821 2601 890 seminaret:
2644 822 2764 892 illa

220 921 447 979 autem
501 906 828 996 lacrymis
891 907 1403 994 quodammodo
1465 908 1780 998 irrigaret
1829 908 2126 988 semina,
2184 921 2262 977 ut
2320 908 2587 980 fructus
2633 911 2768 981 cito

221 997 601 1099 proferrent
654 1007 719 1065 et
766 994 928 1067 hinc
979 996 1468 1083 poenitentiam
1529 996 1917 1067 ostenderet
1962 1009 2027 1066 et
2075 997 2577 1079 contritionem,
2635 1021 2767 1070 nox

211 1108 352 1189 Jam
404 1085 699 1155 deducta
744 1098 896 1155 erat·
935 1086 1019 1155 ad
1083 1087 1543 1156 matutinum:
1610 1098 1677 1155 et
1722 1085 1870 1175 ipse
1927 1085 2210 1172 quidem
2267 1085 2498 1157 fratris
2549 1087 2767 1157 filiam

210 1174 498 1267 jubebat
544 1174 740 1261 sequi
787 1174 872 1243 ad
924 1188 1251 1245 montem.
1291 1181 1458 1244 Cum
1508 1173 1623 1243 illa
1659 1188 1965 1265 rogasset
2013 1189 2267 1255 autem,
2320 1176 2654 1262 quidnam
2684 1176 2770 1246 de

218 1266 523 1336 vestibus
561 1277 625 1333 et
671 1285 840 1333 auro
879 1277 943 1333 et
990 1277 1272 1355 argento
1318 1277 1385 1333 et
1430 1264 1758 1353 stragulis
1805 1264 2109 1334 vestibus
2146 1264 2473 1355 deinceps
2521 1265 2770 1335 faceret

214 1356 393 1445 (erat
438 1352 624 1422 enim
676 1352 1035 1443 splendide
1081 1366 1146 1421 et
1193 1365 1596 1443 sumptuose
1642 1352 1952 1441 ornata),
2010 1366 2086 1423 ut
2136 1354 2621 1423 convenienter
2658 1355 2766 1423 di-

214 1443 376 1513 vino
425 1455 787 1533 praecepto
834 1442 1070 1511 omnia
1135 1441 1513 1529 relinquat,
1570 1441 1850 1511 divinus
1918 1441 2243 1512 admonet
2290 1444 2654 1512 Abramius
2703 1454 2770 1513 et

212 1555 375 1603 eum
425 1531 651 1601 solum
689 1543 1013 1617 sequatur
1057 1543 1122 1600 et
1168 1531 1535 1601 contendat
1564 1530 1649 1599 ad
1702 1554 1893 1600 veras
1935 1530 2089 1599 illas
2139 1532 2312 1599 vitae
2352 1531 2624 1602 futurae
2655 1532 2764 1601 di-

197 1622 439 1691 vitias,
496 1624 587 1689 Ea
617 1642 779 1709 ergo
810 1623 1113 1708 accepta,
1144 1620 1493 1710 egreditur
1540 1619 1716 1688 clam
1753 1642 1789 1688 e
1819 1620 2217 1689 diversorio:
2254 1633 2318 1690 et
2348 1644 2506 1691 curn
2543 1623 2558 1689 i
2617 1644 2767 1691 sam

213 1732 388 1797 equo
441 1709 905 1799 imposuisset,
962 1708 1077 1777 ille
1127 1709 1575 1799 praecedebat
1623 1708 1854 1798 pedeS‚
1887 1731 2139 1795 equum
2198 1731 2410 1782 manu
2460 1722 2558 1779 tra
2615 1732 2760 1779 ens,

217 1803 383 1869 Cum
435 1811 663 1868 autem
714 1797 1005 1867 fuissent
1043 1799 1114 1866 in
1151 1812 1402 1878 monte,
1461 1810 1730 1867 mutant
1768 1798 2077 1868 ordinem
2129 1798 2755 1868 domuncularum:

216 1900 279 1958 et
348 1909 500 1957 earn
552 1886 830 1973 quidem
882 1909 1059 1973 quae
1104 1900 1247 1956 erat
1304 1886 1640 1968 exterius,
1696 1887 1842 1976 ipse
1891 1887 2127 1956 statuit
2175 1888 2531 1957 habitare:
2585 1887 2770 1957 filiae

217 1989 446 2046 autem
496 1975 727 2045 fratris
787 1976 1042 2045 tribuit
1090 1975 1507 2045 interiorem.
1564 1981 1639 2045 In
1709 1997 1847 2062 qua
1897 1999 2054 2046 cum
2122 1998 2194 2044 se
2241 1977 2656 2047 coercuisset
2701 1988 2767 2045 et

215 2064 394 2135 fores
428 2064 832 2135 occlusisset
877 2064 1361 2145 domunculae,
1418 2064 1561 2133 illic
1608 2064 1739 2133 fuit
1786 2077 2135 2154 perpetu0‚
2193 2065 2538 2153 precibuS,
2584 2065 2768 2155 jeju-

217 2154 355 2223 niis
387 2165 455 2223 et
502 2153 827 2241 lacrymis
874 2152 1110 2223 delens
1145 2152 1331 2222 labes
1382 2166 1816 2244 peccatorum
1846 2154 2140 2221 animae.
2177 2154 2438 2223 Etenim
2492 2167 2767 2240 utquae

221 2264 444 2331 nuper
490 2243 892 2332 resipuisset
939 2266 979 2317 a
1027 2242 1207 2310 vitiis
1255 2242 1602 2332 corporiS‚
1657 2242 1756 2311 sic
1803 2263 1882 2310 ea
1932 2264 2204 2332 semper
2261 2242 2556 2312 habebat
2603 2264 2767 2332 prae

224 2330 448 2399 oculis
491 2331 754 2399 inferne
801 2331 1137 2401 versantia
1187 2332 1487 2399 animam
1540 2344 1605 2399 et
1667 2331 2044 2400 admodum
2094 2330 2336 2399 acerbe
2387 2330 2767 2421 pungentia

224 2418 732 2501 conscientiam,
786 2420 910 2489 etsi
961 2425 1137 2489 Deus
1207 2442 1409 2510 saepe
1468 2418 1532 2489 ei
1593 2419 1978 2488 ostenderet
2027 2431 2461 2510 peccatorum
2521 2420 2768 2489 remis-

224 2506 504 2590 sionem,
560 2532 682 2578 nec
731 2509 860 2578 hoc
909 2509 1159 2591 solum,
1213 2510 1331 2579 sed
1380 2510 1581 2579 etiam
1628 2531 1781 2578 eam
1824 2521 2008 2578 tanta
2057 2509 2437 2600 impertiret
2477 2509 2758 2589 fiducia,

224 2608 300 2665 ut
343 2610 403 2667 et
451 2599 727 2668 assidue
774 2598 1108 2668 miracula
1141 2611 1204 2668 et
1242 2622 1283 2667 a
1330 2599 1591 2667 morbis
1637 2612 1704 2668 et
1753 2599 1932 2670 vitiis
1964 2599 2400 2668 liberationes
2451 2621 2570 2688 per
2610 2620 2765 2667 eam

220 2686 617 2757 ostenderet.
674 2693 951 2777 Propter
981 2709 1158 2775 quae
1187 2687 1390 2756 corde
1423 2688 1804 2758 laetabatur
1842 2689 2202 2758 Abramius
2236 2699 2300 2756 et
2349 2692 2482 2756 Deo
2515 2686 2760 2777 agebat

214 2777 471 2865 gratias
519 2776 700 2863 quod
752 2798 873 2866 spe
920 2777 1208 2845 minime
1246 2788 1422 2847 esset
1468 2776 1859 2858 frustratus,
1906 2777 2022 2846 sed
2075 2789 2553 2867 susceptorum
2607 2797 2760 2866 pro-

211 2877 359 2955 pter
428 2865 651 2954 ipsam
701 2863 1016 2934 laborum
1066 2864 1331 2934 fructus
1379 2864 1582 2934 ferret
1630 2866 2103 2936 suavissimos.

294 2961 334 3036 ἓ
387 2959 555 3025 29.
609 2958 819 3040 Atque
875 2952 990 3022 ille
1037 2953 1318 3040 quidem
1374 2976 1535 3023 cum
1583 2955 1672 3023 ad
1722 2955 2134 3044 profundam
2188 2955 2607 3042 pervenisset
2655 2974 2763 3022 se-

205 3055 593 3121 nectutem,
649 3065 686 3111 e
735 3043 870 3112 vita
932 3042 1194 3111 excedit
1252 3053 1317 3111 et
1363 3043 1449 3111 ad
1508 3055 1783 3112 aeterna
1858 3045 2101 3113 transit
2152 3043 2615 3123 tabernacula,
2674 3041 2760 3111 ad

203 3130 634 3201 efferendum
674 3153 929 3222 corpus
977 3153 1226 3222 magna
1257 3130 1567 3218 undique
1594 3132 1983 3201 confluente
2032 3133 2501 3214 multitudine,
2556 3145 2761 3218 atque

202 3220 354 3310 ejus
405 3241 795 3310 pannorum
846 3232 911 3289 et
966 3220 1349 3289 ciliciorum
1406 3242 1649 3310 parum
1721 3221 1889 3307 quid
1950 3222 2290 3290 attrahere
2338 3241 2759 3308 unoquoque

200 3307 683 3390 contendente,
737 3309 820 3377 ad
870 3309 1178 3398 cujusvis
1225 3309 1389 3377 boni
1437 3309 1841 3378 thesaurum
1871 3364 1886 3390 ,
1941 3311 2026 3379 ad
2086 3310 2269 3379 mala
2316 3311 2547 3379 omnia
2601 3331 2759 3398 pro-

249 3396 575 3470 ulsanda.
629 3397 877 3480 Quinto
925 3410 1153 3466 autem
1201 3420 1384 3468 anno
1432 3410 1586 3487 post
1634 3397 1822 3467 illius
1860 3410 2169 3479 mortem,
2225 3399 2517 3468 moritur
2548 3398 2756 3468 etiam

231 3487 438 3558 ratris
488 3485 653 3555 filia.
708 3491 893 3569 Quae
939 3508 1098 3556 cum
1149 3486 1454 3555 animam
1504 3487 1889 3557 desiderato
1930 3488 2214 3556 Domino
2254 3487 2646 3558 tradidisset
2692 3498 2757 3555 et

189 3575 339 3666 jam
392 3588 573 3645 esset
611 3587 904 3655 mortua,
961 3575 1029 3643 in
1081 3573 1460 3665 sepultura,
1516 3576 1588 3644 in
1645 3576 1796 3666 ejus
1846 3576 2038 3645 vultu
2085 3576 2497 3645 suavissima
2548 3596 2756 3661 quae-

198 3665 359 3735 dam
416 3663 701 3733 florebat
748 3664 1005 3754 gratia:
1058 3676 1122 3732 et
1171 3665 1361 3733 illinc
1412 3664 1698 3752 quidam
1771 3664 2068 3733 micabat
2114 3665 2375 3742 radius,
2431 3677 2749 3754 apertum

198 3753 487 3845 signum
535 3753 684 3842 ejus
731 3752 1004 3822 animae
1053 3753 1478 3843 splendoris:
1533 3759 1607 3822 In
1662 3753 1925 3824 Christo
1962 3759 2129 3825 Jesu
2183 3754 2462 3822 Domino
2495 3764 2747 3822 nostro,
