3327 4999
671 285 802 353 112
1320 307 1399 353 nn
1448 307 1540 354 ss.
1595 307 1880 356 conano
1928 309 2003 356 ΕΤ
2052 308 2254 357 socns
2288 285 2418 355 'mn
2766 288 3011 353 MART.
3066 289 3144 352 ⁴0

583 398 830 466 movet,
851 396 930 455 ut
950 383 1293 474 intrepide
1309 408 1657 456 carcerem
1689 411 1767 458 ac
1794 386 2070 458 vincula
2088 387 2274 489 negli
2327 409 2426 466 as,
2458 399 2838 477 sponteque
2860 384 3143 475 patriam

583 475 883 554 amittas,
937 486 1004 543 et
1036 475 1124 542 ab
1158 472 1544 567 amicorum
1580 475 2086 546 consuetudine
2134 477 2288 545 dive
2322 476 2538 545 laris?
2586 479 2719 544 Cur
2751 495 2887 544 non
2921 474 3144 573 potius

582 568 1092 653 Imperatorum
1144 560 1436 630 decretis
1482 562 1993 665 obtemperans,
2049 576 2114 634 et
2164 563 2300 634 diis
2348 562 2747 642 immolanS,
2788 562 3147 632 nobiscum

583 651 784 741 eligis
831 651 1076 719 beatus
1121 670 1294 730 esse,
1349 662 1416 719 et
1461 653 1749 722 amabili
1792 654 1967 723 vitae
2006 653 2390 744 praesentis
2427 651 2872 741 jucunditate
2922 650 3144 719 fruit»

581 739 706 809 His
741 738 857 807 ille
905 737 1289 807 conabatur
1336 752 1655 810 sanctum
1712 741 1936 812 virum
1986 764 2026 811 a
2082 752 2268 811 recta
2314 746 2581 810 ratione
2628 739 2993 809 deducere.
3032 743 3145 807 Co-

581 826 824 899 dratus
873 848 1031 896 vero
1081 826 1338 896 blanda
1371 828 1700 899 Praefecti
1732 829 2083 912 oratione,
2117 852 2257 917 qua
2306 828 2616 899 nefarius
2656 829 2936 897 animus
2971 841 3147 917 tege-

581 915 811 996 batur,
871 913 1205 1005 neglecta,
1264 917 1659 1005 respondit:
1718 925 2009 999 «Nemo,
2065 918 2414 1006 inquienS,
2468 918 2586 988 cui
2646 928 2937 987 naturae
2986 914 3148 986 ratio

582 1004 860 1095 cognita
891 1005 1000 1081 sit,
1025 1003 1418 1092 jucundam
1469 1029 1618 1075 esse
1666 1007 1842 1077 vitae
1873 1007 2166 1098 gratiam
2198 1007 2498 1098 negabit.
2534 1005 2663 1075 Sed
2707 1018 2934 1075 tamen
2974 1005 3147 1074 hanc

582 1097 765 1161 Deus
814 1092 1105 1182 largitus
1153 1104 1276 1162 est.
1332 1095 1798 1176 Quamobrem
1849 1094 2318 1166 necessarium
2354 1108 2479 1173 est,
2511 1109 2589 1164 ut
2619 1093 2792 1165 tanti
2844 1092 3150 1163 muneris

584 1179 980 1270 largitorem
1035 1180 1309 1251 virtutis
1358 1183 1587 1251 studio
1647 1185 2245 1263 commendemus,
2308 1195 2373 1253 et
2420 1184 2572 1273 ejus
2621 1181 2921 1272 gloriam
2971 1180 3146 1251 testi-

584 1269 818 1338 monio
854 1281 1086 1338 nostro
1119 1291 1609 1359 propagemus.
1649 1277 1879 1358 Neque
1930 1295 2085 1341 vero
2136 1272 2308 1341 tanti
2358 1272 2754 1341 faciendum
2806 1283 2913 1339 est
2947 1270 3144 1358 huJus

581 1359 759 1428 vitae
793 1372 930 1427 tam
981 1357 1183 1426 breve
1229 1359 1688 1440 curriculum,
1728 1374 1803 1429 ut
1852 1361 2042 1430 illius
2073 1361 2493 1430 amittendae
2555 1372 2765 1441 metu,
2804 1358 3141 1428 adoratio-

584 1468 744 1515 nem
793 1469 972 1533 quae
1024 1451 1152 1513 Deo
1181 1446 1306 1515 soli
1358 1449 1699 1530 convenit,
1754 1448 1960 1519 idolis
1992 1450 2407 1519 tribuamus.
2450 1454 2666 1531 Quem
2700 1469 2905 1536 porro
2937 1447 3138 1516 deum

584 1534 942 1604 meliorem
997 1555 1372 1691 possumus
1421 1536 1772 1626 appellare
1804 1537 1923 1606 illo
1972 1538 2091 1624 qui
2124 1538 2422 1607 summis
2454 1558 2578 1605 nos
2610 1536 2697 1604 ab
2728 1536 2956 1616 initio,
2995 1556 3137 1624 per·

583 1624 948 1714 petuisque
1044 1622 1352 1692 eneficiis
1400 1625 1834 1695 cumulavit?
1882 1631 1975 1694 Ex
2011 1638 2104 1695 tot
2143 1639 2370 1695 autem
2408 1648 2487 1695 ac
2523 1625 2732 1695 tantis
2761 1623 3141 1701 beneficiiS,

582 1733 789 1799 quem
843 1711 976 1780 nisi
1029 1711 1372 1780 Christum
1426 1735 1803 1802 possumus
1839 1714 2255 1783 Salvatorem
2288 1716 2744 1815 cognoscere?
2793 1717 2923 1781 Aut
2953 1730 3148 1799 quem

491 1863 496 1869 .
585 1800 1003 1870 Salvatorem
1040 1799 1441 1888 praedicare
1488 1801 1589 1870 fas
1636 1812 1761 1883 est,
1817 1803 1953 1872 nisi
1996 1809 2234 1872 Jesum
2285 1824 2408 1889 qui
2461 1824 2583 1892 pro
2633 1800 2836 1870 nobis
2886 1800 3149 1870 crucia-

584 1900 697 1958 tus
729 1901 794 1958 et
834 1900 1123 1957 mortem
1163 1889 1491 1978 pertulit?
1543 1889 1724 1959 Illud
1773 1891 2098 1982 inprimis
2129 1890 2216 1960 ad
2266 1893 2589 1961 virtutem
2639 1889 2842 1958 nobis
2903 1909 3146 1979 propo·

584 1977 797 2046 situm
848 1989 971 2057 est,
1025 1988 1104 2045 ut
1155 1999 1277 2066 pro
1326 2000 1480 2045 vera
1517 1978 1765 2068 pietate
1807 2002 1886 2048 ac
1935 1980 2267 2070 religione
2318 1990 2659 2048 tormenta
2708 1998 3141 2067 superemus,

585 2087 711 2133 nec
761 2064 926 2134 ullis
976 2087 1291 2151 unquam
1340 2065 1869 2138 difficultatibus
1900 2069 1987 2137 ab
2021 2091 2098 2137 ea
2129 2067 2563 2137 deficiamus.
2605 2066 2738 2149 Qui
2787 2078 3025 2136 autem
3053 2066 3149 2134 di-

583 2155 910 2223 vinorum
976 2153 1464 2242 mysteriorum
1538 2156 1885 2226 studiosos
1947 2168 2397 2241 amantesque
2445 2168 2791 2224 conantur
2839 2176 3150 2225 corrum-

586 2266 770 2333 pere,
824 2264 1066 2312 eorum
1107 2254 1171 2311 et
1219 2244 1502 2313 animus
1550 2244 1813 2333 impius
1860 2258 1983 2323 est,
2020 2255 2084 2314 et
2132 2245 2348 2314 oratio
2382 2243 2811 2313 detestanda.
2851 2248 3148 2311 Praestat

587 2344 816 2401 autem
869 2353 1047 2417 quae
1098 2331 1382 2400 meliora
1414 2343 1599 2412 sunt,
1646 2333 1929 2401 imitari.
1962 2331 2142 2401 Illud
2175 2333 2338 2402 item
2371 2332 2821 2422 cogitandum
2856 2343 2987 2411 est,
3028 2349 3149 2398 non

586 2442 703 2490 eos
753 2421 1075 2512 protinus
1108 2419 1497 2507 sequendos
1542 2443 1693 2491 esse
1721 2421 1842 2508 qui
1924 2421 2233 2490 robitatis
2263 2421 2566 2511 speciem
2608 2442 2770 2510 prae
2800 2443 2873 2489 se
2906 2418 3146 2498 ferunt,

587 2510 707 2582 sed
758 2534 866 2580 res
914 2522 978 2579 et
1027 2510 1204 2579 facta
1243 2530 1392 2578 esse
1444 2511 1841 2598 perpenden
1898 2533 1978 2579 a:
2033 2532 2211 2596 quae
2238 2511 2299 2579 si
2337 2533 2543 2598 prava
2584 2511 2746 2591 sint,
2791 2510 3020 2667 maior
3046 2528 3152 2599 pe-

585 2599 791 2669 riculi
842 2600 1048 2668 timor
1095 2610 1218 2665 est.
1258 2597 1438 2666 Scito
1489 2597 1726 2687 igitur,
1769 2621 1892 2667 nos
1941 2600 2274 2689 MaJ'orum
2327 2599 2644 2668 instituta
2692 2620 2897 2687 comp
2930 2611 3151 2668 ecten-

587 2700 710 2768 teS,
760 2688 847 2756 ad
904 2710 983 2756 ea
1043 2708 1220 2772 quae
1271 2684 1558 2754 meliora
1606 2698 1792 2767 sunt,
1852 2687 2153 2757 tendere.
2221 2692 2444 2769 Quare
2498 2710 2580 2755 ne
2630 2686 2911 2755 studeas
2968 2684 3150 2756 nobis

585 2774 1098 2845 inimicissimis
1148 2773 1589 2862 persuadere,
1644 2789 1720 2844 ut
1768 2775 1857 2844 ad
1907 2789 2135 2864 partes
2209 2788 2361 2844 tuas
2414 2775 2994 2864 transfugiamus,
3048 2795 3152 2841 ne·

586 2886 723 2952 que
770 2878 848 2933 ut
896 2861 1243 2932 Christum
1295 2860 1789 2949 relinquentes,
1846 2864 1984 2932 alio
2018 2885 2142 2933 nos
2174 2864 2638 2934 conferamus,
2676 2863 2939 2932 Veritas
2976 2862 3148 2932 enim

585 2952 789 3022 nobis
838 2951 1031 3021 adest
1078 2950 1500 3031 consiliaria,
1559 2953 1968 3042 pietatisque
2017 2952 2204 3041 leges
2256 2950 2342 3020 ad
2400 2951 2974 3041 persuadendum
3022 2951 3149 3017 vim

588 3039 844 3109 habent
884 3039 1286 3108 maximam.
1341 3044 1482 3109 Hae
1530 3062 1656 3110 nos
1707 3064 1956 3133 genere
2008 3040 2456 3126 moribusque
2490 3039 2757 3108 similes
2815 3044 2951 3107 Deo
3001 3058 3150 3108 con·

581 3130 919 3219 jungunt.
974 3126 1158 3197 Illud
1222 3142 1575 3219 praeterea
1633 3129 2181 3206 consideremus,
2236 3126 2598 3198 communi
2655 3140 2949 3196 naturae
3016 3127 3147 3215 lege

587 3217 920 3289 omnibus
968 3238 1119 3285 esse
1167 3217 1634 3299 moriendum,
1702 3229 1766 3287 et
1813 3218 1900 3287 ab
1949 3240 2026 3287 ea
2074 3216 2359 3302 quidem
2413 3217 2816 3286 necessitate
2865 3215 3150 3284 liberum

587 3328 737 3376 esse
779 3305 1154 3375 neminem.
1209 3309 1396 3388 Quae
1445 3319 1675 3375 autem
1711 3306 1973 3375 fortiter
1995 3317 2060 3374 et
2092 3327 2170 3374 ex
2212 3305 2458 3374 virtute
2488 3317 2849 3395 geruntur,
2886 3326 2970 3373 ea
3001 3300 3150 3371 viris

586 3395 792 3465 bonis
842 3393 1133 3482 gloriam
1181 3397 1422 3483 parere
1455 3394 1976 3484 sempiternam.
2031 3399 2110 3462 In
2153 3393 2282 3463 hoc
2328 3394 2547 3462 animi
2610 3392 2967 3493 proposito
3014 3410 3153 3482 per-

589 3495 971 3563 manenteS,
1026 3494 1092 3551 et
1140 3482 1206 3549 in
1247 3483 1377 3553 hac
1427 3484 1768 3553 sententia
1795 3481 2211 3561 confirmati,
2252 3482 2688 3571 praeclarum
2739 3482 3002 3550 imitari
3051 3501 3150 3547 vo·

589 3571 895 3642 lentibus
943 3570 1340 3661 exemplum
1391 3570 1563 3640 relin
1621 3593 1896 3642 uemus.
1960 3576 2127 3640 Nam
2177 3570 2299 3657 qui
2350 3582 2529 3640 recte
2586 3569 2916 3651 sentiunt,
2989 3565 3149 3637 nihil

588 3660 1139 3760 aliudnstudent,
1194 3659 1331 3728 nisi
1387 3672 1465 3729 ut
1529 3594 1616 3728 ad
1685 3681 1766 3729 ea
1830 3681 2007 3747 quae
2057 3658 2560 3750 praestantiora
2621 3670 2809 3739 sunt,
2864 3658 3150 3728 habeant

590 3771 1107 3819 occasionem.»

678 3840 715 3924 ἓ
776 3842 865 3909 ὅ.
921 3836 1334 3917 PraefectuS‚
1380 3836 1509 3906 etsi
1575 3836 1848 3906 Codrati
1904 3858 2318 3927 responsum
2368 3835 2874 3915 admirabatur,
2934 3848 3148 3905 tamen

587 3947 748 3994 cum
810 3925 898 3994 ad
948 3926 1253 3994 veritatis
1301 3924 1511 3994 fidem
1561 3927 1796 3996 venire
1850 3948 1984 3995 non
2039 3937 2290 4016 posset,
2336 3929 2427 3994 De
2476 3925 2707 4007 rebuS,
2744 3925 2998 4011 inquit,
3044 3944 3152 3992 su-

586 4013 927 4083 blimibus
969 4014 1251 4085 Codrate
1300 4013 1474 4082 mihi
1523 4013 1780 4084 videris
1816 4037 2039 4106 nugas
2088 4013 2483 4103 confingere
2531 4014 2654 4100 qui
2702 4013 3151 4105 perturbatio·

590 4101 803 4172 nibus
843 4102 1174 4173 humanis
1224 4107 1436 4172 Deum
1490 4103 1850 4193 subjicias,
1896 4124 2197 4189 eumque
2251 4101 2444 4172 dicas
2503 4102 2961 4173 mulierculae
3008 4120 3151 4192 gre-

590 4191 732 4261 mio
770 4191 1075 4283 potuisse
1122 4192 1620 4283 comprehendi
1651 4214 1831 4281 quae
1872 4205 2145 4261 uterum
2180 4213 2450 4281 gerenS,
2496 4191 2844 4261 Christum
2881 4209 3152 4283 pepere-

593 4279 704 4360 rit,
748 4294 952 4368 atque
985 4281 1079 4349 ita
1110 4285 1326 4351 Deum
1376 4282 1446 4350 in
1502 4292 1680 4351 terra
1727 4281 1953 4350 visum
2003 4302 2175 4360 esse,
2224 4280 2534 4370 corporis
2566 4280 2858 4349 formam
2891 4292 3151 4375 gestan7

595 4381 755 4453 tem,
822 4371 986 4441 alibi
1040 4386 1269 4442 autem
1321 4392 1472 4441 esse
1522 4392 1764 4440 verum
1794 4374 2033 4439 Deum.
2074 4392 2108 4435 «
2146 4369 2419 4440 Pietatis
2453 4391 2709 4441 arcana
2742 4380 3147 4460 perscrutari
