3327 4999
693 295 822 361 2⁴4
1508 314 1589 361 ns
1634 314 1695 361 s.
1748 255 2065 363 eunome
2113 312 2275 362 mm
2776 292 3017 359 MART.
3069 292 3140 358 12

606 396 819 477 varia,
875 396 1058 467 sicut
1102 396 1307 478 nosti,
1360 417 1565 487 saepe
1611 398 1901 488 contigit
1945 398 2341 468 infirmitas.
2395 400 2473 465 Et
2519 395 2579 464 si
2625 393 2756 464 hoc
2802 392 3143 463 fuerinte-

605 484 881 575 xemplo
928 484 1258 566 deterriti,
1312 484 1554 557 nullus
1602 484 1979 567 decaeter0‚
2032 485 2156 572 qui
2203 483 2545 556 Ecclesiae
2592 482 2856 563 militet,
2914 482 3144 573 poterit

604 572 925 642 inveniri.
981 572 1110 643 Sed
1159 571 1542 643 secundum
1596 573 1731 643 loci
1775 574 1927 664 ejus
1973 574 2288 645 ordinem
2336 593 2653 660 quaeque
2697 571 2784 652 ei,
2841 570 2900 639 si
2944 592 3146 641 sanus

603 671 804 740 esset,
842 672 1153 751 poterant
1183 660 1588 732 ministrari:
1624 660 1711 731 de
1749 661 1903 752 ipsa
1938 662 2330 754 exiguitate,
2376 682 2553 747 quae
2581 659 2908 730 eeclesiae
2941 670 3148 748 potest

605 747 940 829 accidere,
994 748 1384 818 fraternitas
1431 761 1572 832 tua,
1623 749 1845 820 divini
1870 749 2449 841 contemplatione
2472 747 2745 837 judicii,
2781 746 3149 838 aegrotanti

607 837 937 927 praebere
984 858 1123 906 non
1170 836 1463 908 desinat.
1525 864 1552 904 »

694 926 731 1012 §
782 929 936 997 25.
999 924 1497 1015 Episcoporum
1533 926 2028 996 venerabilium
2065 924 2279 996 factas
2318 923 2620 1015 propriis
2651 922 2923 994 clericis
2955 943 3151 1012 spon-

608 1012 863 1093 sioneS,
900 1013 1273 1103 Gregorius
1303 1013 1728 1103 Apostolicae
1761 1014 1945 1085 sedis
1974 1014 2499 1084 auctoritatibus
2530 1012 2916 1083 roborabat.
2974 1010 3152 1081 Unde

604 1101 858 1169 Joanni
905 1101 1390 1171 Panormitano
1436 1103 1762 1192 episcopo
1809 1103 2070 1185 scribit,
2116 1103 2378 1172 dicens:
2419 1123 2455 1167 «
2489 1100 2852 1191 Implenda
2883 1119 3149 1190 semper

607 1200 771 1259 sunt
823 1188 1324 1280 postulantium
1373 1189 1740 1271 desideria,
1791 1191 2060 1292 quoties
2106 1190 2226 1260 illa
2279 1200 2685 1281 poscuntur,
2737 1210 2917 1275 quae
2967 1210 3008 1257 a
3046 1209 3150 1256 ra-

608 1276 792 1346 tione
839 1299 977 1347 non
1027 1276 1325 1347 deviant.
1380 1283 1460 1347 Et
1505 1278 1658 1348 ideo
1712 1301 1879 1366 qu1a
1923 1279 2266 1366 quaedam
2314 1276 2642 1367 capitula,
2704 1298 2883 1363 quae
2930 1297 3151 1345 serva·

609 1376 841 1434 turum
893 1377 956 1434 te
1003 1365 1275 1435 clericis
1336 1366 1475 1437 tuis
1525 1368 1919 1457 petentibus
1973 1365 2398 1457 promisisti,
2453 1377 2688 1434 nostra
2735 1366 2822 1435 ab
2892 1364 2995 1434 eis
3040 1385 3151 1454 po-

607 1452 907 1524 stulatur
964 1454 1368 1523 auctoritate
1433 1454 1747 1535 firmari;
1809 1454 2305 1524 fraternitatem
2374 1466 2564 1523 tuam
2628 1453 2740 1522 his
2800 1453 3152 1522 hortamur

605 1540 953 1620 affatibus,
995 1553 1074 1611 ut
1119 1562 1222 1622 ea,
1278 1564 1457 1629 quae
1524 1543 1911 1633 praesentia
1975 1543 2234 1633 scripta
2278 1541 2656 1620 continent,
2714 1540 2869 1610 sine
2929 1540 3155 1625 aliqua

607 1628 854 1698 debeat
899 1627 1358 1719 refragatione
1414 1652 1707 1701 servare.
1763 1631 2069 1701 Primum
2104 1684 2120 1711 ,
2171 1641 2251 1699 ut
2294 1629 2382 1698 de
2430 1628 2767 1698 reditibus
2833 1628 3153 1698 ecclesiae

610 1727 933 1803 quartam
980 1716 1052 1786 in
1114 1717 1380 1818 integro
1430 1719 1812 1808 portionem
1853 1718 2182 1789 ecclesiae
2228 1730 2387 1788 tuae
2434 1716 2726 1788 clericis.
2768 1716 3148 1786 secundum

613 1804 941 1874 meritum
975 1805 1080 1874 vel
1121 1804 1429 1875 officium
1466 1806 1608 1877 sive
1658 1807 1961 1877 laborem
2012 1827 2245 1887 suum,
2286 1818 2363 1875 ut
2405 1806 2554 1905 ipse
2584 1804 2970 1891 unicuique
2998 1803 3152 1872 dare

606 1914 769 1982 pros
821 1892 1066 1974 exeris,
1121 1894 1271 1963 sine
1316 1892 1551 1980 aliqua
1600 1897 1927 1984 praebere
1974 1895 2226 1965 debeas
2276 1893 2614 1962 tarditate.
2670 1897 2760 1962 De
2798 1893 2930 1963 hoc
2982 1911 3151 1969 vero,

611 2001 751 2067 quo
849 2002 930 2048 ex
977 1980 1290 2050 fidelium
1341 1983 1688 2052 oblatione
1724 1983 2110 2063 accesserit,
2150 1981 2387 2051 itidem
2419 1992 2736 2068 quartam
2788 1994 3052 2071 partem
3089 1978 3152 2045 in

615 2067 862 2137 solidis
909 2068 1012 2137 vel
1061 2069 1340 2140 cellario
1386 2071 1510 2151 εἰς,
1535 2072 1736 2162 Juxta
1785 2072 2146 2161 pristinam
2186 2070 2788 2149 consuetudinem,
2824 2069 2994 2138 dare
3024 2086 3154 2135 non

614 2156 919 2226 differas
975 2157 1265 2245 Reliqua
1298 2171 1525 2228 autem
1578 2160 1862 2230 mobilia
1909 2159 2146 2228 omnia
2183 2158 2252 2226 in
2296 2169 2413 2226 tua
2460 2157 2755 2227 retineas
2804 2167 3149 2247 potestate:

612 2244 1000 2314 immobilia
1049 2258 1300 2315 cuncta
1347 2247 1831 2318 ecclesiasticis
1879 2247 2214 2317 reditibus
2260 2256 2746 2336 aggregentur:
2803 2258 2887 2315 ut
2936 2241 3159 2313 multi-

603 2332 859 2489 ΕΙίοᾶῑει
915 2334 1296 2420 quantitate
1341 2335 1752 2406 clericorum
1803 2348 2080 2405 tuorum
2129 2334 2399 2415 usibuS‚
2439 2339 2570 2403 Deo
2615 2333 2972 2423 largiente,
3010 2354 3161 2428 pr03·

656 2422 863 2490 ciant.
917 2422 1381 2492 Tabellarium
1422 2435 1652 2492 autem
1703 2445 1846 2493 una
1895 2445 2056 2492 cum
2105 2443 2450 2492 consensu
2500 2422 2851 2492 seniorum
2889 2433 2956 2491 et
3001 2419 3158 2489 cleri

602 2510 1005 2580 memineris
1034 2511 1529 2594 ordinandum,
1564 2512 1687 2598 qui
1720 2511 1924 2582 annis
1955 2511 2278 2601 singulis,
2313 2509 2396 2579 ad
2432 2510 2937 2601 amputandam
2975 2509 3155 2578 frau-

602 2597 712 2668 dis
759 2599 1253 2689 suspicionem,
1308 2599 1708 2670 solemniter
1754 2622 1918 2672 suas
1963 2599 2208 2669 debeat
2254 2598 2553 2668 rationes
2599 2620 2963 2689 exponere.
3011 2597 3159 2665 Vin-

602 2686 993 2755 demiarum
1041 2708 1198 2757 vero
1247 2696 1553 2777 tempore
1624 2687 1808 2757 idem
1857 2688 2085 2759 clerus
2131 2686 2406 2756 emendi
2457 2686 2696 2755 vinum
2747 2686 2836 2756 de
2887 2706 3150 2777 posses—

602 2774 919 2844 sionibus
965 2775 1294 2845 ecclesiae
1341 2787 1498 2845 tuae
1545 2776 1633 2846 ad
1681 2777 1873 2867 justa
1931 2775 2188 2868 pretia,
2237 2774 2651 2862 inquantum
2713 2773 3153 2843 vendendum

602 2874 727 2943 est,
783 2862 1167 2931 remedium
1234 2877 1722 2950 consequatur.
1765 2869 1932 2933 Nam
1983 2864 2150 2934 satis
2205 2875 2446 2932 contra
2493 2862 2832 2933 rationem
2883 2874 3014 2942 est,
3084 2865 3158 2928 ut

601 2948 788 3037 quod
840 2960 1061 3039 potest
1096 2952 1437 3020 extraneis
1494 2952 1905 3033 venundari,
1960 2950 2233 3022 clericis
2278 2950 2438 3020 dato
2486 2950 2703 3051 pretio
2757 2951 3155 3042 denegetur.

602 3037 1078 3108 Possessiones
1144 3039 1357 3129 igitur
1420 3038 1522 3109 vel
1569 3040 1626 3109 si
1678 3062 1816 3127 qua
1864 3052 2029 3110 sunt
2074 3039 2212 3109 alia
2258 3039 2737 3109 Ecclesiastico
2775 3040 2930 3129 juri
2979 3056 3159 3108 com-

603 3125 928 3215 petentia,
981 3137 1047 3195 et
1095 3126 1184 3195 ab
1230 3127 1571 3198 extraneis
1620 3127 1924 3198 indebite
1977 3128 2395 3206 detinentur,
2439 3147 2602 3197 cum
2651 3127 2847 3196 omni
2897 3124 3151 3201 studi0,

602 3225 868 3283 servata
899 3214 1244 3287 civilitate.
1282 3214 1354 3283 in
1394 3215 1517 3305 jus
1563 3216 1894 3286 ecclesiae
1925 3225 2084 3285 tuae
2130 3236 2451 3304 reparare
2499 3213 2769 3294 festina,
2811 3227 2891 3284 ut
2943 3210 3159 3303 negli-

602 3323 774 3392 gens
820 3300 893 3369 in
942 3302 1178 3389 ailquo
1223 3302 1440 3373 videri
1507 3325 1643 3374 non
1707 3303 1960 3373 valeaS.
2031 3304 2100 3373 si
2153 3302 2322 3389 quid
2378 3323 2537 3371 vero
2585 3301 2672 3371 de
2715 3317 3161 3389 quocumque

603 3389 856 3459 clerico
900 3390 983 3459 ad
1040 3411 1244 3462 aures
1286 3402 1438 3461 tuas
1480 3392 1883 3481 pervenerit,
1921 3391 2107 3478 quod
2156 3403 2221 3461 te
2260 3391 2450 3480 juste
2503 3389 2721 3480 possit
2779 3389 3152 3464 offendere,

602 3476 805 3547 facile
853 3500 989 3547 non
1039 3478 1317 3559 credas,
1377 3501 1501 3549 nec
1550 3481 1639 3549 ad
1688 3480 2060 3550 vindictam
2116 3490 2178 3548 te
2224 3500 2334 3548 res
2379 3478 2712 3548 accendat
2758 3476 3157 3568 incognita:

603 3563 721 3637 sed
772 3566 1254 3656 praesentibus
1298 3567 1628 3638 ecclesiae
1676 3580 1833 3638 tuae
1885 3567 2298 3648 senioribus,
2351 3565 2722 3657 diligenter
2765 3578 2869 3636 est
2914 3564 3157 3660 veritas

602 3655 1143 3744 perscrutanda:
1201 3667 1267 3725 et
1326 3667 1488 3725 tunc
1556 3656 1617 3726 si
1672 3656 1971 3742 qualitas
2028 3655 2126 3725 rei
2188 3655 2615 3746 poposcerit.
2669 3654 3015 3724 canonica
3058 3649 3159 3719 dt-

603 3742 867 3813 strictio
914 3743 1194 3834 culpam
1241 3742 1439 3813 feriat
1477 3744 1966 3832 delinquentis.
2007 3748 2189 3813 Haec
2224 3743 2453 3831 itaque
2482 3742 2720 3812 omnia
2752 3743 2853 3814 sic
2899 3739 3165 3811 solicite

600 3852 681 3899 ac
731 3845 1088 3903 mansuete
1137 3831 1351 3903 studii
1400 3832 1501 3902 tui
1541 3835 1631 3902 sit
1678 3833 2050 3913 custodire,
2086 3835 2431 3919 quatenus
2465 3852 2591 3901 nec
2638 3843 2714 3901 tu
2760 3827 3166 3922 promissio·

602 3919 715 3989 nis
763 3932 920 3989 tuae
967 3919 1265 3990 videaris
1331 3920 1701 3991 immemor
1745 3921 2092 4001 extitisse,
2167 3941 2289 3989 nec
2337 3919 2440 3989 illi
2478 3919 2743 4011 justam
2789 3929 3040 3989 contra
3102 3925 3163 3983 te

572 4007 1028 4094 ‘occasionem
1082 4008 1395 4079 invenire
1447 4008 1720 4080 valeant
1767 4008 2286 4079 murmurandi.
2327 4031 2363 4075 »

690 4097 727 4183 ξ
791 4101 954 4167 28.
1008 4101 1391 4187 Purgantes
1440 4118 1512 4167 se
1559 4120 1601 4168 a
1645 4097 1941 4168 crimine
1987 4095 2363 4187 cujuslibet
2407 4093 2737 4177 haeresis,
2791 4090 3170 4185 Gregorius

600 4203 742 4251 non
791 4182 1016 4253 solum
1070 4184 1467 4275 recipiebat,
1524 4185 1738 4255 immo
1785 4186 1994 4255 etiam
2037 4184 2421 4256 catholicos
2467 4183 2887 4254 declarabat.
2975 4177 3174 4250 Unde

599 4271 855 4340 Joanni
903 4272 1657 4363 Constantinopolitano
1704 4274 1938 4363 episco
1991 4294 2031 4342 o
2081 4273 2343 4352 scribit,
2389 4272 2650 4341 dicens:
2687 4295 2724 4338 «
2760 4270 2961 4340 Sicut
3008 4268 3168 4337 hae·

601 4359 973 4431 reticorum
1045 4361 1350 4451 pravitas
1411 4360 1554 4431 zelo
1635 4374 1858 4431 rectae
1949 4362 2087 4432 idei
2153 4359 2677 4451 comprimenda
2710 4414 2726 4441 ‚
2802 4357 2905 4426 ita
2973 4375 3168 4425 verae
