3327 4999
246 344 493 410 MART.
547 346 632 410 20
941 364 1021 410 nn
1069 365 1125 412 s.
1180 365 1551 415 vomam-mo
1597 366 1797 415 ssrlsc.
1853 366 2077 415 sitnon.
2567 349 2695 415 375

248 447 862 539 ingurgitarentur.
917 449 1158 518 Aderat
1204 471 1504 537 namque
1534 452 1619 520 ad
1651 451 2121 542 spectaculum
2171 451 2536 522 infandum
2588 474 2785 543 prae-

245 537 431 606 fatus
476 536 617 604 dux
664 536 1064 607 incredulus
1110 561 1271 607 cum
1320 539 1687 609 innumera
1734 543 1936 611 turba
1983 541 2382 630 gentilium:
2439 541 2555 610 sed
2591 541 2785 610 nulla

245 625 750 782 compassionis
799 627 1014 715 pietas
1048 626 1150 695 vel
1201 627 1588 697 miserantis
1648 629 1953 710 affectuS‚
2007 629 2162 715 ejus
2208 651 2489 700 saxeum
2543 641 2781 719 pectus

244 713 558 784 emolire
604 715 843 800 quivit.
899 719 1100 784 Sacer
1146 738 1301 786 vero
1349 717 1769 787 vulfrannus
1817 717 2116 808 pontifex
2162 740 2276 787 eos
2311 719 2443 787 sibi
2473 718 2788 806 vitaeque

248 803 495 872 donari
536 804 841 893 rogabat,
896 803 1133 874 dicens
1181 826 1318 873 non
1353 827 1502 876 esse
1540 806 1806 895 justum
1841 806 1925 875 de
1973 807 2374 877 hominibus
2408 806 2491 875 ad
2536 806 2782 898 imagi—

245 913 408 961 nem
461 892 578 961 Dei
628 892 847 969 factis,
902 892 1145 962 ludum
1196 894 1500 964 exhiberi
1555 895 2035 965 daemonibus,
2108 902 2296 965 Tunc
2364 895 2504 964 dux
2561 894 2786 966 incre—

247 980 501 1050 dulus:
558 982 668 1049 «si
718 985 893 1050 Deus
934 993 1118 1060 tuus,
1162 982 1409 1070 inquit,
1447 984 1756 1054 Christus
1802 1006 1917 1053 eos
1964 984 2048 1052 de
2099 985 2436 1073 praesenti
2478 984 2784 1075 periculo

245 1069 658 1149 liberaverit,
712 1071 864 1159 ejus
909 1092 1024 1140 eos
1087 1070 1392 1141 dominio
1455 1072 1785 1163 perpetim
1850 1073 2191 1153 concedo,
2263 1072 2486 1160 sitque
2541 1095 2782 1143 eorum

249 1164 452 1239 DeuS‚
505 1171 579 1235 et,
618 1159 750 1249 ipsi
776 1159 925 1249 ejus
954 1161 1343 1249 perenniter
1374 1161 1622 1231 servi.»
1657 1167 1846 1230 Tunc
1898 1166 1961 1230 S.
1999 1162 2297 1252 pontifex
2331 1160 2775 1230 vulfrannus:

247 1248 716 1327 «Secundum,
753 1247 1000 1334 inquit,
1030 1259 1225 1318 tuum
1250 1250 1669 1350 promissum
1698 1250 1886 1319 fiat.»
1909 1253 2154 1319 Orante
2180 1262 2407 1319 autem
2434 1271 2513 1318 eo
2547 1251 2779 1319 Domi-

248 1359 449 1416 num,
485 1336 748 1405 concite
783 1336 1071 1406 rheuma
1098 1360 1312 1407 marts
1357 1338 1427 1407 in
1479 1339 1692 1408 altum
1731 1361 1800 1407 se
1831 1338 2197 1429 subrigens
2226 1338 2616 1420 cumulum,
2658 1343 2785 1407 Do-

248 1425 441 1495 mino
478 1425 789 1515 jubente,
824 1425 1252 1515 praedictum
1290 1427 1517 1498 subito
1567 1427 1865 1496 reddidit
1912 1428 2135 1496 locum
2189 1427 2487 1508 aridum,
2520 1426 2591 1496 in
2640 1448 2778 1513 quo

244 1515 520 1585 stabant
557 1514 974 1594 innocentes,
1029 1516 1099 1583 in
1158 1516 1468 1605 proximo
1526 1518 1867 1585 morituri.
1929 1517 2173 1603 Sicque
2229 1520 2294 1585 S.
2345 1515 2645 1605 pontifex
2694 1516 2781 1585 de

242 1602 517 1673 Domini
567 1603 813 1693 pietate
859 1603 1031 1673 fisus
1062 1657 1077 1679 .
1142 1626 1330 1673 more
1377 1606 1675 1695 Apostoli
1723 1605 1940 1686 Petri,
2012 1605 2097 1674 ad
2149 1603 2515 1673 Dominum
2571 1626 2782 1694 super

243 1714 461 1777 aquas
504 1692 857 1773 venientis,
903 1714 1112 1782 super
1155 1693 1383 1769 undas
1409 1694 1621 1765 maris
1652 1692 2054 1773 ambulavit,
2096 1692 2590 1784 aspicientibus
2618 1713 2784 1783 gen-

244 1780 469 1850 tilium
522 1780 791 1862 turmiS‚
857 1780 1074 1850 donec
1122 1781 1207 1850 ad
1261 1782 1642 1871 praedictos
1692 1783 2020 1873 puerulos
2067 1782 2494 1872 perveniens.
2558 1803 2779 1851 unum

244 1891 458 1938 manu
505 1868 802 1950 dextera,
856 1869 1208 1956 aliumque
1256 1870 1534 1940 sinistra
1587 1872 2137 1962 apprehendens,
2175 1870 2430 1961 plantis
2477 1880 2781 1941 tantum-

241 1957 448 2027 modo
473 1960 653 2044 aqua
675 1957 929 2040 tinctis,
960 1959 1160 2045 quasi
1196 1981 1406 2049 super
1436 1960 1731 2029 humum
1767 1960 2089 2051 gradiens
2117 1960 2396 2040 siccam,
2431 1957 2529 2028 sic
2561 1980 2779 2045 aquas

240 2047 457 2115 maris
504 2046 804 2139 calcanS,
841 2069 1093 2147 pueros
1141 2047 1501 2138 praefat05‚
1541 2053 1673 2117 Deo
1721 2048 2042 2130 donante,
2081 2048 2166 2117 dc
2192 2047 2499 2138 periculo
2526 2047 2780 2138 eripuit

242 2135 509 2216 morti5‚
545 2147 611 2204 et
668 2136 858 2204 flenti
906 2136 1111 2205 matri
1166 2135 1466 2205 reddidit
1524 2136 1929 2218 incolumeS,
1965 2159 2044 2206 ac
2104 2158 2298 2207 sacro
2344 2135 2432 2204 ba
2485 2135 2777 2207 tismatis

241 2222 427 2293 fonte
474 2224 809 2305 abluenS,
874 2224 1000 2293 uni
1047 2246 1296 2294 nomen
1347 2248 1553 2295 suum
1603 2225 1956 2315 imposuit,
2010 2248 2051 2293 a
2096 2247 2232 2312 quo
2280 2247 2416 2314 apu
2515 2223 2778 2293 incolas

242 2313 605 2382 Frisonum
650 2312 777 2381 hoc
826 2324 1091 2382 nomen
1123 2314 1392 2383 enituit.
1457 2318 1603 2396 Quo
1650 2314 1793 2383 viso
1835 2314 2194 2394 miraculo,
2256 2312 2559 2402 plurima
2606 2334 2774 2403 gen-

242 2400 469 2469 tilium
522 2400 893 2471 multitudo
925 2424 1254 2472 conversa
1298 2413 1401 2471 est
1446 2403 1532 2471 ad
1585 2403 1977 2484 Dominum,
2015 2401 2518 2488 credebantque
2550 2415 2616 2471 et
2659 2402 2777 2470 ba-

245 2489 697 2580 ptizabantur,
784 2504 1068 2577 uotquot
1098 2491 1560 2583 praeordinati
1607 2504 1801 2560 erant
1849 2491 1934 2560 ad
1984 2491 2216 2561 vitam.

335 2581 372 2666 ξ
435 2583 515 2650 S.
568 2584 692 2648 Pra
765 2590 917 2651 atus
949 2593 1176 2664 autem
1215 2582 1536 2671 princeps
1593 2580 1989 2662 Radbodus,
2045 2602 2205 2650 curn
2255 2579 2339 2648 ad
2390 2578 2777 2669 percipien—

246 2665 415 2735 dum
463 2668 805 2769 baptisma
833 2669 1279 2750 imbueretur,
1322 2670 1849 2761 percontabatur
1882 2693 1922 2739 a
1969 2681 2204 2739 sancto
2250 2669 2480 2759 episco
2534 2689 2572 2736 o
2618 2667 2779 2737 Vul-

243 2753 509 2836 franno,
538 2758 953 2845 juramentis
1001 2780 1158 2827 eum
1210 2781 1331 2849 per
1378 2781 1629 2829 nomen
1679 2758 1951 2828 Domini
1998 2758 2412 2847 astringens,
2448 2779 2493 2825 u
2549 2756 2776 2825 iesset

239 2866 461 2934 major
508 2868 840 2916 numerus
888 2869 1130 2936 regum
1196 2859 1259 2916 et
1326 2848 1722 2937 principum
1786 2870 1909 2917 seu
1975 2846 2311 2917 nobilium
2365 2845 2587 2935 gentis
2637 2843 2778 2913 Fri-

236 2955 514 3016 sonum,
561 2935 630 3003 in
665 2934 785 3003 illa
832 2935 1143 3006 videlicet
1189 2935 1457 3006 coelesti
1491 2936 1792 3026 regione,
1833 2958 2044 3022 quam
2095 2936 2154 3007 si
2201 2934 2505 3005 crederet
2547 2945 2611 3002 et
2651 2933 2776 3001 ba—

234 3023 629 3112 ptizaretur,
675 3037 1160 3114 percepturum
1211 3048 1283 3096 se
1331 3025 1803 3113 promittebat:
1857 3047 1944 3093 an
2000 3025 2064 3092 in
2117 3047 2219 3105 ea,
2260 3045 2471 3110 quam
2505 3021 2777 3092 dicebat

233 3124 600 3180 tartaream
654 3112 1028 3202 regionem.
1084 3119 1271 3183 Tunc
1319 3120 1389 3183 B.
1436 3113 1896 3182 Vulsrannus:
1952 3113 2185 3194 «Noli,
2244 3111 2493 3199 inquit,
2547 3133 2777 3180 errare

233 3199 491 3288 inclyte
539 3200 882 3291 princeps.
917 3202 1111 3291 Apud
1163 3207 1372 3271 Deum
1423 3215 1651 3271 certus
1699 3213 1802 3271 est
1832 3223 2165 3272 numerus
2200 3222 2482 3271 suorum
2533 3200 2778 3269 electo-

233 3310 419 3357 rum.
456 3294 623 3358 Nam
673 3290 1229 3379 praedecessores
1264 3301 1414 3360 tuos
1447 3291 1796 3381 principes
1835 3291 2058 3380 gentis
2086 3290 2447 3359 Frisonum
2480 3288 2778 3377 quisine

232 3377 564 3467 baptismi
614 3391 1041 3448 sacramento
1088 3379 1549 3458 decesserunt,
1590 3391 1853 3449 certum
1902 3391 2005 3449 est
2051 3378 2515 3448 damnationis
2546 3399 2777 3447 susce-

234 3467 422 3556 pisse
468 3468 902 3536 sententiam.
957 3468 1086 3550 Qui
1134 3490 1290 3537 vero
1339 3467 1592 3537 abhinc
1620 3466 1990 3537 crediderit
2021 3480 2087 3537 et
2118 3466 2505 3558 baptizatus
2539 3465 2769 3546 fuerit,

231 3576 392 3624 curn
446 3555 708 3626 Christo
802 3556 1082 3627 audebit
1130 3556 1606 3640 ingaeternum.
1638 3579 1672 3623 »
1722 3562 1903 3625 Haec
1953 3556 2243 3625 audiens
2273 3556 2414 3624 dux
2454 3553 2779 3624 incredu-

233 3642 346 3712 lus
424 3649 588 3714 Nam
621 3645 703 3712 ad
764 3657 991 3714 ontem
1043 3657 1485 3736 processerat,
1523 3656 1600 3713 ut
1631 3645 1910 3734 ferunt),
1956 3667 1997 3713 a
2042 3644 2226 3713 fonte
2275 3643 2518 3733 pedem
2565 3655 2780 3712 retra·

228 3732 350 3813 xit,
441 3733 628 3803 icens
659 3755 793 3802 non
845 3757 915 3805 se
963 3756 1195 3804 carere
1227 3756 1424 3825 posse
1447 3733 1792 3803 consortio
1832 3733 2437 3823 praedecessorum
2487 3752 2776 3800 suorum

232 3822 599 3891 Frisonum
701 3822 1071 3913 rincipum,
1123 3833 1189 3892 et
1234 3845 1394 3893 cum
1447 3844 1656 3912 parvo
1706 3844 2090 3912 pauperum
2142 3841 2432 3890 numero
2479 3819 2780 3889 residere

227 3911 303 3979 in
354 3910 641 3980 illo‘coe
671 3910 796 3980 esti
846 3933 1079 4002 regno.
1135 3911 1310 3994 Quin
1353 3910 1769 4001 potiusnon
1819 3931 2022 4001 posse
2069 3908 2269 3978 facile
2327 3909 2524 3978 novis
2573 3908 2779 3978 dictis

231 4021 595 4070 assensum
644 4000 1009 4091 praebere:
1080 4001 1196 4072 sed
1267 4000 1495 4090 potius
1553 4020 2090 4089 permansurum
2158 4019 2231 4067 se
2291 3998 2359 4067 in
2429 3998 2536 4067 his
2599 4018 2780 4083 quae

233 4088 451 4158 multo
502 4100 804 4180 tempore
846 4110 1007 4159 cum
1055 4088 1243 4159 omni
1285 4088 1649 4158 Frisonum
1702 4099 1902 4177 gente
1949 4098 2353 4158 servaverat.
2390 4091 2466 4157 At
2494 4092 2566 4155 B.
2607 4108 2778 4177 pon-

235 4174 425 4246 tifex:
480 4182 673 4248 «Heu
721 4177 1141 4268 prohdolor,
1177 4177 1424 4265 inquit,
1464 4177 1836 4267 ,deceptum
1867 4187 1929 4246 te
1953 4175 2149 4245 video
2197 4198 2237 4246 a
2270 4175 2627 4247 seductore
2651 4174 2773 4263 qui

233 4261 619 4336 humanum
669 4267 923 4358 decipit
970 4289 1210 4358 genus.
1254 4266 1381 4337 Sed
1431 4265 1566 4334 nisi
1614 4265 2105 4356 poenitentiam
2140 4265 2384 4356 egeris,
2438 4278 2504 4335 et
2550 4264 2772 4334 credi-

236 4351 458 4436 deris,
521 4367 588 4425 et
647 4355 717 4424 in
786 4357 1065 4425 nomine
1129 4355 1477 4424 Trinitatis
1523 4355 1906 4445 baptizatus
1953 4353 2188 4436 fueris,
2232 4355 2522 4444 januam
2571 4351 2769 4443 regni

236 4443 555 4531 perennis
594 4466 730 4515 non
781 4444 1095 4527 intrabiS‚
1130 4444 1248 4515 sed
1297 4455 1611 4514 aeternae
1643 4443 2107 4533 damnationis
2134 4446 2355 4534 poena
2376 4441 2764 4533 plecteris.»
2839 4525 2844 4530 .
