3327 4999
710 314 835 380 ⁴24
1525 329 1606 376 nr:
1654 327 1711 375 s.
1766 322 2080 373 caccomo
2128 326 2291 373 ΡΑΡΑ
2790 308 3034 373 MART.
3083 308 3153 374 ⁴2

619 409 1002 481 nobilitatis
1050 408 1308 478 lineam
1358 406 1496 497 piis
1544 406 1859 477 moribus
1887 405 2150 488 extulit,
2190 405 2427 495 probis
2465 406 2734 476 actibus
2781 406 3150 476 exornavit:

614 499 785 570 adeo
831 509 912 569 ut
950 494 1308 589 praesagio
1351 495 1652 582 quodam
1704 499 1957 565 Graece
2004 505 2310 578 ypeyopioo‚
2363 494 2551 582 quod
2591 494 2827 565 Latine
2872 495 3155 585 Viyilari-

617 591 754 657 tius
798 589 1095 664 resonat,
1137 594 1514 654 vocaretur.
1554 589 1724 654 Nam
1773 594 1958 658 recta
2005 607 2184 676 quae
2208 584 2542 654 docturus
2580 595 2749 665 erat,
2783 582 2955 651 dum
3000 581 3155 651 vivis

614 674 943 766 operibus
997 671 1437 763 adimplevit,
1506 671 1925 762 sibimetipsi
1986 676 2228 763 utique
2276 693 2349 742 se
2407 671 2472 740 vi
2527 671 2731 741 ilasse
2788 670 3152 760 perdocuit.

613 767 791 833 Dum
839 782 998 831 vero
1028 772 1210 830 recta
1238 782 1417 847 quae
1461 758 1778 841 faciebat,
1814 759 2126 834 docendo
2158 780 2434 850 quoque
2518 758 2817 841 isseruit,
2855 758 3161 850 vigilasse

611 871 889 938 quoque
934 848 1389 939 dignoscitur,
1435 869 1583 918 non
1617 848 1843 918 solum
1894 852 2051 932 sibi,
2106 850 2227 920 sed
2260 860 2325 918 et
2357 846 2575 918 futuri
2625 846 2956 948 temporis
2985 846 3161 946 Chri-

612 939 883 1008 stianis.
939 936 1295 1024 Siquidem
1334 936 1610 1006 inerant
1653 937 1717 1004 ei
1766 936 1836 1004 in
1888 950 2122 1010 tenera
2171 947 2389 1007 aetate
2436 949 2713 1005 matura
2749 956 2902 1092 {am
2949 934 3165 1005 studia

610 1040 679 1096 et
714 1025 1087 1095 auditurus
1133 1024 1510 1115 incognita,
1564 1024 1908 1115 religiosis
1937 1028 2224 1098 senibus
2264 1022 2632 1114 indagator
2679 1046 2755 1093 so
2787 1023 3161 1095 ertissimus

613 1113 1068 1184 adhaerebat:
1122 1124 1539 1204 sumptaque
1571 1112 1926 1185 doctrinae
1965 1116 2254 1193 semina,
2309 1112 2535 1182 tenaci
2573 1111 2910 1182 memoria
2960 1111 3164 1181 rumi-

613 1202 851 1272 nanda
896 1222 1072 1289 quae
1110 1213 1266 1291 post
1324 1202 1390 1269 in
1442 1200 1742 1291 populos
1791 1202 2050 1274 mellito
2097 1201 2515 1272 declamaret
2579 1210 2880 1290 gutture,
2926 1220 3162 1289 conge-

613 1291 830 1360 rebat.
894 1290 1198 1375 Denique
1243 1288 1490 1359 docilis
1555 1288 1979 1374 adolescens,
2032 1311 2194 1361 cum
2255 1290 2666 1359 transmisso
2714 1287 3163 1357 communiter

615 1379 793 1468 stylo
841 1376 1190 1468 surgentis
1237 1375 1593 1459 infantiae,
1649 1377 1734 1446 ad
1787 1379 2054 1449 bivium
2113 1376 2606 1468 Pythagoricae
2656 1375 2896 1446 literae
2943 1396 3163 1466 perve-

615 1467 881 1547 nisset,
934 1465 1417 1535 incunctanter
1484 1465 1848 1535 sinistrum
1925 1466 2269 1537 tramitem
2318 1487 2482 1536 cum
2556 1463 2773 1535 seculi
2836 1464 3165 1555 voluptate

613 1554 1004 1642 relinquere
1049 1564 1117 1622 et
1161 1552 1247 1623 ad
1299 1553 1618 1623 dextrum
1657 1555 1885 1645 coepit
1933 1577 2100 1625 cum
2147 1553 2424 1624 coelesti
2484 1552 2827 1622 desiderio
2877 1554 3041 1624 totis
3084 1552 3164 1620 vi·

612 1643 809 1711 ribus
857 1639 1205 1711 anhelare.
1262 1641 1390 1711 Sed
1438 1641 1610 1710 dum
1640 1643 2112 1714 conversionis
2161 1662 2330 1713 suae
2361 1641 2657 1731 gratiam
2689 1640 2976 1730 longius
3027 1641 3163 1731 prb-

612 1730 916 1811 trahenS,
970 1729 1190 1799 tutius
1236 1752 1310 1799 se
1340 1729 1606 1798 Christo
1652 1729 2156 1801 famulaturum
2208 1741 2503 1820 putaret,
2558 1729 2620 1798 si
2668 1729 2799 1798 sub
2843 1727 3164 1819 praetoris

611 1817 867 1888 urbani
926 1817 1169 1886 habitu
1230 1816 1493 1886 mundo
1542 1818 1976 1908 specietenus
2024 1818 2442 1899 deserviret,
2507 1828 2887 1906 coeperunt
2965 1815 3167 1886 multa

612 1918 855 1976 contra
899 1927 1060 1975 eum
1109 1926 1190 1975 ex
1236 1905 1548 1993 ejusdem
1579 1907 1799 1977 seculi
1846 1909 2018 1978 cura
2066 1927 2526 1978 succrescere:
2562 1905 2655 1974 ita
2704 1917 2783 1974 ut
2818 1927 2964 1974 non
3004 1906 3163 1996 Jam,

614 1993 796 2064 sicut
841 2004 1316 2084 proposuerat,
1356 1993 1603 2083 specie,
1650 1995 1770 2065 sed
1818 1995 1888 2066 in
1922 2017 2002 2065 eo
2052 1994 2460 2064 retineretur
2505 2004 2571 2063 et
2620 2003 2872 2063 mente.

704 2089 743 2164 ἓ
798 2087 885 2153 2.
940 2081 1244 2151 Tandem
1295 2093 1485 2171 patre
1532 2083 1853 2166 orbatuS,
1906 2082 2029 2154 ubi
2078 2082 2370 2154 liberam
2418 2081 3026 2172 disponendarum
3075 2101 3170 2149 re·

615 2191 773 2238 rum
824 2189 1112 2239 suarum
1164 2180 1409 2239 nactus
1456 2182 1557 2239 est
1604 2169 2026 2251 facultatem,
2064 2193 2178 2241 sex
2224 2169 2643 2240 monasteria
2692 2169 2762 2238 in
2815 2168 3056 2238 Sicilia
3080 2167 3170 2237 fa-

614 2257 918 2340 bricans,
958 2256 1469 2329 sufficientibus
1516 2256 1848 2328 fratribus
1895 2258 2299 2328 cumulavit.
2345 2259 2612 2342 Quibus
2660 2268 2931 2327 tantum
2987 2277 3171 2348 prae·

616 2345 889 2415 diorum
941 2345 1279 2428 contulit,
1331 2358 1672 2432 quantum
1753 2359 1985 2436 posset
2032 2346 2119 2417 ad
2167 2347 2426 2417 victum
2495 2344 2992 2432 quotidianum
3054 2350 3173 2414 Deo

616 2433 762 2503 illic
795 2433 1245 2505 militantium
1294 2433 1445 2503 sine
1494 2432 1878 2525 indigentia
1934 2435 2325 2527 suffragari.
2381 2434 2788 2526 Septimum·
2816 2435 3007 2504 intra
3053 2438 3173 2503 Ro-

614 2544 863 2592 manae
910 2523 1107 2593 urbis
1153 2521 1448 2602 moenia,
1502 2523 1636 2591 sub
1685 2522 1943 2593 honore
2019 2525 2239 2595 sancti
2287 2523 2593 2594 Andreae
2639 2522 2947 2614 Apostoli
2986 2522 3171 2613 juxta

612 2611 975 2683 Basilicam
1025 2621 1422 2681 sanctorum
1452 2610 1743 2679 Joannis
1775 2622 1841 2680 et
1885 2611 2081 2682 Pauli
2120 2612 2203 2681 ad
2255 2611 2511 2682 clivum
2548 2608 2805 2681 Scauri
2837 2621 3173 2680 monaste-

611 2700 797 2768 rium
848 2698 921 2767 in
972 2697 1250 2790 proprio
1294 2697 1568 2767 domate
1615 2696 1996 2770 fabricavit.
2051 2705 2131 2769 In
2179 2721 2359 2787 qu0,
2411 2699 2670 2770 relictis
2718 2699 2964 2771 sericis
3013 2720 3172 2768 auro

612 2786 1047 2888 gemmisque
1121 2784 1556 2857 radiantibus
1603 2787 1804 2887 togiS,
1873 2788 2225 2875 simulque
2287 2787 2841 2878 supellectilibus
2888 2786 3172 2874 reliquis

611 2897 683 2943 m
743 2895 954 2943 usum
1004 2895 1391 2964 pauperum
1446 2887 1769 2965 erogans,
1824 2897 1903 2945 ex
1951 2876 2166 2966 hujus
2211 2876 2461 2947 mundi
2520 2874 2888 2966 naufragio
2946 2875 3174 2946 nudus

612 2962 867 3032 evasit:
919 2960 1181 3048 diuque
1228 2960 1698 3032 desideratum
1766 2964 2258 3034 monachicum
2306 2963 2590 3054 capiens
2647 2963 3167 3040 indumentum,

612 3048 840 3140 primo
889 3050 1020 3120 sub
1069 3049 1486 3139 HylarioniS‚
1543 3050 1578 3085 ¹*
1625 3049 1877 3121 deinde
1923 3052 2055 3121 sub
2090 3051 2488 3122 Maximiani
2521 3051 3027 3121 venerabilium
3063 3071 3176 3141 pa-

613 3149 800 3207 trum
873 3136 1247 3228 regimine,
1301 3137 1542 3208 multis
1591 3137 1727 3208 sibi
1786 3140 2063 3209 sociatis
2120 3139 2475 3222 fratribuS,
2546 3138 2853 3229 regulari
2906 3139 3173 3209 tramite

613 3224 953 3294 militavit.
1008 3230 1165 3296 Post
1213 3247 1394 3307 vem,
1447 3248 1611 3296 cum
1660 3227 1947 3298 subesse
1994 3227 2252 3308 mallet,
2289 3226 2583 3298 fratrum
2621 3228 2845 3297 votiva
2891 3247 3176 3298 concor-

545 3392 550 3395 *
612 3313 730 3382 dia
776 3312 1207 3395 imminente,
1312 3334 1579 3384 raeesse
1627 3336 1765 3384 non
1817 3316 2069 3385 renuit.

702 3404 739 3489 ξ
783 3406 877 3472 3.
931 3406 1089 3471 Erat
1120 3401 1186 3471 ei
1230 3424 1270 3470 a
1323 3401 1651 3472 stinentia
1683 3414 1873 3473 tanta
1918 3403 2261 3484 ciborum,
2309 3401 2643 3475 sedulitas
2689 3401 3089 3472 orationum
3116 3410 3180 3471 et

601 3488 1034 3590 jejuniorum
1065 3544 1081 3571 ‚
1146 3489 1548 3579 studiositas
1608 3501 1751 3561 tam
1814 3490 2203 3562 desiderata
2250 3512 2607 3563 sacrorum
2668 3489 3052 3572 librorum,
3106 3500 3182 3560 ut

610 3577 965 3647 infirmato
1012 3578 1366 3649 stomacho
1415 3578 1841 3660 lassescenS,
1900 3580 2009 3649 vix
2049 3580 2426 3651 subsistere
2522 3578 2939 3657 roculdubio
2984 3577 3177 3647 vide-

610 3677 823 3735 retur.
849 3670 1019 3735 Nam
1049 3689 1213 3737 cum
1233 3665 1534 3754 quodam
1569 3678 1702 3736 tem
1715 3688 1875 3758 pore
1904 3667 2315 3738 incisionem
2343 3668 2479 3738 vita
2511 3667 2658 3737 ium
2688 3688 2901 3755 quam
2935 3664 3179 3738 Graeci

604 3753 851 3823 dicunt
891 3768 1153 3836 ςυγκοῶήν
1182 3809 1201 3834 ,
1262 3766 1628 3846 pateretur,
1663 3755 2063 3843 crebrisque
2119 3757 2465 3847 angustiis
2496 3777 2618 3847 per
2647 3755 2981 3826 horarum
3031 3776 3179 3825 mo-

608 3856 839 3911 menta
885 3841 1209 3913 deficeret
1254 3855 1320 3912 et
1351 3842 1437 3911 ad
1476 3844 1734 3913 exitum
1770 3865 1860 3933 ap
1916 3844 2383 3935 ropinquaret‚
2435 3866 2517 3914 ac
2549 3843 2687 3913 nisi
2733 3864 2897 3913 eum
2932 3842 3180 3913 fratres

604 3929 999 4017 frequenter
1070 3929 1226 4002 cibo
1281 3931 1663 4013 reficerent,
1718 3866 1946 4003 vitalis
1990 3932 2056 4001 ei
2103 3933 2392 4023 spiritus
2461 3930 2781 4003 funditus
2853 3929 3182 4021 intercipi

604 4018 993 4119 videretur,
1050 4018 1398 4109 paschalis
1457 4019 1856 4110 supervenit
1900 4019 2073 4090 dies.
2126 4026 2203 4091 Et
2250 4020 2421 4091 dum
2489 4019 2960 4090 sacratissimo
3008 4020 3175 4111 sab-

602 4106 786 4189 bato,
840 4128 911 4175 m
957 4127 1097 4193 quo
1126 4128 1369 4179 omnes
1414 4108 1622 4178 etiam
1674 4108 1944 4199 parvuli
1995 4109 2192 4199 pueri
2232 4109 2577 4199 je‘unant,
2647 4107 2669 4177 i
2722 4129 2796 4177 se
2844 4107 3183 4199 jejunare

606 4216 746 4264 non
794 4205 1045 4285 posset,
1098 4196 1325 4286 coepit
1369 4196 1529 4286 plus
1585 4218 1895 4267 moerore
1939 4217 2151 4283 quam
2201 4131 2605 4266 infirmitate
2701 4196 2968 4266 eficere.
3024 4200 3180 4264 Mox

606 4284 937 4355 accersito
996 4283 1141 4354 viro
1190 4284 1629 4355 sanctissimo
1694 4283 2084 4355 Eleutherio
2119 4339 2134 4367 ,
2186 4284 2456 4355 dudum
2536 4305 2749 4376 penes
2814 4282 3179 4375 Spoletum

657 4401 685 4429 ¹·
715 4402 820 4443 Non
847 4401 939 4443 sub
965 4400 1223 4450 astu-tone
1248 4401 1468 4450 primum.
1495 4402 1580 4442 ned
1609 4401 1903 4449 valentione.
1931 4402 1987 4443 ut
2018 4402 2180 4443 monet
2207 4402 2458 4443 Batonius.
