3327 4999
118 343 371 409 MART.
423 346 510 411 22
1016 368 1097 418 mi
1146 369 1202 417 s.
1257 371 1375 418 uu
1422 371 1769 420 Annarrssa
2463 357 2594 423 437

168 446 548 548 uod-triste
594 448 822 519 funeri
869 450 1280 540 obsequium
1342 477 1481 524 non
1543 455 1877 527 dedisses.
1945 457 2253 545 Denique
2308 458 2380 527 in
2432 459 2682 530 mediis

149 536 381 606 abulis
428 558 710 607 rursum
744 538 1143 622 didicimus,
1182 543 1513 630 reliquias
1542 546 1694 634 ejus
1723 546 1872 635 jam
1923 547 2181 615 Ostiam
2233 546 2447 616 fuisse
2492 548 2684 618 dela-

120 636 251 724 tas.
297 629 642 725 Quaeras:
697 631 842 709 Quo
890 630 1184 718 pertinet
1217 632 1348 700 ista
1396 632 1801 723 replicatio?
1849 634 2302 724 Respondebo
2351 636 2472 705 tibi
2530 658 2683 706 ver-

118 712 230 782 bis
261 714 930 814 Apostolitiliultum
982 740 1410 807 peromnem
1460 721 1774 791 modum.
1814 723 2121 791 Primum
2173 722 2357 809 quod
2407 723 2684 794 univer-

120 822 360 901 sorum
413 801 690 903 gaudiis
739 805 1218 893 prosequenda
1266 808 1355 877 sit
1402 831 1621 896 quae,
1675 810 1937 880 calcato
1985 810 2286 891 diabolo,
2352 833 2683 881 coronam

107 902 701 991 Jamsecuritatis
747 894 1033 984 accepit.
1075 895 1415 978 Secundo,
1449 909 1526 966 ut
1563 899 1717 988 ejus
1746 898 1883 967 vita
1928 899 2227 969 breviter
2272 900 2676 989 explicetur.

90 983 367 1069 ‘Tert10,
421 990 498 1047 ut
529 977 965 1078 designatum
1002 984 1360 1054 consulem
1397 985 1484 1054 de
1523 987 1672 1057 suis
1714 986 1969 1058 seculis
1999 987 2498 1069 detrahentem,
2534 1009 2686 1059 esse

119 1064 497 1137 doceamus
546 1089 616 1134 in
668 1080 947 1138 tartarO.

208 1155 245 1239 ἓ
300 1159 386 1223 2.
441 1159 519 1223 Et
565 1155 847 1241 quidem
909 1161 1499 1231 conversationem
1558 1167 1726 1231 Leae
1791 1175 2063 1232 nostrae
2110 1163 2269 1250 quis
2318 1164 2534 1254 possit
2581 1164 2686 1234 di-

115 1263 257 1331 gno
298 1241 601 1312 ‘allevare
650 1247 1065 1334 praeconio?
1112 1253 1213 1318 Ita
1245 1272 1393 1318 eam
1433 1263 1639 1319 totam
1690 1251 1775 1319 ad
1827 1251 2195 1321 Dominum
2254 1251 2467 1321 fuisse
2515 1274 2684 1322 con-

113 1350 429 1429 versam,
476 1344 554 1399 ut
629 1335 1030 1432 monasterii
1099 1337 1446 1428 princeps,
1532 1351 1752 1408 mater
1823 1340 2174 1428 virginum
2225 1340 2448 1409 fieret:
2524 1351 2680 1440 post

113 1417 480 1518 mollitiem
517 1434 832 1502 vestium,
887 1444 1085 1493 sacco
1135 1427 1447 1495 membra
1496 1427 1787 1508 trivisse,
1843 1427 2198 1497 insomnes
2247 1428 2680 1499 orationibus

110 1505 398 1605 duxisse
446 1521 790 1609 noctes-et
815 1512 1123 1609 'comites
1157 1536 1319 1583 suas
1354 1515 1513 1604 plus
1547 1537 1734 1584 exem
1793 1515 1858 1584 lo
1898 1516 2218 1586 docuisse
2262 1539 2473 1603 quam
2525 1539 2681 1586 ver-

108 1593 224 1694 bis
262 1593 390 1683 (a).
443 1597 870 1696 Humilitatis
903 1598 1031 1668 fuit
1066 1613 1287 1671 tantae
1327 1615 1604 1690 tamque
1652 1627 1739 1673 su
1782 1603 2024 1691 jectae,
2068 1617 2147 1673 ut
2175 1605 2525 1692 quondam
2560 1605 2681 1674 do-

112 1704 314 1782 mina
350 1682 841 1783 plurimorum,
893 1688 1146 1759 ancilla
1178 1692 1492 1761 omnium
1544 1706 1935 1781 putaretur:
1977 1693 2114 1762 nisi
2146 1693 2327 1779 quod
2375 1716 2454 1763 eo
2489 1693 2680 1763 Chri-

113 1782 206 1839 sti
258 1793 480 1861 magis
527 1786 706 1872 esset
758 1775 1029 1873 ‚ancilla
1063 1831 1078 1857 ‚
1159 1777 1326 1847 dum
1391 1780 1676 1849 domina
1726 1781 2094 1850 hominurn
2156 1804 2292 1850 non
2367 1792 2673 1872 putatur.

110 1859 389 1927 Inculta
424 1871 648 1942 vestis,
710 1862 866 1931 vilis
911 1863 1134 1946 cibuS,
1178 1866 1566 1936 neotectum
1618 1881 1869 1958 caput:
1931 1870 2024 1937 ita
2082 1882 2336 1948 tamen,
2391 1883 2469 1939 ut
2515 1892 2681 1939 cum

110 1947 353 2015 omnia
400 1946 672 2048 faceret,
709 1952 1230 2023 ostentationem
1269 1923 1546 2043 lugeret
1592 1956 2060 2046 singulorum,
2110 1979 2196 2025 ne
2244 1958 2576 2048 reciperet
2607 1957 2678 2025 in

113 2048 463 2125 praesenti
503 2037 772 2137 seculo·
804 2041 1188 2110 mercedem
1252 2065 1477 2112 suam.
1533 2048 1728 2112 Nunc
1776 2044 1989 2133 igitur
2036 2067 2160 2134 pro
2207 2044 2398 2114 brevi
2448 2045 2682 2114 labore

112 2137 395 2223 aeterna
441 2124 869 2195 beatitudine
908 2128 1184 2211 fruitur,
1229 2132 1569 2221 excipitur
1606 2132 2015 2221 angelorum
2064 2132 2318 2213 choriS,
2373 2131 2682 2201 Abrahae

114 2211 391 2282 sinibus
467 2214 868 2283 confovetur
913 2229 1184 2286 etcum
1254 2241 1393 2309 pau
1446 2241 1559 2287 ere
1630 2220 1981 2306 quondam
2043 2224 2330 2301 Lazaro,
2398 2220 2681 2290 divitem

110 2312 580 2454 purpura-tum
634 2315 702 2372 et
748 2324 887 2372 non
940 2305 1385 2396 palmatum(
1432 2308 1458 2393 )
1503 2307 1914 2388 consulem,
1969 2307 2088 2376 sed
2138 2320 2476 2397 atratum,
2531 2307 2680 2378 stil-

143 2409 259 2455 am
295 2387 494 2476 digiti
544 2390 833 2459 minoris
863 2392 960 2481 (c)
991 2395 1210 2463 cernit
1243 2396 1613 2481 inquirere.
1661 2400 1713 2465 Ο
1761 2407 2024 2482 quanta
2068 2417 2302 2466 rerum
2357 2395 2672 2481 mutatio.

112 2474 242 2544 Ille
290 2497 494 2561 quem
539 2491 703 2577 ante
753 2502 1009 2569 paucos
1042 2482 1191 2552 dies
1239 2483 1654 2574 dignitatum
1688 2484 2005 2553 omnium
2038 2483 2350 2554 culmina
2399 2507 2680 2585 praece-

109 2563 392 2663 debant3
436 2587 556 2651 qui
603 2568 804 2653 quasi
860 2568 945 2638 de
978 2571 1309 2659 subjectis
1351 2574 1663 2642 hostibus
1719 2572 1928 2642 trium
1988 2573 2202 2652 haret,
2257 2572 2677 2661 Capitolinas

92 2652 425 2722 ‘ascendit
461 2676 654 2753 arces
700 2677 908 2741 quem
963 2657 1212 2747 plausu
1258 2662 1561 2746 quodam
1609 2674 1675 2729 et
1720 2661 1901 2750 tripu
1959 2661 2021 2729 io
2072 2660 2376 2751 populus
2430 2666 2679 2729 Roma-

110 2762 252 2809 nus
288 2755 572 2831 excepit,
627 2743 713 2811 ad
754 2746 958 2834 cujus
996 2746 1344 2817 interitum
1377 2750 1548 2818 urbs
1585 2749 1912 2818 universa
1940 2762 2284 2819 commota
2322 2759 2448 2830 est,
2490 2769 2678 2816 nunc

110 2827 464 2927 desolatus
510 2842 574 2898 et
605 2830 861 2912 nudus,
919 2855 1052 2902 non
1095 2836 1165 2903 in
1206 2841 1416 2906 lacteo
1465 2841 1639 2906 coeli
1674 2839 1965 2928 palatie,
2021 2848 2098 2906 ut
2132 2858 2305 2906 uxor
2350 2839 2680 2905 mentitur

112 2915 350 3015 infelix
395 2917 537 3017 (d),
561 2919 677 2987 sed
716 2919 783 2988 in
817 2921 1257 2995 sordentibus
1288 2926 1585 2995 tenebris
1617 2926 2031 2994 continetur.
2065 2930 2245 2994 Haec
2278 2947 2436 2994 vero
2464 2945 2677 3012 quam

110 3026 331 3103 unius
377 3007 684 3104 cubiculi
721 3022 978 3078 secreta
1020 3012 1363 3082 vallabant
1395 3036 1574 3100 quae
1616 3035 1882 3103 pauper
1920 3012 2281 3082 videbatur
2318 3025 2385 3081 et
2423 3013 2673 3094 tenuiS,

112 3113 317 3179 cujus
350 3104 486 3162 vita
538 3097 912 3194 putabatur
950 3101 1274 3177 amentia,
1330 3102 1679 3172 Christum
1731 3102 2043 3188 sequitur
2090 3113 2154 3170 et
2203 3101 2413 3170 dicit:
2455 3106 2678 3183 Quae-

106 3201 413 3266 cumque
458 3182 877 3266 audivimuS,
934 3183 1025 3255 ita
1056 3201 1121 3256 et
1161 3187 1461 3259 vidimus
1519 3190 1590 3257 in
1641 3189 1910 3259 civitate
1949 3190 2062 3258 Dei
2111 3189 2361 3269 nostri;
2414 3203 2479 3259 et
2511 3188 2677 3257 reli-

111 3290 278 3355 qua.
333 3275 764 3359 Quapropter
814 3295 1058 3344 rnoneo
1118 3287 1182 3344 et
1230 3275 1403 3345 ssens
1465 3299 1886 3367 gemensque
1946 3288 2325 3357 contestor,
2382 3289 2458 3346 ut
2506 3276 2678 3345 dum

113 3357 338 3457 hujus
387 3358 632 3425 mundi
682 3345 861 3428 viam
898 3364 1271 3443 currimus,
1310 3386 1443 3434 non
1487 3366 1762 3434 duabus
1811 3365 2092 3445 tuniciS‚
2146 3364 2215 3433 id
2247 3378 2372 3444 est,
2411 3365 2505 3433 du
2563 3363 2679 3432 lici

113 3457 493 3544 vestiamur
541 3446 716 3515 fide:
773 3470 909 3517 non
964 3451 1589 3522 calceamentorum
1633 3453 1957 3542 pellibUS,
2015 3454 2306 3522 mortuis
2366 3453 2516 3521 vide
2549 3453 2682 3522 icet

112 3532 443 3623 operibus
485 3555 1045 3624 praegravemur:
1101 3561 1239 3607 non
1273 3540 1670 3609 divitiarum
1710 3563 1836 3611 nos
1888 3562 2050 3629 pera
2098 3540 2184 3609 ad
2237 3552 2488 3609 terram
2523 3562 2680 3630 pre-

114 3633 294 3690 mat:
350 3642 486 3720 non
539 3623 793 3711 virgae,
847 3623 917 3692 id
948 3638 1072 3707 est,
1118 3629 1459 3717 potentiae.
1486 3629 1820 3697 secularis
1848 3650 2268 3715 quaeramus
2307 3626 2672 3697 auxilium:

113 3729 254 3778 non
322 3721 579 3798 pariter
622 3724 689 3780 et
758 3711 1106 3783 Christum
1173 3715 1466 3786 velimus
1530 3717 1786 3786 habere
1832 3728 1898 3785 et
1946 3715 2305 3785 seculum:
2361 3714 2479 3783 sed
2554 3736 2679 3805 pro

163 3857 224 3904 (a)
253 3858 460 3906 nuptam
478 3860 626 3899 inisse
644 3860 788 3900 Leam
806 3859 912 3899 viro
932 3859 1081 3898 nobili
1100 3860 1309 3899 Romano
1330 3861 1478 3908 aiunt.
1497 3861 1636 3909 cnjus
1654 3869 1825 3900 nomen
1849 3870 1875 3900 ι
1902 3861 2037 3901 nullo
2064 3860 2300 3909 proditur.
2339 3857 2442 3898 Viri
2481 3860 2587 3907 lege
2607 3868 2682 3899 no·

110 3910 229 3955 luta.
251 3912 294 3950 8.
313 3912 564 3953 Marcellae
584 3914 654 3959 (V.
678 3922 795 3953 xxxi
814 3913 939 3957 ὅου.)
959 3912 1204 3961 discipulis
1226 3924 1276 3952 se
1297 3914 1525 3962 adjunxit,
1558 3912 1705 3963 eaqiie
1735 3915 1929 3954 auctore
1958 3916 2007 3953 et.
2034 3915 2168 3960 duce.
2192 3913 2441 3962 repudiato
2473 3913 2686 3958 saeculo,

113 3964 422 4004 monasticam
445 3967 618 4006 Romae
637 3966 784 4006 vitam
804 3967 855 4006 in
874 3966 1132 4004 domestico
1152 3966 1403 4006 Marcellae
1422 3967 1647 4005 coenobio
1668 3967 1934 4015 amplexata
1952 3968 2040 4007 est.

166 4019 222 4062 (bi
253 4017 385 4056 Idcet
402 4023 608 4068 taqueum.
637 4021 764 4068 'roga
780 4020 979 4069 palmata
1009 4019 1258 4058 dicebatur
1288 4029 1314 4058 a
1342 4019 1498 4067 palma
1528 4020 1798 4064 intertexta,
1827 4021 1875 4059 et
1908 4019 2102 4068 propria
2129 4018 2527 4068 triumphantium
2565 4018 2684 4058 erat.

111 4069 295 4110 Annuit
314 4072 359 4110 S.
379 4072 553 4110 Doetor
574 4072 632 4111 ad
650 4073 1005 4111 praetextatum
1027 4072 1285 4116 ethnicum,
1306 4073 1551 4112 consulem
1571 4073 1882 4121 designatum,
1904 4073 1986 4121 qui
2008 4071 2169 4112 eadem
2199 4082 2293 4121 qua
2310 4073 2419 4117 Lea,
2451 4072 2526 4111 :lie
2555 4069 2681 4111 obie-

110 4124 203 4168 rat,
221 4122 401 4171 quique
421 4123 589 4163 vivens
607 4125 816 4165 demisso
835 4126 884 4164 ct
907 4125 1078 4163 humili
1099 4125 1422 4165 nobilissimae
1441 4125 1584 4172 hujus
1608 4126 1651 4164 S.
1675 4125 1854 4165 Viduae
1874 4126 2026 4165 cultui
2048 4126 2254 4165 illudere
2279 4125 2544 4165 consuevit.

162 4178 214 4223 (c)
242 4176 312 4215 Ad
341 4177 661 4226 evangelicam
687 4178 936 4217 historiam
966 4177 1081 4217 hacc
1099 4179 1388 4222 reseruntur,
1407 4179 1465 4217 de
1485 4179 1632 4216 divite
1653 4178 1869 4226 Epulone
1890 4180 1939 4218 et
1957 4177 2173 4217 mendico
2193 4180 2373 4218 Lazaro
2393 4179 2550 4225 (Lucae
2564 4177 2681 4226 xw),

110 4238 254 4278 quem
275 4231 384 4277 post
402 4230 601 4269 mortem
620 4233 762 4270 Dives
785 4241 840 4270 ex
862 4231 1048 4270 turer-no
1067 4231 1235 4270 videns
1255 4233 1305 4270 in
1330 4232 1440 4270 sinu
1469 4231 1681 4270 Abrahae
1710 4233 1772 4278 (in
1800 4234 1937 4271 locum
1967 4231 2135 4281 quietis)
2165 4232 2465 4275 collocatum,
2494 4230 2682 4278 rogavit

106 4282 343 4323 Abraham
368 4283 423 4320 ut
444 4283 500 4322 ad
523 4293 572 4322 se
593 4284 821 4328 mitteret,
841 4283 925 4332 qui
942 4290 1136 4323 eam-emo
1157 4283 1282 4332 atym
1300 4285 1373 4323 eui·
1392 4285 1435 4322 in
1450 4296 1611 4334 aquam
1632 4285 1821 4330 intincto,
1844 4284 2140 4334 resriyeroeret
2158 4286 2351 4335 linquam
2373 4296 2518 4322 suurn.

164 4332 231 4385 (d)
258 4336 470 4380 Paulina..
488 4337 778 4377 Praetextati
797 4347 930 4382 uxor.
948 4346 1119 4385 magna
1139 4337 1321 4376 Cereris
1341 4337 1582 4376 Sacerdos.
1616 4337 1775 4376 Laeua
1794 4339 1896 4376 coeli
1919 4338 2092 4387 palatia
2126 4339 2333 4387 appeunt
2361 4339 2680 4382 Hieronymus

102 4388 419 4480 beatitudgi‘is
440 4389 545 4428 loca
568 4398 687 4438 quse
707 4390 757 4429 in
781 4390 892 4430 Orbe
909 4390 1066 4429 Laden
1085 4391 1438 4429 somniaverant
1451 4389 1629 4430 ethnici
1646 4391 1818 4438 quibus
1834 4393 1945 4440 post
1961 4391 2162 4430 mortem
2179 4400 2455 4441 magnorum
2468 4390 2682 4429 virorum

111 4442 296 4481 unimae
386 4443 624 4482 errentur.
