3327 4999
176 298 433 364 MART.
493 297 575 361 46
975 313 1055 360 nn
1103 312 1162 360 s,
1214 312 1493 377 Asnaum
1542 310 1938 381 con-resson
2516 295 2645 361 305

176 396 478 487 irrigua,
548 392 997 463 reddiderunt
1061 391 1327 462 fructus
1392 392 1884 483 multiplicatos
1932 392 2323 463 divinorum
2359 395 2729 466 seminum.

190 491 403 572 Atque
436 504 665 552 annus
713 481 993 568 quidem
1044 481 1116 550 in
1164 480 1274 551 his
1305 480 1434 551 fuit
1461 494 1917 573 consumptus
1947 482 2034 550 ab
2068 482 2407 552 Abramio,

280 577 316 661 ξ
390 577 538 644 123.
594 570 850 639 Deinde
886 571 1157 652 timenS‚
1203 592 1312 651 ne,
1365 568 1533 641 dum
1583 570 1655 639 in
1690 570 1822 640 vici
1867 570 2058 640 curis
2104 583 2486 641 versaretur
2515 584 2582 643 et
2626 584 2737 643 tu-

190 662 554 739 multibus,
609 658 742 728 sibi
790 659 1025 746 aliqua
1071 680 1143 727 re
1192 658 1579 749 indulgeret
1626 681 1706 728 ex
1758 660 1844 728 iis
1891 681 2068 747 quae
2101 659 2186 728 ad
2226 660 2481 731 victum
2533 662 2739 752 perti-

191 764 396 821 nent:
450 770 750 835 cumque
787 746 937 849 jam
1012 746 1269 816 videret
1314 769 1591 849 gregem
1665 747 2041 839 perfectum
2102 760 2168 817 et
2216 747 2611 820 absolutum
2664 751 2734 819 in

190 839 445 909 divinis
496 838 881 919 mandatis,
934 836 1172 905 statuit
1217 835 1303 905 ad
1371 858 1668 928 priorem
1740 837 1976 906 reverti
2044 837 2514 907 solitudinem.
2569 843 2738 909 Cum

189 940 397 999 noctu
433 928 665 1028 itaque
711 925 1141 1004 surrexisset,
1167 923 1459 994 dicebat:
1500 924 1994 1012 «Domine,qui
2025 948 2097 996 es
2142 926 2331 997 solus
2360 927 2586 998 bonus
2616 928 2738 1015 qui

191 1017 380 1088 solus
427 1038 500 1087 es
550 1036 916 1084 immemor
961 1027 1280 1104 acceptae
1354 1014 1651 1105 injuriae
1696 1015 1814 1103 qui
1864 1015 2044 1084 hanc
2098 1036 2333 1085 recens
2380 1015 2736 1086 collectam

186 1104 707 1177 multitudinem
758 1104 1018 1173 solvisti
1066 1126 1106 1173 a
1144 1102 1445 1175 vinculis
1471 1103 1870 1185 adversarii,
1916 1114 1982 1171 et
2030 1125 2152 1192 per
2194 1125 2370 1186 eam,
2423 1126 2631 1192 quam
2667 1106 2735 1175 in

188 1209 249 1265 te
284 1196 565 1273 habent,
619 1192 825 1262 fidem
874 1205 992 1261 tuo
1054 1191 1395 1282 colligasti
1440 1192 1755 1262 vinculo:
1807 1213 2133 1263 conserva
2195 1193 2384 1263 hunc
2447 1215 2736 1284 parvum

180 1298 380 1354 tuum
430 1303 708 1374 gregem
759 1280 1093 1350 invictum
1128 1280 1215 1349 ab
1249 1280 1523 1352 insidiis
1572 1281 2030 1361 daemonum,
2082 1303 2198 1351 eos
2251 1294 2579 1369 tanquam
2628 1305 2737 1352 ar-

182 1375 319 1443 mis
361 1371 561 1440 muni
610 1384 728 1439 tua
765 1369 1181 1460 protectione
1229 1382 1294 1439 et
1345 1392 1504 1439 eum
1554 1370 1837 1460 accinge
1893 1369 2050 1440 forti
2101 1373 2217 1440 tua
2265 1371 2615 1461 potentia:
2673 1386 2740 1443 te

183 1474 416 1532 autem
470 1459 847 1551 propitium
895 1480 1022 1547 ego
1068 1480 1340 1545 quoque
1397 1458 1607 1528 miser
1654 1459 2026 1539 inveniam,
2069 1459 2347 1546 quando
2384 1460 2736 1549 judicium

180 1573 399 1642 pones
441 1550 510 1618 in
562 1569 756 1637 spem
805 1557 870 1615 et
920 1546 1464 1616 misericordiam
1513 1559 1703 1616 tuam
1735 1548 1802 1618 in
1840 1548 2140 1619 trutinis.
2195 1548 2291 1617 Ad
2334 1550 2592 1640 peccati
2624 1572 2738 1620 ra-

186 1641 446 1709 tionem
500 1636 674 1705 nihil
728 1635 899 1705 mihi
927 1635 1304 1725 imputetur
1331 1658 1370 1704 a
1405 1648 1521 1706 tua
1555 1636 1974 1727 benignitate
2008 1636 2120 1706 hic
2152 1659 2347 1708 meus
2394 1660 2730 1710 recessus,

184 1734 287 1797 Tu
333 1727 522 1797 enim
571 1747 643 1794 es
691 1724 1121 1795 occultorum
1170 1724 1483 1815 cognitor
1527 1738 1592 1795 et
1637 1726 1954 1796 cordium
2002 1726 2447 1808 examinator,
2477 1739 2541 1797 et
2597 1742 2672 1798 tu
2701 1749 2741 1797 e

188 1817 573 1907 longinquo
620 1812 997 1903 cognovisti
1059 1813 1504 1903 cogitationes
1553 1836 1743 1884 meas
1816 1814 2000 1901 quod
2051 1827 2329 1906 propter
2378 1828 2462 1895 te,
2512 1828 2578 1884 et
2637 1817 2739 1887 tui

187 1927 494 1975 amorem
546 1901 820 1992 suscepi
868 1901 1047 1970 hanc
1098 1902 1762 1992 peregrinationem:
1816 1916 1881 1973 et
1925 1925 2079 1973 ecce
2130 1924 2239 1972 me
2288 1905 2600 1974 subduco
2650 1906 2738 1976 ab

186 1995 275 2064 iis
321 1992 652 2064 omnibus
699 2012 874 2078 quae
922 1989 1005 2059 ad
1044 1989 1299 2059 victum
1352 1991 1714 2081 pertinent,
1762 2014 1846 2060 ne
1893 1993 1952 2060 si
1999 1992 2082 2061 ad
2135 1992 2398 2079 aliquid
2452 1994 2731 2074 horum,

189 2096 523 2169 tanquam
575 2079 658 2148 ad
711 2078 1071 2169 scopulum
1115 2079 1487 2170 impegero‚
1539 2080 1609 2148 in
1659 2080 1886 2149 medio
1936 2082 2108 2149 mari
2157 2103 2484 2150 curarum
2536 2104 2738 2151 mun-

195 2172 539 2239 danarum
591 2168 872 2239 subeam
911 2166 1428 2259 naufragium.»
1462 2173 1672 2256 Atque
1720 2169 1819 2238 sic
1867 2169 2148 2255 quidem
2190 2170 2396 2239 finem
2453 2192 2738 2260 accepe-

192 2272 364 2329 runt
392 2259 539 2348 ejus
574 2278 835 2348 preces:
878 2269 944 2325 et
982 2278 1142 2325 cum
1180 2256 1532 2327 Dominico
1566 2257 1764 2345 signo
1801 2258 2030 2327 vicum
2070 2259 2434 2328 muniisset
2481 2272 2546 2327 et
2574 2282 2734 2329 eum

191 2354 334 2416 Deo
364 2346 932 2426 commendasset,
986 2366 1059 2414 se
1108 2344 1505 2416 clanculum
1556 2345 1847 2436 proripit
1893 2346 1980 2415 ad
2029 2368 2403 2417 secessum.

283 2438 322 2523 ἓ
379 2440 518 2508 1-4.
572 2441 766 2506 Mane
811 2455 974 2526 ergo
1007 2455 1168 2504 cum
1217 2434 1301 2504 de
1349 2456 1536 2505 more
1585 2435 1931 2507 venissent
1991 2435 2212 2505 vicani
2262 2435 2346 2505 ad
2399 2435 2736 2529 templum

190 2525 662 2606 Dominicum,
715 2534 792 2593 ut
847 2523 1393 2593 benedictionem
1449 2525 1744 2594 Pastoris
1793 2539 2361 2628 assequerentur,
2437 2548 2739 2612 cumque

195 2635 354 2683 eum
419 2613 515 2684 ibi
565 2635 703 2683 non
781 2612 1222 2694 invenissent,
1277 2611 1432 2682 illos
1507 2613 1758 2683 invasit
1828 2614 2172 2694 contusi0,
2226 2635 2629 2701 moerorque
2674 2625 2740 2684 et

192 2703 403 2773 animi
479 2700 861 2792 aegritudo.
914 2706 1085 2769 Eum
1156 2701 1367 2790 igitur
1413 2701 1779 2791 diligenter
1829 2715 2192 2788 quaerunt,
2247 2724 2384 2772 non
2451 2725 2739 2793 parvam

190 2805 407 2861 terrae
457 2806 717 2891 partem
769 2791 1122 2860 obeuntes.
1178 2789 1305 2860 Sed
1339 2791 1590 2859 reversi
1637 2790 1873 2861 vacuis
1907 2791 2253 2872 manibUS‚
2291 2813 2450 2860 cum
2494 2790 2740 2863 calidis

182 2882 513 2970 lacrymis
562 2879 898 2948 accedunt
945 2878 1032 2947 ad
1083 2878 1524 2968 Episcopum,
1577 2891 1642 2948 et
1688 2878 1875 2970 apud
1924 2901 2082 2948 eum
2121 2880 2410 2962 deflent,
2467 2902 2538 2951 se
2585 2902 2739 2952 esse

181 2970 489 3062 privatos
537 2991 663 3038 suo
712 2974 1004 3038 Pastore.
1059 2966 1181 3036 Ille
1228 2980 1455 3037 autem
1508 2968 1859 3038 sauciatus
1900 2969 2185 3054 paribus
2232 2968 2387 3038 telis
2433 2969 2739 3060 aegritu-

184 3059 398 3138 dinis,
441 3079 603 3126 eum
651 3078 925 3146 quoque
971 3056 1242 3142 quaerit
1289 3056 1629 3127 similiter.
1685 3061 2049 3143 Postquam
2098 3080 2256 3128 vero
2316 3069 2382 3127 et
2427 3059 2575 3149 ipse
2624 3080 2740 3129 co-

188 3147 426 3240 gnovit
475 3168 547 3216 se
593 3169 671 3216 ea
706 3146 924 3214 facere
971 3166 1147 3231 quae
1193 3155 1387 3213 erant
1436 3145 1710 3214 inutilia
1733 3146 1910 3235 (tuto
1956 3145 2139 3215 enim
2178 3160 2453 3247 propter
2492 3147 2743 3235 quietis

189 3259 271 3307 ac
308 3235 566 3307 silentii
603 3234 1049 3325 cupiditatem
1098 3233 1349 3303 latebat
1384 3234 1802 3323 Abramius),
1840 3245 2029 3314 tunc,
2088 3258 2198 3304 sui
2245 3236 2408 3306 cleri
2457 3237 2743 3327 accepta

190 3336 385 3418 parte
432 3324 693 3411 aliqua,
745 3345 903 3392 cum
955 3321 1250 3392 venisset
1296 3321 1383 3391 ad
1447 3322 1703 3403 vicum,
1758 3323 2064 3414 primum
2114 3324 2393 3412 quidem
2457 3325 2741 3395 illorum

186 3415 463 3484 animos
521 3413 686 3482 satis
732 3410 1128 3481 consolatur
1187 3410 1310 3499 qui
1371 3410 1886 3502 aegreferebant
1958 3413 2254 3483 Pastoris
2327 3414 2735 3484 absentiam.

188 3502 448 3573 Deinde
494 3523 654 3571 cum
703 3522 818 3571 eos
864 3500 1181 3591 elegisset
1226 3499 1347 3587 qui
1398 3511 1593 3570 erant
1648 3500 1896 3571 virtute
1954 3500 2407 3602 insigniores:
2459 3516 2524 3572 et
2570 3502 2743 3572 alios

185 3591 472 3680 quidem
519 3590 991 3679 presbyteros,
1045 3588 1217 3659 alios
1251 3601 1481 3658 autem
1532 3589 1867 3658 Diaconos
1914 3591 2401 3672 constituisset,
2461 3604 2526 3660 et
2570 3590 2743 3661 alios

186 3690 573 3770 cooptasset
617 3678 687 3746 in
722 3678 895 3747 alios
950 3699 1181 3767 sacros
1227 3678 1510 3768 gradus:
1576 3691 1642 3747 et
1689 3677 1775 3748 iis
1824 3678 2033 3747 veluti
2079 3679 2455 3766 quamdam
2525 3680 2744 3749 tradi-

181 3770 401 3840 disset
438 3767 749 3858 regulam
810 3777 876 3835 et
941 3766 1233 3836 formam
1299 3765 1822 3857 glorificationis
1869 3789 2048 3854 quae
2095 3769 2171 3836 fit
2217 3767 2288 3836 in
2337 3767 2648 3851 ecclesia,
2679 3781 2748 3838 et

182 3860 287 3929 eis
335 3869 652 3948 precatus
698 3868 875 3927 esset
916 3855 1124 3924 vitam
1174 3867 1485 3945 pacatam
1528 3869 1593 3924 et
1639 3877 1679 3924 a
1731 3855 2042 3926 molestia
2090 3855 2405 3938 liberam,
2460 3858 2738 3927 recedit.

189 3953 379 4030 Quae
424 3945 705 4032 quidem
740 3966 865 4014 nee
899 3943 1213 4014 divinum
1253 3943 1536 4031 quidem
1578 3944 1931 4014 latuerunt
1960 3946 2385 4016 Abramium.
2438 3946 2564 4016 Sed
2596 3946 2749 4037 ipse

186 4056 485 4122 quoque,
537 4056 695 4103 cum
743 4033 814 4102 in
864 4055 966 4114 e0,
1019 4032 1089 4100 in
1141 4055 1278 4120 quo
1312 4033 1602 4114 latebat,
1657 4032 1807 4103 loco
1867 4033 2036 4102 hacc
2086 4055 2208 4124 per
2258 4034 2581 4126 spiritum
2629 4057 2746 4106 co-

197 4123 564 4214 gnovisset,
618 4123 704 4192 ab
753 4121 942 4191 illius
990 4121 1122 4190 vici
1159 4121 1349 4193 curis
1395 4122 1713 4192 animum
1763 4122 2098 4192 liberavit.
2147 4128 2313 4193 Nam
2347 4124 2469 4194 etsi
2517 4123 2743 4194 trahe-

190 4212 395 4282 batur
427 4232 661 4280 amore
707 4210 1127 4293 solitudinis,
1180 4211 1371 4280 curis
1420 4223 1647 4281 tamen
1697 4211 1928 4302 gregis
1977 4234 2222 4286 rursus
2275 4224 2420 4283 erat
2466 4213 2738 4284 vinctus

187 4301 492 4372 vinculis
526 4299 1039 4370 insolubilibus.

279 4393 318 4480 ξ
368 4395 511 4463 15.
566 4393 733 4460 Cum
780 4411 943 4479 ergo
989 4387 1174 4477 quod
1222 4386 1310 4457 ad
1362 4386 1532 4459 haec
1579 4389 1941 4474 attinebat,
1985 4391 2214 4481 quieto
2257 4403 2437 4467 esset
2474 4390 2729 4472 anime,

350 4516 593 4576 surius
633 4546 660 4562 ·
697 4514 861 4578 Vitae
897 4514 1006 4580 SS.
1061 4546 1086 4561 -
1126 4511 1253 4575 Vol.
1294 4513 1400 4577 111.
2424 4519 2502 4579 20
