3327 4999
733 371 816 436 92
1505 389 1584 434 mi
1632 388 1688 433 s.
1741 387 1954 433 raom
2005 387 2325 443 Aouma'rii
2839 371 3063 436 MART.
3103 371 3133 435 7

692 485 928 552 oterat,
986 472 1103 542 sed
1156 482 1424 541 mortuo
1464 471 1716 542 similis
1764 471 2145 553 videbatur,
2184 471 2353 541 ade-o
2399 483 2476 542 ut
2509 471 2737 563 ignem
2786 473 2928 559 ejus
2956 495 3140 542 mem-

692 563 785 631 ris
832 562 1187 631 admotum
1236 561 1635 631 nullatenus
1683 561 1984 640 sentiret,
2058 573 2364 651 portatus
2413 561 2497 630 ad
2546 561 2892 631 tumulum
2956 561 3133 643 iltius,

638 661 790 742 post
824 650 1162 720 morulam
1195 703 1217 730 ,
1280 649 1451 719 liber
1494 662 1561 719 et
1591 672 1803 719 sanus
1849 650 2132 719 omnino
2180 672 2217 718 a
2265 649 2446 720 dicto
2495 650 2810 740 sepulcro
2858 652 3131 720 surrexit.

731 742 767 828 ξ
839 745 931 811 8.
984 738 1173 809 Alius
1220 737 1389 807 dum
1439 760 1576 807 non
1624 738 1859 807 devote
1905 739 1989 808 de
2043 743 2288 809 Sancto
2335 739 2637 818 sentiret,
2702 740 3003 809 virtutem
3049 739 3138 808 Dei

644 830 714 898 in
767 834 1034 898 Sancto.
1101 828 1171 895 in
1236 849 1309 896 se
1361 827 1709 918 duplicem
1759 842 1861 898 est
1906 841 2249 917 expertuS,
2307 828 2752 910 infirmitatis,
2805 828 2965 898 dum
3008 850 3140 897 con-

646 918 911 997 temnit,
965 916 1301 997 sanitatis,
1368 916 1537 985 dum
1593 939 1635 985 a
1681 929 2116 1006 contemptus
2161 916 2367 1007 culpa
2414 917 2748 987 discessit.
2803 923 2958 987 Nam
3011 940 3140 986 cuin

642 1007 774 1077 sibi
806 1005 1186 1075 devotionis
1218 1008 1430 1074 causa
1477 1027 1517 1075 a
1564 1005 1864 1093 quodam
1904 1004 2260 1095 capellano
2311 1005 2542 1096 plures
2606 1006 3016 1075 venerandae
3058 1027 3137 1074 re·

644 1095 899 1182 liquiae
946 1106 1517 1174 monstrarentur,
1589 1095 1612 1162 i
1703 1115 1739 1163 e
1786 1116 2058 1181 quoque
2105 1107 2414 1163 ostensor
2473 1095 2904 1184 pretiosiores
2949 1094 3137 1164 adhuc

646 1206 718 1255 se
767 1185 1018 1253 habere
1065 1183 1412 1270 reliquias,
1454 1182 1608 1252 vide
1641 1183 1769 1252 icet
1800 1204 2082 1252 manum
2136 1187 2202 1250 F.
2256 1183 2552 1252 Thomae
2582 1183 2664 1252 de
2712 1184 2968 1271 Aquino
3010 1183 3139 1252 fate-

649 1285 859 1353 retur,
915 1272 1100 1341 illico
1149 1272 1333 1341 hunc
1381 1272 1709 1341 derisorie
1757 1272 1842 1340 de
1888 1271 1998 1340 his
2046 1271 2430 1340 sufflantem
2469 1326 2483 1352 ,
2555 1295 2711 1341 cum
2776 1295 2890 1342 eas
2951 1272 3136 1342 videre

648 1384 783 1432 non
834 1374 1128 1440 curaret,
1191 1360 1427 1430 dicens
1475 1375 1756 1431 sanctus
1805 1382 1940 1429 non
1989 1373 2113 1439 est,
2167 1361 2284 1429 sed
2334 1360 2615 1446 quidam
2676 1362 2938 1430 ordinis
2983 1366 3141 1430 Prae-

651 1452 1035 1521 dicatorum
1088 1449 1314 1530 frater,
1370 1463 1621 1519 tremor
1668 1449 2162 1540 apprehendit:
2215 1463 2281 1518 et
2317 1462 2526 1539 caput
2570 1451 2723 1538 ejus
2772 1452 2857 1520 ad
2906 1450 3140 1520 modum

653 1561 947 1630 magnae
993 1539 1202 1608 cistae
1234 1560 1547 1628 grossum
1582 1552 1649 1608 et
1697 1538 1890 1607 valde
1942 1538 2399 1640 ponderosum
2451 1539 2581 1607 sibi
2627 1561 2778 1609 esse
2807 1539 3137 1614 videbatur3

650 1629 768 1697 sed
820 1627 1218 1696 infirmitate
1264 1640 1618 1718 correptus
1649 1639 1710 1697 et
1762 1639 2138 1719 poenitens,
2179 1627 2523 1713 simulque
2570 1626 2653 1696 de
2701 1652 2830 1698 sua
2874 1626 3142 1697 incredu-

649 1717 834 1787 litate
881 1716 1220 1802 dictisque
1270 1716 1658 1807 deplorans,
1705 1716 1872 1784 dum
1916 1717 2181 1786 veniam
2234 1737 2271 1783 a
2320 1716 2667 1785 sacerdote
2702 1717 2973 1807 petitam
3011 1713 3142 1784 obti-

650 1807 824 1885 nuit,
881 1817 1260 1874 reverenter
1294 1827 1575 1875 manuni
1626 1805 1937 1891 ejusdem
1991 1804 2219 1873 Sancti
2266 1803 2701 1885 deosculans,
2760 1805 3141 1875 consestiina

652 1907 942 1964 tremore
989 1906 1055 1962 et
1111 1893 1465 1962 inflatione
1510 1894 1757 1982 capitis
1807 1894 2134 1962 liberatus
2195 1892 2429 1971 evasit,
2501 1895 2851 1981 sensitque
2911 1913 3140 1984 progre-

650 1983 978 2063 dientem,
1033 1993 1110 2051 ut
1155 1981 1409 2061 retulit,
1463 1982 1841 2050 niaximum
1890 2003 1970 2051 ex
2016 1981 2199 2050 dicta
2245 2003 2459 2051 manu
2506 1983 2861 2054 suavitatis
2883 1984 3137 2054 odorem:

646 2073 767 2159 qui
814 2071 986 2140 odor
1029 2093 1191 2140 cum
1229 2070 1450 2160 ipsius
1495 2071 1717 2139 curati
1749 2071 2023 2168 capiti0,
2066 2091 2530 2158 personaeque
2576 2093 2656 2141 ex
2705 2084 2892 2142 tactu
2939 2088 3139 2141 manus

648 2159 960 2229 e'usdem
994 2180 1114 2250 per
1139 2182 1246 2228 ma
1304 2181 1469 2228 num
1507 2170 1780 2261 tempus
1828 2159 2233 2237 inhaereret,
2272 2159 2509 2230 multis
2538 2160 2861 2230 eumdem
2893 2171 3142 2251 postmo-

702 2271 819 2318 um
855 2249 1254 2339 percipienti
1308 2271 1416 2329 us,
1461 2248 2130 2334 sciscitantibusque,
2167 2246 2335 2334 quid
2369 2262 2567 2329 esset,
2612 2249 2741 2319 hoc
2786 2250 2977 2340 signo
3020 2266 3141 2315 nar·

650 2359 823 2418 rare,
859 2338 1041 2424 quod
1082 2338 1423 2408 acciderat
1465 2337 1623 2425 (etsi
1674 2337 1945 2424 nolens)
1991 2336 2402 2406 miraculum
2438 2337 2834 2428 cogebatur.

738 2429 775 2514 ξ
832 2431 918 2499 4.
972 2427 1286 2496 Notarius
1318 2425 1626 2513 quidam,
1662 2425 1831 2494 dum
1865 2425 1948 2493 ad
1985 2447 2291 2494 mensam
2347 2448 2560 2495 sanus
2607 2429 2976 2506 accederet,
3023 2441 3139 2492 sni·-

695 2537 818 2587 ens
857 2518 944 2586 ab
1002 2516 1121 2586 illa
1166 2517 1355 2606 gravi
1413 2514 1852 2602 squinantiae
1897 2513 2296 2583 infirmitate
2342 2529 2697 2605 correptus
2742 2531 2868 2586 est.
2909 2515 3140 2585 Duobus

648 2540 893 2676 {iebus
936 2619 1291 2696 propterea
1341 2603 1651 2693 linguam
1705 2625 1972 2672 movere
2021 2626 2155 2672 non
2209 2604 2430 2693 potuit
2459 2618 2524 2673 et
2554 2605 2896 2690 loquelam
2927 2600 3136 2673 amisit.

649 2698 956 2781 Cumque
1005 2694 1219 2763 multa
1257 2691 1681 2761 medicorum
1725 2691 2047 2772 remedia,
2101 2692 2161 2761 ei
2211 2693 2542 2774 adhibita,
2580 2694 2749 2779 quin
2803 2694 3025 2763 eadem
3068 2690 3142 2755 in-

649 2782 942 2852 firmitas
979 2782 1050 2850 in
1087 2793 1536 2871 augmentum
1590 2780 2005 2871 procederet,
2051 2803 2186 2850 non
2238 2782 2661 2871 prodessent,
2716 2784 2930 2852 immo
2956 2782 3031 2850 de
3056 2775 3141 2845 illo

647 2871 1110 2961 desperarent,
1164 2869 1249 2939 ad
1302 2874 1627 2939 Sanctum
1661 2882 2057 2960 conceptam
2090 2870 2539 2951 devotionem,
2576 2884 2652 2941 ut
2698 2872 2783 2940 ad
2839 2868 3138 2941 tumulum

645 2961 795 3045 esus
826 2959 1225 3038 deferretur,
1278 2980 1487 3045 quam
1538 2958 1777 3049 lingua
1820 2970 1952 3027 non
2004 2958 2291 3038 valebat,
2344 2981 2595 3029 manus
2644 2983 2811 3031 suae
2845 2961 3135 3049 scriptura

696 3048 1096 3139 eprompsit.
1137 3053 1405 3127 Verum,
1458 3070 1620 3116 cum
1668 3047 1858 3126 illuc,
1900 3063 2325 3147 repugnante
2373 3071 2581 3119 uxore
2628 3072 2755 3118 sua
2789 3050 2979 3140 (quia
3024 3064 3136 3113 niu-

646 3137 935 3208 lieribus
984 3135 1267 3227 praefati
1300 3136 1694 3205 monasterii
1745 3136 2114 3207 Ecclesiam
2164 3136 2433 3227 ingredi
2464 3159 2596 3206 non
2642 3138 2905 3225 liceret)
2932 3151 3140 3228 nequi}-

646 3248 854 3383 {piam
902 3225 1290 3305 duceretur,
1345 3225 1492 3315 ipse.
1537 3226 1637 3294 sic
1687 3225 2009 3295 infirmus
2055 3224 2413 3295 advertens
2444 3226 2620 3294 infra
2669 3249 2740 3295 se
2792 3228 3033 3316 ipsum,
3059 3238 3129 3315 e!-

696 3337 802 3384 em
852 3315 1048 3384 beato
1092 3314 1262 3393 viro,
1302 3334 1373 3382 se
1419 3325 1497 3382 ut
1542 3313 1884 3391 liberaret,
1927 3314 2365 3384 affectuosius
2389 3315 2918 3384 commendavit.
2951 3314 3128 3397 Coepit

646 3427 726 3473 ex
765 3416 930 3473 tunc
979 3402 1292 3491 linguam
1340 3401 1612 3483 ducere,
1660 3402 2007 3471 meliorari
2052 3414 2118 3473 et
2162 3402 2538 3485 convalere,
2574 3426 2654 3473 ac
2686 3404 2874 3475 brevi
2924 3415 3135 3488 tempo-
3240 3452 3241 3457 η

649 3493 745 3563 ris
795 3490 1151 3561 intervallo
1198 3502 1481 3560 curatus
1528 3492 1822 3590 perfecte
1856 3490 2006 3561 fuit.

734 3583 770 3667 ἓ
834 3586 920 3652 5.
976 3585 1150 3651 Dum
1199 3578 1379 3649 alius
1427 3579 1712 3666 quidam
1763 3602 1884 3671 per
1930 3591 2186 3670 septem
2237 3580 2705 3650 hebdomadas
2752 3593 2818 3651 et
2864 3580 3033 3650 ultra
3071 3570 3142 3669 fi?-

647 3671 768 3740 bre
812 3669 1236 3756 quotidiana,
1293 3667 1471 3737 malo
1505 3668 1773 3758 hepatis
1801 3680 1866 3738 et
1897 3669 2231 3739 stomachi
2270 3669 2707 3761 affligeretur,
2751 3669 3035 3757 quadam
3059 3659 3144 3728 dle

646 3757 946 3837 Veneris,
991 3780 1152 3828 cum
1205 3756 1401 3848 pejus
1449 3756 1751 3836 haberet,
1807 3758 2061 3827 auditis
2107 3758 2525 3845 quibusdam
2582 3759 2954 3836 miraculis,
3002 3765 3142 3849 quae

650 3869 772 3937 per
818 3847 1042 3916 virum
1093 3846 1208 3915 Dei
1247 3845 1423 3916 sacta
1467 3867 1616 3917 esse
1662 3846 2090 3927 dicebantur,
2129 3869 2291 3917 cum
2341 3868 2412 3916 se
2458 3847 2545 3916 ad
2593 3848 2824 3938 ipsum
2877 3847 3142 3915 devotius

648 3936 962 4022 sequenti
1007 3935 1118 4003 die
1166 3934 1431 4004 sabbati
1484 3935 1568 4004 de
1623 3957 1796 4015 sero,
1832 3936 2066 4006 uxoris
2116 3958 2279 4005 suae
2327 3936 2677 4015 suasibus,
2730 3940 2941 4023 eaque
2985 3944 3145 4021 prae·

649 4037 860 4098 sente.
904 4024 1304 4104 devovisset,
1360 4024 1472 4093 die
1518 4024 1867 4094 dominica
1927 4025 2234 4115 proximo
2285 4025 2354 4093 in
2405 4047 2608 4094 mane
2657 4046 2729 4095 se
2776 4049 2815 4095 a
2865 4016 3143 4114 praefatis

647 4111 1174 4183 infirmitatibus
1270 4112 1422 4182 lene
1470 4115 1720 4203 reperit
1766 4113 2157 4184 liberatum.
2191 4112 2421 4183 Puella
2453 4115 2753 4214 gutturis
2800 4113 2906 4185 sui
2950 4108 3143 4177 fauces

649 4202 1083 4289 squinantiae
1146 4200 1180 4235 ⁴*
1278 4202 1491 4272 abens
1561 4202 1959 4271 infirmitate
2025 4202 2426 4272 constrictas
2475 4225 2541 4271 in
2598 4215 2880 4282 tantum,
2936 4208 3004 4268 ut
3046 4207 3143 4259 nec

647 4291 811 4378 quid
865 4312 1138 4361 sumere
1185 4290 1484 4360 solidum
1533 4304 1653 4360 aut
1687 4289 2031 4378 liquidum
2063 4290 2334 4371 valeret,
2373 4302 2437 4360 et
2467 4291 2815 4362 anhelitus
2844 4288 2970 4359 sibi
2996 4299 3145 4352 mea·

648 4393 781 4461 tuS,
821 4393 899 4450 ut
945 4380 1052 4449 vix
1105 4380 1442 4471 respirare
1490 4391 1738 4471 posset,
1807 4377 2304 4449 includeretur:
2357 4379 2527 4450 dum
2589 4381 2821 4451 devote
2867 4400 2935 4447 se
2977 4373 3142 4442 beato

703 4504 726 4527 ⁸
757 4504 1035 4553 squinanti·
1057 4502 1179 4556 (ital.
1207 4503 1400 4554 anfivia).
