3327 4999
697 361 822 426 ⁴56
1500 376 1578 423 na
1626 376 1682 423 s,
1737 374 2047 424 GREGORIO
2094 376 2254 424 ΡΑΡΑ
2758 357 2984 422 MART.
3032 357 3095 421 ⁴2

603 463 770 551 quid
824 463 892 531 in
943 459 1397 531 Alexandrino
1446 458 1702 549 populo
1751 461 2115 548 loquendo,
2168 475 2232 530 et
2278 459 2442 548 quid
2495 459 2564 529 in
2607 459 2847 529 mundi
2878 458 3096 528 finibus

604 551 807 644 agitis
857 550 1139 620 orando.
1196 555 1464 618 Vestrae
1511 548 1697 618 enim
1746 548 2087 619 orationes
2134 564 2297 619 sunt
2344 549 2414 619 in
2446 555 2543 619 'eo
2591 549 2778 629 locO,
2831 548 2941 618 ubi
2985 568 3095 615 non

604 641 811 722 estiS,
864 660 1157 727 quorum
1207 638 1636 727 operationes
1683 652 1961 708 sanctae
2009 649 2479 709 monstrantur
2527 638 2595 706 in
2645 659 2723 707 eo
2770 637 2946 717 loco,
3000 633 3098 704 ubi

604 730 792 799 estis,
850 752 885 795 »
935 725 1397 796 Nihilominus
1445 725 1667 795 eidem
1716 727 2094 817 Augustino
2135 749 2256 816 pro
2289 727 2544 796 eisdem
2584 725 2926 795 miraculis
2956 723 3102 792 inter

607 818 743 889 alia
791 816 1050 896 scribit,
1104 815 1469 902 inquiens:
1525 838 1560 881 «
1613 814 1765 884 Scio
1811 815 1973 902 quia
2013 815 2446 906 omnipotens
2476 819 2652 883 Deus
2688 837 2804 905 per
2834 812 3100 882 dilectio-

611 928 764 976 nem
818 920 1005 975 tuam
1060 904 1126 972 in
1176 917 1398 995 gente,
1451 925 1660 1061 guam
1695 904 1857 995 eligi
1894 903 2125 982 voluit,
2170 927 2420 1004 magna
2455 903 2787 972 miracula
2819 899 3097 973 ostendit.

609 994 800 1065 Unde
850 1015 1125 1063 necesse
1170 1005 1294 1072 est,
1349 1006 1425 1061 ut
1505 1015 1540 1061 e
1568 992 1807 1063 eodem
1840 992 2020 1061 dono
2049 992 2345 1073 coelesti,
2383 1004 2448 1063 et
2479 992 2781 1061 timendo
2812 989 3096 1084 gaudeaS,

607 1097 672 1153 et
720 1081 1085 1173 gaudendo
1137 1081 1601 1171 pertimescas,
1657 1081 1968 1151 Gaudeas
2017 1081 2348 1162 videlicet,
2392 1081 2556 1168 quia
2588 1081 2953 1170 Anglorum
2985 1076 3100 1146 ani-

611 1194 763 1242 mae
814 1194 931 1262 per
978 1170 1307 1241 exteriora
1358 1169 1693 1240 miracula
1731 1170 1816 1239 ad
1859 1170 2249 1239 interiorem
2289 1169 2579 1260 gratiam
2625 1169 3096 1259 pertrahuntur:

611 1261 1057 1351 pertimescas
1106 1281 1283 1339 vero,
1343 1281 1425 1328 ne
1472 1259 1650 1328 inter
1699 1260 1919 1350 signa,
1964 1280 2139 1345 quae
2172 1258 2370 1338 fiunt,
2405 1257 2728 1327 infirmus
2759 1256 3019 1327 animus
3044 1255 3100 1322 in

611 1349 719 1420 sui
774 1347 1330 1439 praesumptione
1379 1370 1450 1418 se
1497 1349 1748 1428 elevet,
1792 1359 1857 1416 et
1902 1347 2087 1417 unde
2133 1344 2314 1416 foras
2366 1348 2430 1415 in
2482 1346 2738 1416 honore
2786 1344 3098 1423 attollitur,

614 1438 774 1507 inde
817 1459 937 1527 per
985 1437 1261 1505 inanem
1311 1435 1600 1526 gloriam
1651 1435 1840 1504 intus
1886 1436 2105 1504 cadat.
2163 1459 2199 1501 »
3030 1466 3037 1476 ·

703 1529 740 1614 ἓ
790 1529 933 1596 21.
992 1530 1177 1607 Quae
1224 1539 1452 1593 autem
1502 1524 1587 1593 de
1635 1524 1939 1614 Gregorii
1988 1523 2346 1593 miraculis
2404 1547 2609 1614 penes
2673 1524 2942 1594 easdem
3001 1524 3105 1589 An-

662 1614 888 1684 lorum
937 1613 1261 1683 ecclesias
1310 1612 1514 1702 vulgo
1562 1612 1907 1703 leguntur,
1936 1613 2327 1692 =omittenda
2366 1635 2499 1681 non
2532 1612 2849 1693 arbitror,
2886 1633 2964 1680 ne
2990 1616 3106 1681 'stu-

664 1703 793 1772 iosi
842 1702 1113 1773 lectoris
1160 1701 1438 1770 animus
1485 1714 1603 1771 aut
1650 1700 2092 1772 defraudasse
2140 1724 2212 1771 se
2261 1701 2721 1791 pervicaciter,
2777 1713 2895 1770 aut
2931 1695 3110 1788 negli-

616 1805 854 1882 genter
886 1791 1290 1881 praeterisse
1324 1811 1432 1858 me
1465 1789 1925 1880 cognitionem
1960 1812 2338 1881 congruam
2379 1789 2792 1880 suspicetur.
2846 1795 3109 1857 Matrona

615 1879 956 1967 quaedam
1005 1879 1200 1948 beato
1249 1879 1595 1968 Gregorio,
1652 1901 1771 1968 per
1817 1878 2142 1948 stationes
2192 1878 2503 1969 publicas
2552 1877 2915 1948 Missarum
2969 1873 3111 1945 sole-

617 1968 806 2036 mnia
835 1966 1227 2046 celebranti,
1267 1964 1503 2036 solitas
1534 1965 1912 2038 oblationes
1958 1967 2294 2038 obtulerat
2339 1967 2395 2037 ⁴².
2451 1968 2569 2038 Cui
2618 1981 2774 2056 post
2822 1962 3107 2054 mysteria

621 2056 1020 2137 tradituruS,
1075 2077 1233 2125 cum
1283 2053 1559 2137 diceret,
1614 2060 1873 2146 Corpus
1922 2056 2191 2124 Domini
2242 2057 2452 2127 nostri
2490 2062 2656 2125 Jesu
2696 2055 2943 2125 Christi
2976 2072 3110 2123 con·

619 2157 834 2216 servet
881 2144 1184 2213 animam
1235 2155 1468 2213 tuam:
1521 2144 1769 2215 lasciva
1822 2143 2131 2214 subrisit.
2185 2143 2307 2213 Ille
2354 2145 2678 2213 continuo
2717 2146 3016 2214 dextram
3044 2138 3111 2207 ab

616 2234 766 2303 e‘us
812 2255 927 2302 ore
972 2245 1392 2314 convertens,
1454 2247 1711 2324 partem
1764 2232 1952 2301 illam
1989 2233 2323 2302 Dorninici
2353 2233 2659 2322 corporis
2696 2255 2905 2324 super
2935 2231 3113 2300 altare

669 2347 703 2391 e
756 2322 960 2392 osuit.
1013 2321 1309 2411 Expletis
1358 2344 1512 2392 vero
1547 2322 1906 2392 Missarum
1943 2321 2317 2398 solemniis,
2360 2326 2733 2390 Matronam
2764 2342 2986 2391 coram
3022 2338 3113 2406 po·

620 2434 717 2502 pu
747 2433 785 2478 o
834 2410 1209 2497 inquisivit,
1261 2411 1710 2496 quamobrem
1760 2431 2012 2497 corpus
2061 2410 2493 2479 Dominicum
2527 2423 2893 2499 sumptura
2926 2407 3114 2477 ridere

619 2499 1179 2600 praesumpserit.
1234 2504 1308 2568 At
1359 2498 1475 2568 illa
1522 2497 1643 2567 diu
1694 2498 2092 2577 mussitans,
2151 2498 2424 2570 tandem
2476 2499 2834 2589 prorupit:
2890 2522 2924 2565 «
2973 2493 3119 2579 Quia

618 2610 892 2679 panem,
947 2589 1290 2675 inquiens,
1325 2609 1530 2673 quem
1566 2587 1862 2687 propriis
1893 2587 2218 2658 manibus
2256 2610 2363 2656 me
2395 2587 2634 2659 fecisse
2664 2606 3113 2679 cognoveram,

620 2690 694 2747 tu
740 2699 992 2766 corpus
1040 2675 1468 2744 Dominicum
1520 2675 1951 2764 perhibebas,
2009 2701 2043 2744 »
2107 2682 2293 2745 Tunc
2341 2677 2707 2766 Gregorius
2761 2699 2884 2766 pro
2931 2676 3122 2744 incre·

619 2765 906 2836 dulitate
954 2763 1264 2833 mulieris
1309 2786 1466 2833 cum
1521 2776 1654 2833 tota
1709 2764 1902 2854 plebe
1950 2788 2020 2835 se
2069 2764 2136 2833 in
2187 2766 2558 2836 orationem
2617 2765 2996 2853 prostravit.
3060 2763 3119 2828 Et

621 2866 773 2945 post
821 2853 1181 2945 paululum
1219 2874 1536 2943 surgens,
1583 2854 1989 2943 particulam
2027 2854 2248 2944 panis,
2286 2876 2495 2940 quam
2532 2876 2741 2943 super
2778 2854 2988 2923 altare
3064 2869 3122 2916 o·

622 2956 883 3021 suerat,
939 2963 1214 3010 carnem
1266 2940 1510 3010 factam
1562 2944 1633 3010 re
1687 2943 1834 3011 erit.
1889 2947 2103 3025 Quam
2154 2964 2382 3011 coram
2434 2942 2701 3011 cunctis
2751 2941 3118 3011 increduae

624 3037 965 3100 Matronae
1013 3030 1529 3108 demonstrans,
1583 3054 1622 3099 a
1720 3029 2144 3101 credulitatis
2191 3031 2479 3137 gratiam
2532 3042 2669 3100 tam
2719 3031 2911 3100 illam
2963 3046 3122 3098 revo-

622 3141 778 3188 care
827 3118 1067 3208 potuit,
1120 3139 1327 3204 quam
1380 3130 1592 3189 totum
1647 3119 1979 3210 populum
2047 3124 2457 3188 conhrmare
2517 3119 2804 3189 curavit.
2886 3126 3125 3212 Rursus

623 3208 852 3295 itaque
901 3206 968 3274 in
1019 3206 1392 3275 orationem
1441 3230 1601 3277 curn
1650 3207 1910 3277 eisdem
1960 3220 2338 3299 prostratus
2368 3263 2383 3288 ‚
2437 3208 2666 3278 carnis
2714 3207 3011 3279 frustum
3070 3221 3125 3270 tn

625 3295 826 3387 panis
875 3294 1250 3384 primordia
1297 3294 1709 3366 reformavit.

713 3386 749 3470 ξ
787 3388 956 3454 ἯΒ.
1014 3383 1155 3453 Alio
1199 3407 1470 3472 quoque
1519 3396 1821 3476 tempore
1855 3385 1956 3453 vir
1988 3383 2101 3453 Dei
2132 3385 2499 3475 Gregorius
2530 3384 2946 3454 miraculum
2983 3396 3131 3472 pene

624 3473 789 3542 huic
837 3472 1062 3541 simile
1112 3495 1232 3562 per
1282 3475 1542 3543 etravit.
1596 3478 1759 3542 Nam
1812 3496 2015 3555 cum,
2072 3474 2458 3563 petentibus
2504 3473 2927 3559 quibusdam
2974 3467 3131 3538 occi-

622 3560 1038 3643 dentalibus,
1081 3584 1198 3652 per
1262 3574 1513 3652 egatoS.
1553 3562 1621 3630 in
1659 3561 1957 3652 singulis
1992 3562 2383 3651 pyxidibus,
2428 3563 2559 3631 sub
2602 3562 3001 3631 nominibus
3039 3575 3132 3645 pe-

624 3650 902 3719 titorum
954 3664 1377 3739 martyrum,
1434 3649 1814 3719 brandeum
1868 3649 2065 3721 solito
2112 3673 2302 3720 more
2347 3650 2806 3728 concludens,
2862 3648 3135 3735 desuper

622 3737 1013 3829 sigillasset,
1069 3738 1310 3830 legatis
1351 3738 1638 3829 largitus
1670 3752 1793 3808 est.
1833 3737 1941 3807 Illi
1973 3752 2327 3840 susceptas
2365 3739 2688 3826 reliquias
2724 3736 3131 3807 veneratione

621 3831 926 3919 congrua
973 3827 1372 3908 deferenteS,
1414 3840 1773 3917 postquam
1806 3828 2145 3914 quaedam
2181 3829 2442 3898 itineris
2477 3827 2798 3897 milliaria
2831 3844 3133 3895 consum-

622 3928 931 4008 pserunt.
988 3916 1192 3986 stulte
1240 3938 1310 3984 se
1359 3929 1623 3985 tantum
1674 3916 1995 3986 viaticum
2044 3917 2417 3987 confecisse
2451 3930 3136 4018 murmurarqcoepe-

623 4018 806 4087 runt,
862 4005 922 4075 si
972 4005 1278 4075 nesciant
1323 4017 1559 4073 utrum
1608 4018 1999 4075 sanctorum
2048 4028 2227 4085 ossa,
2283 4028 2368 4075 an
2416 4006 2636 4095 magis
2677 4025 2922 4074 carnes
2954 4003 3134 4071 aRo-

623 4116 826 4164 mano
893 4094 1217 4164 Pontifice
1282 4092 1769 4184 suscepissent.
1850 4099 2085 4183 Itaque
2148 4094 2504 4164 communi
2562 4091 2853 4163 consilio
2904 4097 3136 4181 remoto

621 4183 999 4275 pontificali
1047 4179 1427 4273 signacuIO,
1481 4183 1932 4271 reseratisque
1984 4181 2374 4273 pyxidibus,
2442 4181 2817 4275 particulas
2873 4173 3137 4250 brandei

679 4373 706 4400 ⁸
749 4372 988 4420 stnpmdo
1033 4372 1103 4412 8⁸.
1135 4364 1457 4411 Edeba-toute
1493 4371 1708 4421 prodigio
1736 4372 2116 4412 incredulitatem
2144 4373 2539 4414 communicantis
2566 4373 2783 4415 muueris
2813 4369 3019 4418 corripit·-
3051 4364 3142 4409 seq.

622 4425 810 4475 insigne
832 4424 1112 4464 miraculum
1135 4424 1262 4464 circ·
1279 4424 1520 4473 Reliqui-a
1541 4425 1819 4465 Sanctorum
1840 4426 2111 4473 Martyrum.
2141 4426 2303 4466 Simile
2332 4429 2624 4476 portentum,
2652 4436 2813 4468 coram
2840 4418 3147 4465 dubit-num

625 4479 818 4521 Gnects
838 4480 1051 4527 patrasse
1068 4478 1109 4518 S.
1128 4478 1338 4519 Leonem
1361 4478 1580 4528 Magnum
1604 4483 1768 4519 narrat
1787 4480 2042 4529 Gregorius
2062 4481 2143 4529 Pp.
2165 4481 2216 4520 tn
2233 4481 2385 4531 Epist.
2405 4482 2470 4529 30,
2489 4481 2623 4522 Ltbrl
2643 4482 2683 4521 3.
