3327 4999
675 305 803 371 496
1469 323 1544 370 uz
1593 324 1648 369 s,
1706 320 1991 369 runcano
2041 320 2240 369 Ense.
2738 306 2988 372 MART.
3060 310 3170 373 26

590 408 1135 479 conscribamus,
1185 406 1481 498 Dignum
1528 421 1631 477 est
1677 407 1888 488 enim,
1935 418 2011 475 ut
2060 406 2469 478 mortalibus
2519 407 2654 477 vita
2700 409 2847 498 ejus
2894 409 3171 481 decla·

589 512 798 581 retur,
837 498 1038 588 cujus
1086 518 1337 566 nomen
1363 495 1435 565 in
1471 495 1646 566 libro
1696 496 1870 565 vitae
1918 495 2348 586 adscriptum
2388 510 2679 568 tenetur.
2714 498 2821 567 Sic
2868 500 3169 590 quippe

588 588 761 658 illud
847 586 1247 657 Psalmistae
1317 585 1769 676 implebitur:
1860 590 1937 653 In
1998 588 2321 654 memoria
2381 597 2657 657 aeterna
2714 589 2840 656 erit
2894 590 3162 679 justus

586 679 801 768 (Psal.
865 676 1052 765 l·ll):
1107 675 1275 745 dum
1332 676 1483 765 ejus
1534 676 1775 745 merita
1837 687 1902 743 et
1968 674 2248 744 virtutes
2299 675 2499 746 nobis
2548 676 2698 745 sine
2749 677 2966 747 literis
3024 702 3167 771 per

588 766 982 835 transitoria
1020 778 1085 836 et
1132 787 1251 855 per
1307 764 1926 834 succedentiasibi
1973 776 2283 854 tempora
2333 765 2679 856 scriptura
2728 787 3155 858 repraesen—

592 867 706 926 tat.
751 855 841 925 Ad
891 854 1072 942 quod
1124 875 1300 1012 opus
1346 854 1663 941 quamvis
1714 876 1839 923 nos
1873 853 1992 941 qui
2037 854 2293 943 proprii
2329 854 2481 942 ejus
2528 854 2800 924 alumni
2849 880 3139 939 sumuS,

587 958 655 1014 et
700 944 1010 1014 debitum
1061 956 1163 1013 tra
1191 955 1284 1013 iat
1342 956 1408 1013 et
1456 943 1806 1013 voluntas:
1870 942 2195 1012 scientiae
2244 956 2467 1013 tamen
2522 945 2845 1025 tenuitaS,
2901 960 2967 1016 et
3010 971 3135 1017 su-

590 1046 821 1125 specta
867 1032 1328 1121 quorumdam
1376 1033 1462 1101 de
1511 1031 1878 1102 narrandis
1926 1031 2296 1101 virtutibus
2335 1030 2507 1101 fides
2554 1034 2827 1124 repellit
2855 1035 2915 1105 *.
2947 1041 3120 1104 More

588 1144 889 1211 namque
923 1122 1211 1191 humani
1261 1121 1330 1189 in
1382 1122 1544 1204 enii,
1584 1144 1723 1209 quo
1773 1119 1922 1204 filii,
1961 1120 2019 1190 si
2060 1120 2505 1191 deformiores
2542 1123 2945 1211 parentibus
2972 1123 3113 1215 pul-

588 1212 798 1294 chris,
851 1223 914 1282 et
965 1222 1277 1303 parentes
1353 1224 1495 1281 orte
1544 1212 1777 1281 minus
1838 1208 2246 1290 laudabile5‚
2308 1209 2435 1279 filii
2487 1210 2973 1282 laudabiliores
3025 1213 3121 1281 vi-

587 1302 879 1372 dentur:
935 1300 1298 1392 plerosque
1336 1301 1817 1370 aestimaturos
1867 1311 2216 1390 putamus,
2272 1299 2489 1370 sancti
2541 1300 2754 1389 hujus
2847 1302 3007 1371 atris
3056 1316 3122 1370 et

589 1392 807 1461 nostri
854 1390 1240 1481 specialiter
1289 1390 1557 1481 patroni
1617 1401 1835 1469 actus,
1905 1388 2007 1457 vel
2064 1411 2278 1479 supra
2345 1389 2667 1461 meritum
2722 1414 2809 1460 no
2864 1391 2915 1459 is
2972 1390 3117 1480 pla-

588 1479 838 1560 cuisse,
894 1480 994 1549 vel
1029 1501 1240 1571 supra
1290 1478 1444 1549 mod
1458 1482 1573 1548 uin
1606 1501 1757 1548 esse
1791 1477 2130 1548 laudatos.
2167 1483 2313 1561 Qua
2343 1478 2412 1547 in
2444 1501 2513 1548 re
2545 1481 2865 1566 quamvis
2912 1479 3117 1549 libere

590 1569 927 1640 fateamur
977 1590 1101 1638 nos
1151 1590 1311 1638 eum
1378 1569 1662 1638 omnino
1727 1589 1860 1637 non
1913 1590 2134 1658 posse,
2188 1581 2525 1654 quantum
2577 1569 2921 1651 volumuS‚
2976 1569 3121 1639 lau·-

589 1659 775 1740 dare,
810 1659 969 1728 huic
1022 1670 1244 1728 tamen
1301 1657 1400 1726 vel
1450 1658 1869 1749 cogitationi,
1910 1657 2009 1725 vel
2043 1656 2435 1758 objectioni,
2475 1658 2893 1744 quadrifarie
2944 1659 3122 1728 vide-

590 1771 749 1818 mus
797 1770 995 1838 posse
1027 1747 1320 1817 occurri.
1354 1752 1517 1817 Nam
1550 1746 2056 1834 qualecumque
2087 1758 2173 1815 sit
2203 1746 2382 1833 quod
2419 1746 2814 1827 scribimus,
2853 1749 2983 1827 hoc
3011 1762 3119 1817 aut

591 1838 1036 1928 sapientiores
1087 1836 1322 1907 lecturi
1375 1848 1560 1918 sunt,
1592 1848 1712 1905 aut
1742 1834 2273 1925 insipientiores,
2321 1836 2387 1904 Si
2419 1836 2893 1936 sapientioreS,
2930 1838 3117 1906 dum·

590 1926 795 1996 modo
843 1949 997 1996 vera
1044 1926 1390 2007 dicantur,
1422 1926 1619 2016 juxta
1653 1925 2114 2015 Apostolicum
2148 1924 2434 2005 dictum,
2477 1925 2767 1995 libenter
2796 1928 3119 1996 sufferent

589 2015 1017 2106 insipientes,
1057 2037 1220 2085 cum
1269 2015 1408 2085 sint
1454 2016 1589 2106 ipsi
1637 2014 2019 2105 sapientes:
2074 2014 2132 2083 si
2181 2014 2710 2105 insipientioreS,
2747 2017 2859 2085 sui
2907 2016 3125 2085 consi·

591 2105 942 2175 deratione
988 2118 1052 2175 et
1099 2103 1392 2174 aliorum
1445 2127 1578 2173 non
1631 2103 1976 2173 immerito
2018 2103 2353 2174 minorem
2413 2104 2820 2193 sapientiam
2887 2105 3128 2175 tolera-

590 2194 787 2265 bunt.
843 2200 920 2264 Et
965 2207 1142 2265 certe
1193 2194 1253 2264 si
1298 2194 1556 2281 quibus
1585 2192 1821 2280 aliqua
1867 2192 1951 2262 de
1998 2192 2109 2263 his
2155 2215 2332 2281 quae
2379 2192 2628 2263 dicturi
2672 2216 2942 2275 summ,
2996 2195 3128 2264 du-

589 2284 808 2354 bietas
857 2283 1316 2365 intervenerit,
1372 2283 1576 2353 fidem
1627 2281 1767 2353 illis
1816 2294 1935 2351 aut
1985 2304 2157 2352 nova
2204 2305 2379 2369 quae
2412 2283 2498 2351 ad
2530 2284 2681 2373 ers
2709 2283 2914 2353 modo
2947 2296 3131 2353 tum-

590 2373 751 2443 bam
787 2373 1122 2443 miracula
1147 2373 1350 2453 fiunt,
1381 2371 1817 2463 persuadere,
1846 2384 1963 2441 aut
1989 2372 2462 2441 sanctissimae
2483 2372 2632 2462 ejus
2664 2372 2838 2442 vitae
2868 2372 3130 2442 conscii

590 2462 708 2551 qui
760 2463 988 2534 adhuc
1036 2462 1372 2552 aliquanti
1422 2462 1492 2531 in
1542 2483 1826 2554 corpore
1886 2472 2301 2552 supersunt,
2376 2461 2723 2532 inculcare
2775 2461 3125 2533 valebunt.

589 2552 882 2623 Proinde
913 2553 1230 2640 quamvis
1278 2552 1481 2644 plura
1529 2551 1667 2620 alia
1701 2574 1820 2642 per
1849 2572 2004 2620 eum
2047 2551 2376 2621 Dominus
2405 2551 2647 2622 fecisse
2679 2552 2958 2632 feratur,
3001 2575 3129 2621 nos

589 2665 668 2712 ea
716 2641 1151 2713 solummodo
1198 2642 1267 2710 in
1321 2643 1448 2711 hoc
1480 2641 1817 2732 opusculo
1856 2662 2192 2730 ponemus
2221 2661 2397 2727 quae
2429 2653 2547 2711 aut
2575 2641 2663 2710 ab
2710 2640 2850 2712 illis
2876 2663 3133 2731 cogno·

587 2733 817 2802 vimus
870 2731 992 2818 qui
1038 2732 1188 2822 ejus
1238 2731 1500 2831 jugiter
1546 2729 2046 2802 conversationi
2093 2729 2587 2800 interfuerunt:
2641 2743 2760 2800 aut
2806 2731 2878 2799 in
2928 2730 3131 2800 sche-

591 2821 801 2901 datis,
839 2820 1153 2908 quamvis
1200 2819 1441 2890 ordine
1473 2819 1783 2902 consuSO,
1837 2819 2060 2910 posita
2106 2818 2530 2889 invenimus:
2586 2832 2705 2890 aut
2750 2832 2930 2889 certe
2951 2841 3130 2906 quae

591 2908 812 2980 oculis
852 2910 1102 2979 nostris
1135 2908 1219 2978 ad
1271 2921 1740 2978 sacrosanctas
1790 2909 1899 2979 sui
1930 2909 2236 2999 corporis
2267 2909 2545 2978 exuvias
2581 2920 2772 2999 gesta
2796 2931 2945 2978 esse
2974 2930 3131 3008 per-

591 2999 968 3091 speximus.
1021 3003 1100 3068 In
1138 3020 1274 3085 quo
1312 3020 1519 3090 opere
1563 3020 1642 3068 ea
1692 2998 2155 3068 moderatione
2204 2997 2455 3086 stylum
2499 3021 2622 3088 pro
2669 2997 2999 3098 ingenioli
3030 2996 3131 3065 fa—

591 3087 925 3158 cultatula
973 3100 1350 3177 temperare
1396 3087 1825 3168 curabimuS,
1867 3099 1942 3156 ut
1990 3109 2114 3157 nec
2146 3087 2555 3157 contractior
2582 3088 2878 3158 brevltas
2925 3085 3129 3155 intel-

593 3176 798 3247 lectui
843 3176 1150 3259 obsistat,
1217 3200 1339 3247 nec
1401 3177 1826 3269 progressior
1889 3177 2088 3267 copia
2144 3176 2498 3247 fastidium
2556 3177 2817 3268 gignat.
2890 3181 3131 3262 ltaque

592 3266 855 3337 Christo
902 3265 1189 3347 favente,
1243 3279 1308 3336 et
1360 3279 1757 3337 sanctorum
1793 3266 2054 3336 meritis
2117 3266 2315 3336 nobis
2366 3265 2977 3356 patrocinantibuS‚
3021 3277 3127 3334 at-

589 3377 726 3444 que
808 3354 1196 3426 otissimum
1241 3379 1364 3426 nos
1413 3355 1801 3447 adjuvante,
1854 3355 1939 3424 de
1985 3378 2122 3442 quo
2178 3355 2475 3425 scribere
2521 3354 2984 3444 disponimus,
3037 3353 3125 3423 ad

591 3445 710 3514 Dei
782 3444 1030 3515 audem
1078 3457 1143 3514 et
1188 3445 1272 3514 ad
1325 3444 1500 3516 servi
1549 3445 1657 3515 sui
1706 3444 2300 3535 glorificationem,
2346 3443 2428 3513 ad
2483 3444 2914 3514 audientium
2967 3466 3131 3534 pro-

589 3534 869 3616 fectum,
923 3533 1128 3604 vitam
1178 3535 1398 3605 sancti
1455 3548 1522 3605 et
1576 3533 1959 3605 beatissimi
2022 3532 2438 3604 Conlessoris
2487 3533 2736 3603 Christi
2801 3532 3120 3624 Ludgeri,

591 3634 850 3712 quanta
882 3646 1255 3715 possumus
1303 3623 1580 3695 veritate
1627 3622 2043 3692 evolvamus

690 3716 726 3800 ξ
778 3718 865 3784 2.
938 3712 1294 3804 Ludgerus
1356 3736 1435 3782 ex
1497 3712 1712 3783 Frisia
1767 3711 2105 3781 oriundus
2154 3711 2302 3782 fuit.
2384 3717 2703 3781 Parentes
2771 3712 2920 3799 ejus
2989 3731 3126 3779 non

595 3801 824 3871 solum
873 3801 958 3882 ad
1007 3801 1316 3872 seculum
1369 3801 1658 3883 nobileS‚
1713 3800 1830 3871 sed
1879 3813 1943 3870 et
1989 3801 2059 3869 in
2113 3801 2248 3871 fide
2295 3800 2629 3871 catholica
2689 3798 3130 3870 Christianis-

593 3889 755 3961 simi
802 3902 1017 3960 erant.
1073 3896 1249 3961 Avus
1286 3891 1460 3982 ejuS,
1516 3890 1796 3984 nomine
1834 3890 2246 3982 Wrisingus,
2284 3913 2365 3960 ex
2415 3889 2530 3960 illa
2578 3889 2881 3981 primum
2931 3887 3132 3957 fami-

594 3980 687 4050 lia
738 3978 1001 4050 Christo
1050 4003 1299 4050 nomen
1349 3979 1558 4051 dedit.
1611 3985 1679 4050 Is
1726 3979 1864 4050 Ado
1912 3992 2388 4071 cognomentO,
2443 4002 2481 4048 a
2531 3984 2710 4069 Rege
2770 3977 3123 4059 RadbodO,

594 4069 714 4158 qui
772 4079 934 4139 tunc
997 4069 1250 4140 Frisiae
1295 4069 1756 4162 imperitabat,
1813 4069 1899 4138 ob
1937 4070 2247 4160 justitiae
2294 4068 2759 4139 defensionem
2808 4090 2849 4137 a
2913 4067 3132 4152 patria

594 4159 960 4259 effugatus,
1013 4170 1078 4227 et
1122 4158 1193 4228 in
1243 4161 1599 4230 Franciam
1634 4159 1879 4249 pulsus
1910 4171 2034 4228 est.
2076 4160 2198 4229 Sed
2251 4182 2409 4229 cum
2450 4170 2599 4249 post
2632 4169 2915 4226 mortem
2953 4155 3132 4225 Rad-

594 4247 780 4333 bodi,
818 4247 1050 4317 Carolo
1098 4269 1170 4317 re
1225 4260 1449 4329 nante,
1507 4249 1720 4321 Frisia
1768 4253 2185 4318 Francorum
2233 4247 2629 4319 accessisset
2675 4245 2988 4336 imperio,
3043 4244 3131 4316 ab

596 4338 746 4428 ipso
801 4335 1081 4408 demum
1131 4360 1170 4406 a
1267 4338 1558 4429 patriam
1607 4340 1818 4408 causa
1856 4337 2016 4406 fidei
2057 4337 2481 4409 roborandae
2529 4335 2862 4409 remissus
2908 4347 3034 4407 est.

646 4464 673 4492 ⁴¹
699 4463 928 4518 Prologus
945 4465 1004 4507 nd
1026 4464 1356 4510 exordiendum
1377 4465 1643 4510 ontionem
1661 4465 1972 4509 laudatoriam
1993 4465 2245 4516 anquando
2265 4463 2554 4516 aptissimus.
