3327 4999
188 285 293 349 EX
340 282 513 350 OCT.
569 284 638 348 Μ
917 301 995 347 m:
1043 301 1099 347 s.
1155 299 1443 348 aaunomz
1489 298 1712 348 coron.
1763 298 1959 348 masc.
2491 281 2616 346 667

186 394 361 453 esset
407 382 477 452 in
526 381 684 462 otio,
740 402 962 463 nemo,
1014 380 1152 450 fere
1199 381 1420 471 magis
1478 380 1836 450 videbatur
1891 381 1960 450 in
2030 402 2113 450 ne
2161 381 2320 451 otio:
2375 402 2498 450 nec
2544 401 2707 450 cum

188 484 365 544 esset
406 471 476 541 in
529 470 820 561 negotio,
859 493 1168 558 unquam
1219 471 1528 541 cessabat
1574 469 1660 540 ab
1707 469 1865 540 otio.
1932 474 2120 540 Lucu
2172 470 2552 541 rationibus
2601 469 2709 537 in-

189 560 612 640 tentissimus
662 560 1112 643 inveniendiS‚
1166 559 1238 628 in
1286 559 1584 640 dictatu,
1643 580 2121 647 quaecumque
2168 571 2331 630 sunt
2376 558 2709 629 honestis·

192 651 388 731 sima,
430 650 874 721 acutissimus
919 649 1067 719 fuit.
1142 648 1458 718 Latialem
1514 648 1972 736 eloquentiam
2022 670 2154 718 non
2208 649 2278 718 in
2328 670 2399 718 se
2447 647 2697 729 solum,

187 741 307 812 ubi
344 738 681 820 excelluit,
735 738 853 808 sed
892 750 957 808 et
1003 738 1071 807 in
1125 737 1362 808 multis
1401 736 1557 808 aliis
1639 738 1878 808 olltam
1907 737 2201 807 reddidit
2231 749 2296 807 et
2344 737 2706 807 illustrem.

190 828 386 901 Nullo
432 839 657 898 autem
711 828 840 898 hoc
886 828 1024 918 egit
1070 826 1463 917 supercilio,
1496 849 1566 899 se
1663 839 1809 897 tum
1844 826 2218 898 domestico
2266 826 2517 917 lepbre,
2564 838 2711 896 tum

189 920 456 989 urbana
504 918 855 1009 gravitate.
910 923 1062 987 Post
1092 916 1357 1008 epulas,
1401 937 1561 986 cum
1611 916 1729 986 alii
1760 928 1824 985 et
1871 916 2164 1005 majores
2209 916 2441 994 etiam,
2479 927 2557 985 ut
2595 937 2711 984 ac-

187 1031 263 1079 ce
317 1007 521 1089 imuS,
578 1006 782 1098 paulo
830 1018 1044 1097 agunt
1092 1005 1473 1086 remissius:
1513 1005 1659 1091 ipse
1709 1004 1981 1076 lectioni
2032 1018 2096 1075 et
2146 1004 2566 1075 meditationi
2600 1027 2713 1074 va·

187 1032 384 1168 cabat
428 1097 774 1167 attentius,
829 1095 1236 1165 Matutinum
1302 1094 1789 1186 crepusculum
1843 1093 2032 1166 nullo
2147 1095 2312 1165 retio
2357 1093 2708 1175 vendidit,

191 1209 315 1258 nec
364 1197 528 1257 tunc
588 1208 661 1255 se
706 1206 949 1255 somno
1024 1183 1391 1255 solicitanti
1436 1183 1580 1254 ullo
1630 1183 1831 1254 modo
1893 1183 2079 1253 credi
2133 1184 2205 1254 it.
2261 1183 2592 1254 Scurrilia
2646 1195 2713 1253 et

191 1276 470 1345 mimica
498 1297 674 1363 quae
721 1274 790 1343 in
840 1272 1212 1344 comoediis
1259 1285 1324 1343 et
1362 1273 1731 1365 tragoediis
1788 1296 1830 1343 a
1884 1274 2194 1363 personis
2239 1273 2447 1343 variis
2502 1272 2708 1355 edita,

188 1365 472 1454 quidam
546 1375 1034 1456 concrepantes
1081 1363 1227 1432 risu
1276 1385 1346 1432 se
1406 1363 1676 1433 infinito
1722 1363 2172 1446 concutiunt,
2235 1362 2380 1453 ipse
2445 1383 2585 1433 sem
2642 1383 2717 1432 er

191 1455 368 1526 serio
416 1453 807 1525 lectitabat:
864 1452 1219 1523 materiam
1288 1475 1410 1543 pro
1460 1453 1771 1535 minim0,
1824 1451 2297 1523 auctoritatem
2356 1451 2424 1521 in
2475 1473 2590 1521 ver
2641 1473 2717 1521 o-

191 1566 343 1613 rum
372 1542 1008 1634 compositionibus
1056 1564 1180 1632 pro
1237 1542 1534 1612 maximo
1601 1543 1982 1633 reputabat.
2040 1540 2493 1614 ‘translatitiis
2539 1563 2714 1611 usus

192 1645 294 1703 est
342 1631 617 1713 scholis,
674 1655 807 1702 non
838 1653 1121 1722 corpore
1166 1631 1470 1719 quidem.
1509 1630 1627 1701 sed
1670 1643 1895 1701 mente
1931 1631 2227 1720 quietus.
2264 1636 2715 1718 Quocumque

189 1722 372 1792 enim
422 1721 1070 1812 circumagebantur
1117 1720 1556 1791 tabernacula
1586 1731 1704 1790 aut
1741 1732 1964 1792 castra
2011 1720 2290 1811 regalia,
2342 1719 2714 1791 bibliothe-

190 1832 344 1882 cam
395 1833 617 1893 suam,
671 1812 850 1881 sicut
894 1832 1125 1881 arcam
1156 1809 1605 1892 Dominicam,
1657 1809 2143 1892 circumduxit,
2196 1809 2419 1880 ferens
2479 1830 2714 1878 secum

189 1911 256 1970 et
301 1921 581 1969 causam
633 1899 841 1970 studii
890 1900 1000 1969 sui
1045 1912 1111 1969 et
1156 1900 1719 1969 instrumentum:
1773 1920 2052 1970 causam
2106 1898 2175 1968 in
2242 1896 2533 1980 divinis,
2604 1897 2716 1966 in-

191 2000 646 2059 strumentum
703 1990 770 2057 in
820 1988 1193 2079 gentilibus
1232 1987 1449 2059 libris:
1501 2000 1744 2080 utputa
1777 1988 2019 2060 doctus
2060 1986 2551 2079 paterfamilias
2592 1985 2711 2074 qui

193 2077 378 2147 novit
424 2077 509 2147 de
556 2076 873 2148 thesauro
904 2099 1029 2148 suo
1063 2076 1358 2168 proferre
1390 2098 1561 2147 nova
1606 2090 1673 2147 et
1720 2088 1964 2146 vetera.
2000 2082 2130 2148 Nec
2160 2078 2233 2147 in
2280 2077 2433 2168 ipso
2468 2076 2710 2146 itinere

190 2165 494 2236 desidiae
541 2165 734 2236 locus
779 2179 944 2237 erat.
1015 2171 1093 2236 In
1140 2167 1342 2237 turba
1387 2166 1571 2254 quod
1645 2187 2020 2258 paucorum
2068 2179 2212 2248 est,
2268 2166 2470 2254 quasi
2516 2164 2709 2237 solus

190 2266 355 2324 erat.
391 2254 966 2326 confabulabatur
996 2276 1292 2342 namque
1340 2255 1688 2325 utilimum
1738 2254 2000 2343 aliquid
2062 2278 2222 2326 cum
2282 2255 2545 2343 quovis,
2591 2264 2711 2324 aut

196 2343 654 2414 meditabatur
698 2344 1003 2436 idipsum
1054 2345 1122 2414 in
1186 2345 1451 2432 quovis.
1504 2349 1668 2414 Cum
1718 2344 1802 2415 ad
1853 2344 2167 2416 divinum
2214 2356 2493 2415 ventum
2541 2354 2718 2416 esset

193 2431 520 2517 officium,
556 2434 867 2506 animum
918 2434 1192 2527 gerebat
1238 2433 1600 2518 intentum,
1656 2433 1844 2505 brevi
1891 2433 2197 2522 quidem,
2251 2435 2369 2507 sed
2419 2455 2593 2526 pura
2642 2454 2716 2503 se

196 2522 498 2594 oratione
548 2523 833 2594 Domino
871 2523 1387 2594 commendans,
1440 2524 1554 2606 Iis,
1607 2524 1864 2612 quibus
1909 2525 2317 2607 convixerat,
2371 2523 2613 2596 habitu
2642 2534 2710 2593 et

194 2622 393 2704 gestu
440 2612 835 2701 aliquando,
889 2627 1112 2682 mente
1160 2612 1350 2683 aliud
1398 2612 1729 2697 actitanS,
1782 2612 2128 2685 satisfecit.
2180 2619 2324 2684 Non
2372 2613 2555 2684 enim
2592 2612 2718 2682 ali-

192 2715 293 2803 ter
339 2714 474 2772 tam
526 2724 678 2773 vere
725 2702 1081 2795 popularis
1125 2713 1324 2783 esset,
1364 2724 1584 2790 neque
1630 2715 1770 2773 tam
1817 2703 2078 2775 multis‘
2106 2704 2387 2774 meliora
2435 2724 2717 2794 persua-

197 2803 421 2861 sisset.

280 2882 317 2967 ἓ
362 2886 456 2951 θ.
512 2879 763 2949 Deinde
793 2902 951 2951 cum
1003 2880 1087 2950 de
1132 2880 1381 2952 virtute
1426 2881 1497 2950 in
1548 2882 1861 2952 virtutem
1912 2882 2314 2983 gigantaeis,
2353 2893 2430 2951 ut
2474 2882 2568 2952 ita
2599 2880 2704 2950 di-

192 2991 370 3049 cam,
441 2968 763 3059 passibus
811 2970 959 3051 iret,
1024 2982 1090 3040 et
1134 2992 1573 3059 quocumque
1620 2970 1862 3062 pedem
1924 2971 2255 3053 intendit,
2327 2992 2597 3062 semper
2646 2970 2716 3038 in

191 3056 541 3126 voluntate
578 3058 846 3127 Domini
896 3058 1287 3149 proficeret:
1338 3073 1485 3129 orta
1531 3072 1632 3130 est
1660 3059 1891 3130 subita
1938 3071 2305 3152 tempestas
2349 3059 2721 3131 dissensio—

195 3145 309 3214 nis
354 3145 425 3214 in
477 3145 800 3228 Ecclesia,
856 3146 1260 3230 dormiente,
1320 3149 1548 3229 cred0‚
1611 3155 1779 3219 Jesu
1824 3149 1893 3217 in
1958 3149 2351 3240 pectoribus
2400 3148 2714 3240 vigilum,

196 3244 354 3303 ante
403 3233 577 3304 fores
645 3234 895 3305 domus
943 3236 1213 3305 Domini
1267 3237 1781 3319 excubantium,
1849 3237 1941 3307 ita
1985 3250 2063 3308 ut
2108 3238 2393 3326 quidam
2443 3249 2720 3308 satanae

198 3321 391 3403 socii,
445 3322 742 3393 invidiae
811 3325 1060 3415 spiritu
1107 3325 1407 3408 distenti,
1472 3331 1956 3417 Imperatorem
2007 3326 2278 3418 ipsum,
2346 3348 2467 3417 per
2513 3348 2720 3414 quem

196 3410 384 3482 salus
430 3423 574 3481 erat
619 3413 688 3480 in
741 3413 1017 3505 populo,
1053 3427 1466 3484 conarentur
1511 3415 1927 3506 extinguere.
1981 3419 2201 3499 Quare
2259 3415 2411 3497 hoc,
2464 3416 2599 3486 nisi
2644 3426 2724 3485 ut

200 3521 337 3571 non
374 3514 826 3592 arguerentur
870 3524 1108 3573 eorum
1158 3502 1338 3573 mala
1395 3525 1435 3573 o
1486 3507 1642 3573 era?
1681 3509 1846 3574 Nam
1886 3514 2053 3574 teste
2098 3504 2502 3596 Evangelica
2548 3504 2722 3574 veri-

201 3602 354 3672 tate,
395 3590 621 3661 omnis
666 3591 788 3678 qui
822 3591 1000 3662 male
1047 3592 1209 3683 agit,
1248 3591 1391 3663 odit
1467 3615 1689 3663 ucem.
1727 3597 1998 3664 Cassato
2045 3593 2256 3684 igitur
2304 3615 2426 3684 per
2453 3594 2567 3665 Dei
2594 3593 2724 3662 mi-

198 3679 601 3751 serationem
653 3680 780 3750 hoc
828 3703 948 3772 per
1008 3682 1478 3772 serpentinum
1523 3682 1801 3753 sibilum
1853 3695 2179 3841 concepto
2233 3682 2545 3765 consilio,
2600 3704 2720 3752 ne-

196 3769 455 3857 quitiae
501 3791 666 3839 suae
703 3769 892 3840 virus
920 3792 1041 3861 per
1090 3771 1295 3841 totius
1342 3772 1491 3862 ejus
1524 3771 1717 3863 regni
1751 3772 2009 3841 viscera
2088 3771 2487 3842 iffuderunt.
2523 3771 2717 3855 Quod

200 3858 356 3928 licet
403 3858 661 3946 ubique
706 3871 770 3929 et
819 3859 1047 3951 legum
1099 3860 1479 3932 minaretur
1515 3860 1893 3942 silentium,
1946 3872 2012 3930 et
2044 3860 2264 3952 plebis
2314 3882 2433 3952 per
2476 3861 2720 3932 caedes

195 3959 260 4017 et
316 3949 593 4039 rapinas
642 3949 1034 4018 interitum:
1090 3971 1429 4038 nusquam
1490 3962 1716 4020 tamen
1778 3950 2100 4031 atrociuS,
2151 3971 2357 4037 quam
2409 3951 2479 4019 in
2528 3950 2720 4021 Occi-

196 4034 424 4106 dentis
474 4037 787 4128 partibus
834 4040 1207 4109 aestuabat.
1263 4039 1367 4108 Ibi
1414 4039 1763 4130 principes
1810 4039 1875 4108 vi
1920 4051 1985 4108 et
2031 4051 2225 4129 rapto
2262 4039 2540 4121 assueti,
2595 4062 2717 4130 po-

199 4125 346 4216 puli
410 4147 641 4197 rerum
691 4148 1021 4197 novarum
1080 4127 1341 4219 cupidi,
1403 4128 1723 4199 civilibus
1786 4149 2026 4198 omnes
2082 4127 2398 4199 cladibus
2445 4128 2711 4210 intenti,

158 4214 492 4285 -aliorum
543 4216 869 4287 ditescere
916 4216 1188 4286 miseris
1227 4218 1740 4308 praeoptabant.
1778 4223 1965 4287 Tunc
2012 4231 2286 4289 sanctae
2332 4217 2717 4288 Coloniensi

191 4303 518 4374 ecclesiae
547 4316 777 4396 pastor
808 4303 1198 4388 wicfridus,
1247 4306 1370 4377 diu
1399 4306 1774 4378 admodum
1808 4306 2195 4391 imbecillis,
2234 4306 2458 4400 regiae
2487 4319 2716 4377 tamen
