3327 4999
176 318 287 385 Ex
333 318 520 385 ΑΗΘ.
578 316 661 381 ’16
1003 336 1083 384 nn
1131 336 1189 382 s·
1241 334 1551 385 mcLovio
1600 331 1898 381 EPISCOPO
2504 314 2632 379 609

176 421 380 512 plura
428 432 493 490 et
551 419 812 510 majora
859 419 1073 491 efficit
1122 421 1343 507 signa,
1396 441 1603 506 quam
1656 417 1776 487 illo
1825 417 2111 486 vivente.
2152 420 2389 502 Itaque
2434 417 2725 485 confidi-

177 533 339 580 mus
403 510 490 578 ab
553 509 880 578 omnibus
931 508 1263 598 periculis
1315 531 1434 599 per
1479 509 1630 594 esus
1681 506 1922 576 merita
1991 527 2116 575 nos
2164 505 2526 575 liberatum
2586 506 2716 575 iri:

176 610 566 690 praestante
620 598 905 667 Domino
965 609 1201 667 nostro
1245 603 1412 669 Jesu
1460 602 1502 667 C
1563 596 1766 677 rist0‚
1818 595 1939 685 qui
1994 594 2158 664 vivit
2213 605 2279 663 et
2325 606 2567 685 regnat
2603 616 2727 686 per

175 688 409 758 omnia
456 686 697 784 secula,
740 686 1137 757 seculorum
1164 741 1179 768 ,
1234 691 1443 757 Amen
1485 685 1614 776 (a).

431 1002 664 1103 VlTA
735 1002 815 1102 S.
888 1001 1376 1104 MACLOVII
1444 1002 1759 1103 EPISC.
1817 1001 1939 1103 ΕΤ
2006 997 2471 1103 CONFESS.

290 1256 574 1304 AUCTORE
622 1257 964 1305 SIGEBERTO
1011 1256 1308 1305 noNACHo
1359 1256 1661 1305 GEMBLAC.
1716 1256 1824 1314 QUI
1872 1256 2139 1305 CLARUIT
2185 1255 2462 1305 SAECULO
2509 1257 2621 1304 111.

494 1422 689 1506 'Obiit
730 1465 833 1506 an.
876 1453 997 1507 565
1040 1464 1255 1507 annos
1295 1452 1499 1506 natus
1526 1452 1649 1506 130
1692 1479 1771 1487 —
1808 1450 1967 1507 Nat.
2011 1450 2404 1510 Britannus.

269 1654 305 1738 ξ
354 1657 429 1723 1.
484 1651 852 1721 Praeconia
899 1660 1321 1729 sanctorum,
1375 1670 1552 1735 quae
1598 1649 1797 1718 valde
1844 1661 2004 1718 sunt
2051 1649 2122 1718 in
2183 1649 2403 1719 oculis
2454 1650 2724 1720 Domini
2781 1662 2782 1665 ’

181 1741 502 1830 pretiosa,
560 1740 961 1810 nullatenus
1000 1751 1162 1810 sunt
1210 1737 1578 1820 reticenda,
1633 1761 1867 1807 verum
1919 1739 2109 1808 omni
2170 1739 2541 1808 memoriae
2592 1754 2728 1810 tra-

182 1829 431 1899 denda.
484 1829 950 1899 Nihilominus
987 1826 1407 1896 credendum
1457 1842 1581 1906 est,
1629 1827 2119 1917 omnipotentis
2166 1828 2285 1896 Dei
2334 1828 2580 1898 virtute
2627 1829 2729 1898 fa-

184 1932 293 1988 cta
339 1942 487 1988 esse
537 1932 929 1988 sanctorum
972 1916 1304 1985 miracula
1365 1937 1485 2003 pro
1534 1915 1717 1997 felici
1747 1938 1983 1986 eorum
2048 1916 2206 1998 vita,
2262 1916 2458 2007 prius
2504 1918 2730 1986 cordi·

184 2008 321 2077 bus
348 2030 587 2076 eorum
619 2006 892 2076 coelesti
927 2004 1399 2074 munificentia
1448 2005 1690 2074 indita.
1745 2010 1918 2095 Ergo
2021 2006 2275 2074 rimum
2326 2004 2728 2095 indaganda

186 2110 288 2168 est
334 2097 715 2165 amicorum
766 2095 1012 2164 Christi
1061 2094 1217 2173 vita,
1271 2106 1370 2171 ut,
1424 2093 1588 2163 dum
1631 2116 1780 2163 eam
1832 2106 1943 2162 stu
1994 2116 2193 2163 emus
2241 2094 2520 2173 imitari,
2567 2117 2723 2185 pro-

187 2187 376 2257 ficiat
424 2185 623 2255 nobis
656 2184 940 2254 virtutes
978 2205 1216 2252 eorum
1271 2182 1531 2252 mirari.
1589 2183 1943 2270 Siquidem
1994 2182 2166 2252 nihil
2205 2205 2327 2252 nos
2350 2183 2550 2269 Juvat
2583 2197 2731 2253 stu-

239 2298 349 2345 ere
406 2273 764 2353 miracula,
806 2273 955 2343 sine
1021 2271 1243 2341 felicis
1308 2271 1481 2340 vitae
1529 2272 1910 2341 imitatione
1961 2272 2292 2362 proficua.
2386 2294 2498 2340 am
2540 2295 2729 2342 nunc

237 2365 368 2435 eati
417 2364 545 2431 viri
596 2364 728 2432 vita
776 2361 860 2430 ad
912 2360 1222 2429 medium
1270 2360 1676 2442 deducatur,
1718 2375 1812 2441 ut,
1848 2361 2014 2429 dum
2065 2361 2217 2451 ejus
2267 2361 2507 2431 merita
2545 2384 2731 2432 reco-

191 2454 396 2525 lendo
434 2453 518 2522 ad
570 2452 719 2539 ejus
767 2450 1213 2520 imitationem
1266 2449 1686 2533 animamur,
1752 2450 2262 2522 intercessionis
2308 2450 2604 2543 gratiam
2654 2450 2727 2520 in

192 2540 824 2635 opportunitatibus
870 2540 1123 2608 habere
1164 2561 1577 2610 mereamur.

278 2635 313 2790 ᾗ
359 2638 445 2702 2.
502 2636 794 2700 Sanctus
842 2628 1212 2698 Maclovius
1264 2628 1614 2698 nobilitate
1648 2640 2008 2718 parentum
2045 2627 2230 2718 apud
2268 2628 2584 2698 homines
2618 2650 2727 2698 se-

189 2721 331 2792 cui
380 2721 558 2789 inter
605 2741 767 2789 suos
827 2740 961 2787 non
1027 2717 1460 2787 mediocriter
1505 2718 1850 2806 inclytus·‚
1905 2716 2077 2786 citra
2122 2738 2313 2786 oram
2356 2718 2735 2788 Britannici

187 2810 400 2880 maris
448 2809 577 2878 fuit
624 2808 872 2878 editus.
927 2812 1122 2876 Pater
1167 2807 1319 2894 ejus
1366 2812 1588 2877 Guent
1636 2807 1937 2886 nomine,
1997 2809 2233 2876 Comes
2275 2805 2426 2886 fuit,
2461 2807 2582 2894 qui
2614 2829 2735 2874 ur-

187 2900 298 2970 bis
346 2899 831 2984 Gimicastrum
884 2908 1157 2966 vocatae
1204 2896 1259 2977 ⁴⁸,
1295 2897 1609 2966 conditor
1636 2896 1877 2965 extitit.
1917 2899 2195 2963 Matrem
2230 2895 2453 2985 ipsius
2491 2895 2734 2964 Darval

189 3012 230 3058 a
287 2988 604 3078 pellatam
637 2987 1056 3076 accepimus
1100 2990 1172 3055 Et
1213 2985 1375 3072 quia
1425 2986 1494 3054 in
1546 2985 1739 3055 omni
1782 3006 2012 3053 rerum
2063 2997 2314 3053 eventu
2364 3006 2729 3071 nunquam

190 3013 385 3147 abest
434 3076 544 3145 Dei
594 3074 1039 3164 dispensatio,
1082 3075 1300 3164 patuit
1346 3075 1549 3143 etiam
1601 3075 1670 3142 in
1710 3074 1919 3164 hujus
1968 3073 2190 3143 sancti
2239 3073 2364 3143 viri
2419 3073 2735 3142 nativita-

192 3168 281 3236 tis
328 3164 627 3233 exordio.
682 3168 891 3232 Natus
937 3174 1037 3232 est
1084 3163 1270 3231 enim
1337 3164 1404 3232 in
1454 3163 1566 3232 die
1615 3177 1893 3244 sanct0,
1948 3184 2085 3250 quo
2134 3163 2363 3232 omnis
2421 3161 2736 3232 mundus

190 3252 544 3323 Pasclialis
592 3251 1045 3321 solemnitatis
1092 3251 1479 3320 celebrabat
1532 3252 1829 3342 gaudia:
1883 3265 1958 3321 ut
2006 3252 2075 3321 in
2128 3251 2264 3338 die,
2317 3273 2523 3337 quam
2578 3250 2738 3320 fecit

194 3341 574 3421 Dominus,
626 3353 703 3410 ut
774 3340 1159 3409 exultemus
1216 3352 1281 3408 et
1349 3340 1680 3410 laetemur
1742 3342 1809 3409 in
1861 3362 1986 3421 ea,
2039 3340 2244 3409 etiam
2309 3341 2438 3409 hoc
2489 3340 2732 3430 gaudii

193 3429 604 3501 mortalibus
651 3429 930 3498 adderet
975 3427 1248 3497 divinae
1298 3429 1566 3517 pietatis
1614 3429 1857 3519 gratia.
1896 3433 1970 3497 In
2024 3429 2236 3528 hujus
2275 3429 2535 3519 quippe
2566 3429 2733 3499 arti-

192 3518 353 3590 culo
407 3518 544 3586 diei
594 3517 733 3586 nati
783 3531 946 3586 sunt
991 3517 1058 3585 in
1114 3517 1262 3603 ipsa
1310 3517 1560 3586 vicinia
1607 3518 1814 3585 etiam
1878 3516 1994 3584 alii
2047 3517 2470 3606 trigintatres
2507 3518 2728 3608 pueri.

195 3608 390 3691 Quod
418 3607 578 3693 quia
614 3605 951 3675 creditum
986 3616 1086 3674 est
1115 3604 1578 3695 dispensativa
1620 3606 1735 3674 Dei
1783 3604 2215 3674 ordinatione
2263 3606 2546 3680 sactum.
2590 3606 2738 3696 pla-

201 3697 347 3767 cuit
395 3695 797 3786 parentibus
842 3695 1182 3774 omnium,
1238 3706 1316 3762 ut
1372 3695 1491 3780 qui
1549 3693 1898 3763 nascendo
1949 3693 2165 3763 sortiti
2216 3693 2487 3764 fuerant
2526 3696 2739 3766 unius

201 3784 857 3875 contemporalitatis
887 3783 1269 3861 exordium,
1301 3805 1522 3852 unum
1552 3783 1618 3850 in
1650 3782 1915 3851 Christo
1952 3795 2258 3851 tenerent
2292 3783 2558 3852 vivendi
2579 3806 2741 3853 con-

204 3874 629 3945 tubernium.
699 3878 863 3942 Nam
931 3893 1173 3941 omnes
1222 3871 1427 3942 simul
1481 3894 1639 3940 cum
1692 3876 1758 3940 S.
1819 3871 2145 3940 Maclovio
2191 3872 2261 3907 ’μ’
2308 3872 2743 3943 scholaribus

201 3963 454 4033 studiis
502 3962 777 4042 eruditi,
830 3983 1071 4031 omnes
1117 3960 1326 4029 simul
1377 3960 1649 4029 divinae
1699 3961 2008 4030 servituti
2058 3973 2221 4030 sunt
2262 3961 2661 4051 mancipati.

295 4056 332 4140 ἓ
378 4058 471 4124 3.
527 4058 748 4121 Bonae
796 4051 1026 4138 itaque
1071 4050 1326 4119 indolis
1375 4071 1588 4140 puero
1635 4049 1848 4120 electo
1890 4073 1932 4119 a
1979 4055 2111 4120 Deo
2158 4050 2244 4119 ad
2285 4049 2738 4122 beatitudinis

256 4226 316 4274 (αὶ
343 4225 681 4266 Menanterium
702 4235 729 4262 a
748 4225 796 4263 B.
819 4223 1042 4263 Disibodo
1060 4223 1310 4262 fundatum
1328 4223 1377 4261 in
1396 4222 1676 4272 Mogunttna
1693 4223 1922 4270 Dloecesi.
1939 4232 2113 4263 nomen
2134 4223 2193 4264 ab
2207 4231 2264 4265 eo
2287 4224 2468 4272 accepit
2494 4224 2746 4275 Dynmum-9

202 4289 354 4327 eoque
377 4280 468 4319 loci
488 4280 531 4318 S.
553 4279 644 4319 coli
664 4278 947 4328 Episcopum
967 4277 1229 4316 memorant
1246 4276 1583 4316 Bollandistae.

259 4335 284 4360 ¹*
312 4333 445 4382 Angl.
477 4332 780 4376 Gasoel-Weut.
800 4341 926 4372 nuuc
948 4332 1165 4379 eliopeto-0
1187 4331 1243 4368 ad
1267 4340 1435 4369 amnon
1455 4331 1581 4378 Wye.

255 4387 311 4413 ¹⁸⁸
342 4387 600 4425 maclovius
620 4386 843 4425 scribitur
862 4384 1010 4424 lnttue
1030 4384 1173 4423 etiam
1200 4383 1462 4429 Mschutus,
1490 4382 1747 4429 machutes,
1775 4383 2047 4429 Maclzvius,
2074 4384 2348 4425 macliavus.
2379 4384 2559 4425 Gallice
2588 4385 2745 4423 autem

202 4437 342 4490 Μαιὸ,
360 4440 544 4482 Madau.
564 4442 704 4488 atque
729 4440 919 4478 Mal-oue.
939 4437 1175 4477 Hodierna
1193 4439 1264 4476 est
1284 4438 1384 4478 dies
1403 4438 1574 4478 obitus.
1607 4437 1720 4477 Vide
1740 4438 1876 4478 iun-a.
1894 4448 1938 4487 p.
1962 4439 2056 4480 621.

368 4523 606 4579 surius
636 4550 662 4565 -
716 4517 871 4579 Vitae
896 4519 1004 4581 88.
1040 4550 1064 4562 -
1093 4518 1216 4576 Vol.
1262 4518 1362 4577 111.
2432 4518 2508 4577 39
