3327 4999
680 328 810 396 506
1478 352 1556 398 nr:
1603 348 1658 399 S.
1713 351 1999 401 musano
2047 351 2245 400 Erlsc.
2751 332 2998 396 MART.
3052 331 3146 397 26

680 429 717 513 ξ
780 428 919 500 18.
974 429 1127 500 Post
1172 429 1322 519 ejus
1362 450 1518 499 vero
1550 431 1815 501 obitum
1845 432 2154 519 sequenti
2183 431 2410 501 statim
2439 452 2623 501 anno
2656 428 2880 498 navali
2911 429 3141 501 classe

592 514 761 584 illuc
809 514 1095 598 advecti,
1150 518 1351 608 plura
1401 541 1521 608 per
1604 519 1788 590 lures
1828 520 1923 589 ibi
1982 543 2200 590 annos
2251 520 2426 589 mala
2479 531 2543 589 et
2589 517 2985 589 miseranda
3036 516 3136 587 fe-

591 615 856 673 cerunt.
897 610 1059 674 Nam
1097 607 1481 676 substantia
1510 630 1548 675 a
1602 608 1761 689 lata,
1799 608 2107 678 ecclesiis
2153 608 2481 688 incensis„
2537 606 2972 677 monasteriis
3013 607 3137 675 de—

591 693 892 772 structis,
960 693 1362 765 hominibus
1423 697 1673 785 partim
1735 697 2003 777 occisiS,
2080 697 2329 786 partim
2379 718 2459 766 ca
2516 695 2761 775 tivatis‚
2816 694 2965 764 loca
3012 694 3137 764 illa

591 780 938 849 maritima
988 803 1159 871 pene
1207 783 1277 853 in
1329 783 1773 855 solitudinem
1824 798 1985 856 sunt
2034 786 2330 855 redacta.
2372 789 2452 873 Se
2530 785 2694 871 quia
2726 784 2912 875 ipsos
2942 788 3135 853 Nort-

591 889 885 937 mannos
935 870 1001 936 in
1054 893 1179 940 sua
1230 873 1376 961 jam
1427 873 1688 942 viscera
1747 874 2060 944 videmus
2108 895 2494 955 conversos,
2540 894 2779 963 pacem
2826 894 3123 959 quoque,

579 956 778 1045 juxta
838 958 1057 1026 sancti
1111 960 1570 1049 promissum,
1627 961 1795 1030 locis
1841 984 2017 1048 quae
2062 957 2543 1041 vastaverunt,
2612 961 2726 1030 Dei
2775 960 3128 1029 credimus

487 1062 494 1067 ’
592 1044 1027 1116 miseratione
1075 1047 1520 1128 reddendam,
1571 1050 1811 1139 piratis
1843 1052 1960 1137 qui
2017 1051 2347 1121 hactenus
2394 1050 2613 1119 maria
2648 1062 2713 1118 et
2760 1049 2987 1118 vicina
3029 1049 3131 1118 eis

589 1132 883 1202 flumina
930 1133 1343 1217 clauserant,
1404 1138 1500 1207 v‘el
1551 1138 1754 1220 benc,
1811 1138 1910 1208 vel
1964 1139 2348 1229 naufragio,
2393 1137 2493 1209 vel
2531 1138 2790 1215 morb0‚
2825 1137 2926 1205 vel
2954 1159 3130 1224 quo·

587 1243 886 1309 cumque
912 1223 1047 1292 alio
1081 1224 1284 1293 modo
1315 1228 1770 1316 consumptis.
1810 1232 1957 1310 Qua
2007 1229 2071 1295 in
2128 1249 2196 1297 re
2243 1227 2680 1296 considerare
2727 1225 3132 1315 diligentius

589 1309 774 1391 libet,
826 1323 1123 1398 quantae
1171 1314 1551 1384 sanctitatis
1598 1328 1662 1384 et
1695 1317 1918 1385 meriti
1952 1317 2054 1385 vir
2101 1315 2225 1385 iste
2273 1315 2458 1406 apud
2509 1320 2720 1384 Deum
2757 1313 2985 1395 fuerit,
3015 1315 3131 1383 cui

587 1411 652 1466 et
699 1413 1198 1489 superventura
1249 1402 1428 1472 mala
1459 1404 1777 1484 ostendit,
1812 1417 1876 1473 et
1928 1416 2150 1473 tamen
2201 1405 2369 1473 haec
2402 1405 2469 1473 in
2522 1403 2768 1472 diebus
2816 1403 2965 1472 suis
3008 1425 3130 1471 no-

587 1486 717 1555 luit
753 1489 1045 1557 evenire.
1082 1492 1253 1573 Quia
1287 1492 1470 1559 enim
1533 1505 1810 1582 propter
1846 1493 2382 1562 inhabitantium
2437 1503 2711 1582 peccata
2760 1491 2928 1560 haec
2976 1513 3131 1560 eve-

589 1576 735 1643 nire
785 1597 1058 1646 necesse
1105 1592 1269 1660 erat,
1312 1580 1571 1650 meritis
1623 1593 1845 1650 tamen
1897 1582 2048 1671 ejus
2092 1595 2157 1651 et
2208 1581 2530 1672 precibus
2579 1580 2771 1660 haec,
2828 1581 2978 1670 ipso
3028 1579 3146 1647 vi·-

585 1677 821 1745 vente‚
884 1688 1016 1734 non
1068 1688 1215 1736 esse
1264 1681 1762 1758 superventura
1826 1669 2168 1750 ostendit,
2246 1670 2354 1739 sui
2416 1669 2749 1738 nimirum
2853 1668 3130 1736 remissi

587 1773 851 1821 memor
883 1755 1236 1836 Dominus,
1274 1779 1406 1842 quo
1456 1779 1577 1847 per
1614 1758 2015 1848 prophetam
2071 1758 2500 1847 repromittit,
2541 1778 2613 1826 se
2646 1757 2801 1857 pusi
2835 1756 2983 1826 lum
3010 1770 3129 1825 aut

586 1842 847 1929 grande
898 1864 1032 1911 non
1085 1844 1454 1924 facturum,
1494 1846 1625 1913 nisi
1680 1846 1872 1935 prius
1922 1847 2248 1915 revelaret
2287 1846 2498 1915 servis
2555 1868 2702 1914 suis
2746 1845 3122 1935 prophetis,

586 1929 918 2011 Quocirca
952 1933 1285 2002 Dominus
1327 1933 1560 2019 justus
1607 1946 1672 2003 et
1733 1935 2146 2016 misericorS‚
2190 1935 2359 2003 dum
2411 1933 2592 2003 mala
2642 1933 2871 2002 futura
2937 1955 3127 2023 prae·

584 2018 775 2097 dicit,
832 2020 999 2105 quid
1040 2020 1227 2089 aliud
1279 2022 1622 2103 admonet,
1683 2023 1814 2093 nisi
1861 2034 1939 2091 ut
1994 2045 2155 2092 eum
2211 2020 2531 2112 precibus
2567 2023 2952 2103 flectamuS,
3005 2034 3130 2091 aut

588 2128 859 2178 morum
908 2109 1386 2179 emendatione
1420 2115 1856 2180 avertamus?

673 2198 710 2282 ἓ
767 2200 918 2268 19.
973 2202 1063 2266 Ea
1096 2197 1234 2267 fere
1264 2210 1665 2289 tempestate
1697 2204 1992 2270 Saxones
2019 2200 2104 2268 ab
2137 2198 2524 2269 idololatria
2551 2197 2886 2279 conversi,
2921 2198 3128 2267 fidem

549 2281 834 2355 ·Christi
881 2297 945 2355 et
994 2285 1429 2376 baptismatis
1462 2288 1755 2378 gratiam
1801 2300 2276 2379 perceperunt.
2321 2287 2511 2357 Unde
2552 2286 2849 2357 invictus
2896 2290 3124 2377 Impe-

585 2382 770 2441 rator
818 2374 1140 2456 CaroluS‚
1209 2376 1446 2465 cujus
1510 2377 1710 2446 artim
1779 2377 2177 2459 beneficiiS,
2245 2377 2490 2466 partim
2551 2375 2979 2447 districtione
3037 2374 3124 2443 ad

584 2459 791 2530 fidem
844 2474 1006 2533 sunt
1051 2463 1289 2552 coacti,
1354 2399 1745 2556 Luggerum
1796 2466 1896 2535 eis
1944 2465 2012 2534 in
2075 2478 2264 2557 parte
2315 2465 2643 2535 Saxoniae
2701 2462 3124 2534 Occidentali

583 2550 930 2649 praefecit.
978 2552 1326 2639 Siquidem
1378 2554 1704 2637 duarum,
1749 2555 1962 2623 unius
2010 2556 2079 2623 in
2131 2555 2452 2634 Brabant,
2498 2554 2783 2623 alterius
2812 2553 2881 2621 in
2910 2553 3130 2623 Frisia

573 2660 719 2727 Jam
771 2653 967 2711 antea
999 2664 1239 2711 curam
1290 2643 1628 2732 suscepit:
1687 2644 1920 2712 tertiae
1969 2643 2069 2711 illi
2120 2643 2506 2726 solicitudo,
2561 2643 2628 2710 id
2678 2653 2802 2721 est,
2856 2642 3125 2733 episco-

585 2739 788 2816 patus
847 2730 1592 2819 Mimigernefordeusis
1645 2731 1972 2800 ecclesiae
2036 2732 2452 2801 commissus
2516 2743 2663 2800 est:
2719 2730 2786 2798 in
2837 2753 2973 2817 qua
3028 2744 3124 2798 ta-

583 2838 741 2884 men
790 2817 1078 2887 ecclesia
1126 2819 1274 2886 sine
1321 2819 1562 2892 ordine
1612 2820 1988 2909 pontificali
2037 2820 2241 2889 annis
2272 2820 2407 2888 scre
2438 2819 2802 2888 duodecim
2841 2818 3122 2887 mansit.

583 2908 747 2972 Nam
797 2907 962 2991 quia
1011 2917 1286 2974 noverat
1334 2907 1586 2976 dixisse
1624 2909 2059 2996 Apostolum:
2112 2911 2191 2976 Si
2240 2910 2390 2999 quis
2439 2910 2895 2998 episcopatum
2943 2909 3116 2975 desi-

583 2993 798 3073 derat,
833 2996 1071 3063 bonum
1127 3017 1290 3084 opus
1349 2996 1728 3065 desiderat:
1792 3019 1968 3096 opus
2015 2995 2293 3082 quidem
2331 2997 2637 3086 episcopi
2689 3016 2810 3085 pro
2862 2995 3127 3064 viribus

583 3102 783 3169 agere
813 3083 1057 3171 coepit,
1113 3082 1406 3172 gradum
1456 3096 1683 3153 autem
1724 3105 2025 3174 recipere
2058 3086 2306 3154 renuit.
2346 3090 2443 3154 Ita
2480 3084 2663 3171 quod
2698 3083 2928 3152 oneris
2953 3096 3121 3163 erat,

584 3170 974 3258 suscipiens
1022 3171 1204 3256 quod
1262 3171 1539 3240 honoris
1584 3172 1980 3241 declinans:
2032 3172 2211 3258 quod
2267 3173 2509 3240 inflare
2560 3183 2842 3261 poterat,
2897 3172 3120 3241 cavit:

580 3257 764 3342 quod
813 3258 1196 3339 aedificare,
1252 3259 1528 3329 subivit.
1585 3261 1874 3330 Proinde
1922 3261 2291 3330 dioecesim
2319 3261 2451 3330 sibi
2485 3260 2929 3330 commissam
2968 3261 3119 3329 sine

579 3345 903 3435 episcopo
951 3370 1098 3416 osse
1151 3347 1410 3428 nolens,
1467 3362 1531 3418 et
1579 3362 1805 3418 tamen
1839 3351 1986 3438 ipse
2010 3349 2380 3440 episcopus
2410 3371 2558 3418 esse
2584 3347 2968 3429 declinanS,
3006 3371 3125 3417 eo-

580 3455 736 3502 rum
787 3435 1111 3521 aliquem,
1165 3458 1334 3523 quos
1395 3437 1541 3527 ipse
1602 3439 2016 3517 enutrierat,
2087 3437 2546 3527 pontificalem
2604 3459 2725 3526 pro
2775 3459 2848 3506 se
2896 3437 3122 3506 susci-

580 3543 740 3611 pere
771 3524 1059 3612 gradum
1113 3525 1400 3594 sedulus
1451 3526 1838 3614 postulavit.
1893 3526 2082 3608 Quod
2136 3547 2295 3595 cum
2326 3525 2777 3595 Hildebaldus
2802 3525 2924 3612 qui
2960 3539 3122 3594 tunc

583 3609 1046 3681 coloniensem
1099 3614 1529 3703 metropolim
1563 3615 1878 3695 habebat,
1916 3627 1982 3684 et
2013 3626 2249 3684 sancto
2282 3615 2427 3683 viro
2454 3613 2924 3684 amicissimus
2949 3627 3118 3693 erat,

579 3700 864 3768 omnino
914 3701 1059 3771 lieri
1112 3702 1356 3771 nollet:
1412 3702 1527 3772 sed
1581 3702 1777 3771 illum
1832 3703 2074 3792 magis,
2131 3715 2209 3772 ut
2255 3703 2623 3792 episcopus
2678 3723 3115 3771 consecrare·

581 3798 714 3868 tur,
752 3789 1158 3870 obsecraret,
1191 3803 1256 3859 et
1301 3803 1449 3860 esse
1497 3790 1791 3880 dignum
1823 3802 2078 3860 tantam
2108 3791 2512 3881 dignitatem
2546 3812 2704 3858 eum
2743 3792 3118 3879 percipere:

578 3878 955 3965 respondit,
1013 3900 1083 3947 se
1131 3900 1296 3948 suae
1344 3878 1778 3970 indignitatis
1825 3881 2206 3959 conscium,
2265 3879 2453 3947 illam
2502 3878 2801 3968 Apostoli
2853 3892 3124 3948 senten-

580 3963 742 4032 tiam
794 3966 1029 4046 vereri,
1060 3988 1200 4052 qua
1236 3967 1425 4048 (licit,
1462 3970 1774 4057 oportere
1804 3967 2207 4058 episcopum
2241 3966 2917 4057 irreprehensibilem
2947 3988 3123 4037 esse:

579 4074 652 4121 se
718 4053 787 4120 in
855 4054 1091 4123 multis
1152 4076 1300 4124 esse
1355 4055 2011 4145 reprehensibilem:
2065 4069 2131 4124 et
2181 4055 2330 4124 ideo
2379 4068 2617 4124 contra
2666 4055 3123 4144 Apostolicam

580 4140 1051 4210 auctoritatem
1118 4143 1202 4210 ad
1267 4156 1402 4212 tam
1464 4143 1681 4213 altum
1746 4144 2067 4214 Ordinem
2121 4144 2430 4234 aspirare
2481 4165 2613 4212 non
2665 4143 2945 4213 audere.
3002 4143 3127 4212 Cui

578 4251 740 4298 cum
787 4227 1241 4299 Hildebaldus
1289 4232 1565 4312 diceret,
1621 4233 1749 4301 hoc
1799 4232 1868 4301 in
1930 4254 2003 4300 se
2052 4254 2185 4300 non
2239 4232 2453 4302 fuisse
2501 4231 2949 4321 completum,
3012 4253 3131 4299 ne—

578 4338 711 4403 que
761 4317 1062 4404 aliquem
1119 4341 1155 4386 e
1212 4318 1594 4407 iscopatum
1635 4321 1784 4407 jam
1837 4332 2350 4410 percepturum,
2406 4319 2464 4389 si
2515 4319 2616 4388 illi
2685 4318 2816 4389 soli
2873 4319 2997 4406 qui
3057 4319 3126 4387 in

581 4403 774 4475 nullo
834 4427 905 4475 se
973 4427 1165 4498 repre
1220 4408 1547 4480 ensibiles
1611 4421 2089 4500 cognoscunt,
2152 4409 2290 4479 sint
2338 4407 3128 4500 percepturizxmaxime
