3327 4999
677 326 761 393 56
1515 342 1595 389 DE
1642 274 1698 388 ε’.
1752 340 1982 387 comm
2029 338 2199 386 vine.
2783 320 3032 386 MART.
3089 323 3131 386 6

578 423 1087 496 commendavit
1133 421 1456 513 precibus
1502 422 1680 508 ejus.
1752 426 1906 491 Erat
1952 420 2137 488 enim
2188 418 2329 489 illic
2376 420 2670 508 abyssus
2720 418 3128 508 profundis-

580 515 781 585 sima.
837 519 914 583 Et
957 534 1115 583 eece
1162 511 1389 579 statim
1440 510 1621 579 videt
1669 508 1962 579 Coletam
1997 507 2259 589 adesse,
2299 529 2647 594 manuque
2681 506 3014 590 indicare,
3053 520 3134 579 ut

583 602 986 673 retrocedat.
1040 599 1231 683 Quod
1281 622 1439 668 cum
1490 599 1781 681 fecisset,
1818 597 2134 689 cognovit
2166 619 2237 669 se
2277 596 2537 667 Coletae
2571 596 2837 668 meritis
2873 612 2940 667 et
2974 620 3134 688 pre-

583 692 785 763 cibus
836 701 1122 761 mortem
1170 688 1491 758 evasisse.

669 783 705 867 §
752 784 909 852 85.
964 779 1077 847 Vir
1123 778 1402 865 quidam
1457 776 1688 867 magni
1741 774 2066 854 nominis,
2123 773 2384 844 Coletae
2430 773 2865 844 familiariter
2893 786 3128 856 notus,

582 868 797 938 filiam
827 867 1072 938 habuit
1092 867 1295 935 unice
1319 865 1626 945 charam,
1660 886 1870 951 quam
1899 864 2160 934 volebat
2187 863 2604 933 monasticae
2630 863 2806 931 vitae
2835 864 3132 946 tradere,

582 962 716 1026 Deo
763 956 906 1027 illic
955 956 1387 1027 servituram.
1441 953 1700 1023 Obtulit
1731 976 1892 1043 ergo
1924 976 2074 1022 eam
2111 953 2394 1033 (Iole-tae,
2431 974 2608 1039 quae
2648 952 2942 1022 libenter
2976 976 3132 1021 eam

582 1046 868 1135 accepit,
921 1056 1154 1135 utpote
1201 1044 1373 1113 bene
1419 1044 1862 1112 constitutam
1909 1055 1973 1111 et
2020 1052 2250 1131 aptam
2300 1041 2386 1110 ad
2436 1063 2586 1110 eam
2640 1041 2844 1109 vitam
2895 1041 3123 1111 confe-

583 1135 928 1203 ctandam.
984 1133 1110 1203 Sed
1162 1133 1368 1223 paulo
1402 1144 1550 1222 post
1578 1131 1818 1200 dolens
1853 1131 1955 1198 vir
1987 1130 2101 1199 ille
2136 1153 2206 1198 se
2239 1130 2452 1198 filiam
2497 1152 2692 1199 suam
2727 1130 3115 1209 tradidisse,

584 1245 874 1310 eamque
924 1221 1257 1313 perditam
1309 1222 1731 1300 existimanS,
1785 1220 2031 1289 acriter
2076 1230 2140 1288 et
2189 1240 2416 1288 severe
2461 1241 2611 1288 eam
2654 1219 2948 1308 repetiit.
3003 1225 3123 1287 Do-

585 1311 713 1381 luit
759 1334 836 1381 ea
888 1335 993 1382 res
1044 1334 1177 1380 non
1217 1310 1649 1379 mediocriter
1679 1308 1963 1388 Coletae,
2001 1308 2185 1395 quod
2229 1307 2325 1378 sic
2357 1307 2652 1377 ablatam
2698 1308 2835 1377 sibi
2873 1308 3126 1377 videret

585 1400 929 1491 puellam:
984 1401 1100 1470 sed
1149 1399 1232 1469 ad
1288 1421 1518 1489 preces
1565 1397 1995 1487 confugiens,
2036 1402 2166 1465 Deo
2200 1397 2497 1486 gemitus
2537 1408 2602 1464 et
2635 1395 2981 1486 lacrymas
3010 1398 3125 1466 ob-

584 1489 762 1559 tulit.
813 1495 966 1558 Jam
1016 1511 1173 1558 vero
1221 1501 1411 1577 pater
1460 1486 1751 1579 puellae,
1807 1500 1882 1555 ut
1928 1487 2014 1555 ab
2062 1486 2213 1571 ejus
2262 1486 2494 1554 animo
2552 1507 2828 1554 omnem
2890 1508 3124 1554 mona-

586 1578 797 1648 sticae
847 1579 1018 1647 vitae
1068 1577 1470 1646 memoriam
1519 1575 1858 1656 aboleret,
1915 1576 1982 1644 in
2052 1574 2504 1664 longinquam
2563 1595 2714 1642 eam
2775 1575 3127 1665 regionem

585 1667 918 1735 ducebat:
974 1666 1089 1735 sed
1139 1689 1299 1735 eum
1342 1665 1486 1752 jam
1538 1664 1706 1733 forte
1755 1664 2058 1732 medium
2109 1662 2512 1734 absolvisset
2556 1662 2705 1744 iter,
2760 1675 2862 1732 ter
2908 1685 3129 1750 equus

585 1756 867 1835 corruit,
920 1756 1033 1824 cui
1084 1754 1313 1845 puella
1360 1754 1741 1823 insidebat:
1796 1766 1859 1821 et
1907 1753 1977 1822 in
2030 1753 2179 1843 ipso
2231 1752 2423 1821 tertio
2472 1773 2638 1821 casu
2685 1764 2978 1841 utroque
3020 1773 3134 1820 or-

586 1844 788 1913 batus
835 1856 936 1912 est
982 1842 1204 1913 oculo,
1281 1842 1355 1910 Id
1405 1863 1692 1912 cernens
1744 1842 2011 1930 puellae
2061 1854 2295 1930 pater,
2352 1840 2437 1909 ad
2490 1863 2560 1911 se
2608 1841 2859 1921 rediit,
2914 1862 3131 1929 agno-

589 1954 923 2018 scensque
970 1931 1249 2021 culpam
1298 1953 1520 2011 suam,
1575 1930 1755 2000 venit
1794 1931 1878 1999 ad
1912 1930 2205 1999 Coletam
2244 1942 2554 2009 matrem,
2599 1930 2866 1998 veniam
2904 1929 3122 2019 petiit,

589 2020 893 2121 puellam
942 2035 1016 2090 ut
1062 2020 1146 2089 ad
1195 2041 1268 2090 se
1317 2020 1642 2111 reciperet
1707 2019 2106 2088 obsecravit.
2178 2019 2252 2088 Id
2325 2041 2480 2088 vero
2547 2018 2768 2088 Coleta
2840 2018 3132 2088 libenter

642 2121 951 2179 raestttit.

589 2131 633 2201 p
678 2200 713 2284 ἓ
760 2203 924 2269 36.
980 2198 1240 2268 Dicturi
1279 2199 1423 2288 jam
1478 2220 1745 2278 sumus,
1781 2218 1991 2283 quam
2043 2193 2324 2264 ferventi
2372 2195 2726 2265 devotione
2772 2207 2838 2265 et
2867 2218 3127 2277 amore,

590 2287 831 2356 Christi
897 2287 1288 2378 passionem
1354 2286 1577 2356 Coleta
1633 2297 1996 2387 prosecuta
2051 2284 2160 2353 sit.
2239 2285 2468 2374 Coepit
2515 2285 2582 2354 id
2633 2297 2850 2354 aetate
2895 2285 3131 2355 adhuc

589 2380 870 2456 tenera,
927 2398 967 2444 a
1016 2389 1230 2446 matre
1292 2398 1415 2445 sua
1484 2375 1582 2443 sic
1628 2374 1943 2445 mstituta
1976 2428 1991 2452 ,
2044 2395 2221 2460 quae
2272 2374 2569 2464 profecto
2617 2386 2682 2443 et
2731 2374 3012 2444 timebat
3064 2387 3131 2443 et

588 2464 864 2535 amabat
928 2469 1139 2536 Deum
1178 2489 1190 2534 :
1244 2462 1686 2550 quotidieque
1743 2485 1902 2532 cum
1953 2461 2279 2551 lacrymis
2326 2475 2390 2532 et
2436 2463 2808 2552 gemitibus
2855 2463 3132 2533 dicebat

591 2576 859 2646 precem
912 2554 996 2623 de
1042 2554 1407 2624 Salvatoris
1441 2553 1784 2642 passione,
1824 2551 2117 2620 multum
2159 2551 2531 2621 condolens
2563 2553 2839 2642 injuriis
2869 2566 2935 2622 et
2975 2575 3137 2642 poe-

590 2644 740 2725 niS,
792 2666 969 2730 quae
1018 2643 1132 2713 ille
1180 2664 1303 2733 pro
1353 2642 1643 2710 humani
1693 2641 1964 2731 generis
2012 2641 2477 2730 redemptione
2525 2641 2982 2712 libentissime
3033 2653 3142 2711 to-

590 2733 852 2802 leravit.
926 2737 1091 2800 Eam
1164 2743 1391 2800 autem
1444 2753 1711 2820 precem
1782 2730 2002 2799 Coleta
2054 2730 2285 2820 puella
2333 2730 2697 2820 diligenter
2744 2730 3133 2811 attendenS,

590 2821 760 2890 adeo
809 2830 1018 2889 totam
1070 2819 1439 2888 memoriae
1486 2819 2014 2898 commendavit,
2065 2831 2142 2887 ut
2189 2818 2512 2908 deinceps
2563 2841 2925 2906 nunquam
2982 2820 3142 2909 ejus

592 2909 890 3000 potuerit
937 2907 1273 2977 oblivisci.
1329 2913 1566 2994 Itaque
1611 2908 1916 2994 quotidie
1967 2908 2133 2976 hora
2182 2907 2590 2987 meridiana,
2645 2930 2782 2995 qua
2822 2908 3144 2978 Christus

591 2998 782 3068 cruci
824 2995 1072 3067 affixus
1118 3008 1241 3078 est,
1294 3019 1584 3088 angores
1630 2997 1859 3067 cordis
1908 2997 2241 3066 sentiebat
2281 2995 2919 3067 vehementissimos
2969 3020 3138 3067 cum

591 3085 854 3156 Christo
888 3085 1328 3155 acerbissime
1368 3086 1687 3176 patiente:
1743 3100 1953 3172 utque
1984 3106 2100 3155 eos
2149 3086 2477 3155 secretius
2522 3099 2587 3156 et
2633 3086 2947 3156 devotius
2983 3108 3142 3176 per-

591 3174 818 3253 ferret,
873 3174 1161 3244 libenter
1205 3177 1285 3243 ea
1332 3175 1502 3244 hora
1547 3177 1635 3244 ab
1684 3174 1838 3245 aliis
1879 3197 1950 3243 se
1996 3174 2424 3243 subducebat
2471 3175 2897 3256 hominibus,
2935 3189 3143 3262 atquc

593 3263 688 3333 ita
718 3263 860 3335 sola
894 3285 1202 3344 manem,
1240 3285 1480 3333 omnes
1511 3264 1727 3332 animi
1759 3264 1936 3334 vires
1970 3263 2365 3333 intendebat
2396 3263 2480 3332 ad
2519 3264 2921 3355 cogitandas
2958 3265 3139 3355 inju-

597 3353 760 3431 rias,
816 3353 1345 3444 persecutiones,
1390 3353 1738 3434 convicia,
1791 3375 1830 3421 o
1886 3353 2202 3442 probria,
2261 3352 2674 3422 horrendam
2725 3366 2789 3422 et
2835 3353 3139 3443 ignomi-

595 3442 861 3511 niosam
898 3453 1210 3521 mortem,
1245 3462 1421 3527 quae
1451 3442 1783 3521 Christus,
1863 3440 2155 3511 esiderio
2190 3442 2433 3511 salutis
2466 3453 2759 3523 nostrae,
2799 3442 3146 3530 patienter

592 3542 660 3600 et
706 3529 960 3620 cupide
1006 3551 1375 3621 perpessus
1421 3540 1545 3599 est.
1618 3535 1822 3599 Porro
1871 3531 1941 3599 in
1991 3530 2333 3615 eiusmodi
2383 3530 2946 3600 meditationibus
2997 3553 3148 3600 sae-

595 3618 881 3710 pissime
928 3631 1115 3687 extra
1163 3640 1235 3687 se
1285 3618 1704 3709 rapiebatur,
1744 3630 1810 3688 et
1856 3619 1926 3687 in
1978 3624 2192 3688 Deum
2243 3618 2862 3689 transformabatur
2892 3619 3154 3689 arden—

595 3707 860 3778 tissimo
908 3707 1247 3777 desiderio
1294 3720 1358 3776 et
1418 3729 1691 3777 amore:
1738 3720 1805 3776 at
1855 3708 2224 3798 praecipue
2288 3719 2513 3777 tamen
2566 3709 2772 3778 sextis
2812 3706 3004 3778 feriis
3056 3709 3150 3778 ab

599 3797 768 3866 bora
817 3808 1001 3869 sexta
1048 3795 1409 3877 matutina,
1445 3817 1670 3882 usque
1716 3796 1801 3865 ad
1844 3796 2082 3866 horam
2119 3808 2373 3867 sextam
2411 3797 2895 3887 vespertinam,
2936 3817 3153 3867 mane

595 3885 832 3955 audita
884 3885 1111 3964 Missa,
1165 3884 1338 3954 nihil
1392 3885 1665 3955 interim
1717 3885 2150 3955 manducans
2196 3898 2315 3955 aut
2347 3885 2615 3966 bibens,
2656 3898 2792 3955 tam
2835 3895 2983 3955 erat
3009 3885 3153 3956 fer-

596 3986 833 4043 venter
878 3985 945 4043 et
988 3973 1360 4044 efficaciter
1406 3974 1803 4044 Dominieae
1834 3974 2478 4045 commemorandae
2512 3974 2818 4065 passioni
2848 3975 3143 4059 intenta,

595 4076 671 4133 ut
730 4083 1226 4152 saepenumero
1292 4084 1456 4153 prae
1503 4062 1762 4135 doloris
1809 4065 2238 4133 vehementia
2284 4064 2354 4133 in
2405 4063 2735 4134 manibus
2764 4118 2783 4144 ,
2841 4062 3148 4154 pedibus

595 4163 660 4222 et
691 4151 900 4221 latere
932 4173 1058 4221 suo
1106 4152 1240 4222 sibi
1290 4156 1523 4222 revera
1571 4152 1917 4222 videretur
1947 4152 2159 4224 clavis
2190 4164 2255 4223 et
2285 4153 2526 4223 lancea
2553 4152 2844 4222 confixa.
2886 4153 3148 4239 Ecquis

597 4263 752 4310 vero
801 4262 924 4330 pro
971 4240 1303 4330 dignitate
1357 4242 1570 4332 possit
1628 4242 1972 4332 explicare
2019 4241 2279 4312 imbres
2327 4241 2836 4331 lacrymarum,
2894 4242 3147 4313 anxios

595 4329 915 4421 gemituS,
970 4329 1227 4417 quibus
1266 4333 1737 4421 occupabatur
1764 4330 1885 4399 ina
1914 4331 2051 4400 tota
2081 4331 2538 4410 hebdomada,
2577 4353 2785 4418 quam
2821 4341 3140 4403 sanctam

592 4422 954 4491 vocamus?
1016 4418 1174 4507 quis
1237 4420 1403 4491 satis
1474 4432 1965 4490 commemoret
2030 4419 2299 4491 dolores
2365 4419 2846 4493 acerbissimos
2926 4431 3142 4506 atque
