3327 4999
737 348 866 412 596
1469 361 1548 407 na
1596 362 1652 408 s.
1709 361 2018 411 unAmeo
2066 361 2365 411 ariscoro
2778 342 2885 408 EX
2930 340 3103 408 JUL.
3163 344 3204 409 4

733 452 770 534 ξ
822 452 975 519 25.
1034 444 1224 513 Talia
1269 444 1689 525 meditando,
1747 447 2110 533 aliquoties
2171 446 2258 516 ad
2313 468 2619 536 superna
2677 445 3079 535 rapiebatur
3126 446 3202 514 in

646 537 923 626 spiritu,
986 556 1067 603 ac
1112 532 1455 622 quaedam
1513 533 1681 601 vidit
1729 546 1794 602 et
1863 535 2149 615 audivit,
2212 557 2389 620 quae
2440 534 2648 603 etiam
2706 556 2785 603 ex
2833 547 3018 623 parte
3065 533 3207 603 sibi

648 622 1132 694 assistentibus
1181 620 1504 689 narravit.
1575 626 1742 689 Nam
1797 624 2167 693 wernhero
2218 622 2666 691 Fuldensium
2712 620 2954 691 Abbati
2995 640 3064 691 se
3102 623 3209 691 vi-

652 711 891 781 sitanti
942 708 1419 790 annuntiavit,
1472 720 1551 777 ut
1624 710 1685 777 si
1744 709 1883 780 duo
1932 712 2001 779 in
2058 711 2390 780 electione
2460 710 2611 800 ejus
2676 710 2963 779 caeteris
3039 732 3209 779 con-

649 800 1014 869 cordarent
1046 852 1061 877 ,
1117 796 1249 864 sibi
1325 797 1393 864 in
1465 797 1878 887 Episcopatu
1956 820 2406 870 successurus
2484 810 2686 867 esset.
2774 798 3017 868 Aderat
3083 800 3209 867 toti

651 888 804 957 orbi
862 884 1295 955 venerandus
1343 884 1492 953 dies
1526 938 1541 966 ,
1602 886 1920 957 videlicet
1977 887 2449 957 Praecursoris
2501 884 2749 955 Christi
2823 886 3203 967 natalitiuS,

596 990 607 1001 “
646 989 715 1044 et
761 975 866 1043 vir
914 975 1029 1043 Dei
1077 973 1268 1063 gravi
1318 972 1743 1043 infirmitatis
1782 998 2157 1077 oppressus
2188 975 2297 1043 lan
2406 997 2543 1054 ore,
2579 975 2781 1060 quasi
2829 974 2913 1043 de
2963 996 3205 1045 somno

649 1062 1010 1152 evigilans,
1065 1061 1288 1148 coepit
1335 1062 1721 1133 astantibus
1770 1065 2018 1134 dicere:
2064 1094 2085 1128 α
2122 1064 2298 1132 Vesti
2359 1085 2437 1131 us
2467 1085 2576 1131 me
2608 1062 2898 1143 induite,
2959 1075 3025 1130 et
3069 1063 3207 1132 cal—

653 1162 1008 1222 ceamenta
1058 1149 1355 1239 pedibus
1389 1148 1559 1217 meis
1609 1153 1997 1239 praebete.»
2046 1150 2175 1235 Qui
2227 1152 2385 1221 licet
2432 1150 2629 1220 illum
2681 1173 2803 1243 per
2850 1172 3207 1219 excessum

650 1239 905 1310 mentis
956 1249 1277 1329 putarent
1327 1235 1488 1305 talia
1539 1241 1955 1330 praecipere,
1998 1252 2221 1309 tamen
2272 1239 2689 1309 studuerunt
2741 1238 3044 1307 obedire.
3089 1244 3209 1306 In-

652 1350 864 1417 super
911 1328 1118 1395 etiam
1173 1324 1690 1415 pontificalibus
1750 1329 2037 1397 indutus
2093 1327 2520 1397 ornamentis
2554 1380 2568 1408 ,
2627 1349 2785 1395 cum
2840 1327 3072 1403 omni,
3128 1339 3208 1396 ut

648 1438 805 1486 mos
853 1429 978 1496 est,
1050 1414 1464 1483 Clericorum
1538 1414 1766 1484 officio
1831 1431 2068 1485 contra
2118 1438 2311 1506 spem
2370 1415 2685 1483 omnium
2740 1414 3075 1505 processit
3132 1416 3204 1483 in

647 1503 1010 1605 publicum
1052 1514 1184 1584 ,-et
1231 1502 1329 1571 sic
1383 1500 1468 1567 ad
1499 1504 1892 1599 ‘Ecclesiam
1956 1505 2134 1573 beati
2200 1504 2491 1573 Joannis
2540 1503 2933 1592 Baptistae,
2988 1523 3202 1589 quam

650 1614 799 1682 lpse
870 1590 1305 1668 construxit,
1359 1610 1691 1670 vemens,
1750 1591 1991 1661 tandiu
2050 1592 2201 1661 sine
2262 1591 2653 1677 aliquorum
2706 1591 3205 1660 sustentatione

648 1680 1012 1749 hominum
1066 1677 1369 1747 invictus
1420 1679 1736 1765 perstitit,
1773 1681 1990 1749 donec
2024 1680 2153 1761 bis,
2196 1680 2373 1749 sicut
2419 1701 2494 1747 ea
2546 1678 2657 1748 die
2707 1691 3038 1748 statutum
3073 1691 3202 1758 est,

648 1790 845 1838 sacra
897 1767 1258 1836 Missarum
1315 1763 1658 1837 solemnia
1707 1768 2093 1837 celebravit.
2137 1768 2404 1850 Quibus
2455 1767 2580 1835 rite
2627 1767 2913 1857 expletis
2961 1769 3207 1835 conse-

647 1856 771 1936 dit,
827 1857 1030 1942 atque
1078 1873 1307 1925 coram
1367 1857 1758 1925 astantibus
1807 1856 2075 1925 clericis
2107 1856 2300 1924 dixit:
2338 1877 2372 1921 «
2401 1857 2625 1943 Hujus
2672 1855 3206 1924 celebrationem

646 1944 855 2014 officii
912 1965 1046 2012 non
1100 1962 1416 2011 mearum
1469 1944 1719 2013 virium
1772 1945 2250 2036 possibilitate,
2305 1943 2422 2011 sed
2471 1965 2552 2011 ex
2600 1944 2956 2012 divinitate
2993 1964 3206 2031 prae-

649 2033 921 2121 sumpsi
957 2032 1204 2101 Christi
1238 2040 1441 2113 atque
1480 2032 1824 2119 jussione.
1861 2038 2029 2101 Nam
2072 2033 2274 2100 hodie
2321 2053 2481 2101 cum
2533 2031 2724 2100 dulci
2770 2032 3202 2118 quiescerem

651 2141 897 2192 somno
928 2174 943 2201 ‚
1012 2120 1373 2189 astiterunt
1427 2137 1659 2190 coram
1714 2121 1964 2189 lectulo
2014 2143 2165 2189 meo
2203 2121 2498 2210 juvenes
2536 2119 2676 2188 duo
2734 2133 3020 2208 aspectu
3071 2118 3206 2187 for-

650 2208 852 2290 mosi,
898 2229 1198 2294 quorum
1249 2224 1437 2272 unus
1492 2208 1666 2277 dixit
1727 2209 1937 2277 mihi:
1986 2214 2207 2289 Quare
2257 2230 2390 2278 non
2437 2208 2715 2301 surgis?
2761 2207 2971 2276 debes
3019 2208 3203 2274 enim

595 2379 597 2381 ι
653 2296 859 2364 hodie
924 2296 1006 2364 ad
1079 2301 1145 2365 S.
1209 2301 1544 2365 Joannem
1622 2297 1898 2365 Missam
1956 2296 2325 2366 celebrare.
2394 2296 2510 2364 Cui
2571 2296 2744 2365 alter
2801 2294 3200 2385 respondit:

651 2383 1013 2466 Quomodo
1062 2394 1281 2474 potest
1314 2389 1442 2457 hoc
1490 2385 1674 2454 fieri?
1703 2386 1862 2471 quia
1917 2406 2040 2473 pro
2087 2383 2646 2474 impossibilitate
2684 2384 2939 2453 virium
2975 2384 3206 2452 adbuc

651 2472 953 2542 Primam
1008 2495 1143 2543 non
1193 2477 1520 2567 explevit?
1568 2479 1757 2542 Tunc
1806 2472 1920 2542 ille
1953 2473 2072 2558 qui
2123 2474 2350 2563 prius:
2407 2477 2644 2572 Surge,
2684 2472 2803 2552 ait,
2851 2485 2919 2542 et
2958 2494 3207 2541 secun-

654 2561 824 2629 dum
878 2583 1108 2629 meum
1183 2569 1585 2634 sermonem‘
1621 2563 1690 2630 in
1745 2561 2049 2651 praefata
2096 2561 2386 2630 ecclesia
2434 2560 2748 2629 divinum
2799 2560 3207 2644 mysterium

650 2648 903 2719 festina
943 2649 1283 2739 implere:
1342 2654 1507 2740 quia
1556 2662 1826 2739 praeter
1874 2662 1936 2717 te
1976 2648 2214 2718 nullus
2264 2649 2360 2718 ibi
2409 2649 2713 2717 cantabit
2760 2633 3031 2718 hodie.»
3087 2649 3211 2716 His

648 2737 856 2806 dictis
907 2737 994 2805 ad
1054 2737 1459 2809 cubiculum
1530 2738 1756 2818 rediit,
1805 2749 2009 2823 atque
2069 2738 2545 2806 imminentem
2616 2737 2997 2805 vocationis
3041 2758 3215 2806 suae

648 2825 834 2893 diem
889 2825 1107 2895 laetus
1157 2828 1558 2917 expectavit,
1613 2841 1817 2912 atque
1869 2825 2041 2894 illud
2105 2826 2505 2895 Psalmistae
2566 2825 2845 2914 saepius
2896 2825 3213 2894 iterando

646 2913 943 2981 dicebat:
991 2915 1272 2992 Quando
1319 2918 1586 2983 veniam
1634 2926 1699 2982 et
1750 2916 2085 3004 apparebo
2136 2925 2290 2983 ante
2348 2917 2591 3003 factem
2644 2916 2770 2982 Dei
2820 2916 3214 2982 mei?1nte-

649 3002 781 3069 rim
833 3001 999 3069 dum
1045 3002 1131 3069 ab
1164 3024 1266 3084 eo,
1327 3004 1443 3086 qui
1494 3024 1728 3072 coram
1779 3024 1850 3073 se
1886 3002 2159 3071 lectoris
2207 3002 2625 3091 fungebatur
2671 3001 2942 3080 officio,
2997 3001 3217 3070 inter-

649 3100 934 3178 rogatus
987 3088 1248 3172 fuisset,
1307 3106 1711 3159 utrumnam
1764 3113 1929 3180 prae
1974 3090 2393 3170 infirmitate,
2446 3112 2584 3176 qua
2633 3090 3094 3169 detinebatur,
3141 3112 3218 3158 se

648 3177 734 3244 de
776 3177 902 3245 hoc
957 3179 1192 3247 seculo
1224 3179 1688 3270 migraturum
1732 3192 2058 3268 speraret,
2106 3178 2491 3268 respondit:
2530 3203 2565 3244 «
2595 3179 2984 3247 Certissime
3032 3178 3207 3258 scio,

644 3265 817 3351 quia
884 3265 1073 3334 brevi
1139 3267 1224 3336 de
1275 3268 1401 3336 hoc
1456 3267 1876 3336 transiturus
1924 3289 2077 3336 sum
2130 3267 2460 3335 munde.»
2496 3266 2618 3335 Cui
2664 3287 2825 3335 cum
2887 3287 3215 3334 moerens

545 3359 559 3371 ⁸
646 3353 936 3444 diceret,
977 3375 1182 3440 quem
1239 3356 1735 3445 Episcoporum
1790 3354 1990 3423 vellet
2038 3355 2120 3422 ad
2173 3376 2426 3444 corpus
2467 3376 2670 3422 suum
2725 3353 3208 3443 sepeliendum

644 3464 894 3511 vocare
927 3497 941 3523 ‚
998 3443 1297 3534 maxime
1345 3466 1505 3512 cum
1558 3443 1799 3512 nullus
1855 3442 2542 3531 comprovincialium
2596 3443 3037 3510 remansisset
3079 3447 3214 3509 An-

648 3531 968 3610 tistitum,
1005 3531 1128 3616 qui
1178 3553 1312 3601 non
1350 3544 1532 3602 esset
1566 3532 1894 3599 invitatus
1928 3531 2010 3598 ad
2058 3530 2283 3620 regale
2313 3531 2384 3598 in
2426 3531 2709 3598 Francia
2745 3530 3209 3615 colloquium,

644 3619 772 3686 ait:
828 3619 1093 3688 «Nostis
1130 3632 1373 3688 terram
1421 3633 1638 3687 terrae
1678 3619 2189 3687 commendare.
2233 3624 2359 3687 Vos
2395 3630 2695 3694 tantum,
2732 3639 2894 3686 cum
2929 3632 3216 3707 tempus

644 3707 875 3785 suerit,
930 3707 1113 3793 quod
1168 3722 1466 3778 vestrum
1517 3719 1643 3786 est,
1685 3707 1906 3776 facite:
1963 3707 2078 3776 Dei
2117 3718 2240 3787 est,
2297 3706 2432 3774 mei
2487 3706 2797 3795 corporis
2848 3728 3216 3796 commen-

644 3795 950 3863 datorem
995 3796 1375 3885 providere.
1426 3819 1461 3861 »

739 3883 769 3969 ἓ
808 3889 971 3954 ²8.
1030 3884 1273 3952 Paucis
1322 3906 1477 3952 vero
1526 3883 1775 3951 diebus
1823 3882 2268 3972 interpositiS,
2307 3882 2377 3951 in
2412 3880 2648 3973 vigilia
2688 3881 3210 3971 Apostolorum,

644 3971 1027 4039 certissime
1063 3973 1381 4061 sperabat
1421 3994 1492 4040 se
1542 3972 2004 4060 migraturum
2057 3971 2141 4037 de
2183 3970 2310 4038 hac
2345 3970 2499 4038 vita.
2558 3971 2750 4050 Quod
2791 3970 2945 4038 licet
2978 3972 3221 4038 nomi-

645 4060 864 4127 natim
920 4082 1055 4127 non
1103 4061 1542 4149 exprimeret,
1601 4060 1827 4128 verbis
1875 4071 2100 4127 tamen
2151 4058 2572 4143 quibusdam
2632 4058 2925 4148 aperuit,
2980 4080 3062 4127 ac
3120 4061 3223 4127 si-

647 4146 806 4237 gnis
854 4147 1289 4217 evidentibus
1344 4147 1741 4217 declaravit.
1827 4152 1999 4216 Sane
2050 4146 2269 4235 signis
2317 4146 2644 4215 omnibus
2707 4147 2792 4215 ad
2845 4167 3219 4235 vesperam

643 4235 1188 4322 circumquaque
1237 4236 1667 4316 sonantibuS,
1728 4236 1875 4325 ipse
1930 4234 2313 4314 balneatus,
2376 4246 2444 4303 et
2491 4235 2707 4303 sacris
2757 4234 3064 4304 vestibus
3099 4236 3215 4304 -ad

643 4325 770 4392 hos
817 4347 990 4394 usus
1042 4325 1297 4415 paratis
1345 4326 1660 4404 indutus,
1723 4323 1923 4392 humi
1963 4345 2034 4391 se
2086 4323 2480 4412 prostravit,
2545 4323 2688 4391 acsi
2752 4323 2914 4390 hora
2959 4322 3218 4391 eadem

645 4413 1046 4483 moriturus.
1094 4413 1316 4482 Finita
1347 4435 1510 4503 ergo
1552 4412 1791 4500 synaxi
1832 4412 2246 4502 vespertina,
2286 4432 2444 4480 cum
2507 4410 2804 4481 aliorum
2856 4410 3221 4501 adjutorio
