3327 4999
683 286 813 363 63'6
1429 314 1508 361 na
1553 315 1610 362 s.
1665 312 1949 362 anneto
1993 310 2290 362 nmscoro
2644 295 2749 362 Ex
2797 294 3021 363 SEPT.
3079 295 3122 361 3

588 396 739 469 sine
784 395 1057 469 cultura
1102 415 1242 466 non
1299 406 1515 486 potest
1577 416 1727 466 esse
1795 394 2232 467 fructuosus:
2285 395 2379 466 ita
2427 417 2554 466 nec
2602 396 2752 465 sine
2796 394 3124 466 doctrina

587 485 891 612 animus.
942 484 1165 557 Nostis
1210 482 1385 555 illud
1420 539 1435 566 ,
1500 483 1701 556 docto
1763 497 1830 556 et
1873 484 2141 557 erudito
2211 484 2480 556 bomini
2541 485 2763 555 vivere
2807 507 2961 558 esse
3003 506 3125 556 co·-

665 586 808 647 lare
894 632 909 646 .
2811 638 2814 641 ,

589 597 711 754 διδ
770 670 930 738 ²².
969 686 1006 732 «
1038 662 1341 735 Orationi
1369 662 1759 752 frequenter
1784 664 2206 736 incumbite:
2241 686 2364 756 pro
2395 664 2624 756 culpis
2646 664 2958 734 bumana
2980 661 3123 733 sra-

586 754 847 846 gilitate
897 752 1243 835 admissiS,
1291 758 1501 824 Deum
1550 753 2060 846 deprecamini:
2114 774 2239 824 nec
2285 753 2512 825 solum
2566 753 2970 855 precemini,
3026 774 3120 823 ne

587 844 758 915 alias
812 844 1137 935 deinceps
1191 842 1591 927 admittatis,
1645 843 1764 915 sed
1801 843 2007 914 etiam
2054 856 2393 926 accurate,
2433 865 2520 914 ne
2563 843 2634 913 td
2683 843 2824 923 fiat,
2859 843 3003 912 invi
3059 844 3118 912 i-

585 932 761 1006 letis.
816 933 885 1002 Si
929 933 1088 1022 quis
1145 931 1333 1003 enim
1381 932 1733 1004 socordiae
1776 946 1843 1004 et
1886 932 2202 1036 ignaviae
2247 954 2321 1003 se
2358 932 2628 1016 dedat,
2679 932 2937 1004 frustra
2994 932 3115 1004 ile

584 1029 797 1094 Deum
848 1021 1333 1114 imploraverit.
1372 1022 1574 1094 Vobis
1621 1023 1838 1093 virtus
1885 1034 1994 1105 stt,
2047 1023 2290 1092 vitium
2338 1021 2610 1114 fugere:
2662 1035 2728 1092 et
2772 1022 3117 1113 sapientia

632 1111 830 1194 rima,
868 1111 1158 1183 stultitia
1204 1111 1532 1182 caruisse.
1578 1111 1827 1195 Pudor,
1862 1111 2308 1204 justitiaeque
2352 1133 2545 1183 soror
2592 1112 2996 1202 incorrupta
3026 1111 3116 1182 fi-

630 1223 726 1284 eS,
796 1202 1121 1290 nudaque
1168 1200 1438 1284 veritaS,
1497 1201 1741 1271 vestris
1786 1202 1858 1272 in
1905 1201 2231 1272 cordibus
2280 1201 2413 1272 sibi
2461 1199 2896 1273 domicilium
2944 1222 3112 1271 ven·

581 1290 832 1374 dicent,
883 1301 963 1361 ut
1019 1290 1141 1378 qui
1185 1289 1362 1361 facta
1407 1301 1629 1361 vestra
1692 1291 2154 1383 conspiciunt,
2208 1290 2294 1361 ad
2361 1290 2812 1361 imitationem
2864 1312 3112 1382 provo·

578 1390 843 1451 centur.
881 1384 1122 1450 Veram
1172 1392 1607 1472 peccatorum
1655 1379 2152 1452 confessionem
2201 1380 2468 1452 faciatis
2497 1385 2654 1463 Deo,
2686 1392 2757 1451 et
2788 1381 3114 1471 praelatis

580 1470 864 1542 vestris:
914 1470 1368 1540 tentationum
1417 1470 1906 1563 impressiones
1953 1469 2079 1539 ini
2133 1492 2208 1541 so
2247 1470 2469 1560 primo
2515 1470 2710 1540 aditu
2741 1470 3099 1562 detegatis.

582 1558 959 1631 Stultorum
997 1559 1181 1628 enim
1232 1571 1711 1651 praeposterus
1760 1558 2004 1663 pudor,
2106 1581 2225 1630 um
2273 1559 2449 1630 celat
2485 1558 2743 1641 ulcera,
2777 1558 2919 1628 illis
2968 1581 3155 1629 ma-·

571 1649 758 1752 jores
796 1647 1277 1719 subministrat
1324 1648 1520 1719 vires.
1574 1648 2046 1719 Obedientiam
2082 1649 2461 1740 majoribus
2505 1649 2839 1731 exbibete,
2866 1670 3113 1719 eorum

581 1738 1129 1809 institutionibus
1175 1737 1444 1809 animos
1490 1737 2023 1808 accommodate.
2082 1744 2253 1808 Turn
2317 1738 2503 1807 enim
2568 1738 2866 1827 quisque
2928 1748 3112 1808 recte

580 1828 766 1911 vivit,
819 1827 878 1897 si
925 1838 1122 1897 curat
1166 1826 1236 1897 id
1283 1848 1433 1897 esse
1477 1827 1659 1917 quod
1695 1826 1911 1897 audit.
1949 1827 2044 1898 Ab
2069 1827 2395 1899 omnibus
2423 1848 2601 1916 quae
2637 1828 2739 1898 ira
2768 1827 3104 1919 suggerit,

579 1917 772 1989 vobis
820 1928 1211 2008 temperate,
1255 1915 1446 1989 solus
1492 1917 1678 1987 enim
1725 1929 1826 1988 est
1856 1916 2252 2009 triumphus
2281 1917 2737 2000 innocentiae,
2773 1939 2909 1986 non
2943 1939 3107 2008 pec-

578 2029 734 2078 care
778 2027 940 2076 cum
989 2005 1234 2098 possiS.
1288 2011 1365 2075 In
1413 2006 1695 2097 optimis
1739 2028 2015 2096 quoque
2064 2006 2584 2098 temperantiam
2630 2006 3006 2096 quamdam
3039 2029 3110 2075 a·

577 2097 875 2168 dhibete.
927 2100 1047 2166 Est·
1085 2097 1273 2166 enim
1309 2095 1554 2167 modus
1601 2097 1674 2165 in
1721 2096 1952 2179 rebuS,
1989 2106 2154 2166 sunt
2180 2097 2346 2167 certi
2374 2096 2673 2185 denique
2702 2097 2898 2178 fines,
2929 2117 3108 2184 quos

576 2186 761 2258 ultra
804 2186 1111 2274 citraque
1156 2184 1394 2274 nequit
1437 2186 1810 2256 consistere
1847 2197 2148 2256 rectum:
2198 2197 2265 2256 et
2296 2186 2521 2256 metiri
2551 2208 2623 2256 se
2654 2186 2952 2274 quisque
2980 2208 3108 2256 suo

579 2275 774 2368 pede,
828 2296 1089 2363 suoque
1153 2274 1434 2346 modulo
1476 2275 1715 2347 debet.
1767 2280 1974 2349 Nemo
2021 2274 2216 2345 alteri
2264 2274 2565 2367 injurius
2610 2275 2739 2346 sit:
2793 2274 3109 2366 accipere

577 2366 788 2447 enim,
840 2386 1050 2453 quam
1097 2363 1341 2447 facere,
1389 2376 1706 2456 praestat,
1760 2364 2112 2455 injuriam.
2150 2365 2552 2435 Patientiam
2580 2387 2761 2453 quae
2791 2363 3106 2436 miseria-

581 2477 738 2526 rum
785 2465 1023 2549 portus
1068 2467 1192 2538 est,
1236 2454 1758 2547 amplectimini,
1794 2475 1995 2526 nemo
2040 2454 2225 2525 enim
2259 2454 2429 2526 adeo
2475 2456 2816 2528 barbarus
2859 2466 2986 2538 est,
3031 2463 3107 2524 ut

580 2568 716 2616 non
855 2544 981 2616 ssit
1014 2545 1387 2626 mitescere,
1429 2545 1631 2616 modo
1661 2544 1975 2616 culturae
2003 2545 2372 2637 patientem
2418 2545 2808 2615 commodet
2833 2566 3102 2616 aurem.

579 2640 628 2705 Α
659 2567 852 2706 unffi
899 2635 1131 2705 labore
1175 2635 1296 2723 qui
1343 2634 1431 2704 sit
1486 2656 1527 2704 a
1588 2633 1945 2726 praefectis
2005 2634 2243 2706 vestris
2299 2634 2491 2706 vobis
2540 2634 2931 2727 imposituS,
2984 2633 3108 2704 ab·

578 2723 1045 2794 sterreamini:
1088 2724 1251 2814 quia
1296 2745 1536 2794 omnes
1581 2725 1787 2794 etiam
1820 2723 1977 2793 duri
2009 2723 2299 2806 labores,
2334 2724 2769 2795 contentione
2797 2724 2978 2794 fiunt
3009 2734 3100 2793 to·

581 2813 918 2896 lerabileS,
974 2825 1039 2882 et
1089 2835 1263 2884 usus
1321 2812 1462 2882 sive
1506 2812 1930 2884 consuetudo
1977 2811 2318 2896 laborum,
2370 2814 2575 2884 etiam
2625 2813 2896 2884 dolores
2943 2813 3107 2882 facit

578 2903 801 2994 magis
827 2901 1166 2992 patibiles.
1206 2901 1575 2992 Segnitiem
1609 2923 1891 2993 prorsus
1928 2900 2166 2993 sugite,
2199 2925 2335 2973 non
2362 2904 2549 2973 enim
2583 2903 2869 2996 ignavas
2904 2923 3099 2971 men-

577 3003 678 3062 tes
724 2990 922 3062 facile
982 2989 1349 3062 comitatur
1394 2990 1632 3061 virtus
1688 2991 2094 3082 Superbiam
2142 2991 2243 3063 vel
2310 2992 2604 3063 maxime
2631 2992 2972 3085 respuite,
3027 3000 3108 3060 ut

575 3102 736 3151 vera
783 3079 1058 3172 possitis
1106 3078 1417 3150 libertate
1461 3080 1688 3171 potiri.
1735 3086 1876 3152 Non
1919 3081 2107 3152 enim
2163 3080 2279 3151 ille
2335 3082 2508 3152 liber
2538 3082 2927 3153 censendus
2971 3091 3099 3159 est,

579 3169 781 3261 cujus
831 3168 1148 3238 animum
1214 3171 1538 3259 superbia
1601 3181 1916 3272 occupat.
1983 3171 2367 3242 Castitatem
2435 3171 2817 3252 sectamini,
2880 3169 3109 3241 omnis

582 3280 881 3347 namque
930 3257 1352 3348 ponderatio,
1407 3272 1484 3329 ut
1531 3260 1625 3329 ait
1662 3271 2003 3351 scriptura
2049 3260 2283 3330 divina
2331 3283 2464 3330 non
2522 3273 2623 3330 est
2667 3260 2881 3352 digna
2945 3280 3106 3330 con-

581 3347 862 3419 tinentis
907 3346 1203 3431 animae,
1257 3349 1572 3440 Prosperi
1619 3371 1985 3420 successus
2021 3350 2142 3437 qui
2174 3350 2375 3420 etiam
2414 3349 2801 3441 sapientum
2837 3348 3113 3419 animos

583 3437 891 3530 fatigant,
931 3458 1066 3507 non
1099 3459 1219 3508 vos
1263 3437 1620 3518 delectent,
1662 3459 1824 3507 nam
1857 3438 1977 3526 qui
2027 3437 2185 3529 plus
2235 3439 2448 3509 nimio
2497 3439 2875 3509 delectatur
2900 3437 3111 3508 rebus

581 3527 927 3610 secundis,
962 3528 1034 3597 in
1067 3525 1373 3604 diversas
1403 3527 1686 3598 mutatis
1712 3527 2077 3615 quatietur.
2115 3533 2277 3598 Ante
2308 3528 2538 3598 omnia
2572 3549 2807 3619 pacem
2841 3540 2906 3597 et
2941 3548 3110 3597 con—

578 3616 885 3687 cordiam
926 3616 1331 3688 servandam
1363 3616 1722 3699 admoneo,
1775 3627 1853 3688 ut
1899 3617 2078 3688 sicut
2120 3616 2191 3686 in
2242 3616 2515 3687 duobus
2545 3618 2708 3687 estis
2766 3627 3107 3686 monaste-

580 3706 703 3777 riis
747 3706 1164 3798 congregati,
1217 3706 1309 3777 ita
1357 3705 1635 3796 gemina
1681 3706 1750 3775 in
1800 3706 1992 3777 vobis
2037 3705 2289 3776 ferveat
2334 3705 2629 3786 dilectio,
2689 3706 2800 3776 Dei
2847 3718 2913 3776 et
2952 3727 3106 3796 pro-

577 3795 788 3867 ximi:
859 3816 1158 3883 cumque
1203 3795 1294 3865 sit
1338 3817 1525 3867 unus
1572 3796 1764 3866 vobis
1813 3807 2043 3898 pastor
2082 3794 2493 3897 praefectuS‚
2548 3794 2741 3867 nullo
2795 3816 3104 3883 unquam

579 3884 906 3958 scandalo
952 3896 1072 3956 aut
1116 3883 1486 3955 schismate
1532 3907 1649 3955 vos
1696 3884 1910 3954 div1di
1959 3885 2342 3986 patiamini.
2397 3891 2541 3958 Non
2590 3905 2710 3956 vos
2754 3905 2909 3954 ossa
2942 3906 3106 3954 con-

578 3996 862 4045 sumens
908 3986 1121 4044 vastet
1167 3973 1447 4055 invidia,
1516 3996 1816 4063 namque
1845 3974 2122 4044 invidus
2168 3974 2451 4045 alterius
2499 3973 2705 4044 rebus
2744 3972 3106 4044 macrescit

576 4063 851 4167 opimis,
907 4075 972 4133 et
1019 4063 1279 4134 invidia
1327 4063 1539 4135 Siculi
1570 4068 1704 4133 non
1740 4063 2062 4134 invenere
2091 4064 2366 4153 tyranni
2397 4063 2626 4155 majus
2658 4075 3100 4133 tormentum.

580 4158 650 4224 S1
682 4153 979 4223 minores
1016 4151 1301 4223 sortasse
1330 4153 1561 4224 a'dsint
1588 4152 1966 4235 facultates,
2002 4152 2213 4223 nolite
2236 4152 2588 4241 conqueri.
2628 4157 2895 4243 Pauper
2915 4150 3103 4221 enim

581 4264 720 4315 non
766 4254 890 4324 est,
942 4242 1057 4313 cui
1104 4264 1332 4313 rerum
1382 4242 1684 4335 suppetit
1742 4264 1947 4315 usus:
1998 4253 2063 4313 et
2107 4241 2258 4335 ipsa
2307 4263 2435 4313 nos
2495 4253 2742 4314 natura
2799 4238 3105 4329 quotidie

631 4455 659 4484 ⁸¹
685 4457 830 4499 Plura
844 4456 895 4497 et
912 4454 1101 4509 egregia
1115 4454 1289 4498 astutio
1308 4455 1499 4498 monita.
1528 4425 1772 4499 Virtutum
1791 4456 2095 4499 colendarum
2114 4456 2370 4508 congeries.
