3327 4999
2951 190 2965 203 .
3060 95 3086 207 >a

639 293 770 358 600
1401 311 1479 356 nn
1528 309 1585 356 S.
1639 307 1933 357 ntstaono
1980 308 2279 356 muscoro
2691 292 2797 356 EX
2839 292 3015 357 JUL.
3070 295 3118 358 8

638 393 675 478 ξ
740 395 826 462 5.
881 396 1120 478 Itaque
1167 388 1373 479 elegit
1420 411 1578 457 eum
1608 391 1849 477 justus
1899 388 2014 457 ille
2049 388 2289 475 judex,
2343 388 2551 478 vulgo
2599 389 2878 475 quidem
2913 389 3116 459 illum

550 479 1014 559 abscondens,
1086 478 1201 547 sed
1256 500 1328 546 se
1376 477 1832 567 diligentibus
1881 477 2178 546 reddens
2228 477 2718 545 manifestum:
2763 492 2969 563 atque
3020 490 3118 546 ta-

551 567 755 637 metsi
796 568 1083 653 quidam
1138 565 1204 633 id
1244 587 1687 655 summopere
1735 565 2273 643 admirarentur,
2312 586 2467 633 eum
2524 564 2737 633 voluit
2783 578 2850 635 et
2895 566 3118 663 magi-

556 668 779 724 strum
833 669 897 723 et
945 654 1317 723 antistitem
1372 653 1634 723 haberi.
1673 657 1837 722 Cum
1891 665 2117 722 autem
2173 653 2299 732 illi,
2343 674 2639 738 quorum
2690 667 2835 722 erat
2885 675 3121 722 sanior

558 744 944 823 sententia,
1011 765 1171 810 eum
1237 755 1559 841 cogerent
1609 742 1931 831 Episcopi
1979 763 2160 809 onus
2217 741 2285 808 in
2340 762 2411 811 se
2460 740 2787 829 recipere,
2845 741 2942 809 illi
2994 762 3119 832 pro

553 830 896 920 singulari
943 829 1276 899 modestia
1327 830 1698 920 indignum
1734 850 1805 897 se
1835 828 2204 909 clamabat,
2257 840 2344 909 et,
2397 850 2531 913 qua
2584 830 2807 929 potuit
2853 829 2941 911 vi,
2975 850 3120 898 ma—

559 940 698 987 nus
748 941 827 986 ac
880 918 1087 1007 pedes
1138 919 1564 987 retrahebat:
1618 928 1688 985 at
1735 917 1875 985 illis
1919 930 2150 985 tamen
2216 916 2758 1005 impellentibuS,
2803 929 2869 986 et
2917 938 3119 1007 prae-

553 1007 951 1075 valentibus
1001 1007 1119 1092 qui
1157 1011 1368 1074 Deum
1408 1006 1766 1084 timebant,
1814 1005 2048 1073 divina
2098 1004 2550 1094 dispositione
2599 1005 2806 1074 etiam
2857 1006 3120 1075 invitus

554 1094 626 1162 in
674 1094 996 1183 Episcopi
1046 1094 1206 1162 sede
1254 1093 1632 1163 collocatus
1680 1107 1805 1161 est.
1860 1099 2029 1161 Tum
2082 1114 2240 1161 vero
2290 1094 2406 1160 Dei
2452 1093 2795 1248 {ustitiam
2851 1086 3146 1182 praedi-⁹

556 1204 714 1250 care
765 1194 829 1249 et
876 1183 1120 1251 docere
1175 1182 1421 1271 coepit,
1479 1203 1883 1266 omnesque,
1937 1203 2111 1266 quos
2160 1182 2403 1270 potuit,
2514 1181 2871 1251 ortabatur
2914 1195 2995 1251 ut
3042 1202 3113 1250 se

557 1274 692 1339 Deo
745 1270 1125 1359 morigeros
1190 1270 1616 1359 praeberent,
1680 1269 2003 1355 quodque
2050 1269 2139 1337 ab
2189 1269 2474 1337 infantia
2536 1270 2763 1338 Sancti
2818 1269 3114 1359 Spiritus

556 1358 779 1448 gratia
835 1357 1159 1447 perfusus
1208 1358 1435 1438 fuerit,
1481 1358 1627 1447 jam
1680 1357 2057 1425 eructando
2104 1355 2443 1447 patefecit.
2517 1362 2922 1425 Sanctarum
2979 1359 3114 1425 vir-

556 1458 785 1515 tutum
840 1469 880 1514 o
934 1447 1102 1514 tima
1162 1446 1475 1535 exempla
1526 1459 1810 1534 paterno
1858 1446 2105 1513 affectu
2156 1446 2222 1513 in
2283 1467 2352 1514 se
2402 1444 2542 1513 illis
2589 1445 3000 1534 praebebat:
3048 1458 3117 1514 et

555 1533 677 1602 alii
730 1534 849 1618 qui
906 1555 1011 1601 em
1066 1547 1344 1622 propter
1377 1534 1685 1610 virtuteS,
1717 1555 1891 1618 quas
1923 1533 1990 1600 in
2025 1555 2104 1601 eo
2132 1534 2529 1609 cernebant,
2568 1533 3104 1612 amabanteum,
3177 1597 3181 1602 .

554 1633 620 1689 et
670 1622 956 1690 arrectis
995 1621 1227 1691 cordis
1273 1621 1564 1690 auribus
1610 1621 1998 1689 doctrinam
2046 1620 2197 1708 ejus
2242 1621 2699 1711 excipiebant.
2751 1622 2877 1690 Alii
2925 1642 3106 1701 ver0,

547 1710 675 1794 qui
710 1708 932 1777 divini
981 1723 1178 1778 erant
1228 1709 1493 1778 timoris
1540 1721 1873 1798 expertes,
1909 1731 2072 1777 cum
2100 1708 2330 1777 furore
2363 1707 2950 1778 vociferabantur:
2983 1709 3112 1778 Hic

556 1797 650 1865 ita
698 1797 885 1876 vivit,
923 1798 1121 1883 quasi
1176 1797 1350 1865 nihil
1402 1797 1649 1866 habeat
1698 1797 2038 1865 bominis:
2090 1796 2277 1864 unde
2328 1795 2428 1876 fit,
2481 1810 2559 1865 ut
2591 1818 2715 1865 nos
2764 1796 2965 1864 vitam
3013 1796 3104 1865 ab

551 1885 752 1953 omni
784 1884 1091 1953 humana
1144 1885 1646 1953 consuetudine
1695 1884 1989 1953 alienam
2037 1885 2259 1952 vivere
2283 1897 2504 1974 cogat.
2544 1886 2793 1977 chuis
2839 1904 2994 1954 vero
3020 1883 3105 1951 it-

553 1972 701 2042 lum
755 1974 998 2041 audire
1033 1974 1419 2043 sustineat?
1465 1986 1670 2057 atque
1699 1973 1788 2041 ita
1842 1972 2083 2041 multis
2130 1972 2407 2061 injuriis
2439 1972 2637 2042 illum
2688 1972 3103 2041 afficiebant.

448 2086 451 2089 ·
551 2066 628 2129 At
677 2060 792 2129 ille
845 2082 1104 2150 paucos
1162 2081 1416 2147 eosque
1471 2060 1709 2129 fideles
1763 2061 1890 2129 sibi
1944 2060 2336 2150 adjungens
2367 2061 2486 2145 qui
2540 2062 2670 2150 ipsi
2705 2073 2984 2159 possent
3032 2061 3106 2127 in

549 2149 879 2217 omnibus
929 2149 1171 2218 solatio
1205 2161 1270 2216 et
1318 2149 1574 2218 auxilio
1621 2171 1795 2227 esse,
1834 2170 1953 2217 cor
1999 2170 2205 2216 suum
2258 2148 2564 2233 quotidie
2593 2148 2959 2237 affligebat,
2994 2148 3106 2216 di·

550 2257 716 2323 cens
756 2236 839 2303 ad
895 2242 1151 2305 Deum:
1206 2242 1345 2326 Ego
1395 2249 1559 2305 tuus
1607 2258 1869 2316 servus,
1935 2232 2219 2304 Dbmine
2270 2240 2449 2305 Deus
2518 2258 2736 2316 meuS,
2789 2247 2947 2305 tuae
2998 2257 3109 2304 me

552 2324 788 2413 pietati
889 2337 1219 2404 rostern0‚
1274 2325 1534 2393 faciens
1582 2345 1758 2411 quae
1803 2324 2101 2411 jussisti.
2156 2328 2256 2392 Tu
2304 2323 2463 2402 sciS‚
2512 2345 2617 2392 me
2667 2345 2803 2391 non
2855 2323 2992 2393 nisi
3042 2336 3107 2393 te

548 2433 771 2480 unum
872 2412 1256 2480 esiderare:
1313 2413 1654 2504 planeque
1702 2412 1977 2481 confido
2025 2412 2190 2491 fore,
2231 2424 2305 2479 ut
2341 2410 2758 2497 quandoque
2808 2411 3109 2502 impleas

548 2499 971 2569 desiderium
1026 2523 1283 2580 meum,
1339 2499 1519 2570 sicut
1569 2501 1905 2591 scriptum
1962 2513 2108 2569 est:
2164 2505 2508 2569 Delectare
2559 2503 2630 2568 in
2683 2502 2983 2581 Domino,
3039 2510 3105 2569 et

550 2589 735 2657 dabit
765 2591 888 2656 libi
905 2592 1261 2678 petite-'ones
1288 2592 1503 2658 cordis
1534 2592 1640 2657 tui
1662 2591 1878 2678 (Psal.
1911 2589 2066 2675 36):
2098 2588 2279 2674 quod
2311 2589 2410 2656 sic
2437 2588 2920 2677 accipiendum
2971 2600 3100 2656 est:

549 2680 599 2745 Ο
649 2676 855 2745 homo
903 2677 1021 2762 qui
1060 2678 1128 2744 in
1187 2678 1479 2764 peccatis
1524 2690 1900 2765 conceptus
1949 2691 2014 2743 et
2046 2689 2249 2744 natus
2279 2699 2374 2757 es,
2412 2688 2650 2744 contra
2680 2676 2914 2744 carnis
2944 2698 3105 2759 pro-

548 2764 919 2853 pensiones
951 2778 1015 2832 et
1061 2765 1377 2832 affectum
1431 2764 1769 2833 delectare
1819 2764 1885 2831 in
1920 2764 2303 2863 praeceptis
2354 2763 2546 2832 illius
2574 2764 2695 2849 qui
2726 2765 2979 2833 creavit
3006 2776 3097 2844 te,

550 2852 632 2919 ad
689 2852 1092 2919 memoriam
1145 2851 1385 2920 crebro
1434 2853 1783 2932 revocans,
1836 2852 1995 2937 quis
2044 2852 2131 2920 sit
2162 2851 2277 2919 ille
2306 2851 2424 2937 qui
2469 2873 2595 2920 sua
2647 2852 2969 2940 passione
3000 2874 3107 2920 re-

550 2939 766 3006 demit
814 2953 898 3008 te.
937 2938 1131 3021 Quod
1183 2940 1299 3007 ubi
1343 2939 1607 3018 feceris,
1646 2938 1839 3007 dabit
1886 2939 2002 3006 ille
2051 2940 2174 3008 tibi
2222 2961 2299 3008 ea
2331 2961 2507 3024 quae
2540 2940 2750 3029 petis:
2790 2939 3109 3026 quando-

551 3027 834 3112 quidem
889 3048 1023 3095 non
1057 3047 1136 3094 ea
1172 3027 1345 3115 petis
1392 3048 1569 3113 quae
1604 3026 1893 3115 petenda
1935 3048 2071 3095 non
2116 3039 2300 3097 sunt.
2478 3112 2486 3120 ἱ

638 3117 674 3200 ξ
722 3120 814 3183 6.
870 3120 959 3182 Ea
1008 3127 1429 3203 tempestate,
1465 3136 1602 3200 qua
1635 3116 1739 3183 vit·
1767 3115 2166 3204 sanctus‘po
2221 3114 2334 3182 ulo
2364 3136 2493 3184 suo
2526 3115 2750 3183 verbis
2772 3127 2837 3183 et
2865 3135 3100 3183 exem·-

550 3202 685 3291 plis
738 3202 1054 3290 praefuit,
1093 3201 1340 3290 ingens
1387 3203 1691 3270 schisma
1739 3216 1805 3271 et
1853 3224 2104 3292 magna
2196 3201 2468 3271 udibria
2525 3203 2597 3270 in
2651 3215 2784 3272 tota
2833 3203 2951 3271 illa
2992 3224 3100 3271 re-

550 3290 751 3379 gione
800 3290 1116 3358 extitere:
1153 3290 1309 3358 aliis
1342 3302 1534 3358 vetus
1564 3302 1628 3358 et
1662 3311 1916 3358 novum
1953 3296 2459 3359 Testamentum
2497 3290 3096 3379 oppugnantibuS,

551 3377 1035 3463 Christumque
1065 3378 1594 3467 abnegantibuS,
1628 3377 1785 3446 aliis
1815 3378 2128 3447 haereses
2165 3376 2807 3475 complectentibuS,
2846 3377 3097 3467 pleris-

550 3486 684 3550 que
705 3465 790 3533 ad
818 3466 1258 3554 ,Iudaismum
1290 3486 1363 3534 se
1387 3465 1923 3545 conferentibuS,
1949 3465 2389 3533 nonnullism
2416 3465 2910 3535 ethnicismum
2945 3487 3105 3554 pro-

548 3551 965 3633 labentibuS,
1006 3553 1426 3639 quibusdam
1460 3575 1590 3622 non
1625 3565 1703 3622 ut
1733 3554 2050 3623 homines
2075 3553 2284 3622 decet.
2324 3554 2442 3624 sed
2471 3554 2689 3622 instar
2765 3553 3097 3635 cendum,

549 3640 841 3730 turpiter
872 3642 1092 3710 vivere
1121 3640 1628 3730 appetentibUS,
1669 3640 1824 3710 aliis
1850 3640 2148 3727 denique
2179 3663 2449 3711 morum
2477 3576 2854 3727 quamdam
2883 3640 3106 3709 disci-

539 3728 805 3883 plinam
859 3750 1020 3818 prae
1045 3750 1118 3797 se
1166 3729 1543 3798 ferentibus
1598 3742 1873 3819 propter
1922 3730 2448 3808 humanitatem,
2485 3729 2603 3798 sed
2647 3742 2876 3797 tamen
2912 3729 3090 3798 nihil

588 3816 704 3884 oni
752 3815 973 3885 facere
998 3816 1461 3886 studentibus.
1495 3817 1616 3887 His
1646 3839 1800 3886 vero
1833 3828 1970 3886 tam
2004 3816 2220 3887 foedis
2247 3817 2602 3887 erroribus
2627 3829 2692 3886 et
2718 3816 3100 3905 Babyloni-

537 3925 658 3972 cae
705 3903 1096 3974 confusioni
1147 3906 1388 3975 beatus
1438 3904 1806 3975 Disibodus
1842 3926 1914 3975 se
1944 3905 2127 3973 virili
2165 3918 2230 3974 et
2273 3904 2565 3974 infracto
2598 3905 2834 3974 animo
2882 3925 3105 3994 oppo-

544 4012 741 4070 nenS,
782 3991 996 4060 multa
1044 3992 1415 4082 opprobria
1459 3992 1854 4079 multasque
1899 3992 2194 4078 injurias
2243 3994 2581 4083 patienter
2623 3992 2808 4070 tulit,
2869 3991 3102 4082 ipsam

590 4101 817 4165 uoque
850 4079 1056 4148 vitam
1097 4078 1511 4168 profundere
1543 4081 1767 4171 magis
1795 4092 2065 4170 optans,
2113 4101 2320 4167 quam
2356 4093 2492 4149 tam
2525 4080 2849 4150 absurdis
2878 4094 2945 4149 et
2976 4100 3104 4149 ne-

571 4168 737 4237 ariis
776 4166 983 4236 rebus
1015 4167 1407 4258 suffragari.
1461 4171 1627 4248 Cum
1681 4182 1912 4238 autem
1947 4168 2478 4255 annos-aliquot
2525 4168 2846 4237 durasset
2876 4168 2945 4236 in
3003 4180 3106 4238 tot

545 4256 748 4323 malis
799 4277 1019 4341 aequo
1073 4256 1330 4337 animo,
1371 4256 1530 4325 licet
1563 4278 1699 4325 non
1751 4257 1902 4326 sine
1949 4256 2261 4347 corporis
2309 4255 2644 4346 periculo,
2690 4277 2816 4325 nec
2867 4269 3103 4326 tamen

542 4362 624 4412 ea
668 4342 993 4433 extirpari
1044 4357 1346 4433 possent,
1393 4344 1670 4414 tandem
1721 4357 2099 4435 pertaesus,
2139 4345 2227 4414 ad
2260 4344 2625 4414 Dominum
2662 4365 2823 4413 cum
2857 4343 3104 4413 multis
