3327 4999
237 385 342 452 Ex
390 382 563 451 OCT.
620 385 689 449 Μ
978 403 1058 450 m:
1106 404 1163 451 s.
1218 403 1510 454 nnunomz
1556 403 1780 454 conon.
1835 403 2033 453 nrlsc.
2562 385 2692 451 683

239 482 666 554 tutissimum
699 492 971 573 portum
1001 482 1207 553 confu
1256 495 1447 555 erent
1474 506 1717 556 omnes
1744 486 1866 573 qui
1895 483 2195 571 quietem
2217 495 2283 555 et
2314 504 2556 574 pacem
2585 504 2780 553 amar-

236 585 410 641 rent:
469 571 778 663 ipsorum
828 571 1034 641 etiam
1088 571 1215 641 bar
1265 594 1541 643 arorum
1607 572 2108 643 immanitatem
2155 583 2222 644 et
2276 568 2778 643 intolerandam

238 660 507 730 dudum
542 659 862 730 ferociam
913 660 1272 752 mitigavit.
1327 661 1678 749 Siquidem
1728 661 1966 732 eodem
2018 673 2323 752 tempore
2368 673 2434 731 et
2480 664 2619 731 Rex
2664 681 2781 729 eo-

236 770 391 818 rum
433 748 798 822 HaroldUS.
853 771 1014 818 cum
1049 772 1301 839 magna
1347 772 1513 820 suae
1561 749 2007 820 multitudine
2083 749 2284 831 entiS,
2316 750 2486 839 Regi
2534 771 2777 839 regum

241 837 506 907 Christo
552 837 731 908 colla
776 838 1216 919 submittens,
1269 839 1639 909 vanitatem
1690 839 1955 929 respuit
2000 839 2024 908 i
2074 838 2370 909 olorum.

326 928 362 1012 ξ
420 928 570 997 81.
623 930 790 995 Cum
841 930 1221 1026 Imperator
1285 927 1710 997 tricesimum
1761 928 1954 1018 regni
2001 927 2135 1009 sui,
2198 946 2573 1017 germanus
2623 924 2778 1014 ejus

158 1092 177 1110 .
235 1014 726 1084 duodecimum
782 1014 1224 1104 pontificatus
1288 1016 1398 1085 sui
1450 1028 1680 1106 ageret
1727 1037 2033 1096 annum,
2106 1014 2418 1083 nondum
2471 1011 2608 1082 nisi
2666 1013 2777 1082 vix

240 1102 648 1193 praelapsus
697 1102 937 1173 aetatis
999 1103 1648 1194 quadragesimum,
1712 1114 2019 1174 sanctam
2068 1108 2507 1172 Pentecosten
2570 1100 2780 1170 simul

239 1190 554 1261 Coloniae
601 1189 1047 1273 celebrantes,
1099 1214 1237 1278 qua
1284 1192 1501 1281 major
1547 1192 1958 1263 mortalibus
2053 1191 2224 1262 loria
2268 1211 2595 1261 concessa
2643 1211 2781 1259 non

236 1291 360 1358 est,
415 1300 563 1348 sese
627 1277 920 1347 invicem
994 1278 1170 1349 inter
1234 1294 1472 1351 sancta
1536 1281 1951 1351 solemnium
2053 1280 2271 1349 ierum
2337 1278 2588 1359 officia,
2640 1299 2784 1347 una

233 1390 397 1436 cum
448 1366 607 1436 diva
666 1378 882 1436 matre
926 1367 982 1448 ⁴²,
1046 1389 1275 1438 sorore
1325 1370 1585 1458 regina,
1654 1368 2046 1460 nepotibus,
2098 1367 2401 1454 filiisque
2449 1366 2776 1455 RegibuS,

239 1459 511 1541 totaque
543 1454 662 1524 illa
713 1459 845 1524 Deo
893 1454 1141 1526 dilecta
1190 1456 1478 1538 familia,
1532 1469 1598 1528 et
1642 1457 1913 1527 cunctis
1960 1457 2158 1548 regni
2191 1455 2625 1526 senatoribus
2657 1454 2782 1524 ad-

238 1543 541 1614 fuerunt.
579 1546 853 1613 Constat
897 1543 1111 1625 enim,
1165 1544 1439 1615 nullum
1467 1545 1845 1634 aliquando
1875 1546 2102 1615 locum
2146 1555 2333 1616 tanta
2359 1543 2775 1625 celebritate,

239 1644 426 1701 tanto
464 1630 830 1723 splendore
872 1632 1100 1702 omnis
1147 1633 1419 1723 generis
1466 1633 1855 1716 hominum,
1894 1643 2218 1715 aetatum,
2271 1631 2596 1704 ordinum
2647 1631 2774 1700 sso-

240 1721 486 1791 ruisse.
552 1724 744 1789 Hanc
792 1721 1023 1807 itaque
1082 1721 1565 1812 gloriosissimi
1616 1722 1920 1793 Caesaris
1966 1721 2275 1812 Augusti,
2347 1732 2412 1790 et
2467 1719 2782 1820 germani

234 1809 410 1898 eju3,
451 1808 711 1877 summi
743 1820 808 1877 et
854 1810 1423 1898 incomparabilis
1463 1809 1590 1879 viri
1623 1810 1966 1881 Brunonis
1999 1809 2532 1900 Archiepiscopl,
2565 1808 2779 1877 fidam

239 1903 509 1983 Deoque
557 1896 882 1987 placitam
932 1898 1002 1965 in
1035 1899 1225 1967 omni
1259 1898 1606 1968 voluntate
1631 1911 1697 1969 et
1743 1919 1947 1990 opere
1978 1898 2561 1988 conjunctionem,
2600 1896 2781 1965 hanc

236 1985 816 2075 conspirationem
880 1984 949 2053 in
1000 1987 1191 2054 omni
1239 1986 1533 2057 utilitate
1592 1998 1659 2056 et
1706 1988 2058 2058 honestate
2113 1984 2666 2055 administranda
2714 1996 2780 2054 et

236 2074 413 2144 bene
460 2073 782 2163 gerenda,
820 2073 999 2143 hanc
1019 2074 1609 2163 jucundissimam
1668 2076 1844 2145 vitae
1890 2074 2413 2160 officiorumque
2458 2073 2776 2142 omnium

238 2162 651 2243 societatem,
706 2182 892 2230 mors
940 2184 1161 2245 saeva,
1200 2183 1389 2232 mors
1437 2163 1804 2244 horrenda,
1842 2184 2053 2244 morS,
2104 2164 2415 2249 inquam,
2470 2160 2614 2232 sola
2674 2159 2781 2229 di-

238 2250 462 2320 remit.
524 2255 604 2319 Et
666 2271 899 2319 revera
962 2251 1280 2336 quamvis
1327 2251 1501 2321 nihil
1550 2252 1852 2321 atrocius
1902 2251 2268 2331 videretur,
2322 2249 2496 2319 nihil
2548 2262 2777 2320 tamen

238 2360 387 2407 esse
436 2337 654 2428 potuit
699 2338 885 2426 quod
917 2360 1066 2408 eam
1117 2339 1556 2411 innocentius
1602 2340 2015 2410 diremisset.
2051 2345 2225 2430 Ergo
2258 2361 2420 2409 cum
2456 2357 2777 2408 summus

239 2427 521 2497 antistes
554 2431 782 2495 Bruno
814 2427 1105 2499 senioris
1135 2439 1200 2496 et
1229 2427 1458 2498 fratris
1484 2428 1617 2511 sui,
1662 2428 2007 2501 Orientem
2046 2448 2287 2498 versus
2332 2426 2583 2508 euntiS,
2618 2446 2780 2495 con-

238 2515 579 2595 tubernia,
623 2537 832 2585 ruens
882 2517 1076 2607 prius
1125 2518 1194 2586 in
1244 2517 1503 2600 oscula,
1556 2530 1622 2588 et
1660 2518 1835 2588 ssens
1882 2518 2163 2609 largiter
2210 2516 2620 2602 reliquisset,
2656 2537 2779 2604 pa-

235 2608 524 2691 cataque
568 2603 804 2674 omnia
849 2618 914 2675 et
960 2606 1190 2693 quieta
1235 2606 1417 2676 intra
1476 2619 1710 2677 metas
1752 2605 1947 2697 regni
2015 2605 2147 2676 sibi
2192 2605 2511 2680 creditas,
2566 2625 2780 2693 agens

237 2698 369 2762 Deo
500 2692 698 2774 atiaS,
753 2693 1173 2783 aspexisset,
1232 2695 1483 2765 iterum
1543 2695 1934 2782 iterumque
1997 2716 2159 2766 suos
2215 2715 2459 2763 omnes
2508 2691 2779 2761 Clerum

235 2804 423 2874 popu
454 2803 714 2868 umque
759 2804 936 2869 quae
1002 2783 1269 2871 agenda
1317 2783 1631 2866 fuissent,
1691 2782 2077 2862 admonuit,
2146 2792 2213 2851 et
2260 2802 2418 2850 mox
2465 2781 2536 2848 in
2587 2779 2777 2850 Occi-

232 2871 435 2941 dente
483 2875 639 2941 Com
697 2870 981 2939 endium
1022 2870 1213 2952 adiit,
1258 2884 1334 2941 ut
1378 2871 1638 2942 ibidem
1689 2884 1969 2960 nepotes
2000 2891 2163 2940 suos
2192 2870 2278 2939 ab
2309 2869 2601 2938 invicem
2631 2867 2776 2936 dis—

233 2960 534 3031 sidentes
581 2981 622 3027 a
717 2957 1155 3028 concordiam
1208 2974 1573 3041 revocaret,
1608 2960 1682 3029 in
1731 2959 1867 3028 fide
1923 2972 1990 3029 et
2034 2960 2255 3049 gratia
2288 2956 2623 3028 stabiliret
2654 2961 2778 3024 Ec-

236 3047 486 3117 clesiae
536 3047 962 3137 religionem,
1017 3047 1184 3138 Regi
1230 3049 1587 3131 honorem,
1640 3061 1706 3118 et
1752 3069 1929 3135 quae
1984 3070 2111 3118 sua
2156 3058 2406 3128 essent,
2474 3044 2778 3114 dictante

233 3135 598 3222 aequitatis
637 3136 922 3215 ratione,
977 3151 1325 3206 annuente
1373 3138 1686 3218 Domino,
1732 3135 2030 3227 singulis
2075 3135 2538 3206 confirmaret.

324 3226 362 3308 ξ
425 3228 588 3293 8².
644 3228 734 3291 Eo
784 3224 1090 3294 intentus
1151 3225 1445 3314 negotio,
1499 3225 1840 3296 infirmari
1898 3226 2171 3315 coepit,
2224 3236 2290 3293 et
2335 3223 2433 3294 sic
2482 3223 2551 3291 in
2605 3222 2779 3292 Rhe-

239 3310 585 3379 mensium
642 3310 914 3380 civitate
974 3312 1167 3401 gravi
1212 3313 1522 3403 corporis
1568 3313 1884 3383 molestia
1930 3313 2307 3392 detentum,
2359 3312 2602 3398 quinto
2656 3311 2778 3380 de-

235 3417 429 3465 mum
489 3397 634 3477 die,
691 3412 1058 3487 postquam
1112 3399 1400 3481 invasit,
1461 3401 1820 3492 aegritudo
1867 3423 2028 3471 eum
2079 3402 2452 3491 praevenit.
2507 3399 2774 3481 Quibus

233 3483 481 3555 diebus
530 3485 600 3553 in
652 3485 894 3555 itinere
943 3507 1077 3555 non
1128 3488 1387 3569 minus,
1424 3510 1634 3576 quam
1666 3490 1737 3559 in
1780 3488 2100 3579 hospitio,
2142 3488 2430 3558 lectione
2461 3486 2768 3567 assidua,

235 3573 431 3643 nullo
481 3594 654 3663 pene
709 3574 846 3645 alio
893 3574 1048 3644 cibo
1103 3575 1524 3646 refocillatus
1592 3590 1717 3648 est.
1772 3582 2243 3679 Interrogatus
2290 3588 2519 3646 autem
2570 3574 2776 3644 fami-

233 3661 493 3731 liariter
538 3662 805 3754 abipso
853 3663 1189 3755 Episcopo
1216 3664 1569 3753 wigfrido,
1604 3679 1681 3736 ut
1710 3665 1859 3756 ipse
1907 3678 2096 3736 testls
2142 3677 2266 3746 est,
2320 3666 2524 3756 cujus
2551 3662 2776 3733 morbi

233 3751 625 3841 gravedine,
680 3765 1060 3842 urgeretur,
1127 3774 1261 3820 non
1318 3753 1660 3833 morbum,
1720 3753 1836 3825 sed
1887 3746 2414 3823 dissolutionem
2463 3751 2575 3822 sui
2623 3773 2775 3821 cor-

233 3840 421 3930 poris
453 3861 603 3911 esse
638 3841 1012 3929 respondit.
1066 3840 1446 3996 Episcopus
1465 3842 1726 3942 itaque>
1756 3841 2195 3931 supradictae
2243 3840 2642 3931 metropolis
2667 3839 2776 3908 di-

283 3928 567 3998 nissime
594 3949 752 3996 eum
786 3929 1064 4018 recepit,
1165 3929 1620 3999 umanisslme
1653 3930 1987 4000 tractavit.
2025 3935 2103 3998 Et
2134 3931 2203 4000 in
2229 3929 2591 4000 festivitate
2618 3927 2778 4013 qui-

280 4039 389 4085 em
424 4038 601 4104 quae
635 4029 797 4086 tunc
848 4017 1068 4086 inerat
1115 4018 1337 4087 sancti
1373 4018 1691 4108 Remigii,
1723 4018 1940 4087 levius
1967 4017 2479 4104 aliquantulum
2532 4016 2777 4086 habuit

232 4105 348 4186 ita,
409 4118 487 4175 ut
531 4104 882 4174 clientulis
947 4105 1099 4194 ejus
1162 4118 1230 4174 et
1286 4107 1492 4175 sociis
1540 4128 1698 4196 spes
1744 4117 1922 4175 esset
1973 4107 2481 4196 recuperandae
2530 4104 2775 4174 salutis

230 4193 403 4281 ejus.
462 4199 614 4283 Ipse
661 4203 890 4263 autem
938 4192 1196 4262 vocatis
1245 4194 1487 4283 Episco
1543 4194 1599 4264 is
1644 4194 1768 4281 qui
1817 4194 2028 4265 simul
2077 4216 2237 4263 cum
2287 4216 2365 4263 eo
2413 4207 2766 4273 venerant,

230 4280 649 4352 ‘theodorico
722 4294 787 4350 et
853 4281 1180 4371 wigfrido
1214 4337 1229 4363 ,
1296 4295 1496 4372 postu
1527 4283 1665 4352 avit
1739 4294 1818 4352 ut
1882 4281 2272 4352 testamenti
2321 4282 2430 4351 sui
2478 4281 2776 4351 faciendi

230 4370 516 4461 copiam.
551 4370 614 4439 ei
660 4368 1001 4451 facerent,
1079 4383 1145 4439 et
1217 4371 1641 4460 adjutorium
1707 4370 1772 4440 ei
1848 4370 2275 4441 adhiberent.
2343 4370 2537 4455 Quod
2609 4391 2773 4440 cum

283 4491 309 4517 ⁸·
340 4491 387 4531 S.
417 4490 664 4537 Mtthssdm
691 4491 800 4533 vide
828 4491 999 4535 Notum
1024 4491 1077 4532 in
1102 4491 1337 4541 principio
1366 4492 1504 4532 Vicae.
