3327 4999
196 394 383 460 MART.
433 396 507 460 ⁴2
1000 418 1078 464 m:
1127 418 1183 465 s.
1235 417 1547 466 enneomo
1594 419 1755 465 PAPA
2439 400 2566 465 1149

196 490 308 572 fuit,
339 506 401 562 ut
438 493 518 563 ad
565 494 781 585 ipsam
818 495 1253 567 solummodo
1300 498 1701 579 orationem,
1754 496 2121 566 oblationis
2153 497 2445 567 hostiam
2487 519 2654 566 con-

195 595 485 658 secrarent.
552 588 629 652 Et
686 584 878 655 valde
939 586 1110 655 mihi
1166 585 1653 655 inconveniens
1714 586 1934 655 visum
1998 597 2145 666 est,
2200 599 2275 657 ut
2325 607 2590 676 precem
2623 640 2646 666 ,

194 690 348 756 quam
387 672 834 742 scholasticus
878 687 1379 766 composuerat,
1426 697 1635 766 super
1674 673 2087 744 oblationem
2139 673 2550 754 diceremuS‚
2590 685 2667 744 et¹

195 756 356 847 ipsam
398 760 861 844 traditionem,
931 785 1140 850 quam
1203 765 1618 855 Redemptor
1684 774 1913 833 noster
1977 763 2388 854 composuit,
2442 785 2654 852 super

194 847 303 936 ejus
335 871 563 939 corpus
607 863 671 920 et
718 853 1122 940 sanguinem
1162 874 1298 921 non
1339 852 1749 924 diceremus.
1788 851 1914 922 Sed
1965 863 2028 921 et
2063 851 2411 922 Dominica
2436 851 2653 921 oratio

191 935 324 1025 apud
365 942 639 1009 Graecos
671 940 758 1010 ab
796 941 984 1009 omni
1033 941 1291 1032 populo
1337 941 1632 1011 dicitur:
1688 940 1870 1030 apud
1924 962 2048 1010 nos
2094 963 2253 1010 vero
2284 963 2323 1010 a
2371 939 2514 1009 solo
2547 961 2653 1009 sa-

189 1025 413 1096 cerdote.
463 1033 537 1096 In
569 1050 707 1115 quo
751 1050 912 1119 ergo
960 1033 1370 1100 Graecorum
1421 1029 1959 1100 consuetudines
2007 1029 2222 1099 secuti
2257 1051 2502 1099 sumus
2532 1029 2657 1116 qui

183 1126 270 1182 aut
305 1129 535 1186 veteres
584 1130 850 1187 nostras
897 1120 1408 1209 reparavimus,
1481 1133 1601 1188 aut
1671 1140 1880 1189 novas
1926 1131 1990 1187 et
2037 1118 2241 1187 utiles
2290 1116 2655 1204 constitui-

180 1224 315 1284 muS,
361 1205 421 1272 in
467 1206 725 1292 quibus
771 1217 996 1276 tamen
1044 1208 1218 1277 alios
1261 1208 1799 1297 comprobamur
1844 1207 2148 1277 imitari?
2206 1211 2382 1297 Ergo
2429 1219 2655 1276 vestra

180 1290 439 1375 charitaS,
486 1316 650 1363 cum
698 1295 961 1364 occasio
1018 1296 1302 1376 dederit,
1356 1311 1431 1366 ut
1479 1302 1926 1366 Catanensem
1988 1295 2329 1365 civitatem
2383 1307 2645 1385 pergat,

177 1380 248 1447 vel
287 1381 346 1449 in
379 1387 806 1473 Syracusana
851 1383 1140 1454 ecclesia
1183 1408 1322 1467 eos,
1374 1408 1548 1471 quos
1596 1385 1813 1455 credit
1842 1398 1961 1454 aut
1993 1384 2336 1475 intelligit,
2375 1383 2539 1471 quia
2570 1383 2655 1452 de

173 1466 268 1537 hac
307 1492 370 1538 re
421 1493 859 1542 murmurare
920 1487 1315 1563 potuerunt,
1374 1473 1549 1543 facta
1614 1473 1977 1543 collatione
2024 1472 2284 1551 doceat,
2339 1485 2404 1542 et
2448 1471 2651 1558 quasi

169 1555 269 1626 alia
300 1581 369 1628 ex
403 1560 761 1630 occasione
803 1582 918 1630 eos
965 1561 1303 1632 instruere
1351 1585 1487 1632 non
1541 1563 1847 1633 desistat.
1902 1567 2068 1630 Nam
2127 1562 2211 1631 de
2260 1560 2652 1631 Constanti-

169 1646 506 1736 nopolitana
554 1648 847 1720 ecclesia
892 1650 1073 1736 quod
1126 1651 1390 1733 dicunt,
1447 1652 1606 1739 quis
1653 1673 1803 1720 eam
1855 1650 2120 1720 dubitet
2178 1650 2325 1720 sedi
2373 1654 2655 1740 Aposto-

166 1731 300 1804 licae
339 1758 476 1807 esse
520 1738 950 1827 subjectam?
996 1740 1188 1822 Quod
1238 1753 1302 1810 et
1350 1740 1709 1831 piissimus
1757 1739 2083 1810 dominus
2134 1745 2534 1829 Imperator,
2587 1748 2655 1808 et

170 1821 329 1892 irater
369 1839 598 1896 noster
634 1827 938 1916 ejusdem
975 1829 1268 1898 civitatis
1316 1830 1684 1919 episcopus
1731 1828 2009 1899 assidue
2107 1829 2489 1897 rofitentur.
2530 1832 2653 1895 Ta-

174 1931 289 1980 men
330 1914 380 1983 si
425 1916 594 2001 quid
645 1915 808 1984 boni
858 1916 955 1984 vel
1005 1919 1156 2007 ipsa
1204 1917 1305 1986 vel
1356 1918 1565 1988 altera
1614 1917 1915 1986 Ecclesia
1963 1851 2190 1990 haget.
2242 1938 2366 2016 ego
2414 1930 2479 1985 et
2527 1916 2657 1984 mi-

174 2019 326 2070 nores
368 2026 577 2082 meos,
640 2026 812 2090 quos
859 2006 945 2074 ab
995 2005 1255 2077 illicitis
1305 2008 1656 2097 prohibeO,
1715 2006 1783 2074 in
1840 2006 2018 2075 bono
2068 2004 2324 2074 imitar1
2374 2016 2657 2095 paratus

176 2107 314 2158 sum.
344 2092 602 2162 Stultus
648 2106 749 2162 est
794 2094 977 2162 enim
1026 2096 1148 2181 qui
1208 2096 1278 2164 in
1335 2117 1414 2164 eo
1463 2117 1532 2166 se.
1583 2095 1884 2185 primum
1934 2094 2298 2175 existimat,
2352 2104 2429 2162 ut
2474 2093 2655 2162 bona

179 2195 315 2259 quae
350 2182 611 2262 viderit,
651 2180 910 2250 discere
943 2195 1361 2254 contemnat.
1386 2207 1420 2251 »

247 2265 276 2348 ,ξ
329 2272 449 2339 n.
503 2276 759 2339 Tantae
807 2271 1289 2361 hospitalitatis
1338 2270 1705 2361 Gregorius
1773 2270 1841 2339 in
1908 2269 2057 2361 ipso
2110 2270 2312 2339 etiam
2366 2269 2655 2360 patriar-

177 2348 292 2422 chio
331 2358 719 2444 permansit,
772 2371 850 2427 ut
895 2361 1193 2451 exceptis
1241 2361 1373 2438 his,
1415 2383 1589 2447 quos
1620 2372 1759 2429 tam
1811 2382 1931 2449 per
1977 2359 2283 2428 diversas
2316 2380 2385 2428 re
2438 2358 2651 2440 ioneS,

174 2459 332 2525 quam
374 2450 631 2517 Romae
681 2470 978 2535 quoque,
1025 2450 1630 2540 Longobardorum
1684 2448 2011 2540 perfidiae
2059 2446 2325 2539 gladios
2415 2447 2659 2538 ugien-

175 2540 260 2607 tes,
301 2536 632 2606 Ecclesiae
680 2536 855 2627 stipe
904 2539 1437 2610 misericorditer
1483 2539 1873 2617 nutriebat,
1939 2537 2244 2625 quotidie
2300 2537 2386 2606 ad
2458 2558 2654 2606 men-

170 2638 276 2688 sam
318 2647 506 2694 suam
563 2626 962 2715 peregrinos
1001 2628 1340 2713 quoslibet
1370 2627 1710 2698 invitaret.
1769 2632 1951 2696 Inter
1981 2648 2155 2712 quos
2198 2626 2309 2694 die
2354 2625 2656 2724 quadam

171 2726 306 2780 unus
340 2714 652 2793 accessit,
707 2714 775 2782 in
822 2716 1023 2804 cujus
1073 2715 1395 2786 manibus
1442 2716 1609 2785 dum
1674 2715 1817 2807 ipse
1864 2739 1943 2785 ex
1993 2714 2404 2785 humilitatis
2452 2713 2660 2782 mim-

166 2800 323 2867 sterio
350 2824 604 2890 aquam
637 2801 924 2872 fundere
956 2804 1172 2885 vellet,
1208 2827 1579 2874 conversus
1612 2826 1893 2873 urceum
1924 2803 2205 2895 accepit:
2234 2803 2350 2872 sed
2383 2812 2660 2893 repente

160 2904 304 2969 eum,
351 2891 417 2959 in
475 2892 684 2981 cujus
733 2892 1057 2962 manibus
1106 2915 1354 2979 aquam
1405 2893 1696 2962 fundere
1756 2892 2090 2973 voluerat,
2147 2892 2455 2962 invenire
2516 2911 2658 2959 non

163 2978 359 3058 potuit.
411 2986 723 3067 Cumque
775 2980 902 3050 hoc
941 2980 1192 3051 factum
1247 3004 1478 3055 secum
1529 2981 1677 3071 ipse
1739 2981 2124 3061 miraretur,
2162 2981 2400 3051 eadem
2464 2991 2660 3050 nocte

163 3062 445 3138 Dominus
491 3069 557 3137 ei
607 3090 728 3158 per
777 3070 1104 3138 visionem
1155 3070 1364 3139 dixit:
1422 3072 1716 3141 caeteris
1764 3070 1993 3139 diebus
2044 3093 2147 3139 me
2214 3072 2281 3138 in
2348 3070 2660 3140 membris

158 3155 306 3233 meis,
337 3158 640 3227 hesterno
664 3169 890 3227 autem
920 3160 1027 3227 die
1055 3182 1159 3228 me
1187 3161 1253 3229 in
1281 3161 1663 3250 memetipso
1692 3160 2062 3248 suscepisti.

222 3242 253 3326 ἓ
309 3249 452 3316 13.
505 3245 653 3314 Alio
681 3268 956 3333 quoque
1004 3260 1306 3335 tempore
1338 3248 1518 3316 idem
1572 3248 1938 3337 Gregorius
1976 3247 2174 3337 juxta
2220 3244 2661 3315 consuetudi-

159 3346 282 3425 nem
325 3356 522 3404 suam
562 3334 906 3425 praecepit
953 3335 1334 3417 sacellariO,
1385 3348 1461 3404 ut
1507 3335 1872 3405 duodecim
1910 3334 2305 3425 peregrinos
2330 3334 2413 3403 ad
2454 3355 2659 3423 pran-

161 3412 314 3488 dium
365 3423 705 3493 invitaret.
760 3424 888 3506 Qui
937 3446 1250 3515 pergens,
1281 3426 1478 3515 jussa
1518 3423 1904 3515 complevit,
1935 3445 2188 3511 eosque
2226 3423 2311 3492 ad
2346 3444 2657 3491 mensam

161 3508 371 3589 pariter
414 3511 782 3581 ordinavit.
841 3519 1008 3582 Dum
1062 3526 1287 3582 autem
1324 3512 1533 3583 simul
1568 3512 2109 3593 discumberent,
2139 3512 2416 3581 intuens
2446 3515 2652 3600 Papa,

161 3595 439 3667 tredecim
493 3602 881 3670 numeravit
910 3602 965 3668 *.
1016 3607 1091 3670 Et
1138 3602 1466 3671 accersito
1514 3600 1893 3681 sacellariO,
1947 3624 2074 3670 cur
2119 3614 2357 3670 contra
2395 3600 2658 3690 jussio-

154 3699 280 3752 nem
324 3709 521 3757 suam
588 3689 1218 3759 tertiumdecimum
1271 3688 1560 3760 invitare
1626 3690 2204 3780 praesumpserit,
2274 3688 2651 3775 inquisivit.

155 3768 252 3838 llle
291 3774 825 3867 obstupefactuS,
862 3778 1300 3848 convivantes
1335 3778 1733 3869 peregrinos
1771 3778 2117 3849 curiosius
2153 3777 2558 3857 numeravit,
2595 3788 2662 3846 et

156 3855 478 3934 duodecim
532 3865 714 3937 solos
761 3865 1140 3947 inveniens,
1179 3867 1387 3936 veluti
1411 3888 1696 3938 securus
1728 3866 2118 3957 respondit:
2159 3865 2424 3935 «Crede
2456 3865 2652 3945 mibi,

159 3941 543 4023 honorabilis
605 3959 821 4036 Pater,
877 3977 1009 4025 non
1054 3966 1214 4025 sunt
1263 3955 1402 4025 nisi
1448 3954 1841 4035 duodecim,
1908 3955 2087 4025 sicut
2147 3954 2296 4047 ipse
2355 3954 2654 4045 jussisti.

162 4033 294 4125 Ergo
339 4041 508 4127 dum
568 4042 924 4116 convictus
989 4044 1267 4132 saepius
1324 4043 1690 4114 duodecim
1769 4044 2147 4114 identidem
2217 4056 2651 4123 numeraret,

165 4139 220 4189 ae
257 4131 899 4213 tertiumdecimum,
958 4154 1160 4220 quem
1212 4132 1404 4203 solus
1450 4138 1630 4224 Papa
1680 4132 1908 4202 videre
1946 4143 2228 4222 poterat,
2285 4154 2418 4201 non
2471 4130 2657 4201 vide-

168 4223 255 4289 ῐθῑ,
285 4218 832 4289 animadvertens
877 4220 1262 4312 spiritualis
1294 4234 1487 4313 pater
1523 4221 1891 4312 Gregorius
1922 4221 2145 4291 virum
2179 4222 2465 4312 propius
2513 4220 2657 4290 dis-

172 4304 581 4392 cumhentem,
614 4309 847 4379 vultus
876 4309 1116 4381 crebro
1162 4325 1576 4393 convertere,
1602 4324 1668 4381 et
1697 4332 1883 4381 nunc
1913 4310 2438 4391 adolescentem,
2471 4329 2659 4378 nunc

165 4452 632 4570 nil-effissessfflssgssm
654 4477 798 4518 '¹¹9¹‘
813 4468 866 4509 ¹¹¹
885 4467 906 4519 ἒ
924 4469 963 4517 ¹·
980 4469 1034 4510 1⁴·
1055 4470 1095 4517 1·
1110 4467 1373 4521 perecrini·
1396 4468 1562 4511 mensa
1578 4470 1698 4521 ipsis
1718 4481 1746 4511 a
1762 4470 1903 4512 besto
1919 4469 2144 4520 eugerio
2159 4466 2374 4519 opposta
2387 4468 2660 4510 truentum
