3327 4999
184 367 415 434 mur.
472 368 518 432 6
1092 386 1170 431 na
1218 386 1274 433 s.
1329 384 1563 432 cornu
1612 382 1782 431 vinc.
2546 367 2618 432 7⁴

185 469 360 538 Multi
395 470 611 538 etiam
654 469 915 538 nobiles
961 483 1027 539 et
1076 481 1380 559 potentes
1419 466 1836 539 intolerabili
1884 468 2183 556 quadam
2234 468 2584 539 vexatione
2632 468 2719 538 il-

180 559 305 629 lam
346 571 678 649 appetere
716 558 941 628 conati
992 570 1155 628 sunt
1202 570 1481 649 propter
1526 557 1731 626 aedes
1778 558 2142 645 quasdam,
2197 580 2374 646 quas
2423 559 2557 649 ipsi
2606 579 2723 627 vo-

177 648 395 716 lebant
445 647 538 716 ad
589 646 785 727 alios,
837 670 1046 734 quam
1098 650 1471 738 oporteret,
1538 669 1711 716 usus
1773 669 1861 737 ap
1918 647 2162 716 liceri:
2217 647 2332 716 sed
2389 647 2722 717 Dominus

173 742 364 806 «lesus
414 736 834 826 praecipuos
880 738 1031 827 ejus
1079 737 1456 807 vexationis
1501 747 1815 806 auctores
1926 738 2058 805 revi
2123 736 2409 806 abstulit
2455 759 2493 806 e
2555 737 2717 806 vita.

178 825 289 895 Illa
356 849 527 894 vero
596 838 664 895 et
710 826 834 894 has
879 838 944 894 et
991 825 1165 895 alias
1214 848 1424 917 prope
1474 826 1880 894 innumeras
1945 826 2455 917 persecutiones
2505 826 2725 895 instar

176 916 327 1006 agni
367 914 686 984 suaviter
714 928 781 983 et
816 917 1148 1005 patienter
1199 915 1350 985 tulit
1405 936 1637 984 amore
1686 913 1876 983 illius
1917 915 2087 1003 Agni
2134 915 2544 995 innocentis,
2600 914 2725 1002 qui

172 1026 301 1073 uno
340 1005 462 1073 die
506 1003 668 1094 plus
718 1008 949 1074 nostra
995 1008 1206 1074 causa
1260 1026 1626 1095 perpessus
1659 1016 1784 1085 est,
1823 1026 2033 1091 quam
2072 1026 2196 1075 nos
2232 1026 2355 1095 pro
2396 1003 2515 1074 illo
2544 1003 2724 1074 ferre

173 1115 542 1184 possemus
591 1093 858 1162 cunctis
905 1093 1152 1164 diebus
1199 1092 1373 1162 vitae
1423 1106 1716 1162 nostrae.

247 1185 285 1269 ἓ
334 1189 497 1255 61.
583 1186 749 1250 Cum
805 1182 949 1272 jam
1013 1182 1790 1271 sexagesimumsextum
1852 1182 2092 1251 aetatis
2138 1182 2549 1273 complesset
2595 1204 2722 1251 an-

166 1294 358 1351 num,
416 1282 500 1340 ut
567 1269 1099 1360 perfectissimae
1147 1271 1693 1361 perseverantiae
1739 1291 2062 1340 coronam
2117 1285 2345 1362 posset
2392 1272 2714 1362 adipisci,

166 1360 437 1430 tametsi
473 1381 764 1449 corpore
803 1360 997 1428 valde
1051 1372 1230 1429 esset
1266 1359 1515 1429 debilis
1561 1373 1627 1429 et
1673 1360 2027 1441 exhausta,
2085 1372 2229 1429 tum
2284 1373 2565 1451 propter
2612 1382 2720 1431 se-

164 1450 358 1518 nium
410 1461 483 1517 et
536 1448 1045 1518 incommodam
1090 1448 1578 1529 valetudinem,
1621 1461 1768 1518 tum
1807 1461 2084 1539 propter
2129 1472 2371 1541 graves
2419 1450 2714 1532 doloreS‚

163 1560 334 1625 quos
385 1536 669 1616 tulerat,
720 1547 784 1606 et
828 1539 1133 1625 quotidie
1182 1539 1566 1628 patiebatur
1613 1560 1739 1629 pro
1787 1537 2132 1608 voluntate
2192 1539 2333 1607 Dei:
2372 1551 2441 1607 at
2490 1551 2720 1608 tamen

165 1627 255 1695 ita
303 1649 375 1696 se
426 1627 906 1715 comparabat,
960 1639 1284 1713 tanquam
1313 1629 1458 1716 jam
1511 1627 1597 1697 ab
1645 1627 1912 1716 integro
1960 1627 2159 1697 vellet
2192 1627 2517 1698 inchoare
2548 1629 2723 1697 bene

167 1716 417 1807 agendi
470 1714 812 1795 studium,
869 1717 1149 1806 perinde
1197 1718 1336 1785 acsi
1388 1717 1669 1785 robusto
1715 1727 1894 1785 esset
1961 1737 2291 1806 corpore,
2349 1738 2473 1786 nec
2522 1718 2723 1805 quic-

169 1826 375 1891 quam
422 1826 749 1891 unquam
792 1817 970 1874 recte
1017 1819 1082 1875 et
1140 1804 1483 1895 praeclare
1532 1806 1877 1897 gessisset.
1924 1809 2158 1892 Itaque
2208 1827 2566 1893 nunquam
2622 1827 2725 1874 re-

181 1894 435 1963 cusavit
485 1892 822 1972 laborem,
887 1916 1011 1963 nec
1053 1894 1255 1966 desiit
1303 1917 1375 1964 se
1424 1907 1815 1985 promptam
1865 1894 2108 1964 ofl'erre
2155 1894 2241 1962 ad
2293 1894 2722 1985 colligendas

186 1981 379 2060 vires
426 1982 881 2068 quantumvis
928 1995 1104 2052 esset
1158 1995 1224 2052 et
1258 1981 1613 2054 laboribus
1661 1996 1727 2053 et
1759 1983 1965 2053 variis
2013 1984 2279 2054 defessa
2328 1985 2592 2075 poenis,
2659 1995 2726 2052 et

192 2068 275 2136 ad
325 2082 516 2139 totam
570 2092 645 2139 se
694 2071 1253 2160 impendendam,
1297 2071 1421 2140 ubi
1460 2072 1529 2141 id
1581 2071 1696 2139 Dei
1737 2094 1931 2141 amor
1976 2084 2041 2141 et
2090 2072 2282 2142 salus
2321 2074 2721 2141 animarum

197 2179 459 2246 poscere
516 2160 887 2229 videretur.
944 2165 1448 2251 Saepenumero
1512 2161 1600 2230 ab
1648 2160 1880 2247 aliquo
1935 2160 2324 2249 profectura
2385 2172 2724 2230 monaste-

190 2246 287 2315 rio
341 2248 422 2317 ad
494 2249 899 2335 exequenda
968 2270 1174 2340 opera
1244 2249 1556 2340 pietatis,
1630 2260 1768 2318 tam
1838 2249 2251 2318 cernebatur
2318 2249 2714 2330 imbecillis,

187 2350 255 2406 ut
302 2338 404 2408 vix
455 2338 802 2409 sustinere
850 2360 922 2407 se
972 2350 1218 2428 posset,
1289 2360 1411 2407 nec
1482 2338 1684 2406 breve
1748 2338 2048 2427 spatium
2107 2339 2258 2407 viva
2323 2339 2722 2408 confectura

182 2438 575 2515 putaretur:
658 2439 725 2494 at
799 2426 1019 2496 nihilo
1083 2428 1317 2496 minus
1383 2426 1807 2518 suscipiebat
1855 2426 1968 2495 illa
2022 2426 2290 2496 labores
2339 2440 2404 2496 et
2451 2428 2723 2497 dolores

184 2529 450 2607 propter
521 2537 824 2586 amorem
905 2517 1071 2599 Dei,
1125 2517 1484 2608 ajebatque
1560 2539 1631 2587 se
1682 2530 1987 2607 paratam
2042 2538 2191 2585 esse
2243 2517 2461 2599 mori,
2518 2527 2724 2609 prout

186 2607 460 2674 Domino
517 2605 738 2674 visum
779 2617 978 2685 esset,
1031 2605 1173 2674 sive
1222 2607 1290 2674 in
1340 2607 1549 2696 agriS,
1608 2606 1749 2675 sive
1799 2605 1866 2673 in
1931 2607 2151 2706 pagis.
2207 2610 2513 2693 Cumque
2570 2607 2722 2696 ejus

181 2695 453 2765 comites
509 2693 918 2794 plerumque
966 2694 1135 2762 adeo
1184 2693 1697 2764 delassarentur
1741 2694 1829 2762 ob
1880 2716 2133 2764 nimios
2167 2694 2461 2774 labores,
2501 2705 2579 2764 ut
2608 2715 2723 2762 ae-

177 2804 285 2871 gre
330 2804 685 2870 respirare
734 2795 1032 2872 possent,
1078 2783 1191 2852 illa
1223 2783 1366 2853 sola
1417 2784 1799 2875 permansit
1831 2783 2102 2864 alacris,
2143 2784 2359 2864 vivax,
2392 2795 2722 2853 constans

172 2883 233 2940 et
278 2871 761 2961 infatigabilis,
816 2893 953 2940 non
1003 2872 1199 2942 aliter
1250 2872 1571 2943 laborans
1622 2872 1870 2944 Christi
1919 2877 2154 2954 causa,
2190 2894 2399 2959 quam
2445 2873 2503 2940 si
2543 2882 2724 2942 esset

174 2960 371 3050 plane
423 2981 670 3029 recens
716 2973 781 3029 et
828 2962 1028 3029 firma
1062 2962 1471 3036 valetudine.
1510 2984 1631 3031 nec
1661 2960 1888 3048 quoad
1927 2962 2108 3041 vixit,
2147 2962 2416 3031 vineam
2456 2959 2725 3030 Domini

172 3048 391 3119 colere
466 3049 804 3130 cessavit,
875 3050 1306 3140 graviterque
1351 3063 1416 3119 ct
1482 3063 1994 3141 perseveranter
2041 3049 2296 3120 multos
2355 3049 2725 3119 exantlavit

175 3136 470 3219 laboreS,
508 3138 725 3207 donec
769 3138 855 3207 ad
906 3151 1215 3229 optatum
1265 3161 1563 3227 eumque
1609 3139 2080 3208 clarissimum
2133 3140 2439 3228 pervenit
2482 3140 2717 3207 finem.

255 3229 294 3314 ὅ
342 3233 519 3300 68.
575 3232 744 3296 Eum
791 3240 1022 3298 autem
1072 3229 1248 3297 vitae
1294 3250 1460 3296 suae
1508 3227 1716 3297 finem
1766 3228 1885 3297 illa
1933 3229 2290 3318 praedixit,
2358 3227 2596 3297 dicens
2653 3248 2726 3297 se

172 3314 459 3386 hiennio
508 3337 643 3385 non
696 3338 777 3385 su
830 3316 1268 3398 ervicturam,
1325 3317 1508 3404 quod
1557 3318 1761 3386 etiam
1813 3317 1912 3385 sic
1959 3317 2231 3386 accidit.
2272 3317 2572 3384 Tandem
2608 3314 2727 3384 tri-

173 3403 303 3475 bus
352 3405 498 3474 sere
544 3416 702 3475 ante
739 3427 779 3475 o
832 3406 1001 3474 itum
1039 3428 1245 3476 suum
1296 3406 1701 3494 septimanis
1759 3428 2076 3496 expresse
2123 3407 2219 3474 ait
2265 3426 2338 3474 se
2385 3405 2725 3496 migratu-

174 3514 320 3562 ram
372 3494 465 3564 ad
518 3495 910 3575 Dominum,
961 3505 1027 3564 et
1070 3517 1234 3563 cum
1294 3494 1379 3563 ad
1431 3515 1501 3563 se
1548 3495 2020 3566 accersivisset
2066 3515 2358 3572 sorores,
2406 3493 2726 3563 hortaba-

178 3595 287 3652 tur
331 3605 457 3654 eas
504 3583 850 3674 singulari
896 3583 1112 3653 animi
1172 3583 1529 3652 affectione
1576 3595 1640 3652 et
1689 3584 1939 3662 studio,
2008 3594 2085 3652 ut
2131 3594 2362 3653 essent
2409 3604 2606 3651 verae
2660 3592 2726 3651 et

176 3671 518 3762 perfectae
567 3672 928 3744 monastici
975 3672 1272 3742 instituti
1321 3671 1669 3752 cultriceS,
1724 3677 1931 3741 Deum
1974 3671 2291 3740 timer'ent
2320 3682 2386 3739 et
2416 3682 2729 3740 amarent

180 3783 342 3851 prae
390 3761 746 3840 omnibus,
799 3768 1141 3830 canonem
1191 3760 1333 3830 sive
1382 3783 1453 3830 re
1506 3760 1696 3829 ulam
1745 3761 2209 3839 observarent,
2260 3759 2559 3846 itemque
2606 3759 2753 3828 de·-

180 3849 593 3922 clarationes
640 3849 854 3931 illius,
908 3849 1407 3936 redderentque
1479 3849 1748 3918 ideliter
1789 3849 2098 3929 Domin0‚
2148 3848 2481 3936 quicquid
2517 3849 2579 3919 ei
2618 3870 2734 3936 vo-

185 3941 463 4012 vissent.
516 3944 826 4024 Cumque
872 3938 1041 4007 haec
1087 3950 1152 4009 et
1200 3938 1421 4008 multa
1466 3937 1602 4007 alia
1633 3937 1962 4008 salutaria
1990 3937 2299 4020 dixisset,
2336 3937 2728 4029 subjunxit:

189 4049 223 4094 ε
254 4035 394 4099 Non
433 4041 537 4098 est
582 4026 768 4128 quod
810 4028 1063 4117 putetis
1124 4049 1231 4096 me
1279 4027 1350 4096 in
1400 4026 1691 4097 decessu
1741 4048 1891 4096 meo
1938 4025 2314 4128 quicquam
2384 4026 2736 4097 dicturam

192 4117 418 4186 vobis:
469 4115 649 4185 nihil
696 4116 884 4186 enim
934 4127 1083 4186 tum
1130 4135 1212 4186 ex
1260 4115 1396 4186 me'
1430 4115 1819 4187 audietis.»
1869 4115 2122 4185 Deinde
2168 4116 2267 4186 ait
2317 4114 2738 4187 confessario

194 4223 336 4272 suo:
376 4225 410 4271 «
444 4210 666 4285 Pater,
712 4205 1044 4305 quicquid
1084 4227 1212 4308 ego
1272 4205 1341 4276 in
1400 4204 1841 4276 reformando
1890 4208 1954 4273 S.
2015 4205 2368 4275 Francis-ci
2429 4203 2740 4274 instituto

196 4289 339 4373 feci,
392 4294 510 4364 Dei
562 4294 842 4363 nomine
899 4292 969 4363 1d
1028 4293 1201 4366 feci:
1253 4308 1319 4365 et
1366 4294 1524 4366 licet
1573 4315 1828 4396 magna
1874 4314 2000 4385 ego
2048 4294 2182 4364 sim
2240 4294 2613 4386 peccatrix,
2676 4302 2743 4361 et

202 4389 326 4450 tota
357 4383 539 4453 vitiis
578 4382 898 4466 obnoxia,
933 4397 1233 4454 attamen
1271 4383 1328 4453 si
1360 4384 1589 4453 denuo
1626 4383 1800 4452 m1hi
1833 4381 2148 4453 facienda
2178 4395 2408 4453 essent
2440 4404 2520 4452 ea
2560 4397 2744 4469 quae

204 4464 343 4553 feci,
379 4494 511 4542 non
553 4471 777 4554 video,
815 4470 1399 4558 quemadmodum
1433 4494 1512 4542 ea
1546 4471 1747 4543 aliter
1778 4471 2095 4555 facerem,
2131 4483 2337 4560 atque
2369 4470 2523 4541 feci.
2572 4469 2743 4539 Inde
