3327 4999
631 347 762 413 582
1377 357 1459 413 mi
1505 366 1562 414 5.
1612 362 1927 414 nmuuco
1973 362 2270 414 nmscoro
2669 347 2784 425 Ex,
2818 347 2994 413 JUL.
3047 349 3095 413 4

544 446 778 515 Merito
823 448 1020 516 Pater
1062 443 1377 516 coelestis
1424 458 1701 516 sanctae
1753 444 1991 515 matris
2021 444 2361 516 Ecclesiae
2409 442 2575 515 filiis
2620 443 2691 514 in
2734 446 2932 516 istius
2965 445 3099 515 ab-

543 534 907 604 lactatione
952 534 1344 604 convivium
1387 533 1545 604 fecit
1590 535 1876 625 grande,
1916 534 2217 604 invitans
2263 555 2378 603 eos
2427 533 2830 623 hujusmodi
2878 556 3090 604 voce:

545 622 912 704 Comedite,
967 623 1197 703 amici,
1241 635 1307 692 et
1338 623 1783 694 inebriamini
1831 622 2250 694 charissimi.
2291 621 2418 692 Hic
2467 622 2699 709 itaque
2730 624 3098 713 mysterio·

542 733 700 781 rum
753 712 867 781 Dei
914 711 1350 803 dispensator
1389 713 1690 792 iuturus,
1732 713 1867 781 'am
1916 710 2137 782 solido
2184 711 2340 780 cibo
2378 732 2555 801 opus
2601 712 2890 782 habebat
2920 734 3097 781 con-

539 799 803 880 fortari,
849 811 927 869 ut
972 801 1044 869 in
1098 822 1337 870 mensa
1382 800 1619 871 altaris
1668 805 1711 869 C
1770 801 1941 881 risti,
1997 799 2181 870 velut
2228 799 2313 869 ad
2364 799 2654 869 coeleste
2687 801 3094 871 convivium

539 887 958 975 quandoque
1004 890 1388 960 consistens
1418 944 1433 970 ,
1497 902 1724 990 posset
1770 890 1842 958 in
1893 902 2200 978 tempore
2246 910 2372 959 suo
2413 888 2621 958 tritici
2683 912 3096 960 mensuram

537 977 705 1046 dare
749 978 1097 1047 conservis
1143 978 1313 1047 suis.
1367 979 1750 1067 Incipiebat
1782 978 1969 1049 enim
2013 990 2177 1047 tunc
2215 978 2396 1047 inter
2441 978 2805 1048 coaevulos
2853 979 3099 1048 mode-

538 1077 639 1134 ste
684 1066 1097 1146 conversari,
1135 1067 1448 1136 timorem
1503 1066 1615 1136 Dei
1667 1067 1940 1147 habere,
1980 1068 2312 1136 honorem
2347 1067 2753 1155 parentibus
2785 1066 3087 1149 deferre,

538 1152 893 1223 lasciviam
934 1154 1303 1236 declinare,
1338 1177 1418 1224 ac
1468 1155 1883 1242 inquantum
1937 1155 2260 1245 possibile
2307 1155 2427 1224 tali
2490 1155 2720 1225 adhuc
2769 1168 2918 1227 erat
2975 1178 3096 1226 ae-

538 1242 683 1314 tati.
739 1243 807 1311 in
849 1243 1156 1333 corporis
1206 1256 1419 1324 motu,
1466 1256 1688 1344 gestu,
1740 1245 2017 1314 incessu
2069 1245 2233 1314 foris
2272 1245 2655 1326 ostendere,
2699 1245 2932 1331 qualis
2964 1246 3094 1314 ha-

535 1331 725 1401 bitus
770 1331 1184 1411 formaretur
1230 1333 1417 1402 intus
1468 1355 1537 1400 in
1587 1345 1832 1402 mente.
1899 1332 2213 1405 videntes
2260 1344 2488 1402 autem
2551 1347 2868 1425 parentes
2935 1335 3093 1426 ejus

540 1431 800 1490 tantam
848 1421 965 1490 Dei
1012 1421 1303 1509 gratiam
1355 1421 1422 1490 in
1459 1443 1539 1490 eo
1587 1420 1873 1512 fulgere,
1910 1421 2572 1491 commendaverunt
2619 1445 2778 1492 eum
2817 1423 2891 1491 in
2944 1444 3095 1493 mo-

537 1508 913 1578 nasterium
964 1510 1182 1579 sancti
1242 1509 1416 1579 Galli
1464 1509 1794 1580 fratribus
1841 1510 2205 1600 religiosis,
2258 1521 2336 1580 ut
2381 1532 2620 1580 eorum
2682 1512 3090 1602 magisterio

440 1656 447 1663 .
536 1607 677 1667 tam
729 1597 1142 1668 secularium
1196 1598 1547 1668 literarum
1584 1599 1861 1678 studiis,
1896 1620 2106 1685 quam
2156 1599 2571 1669 coelestibus
2616 1599 3121 1670 instrueretur-

534 1685 951 1777 disciplinis.
1032 1688 1155 1757 Ubi
1214 1688 1393 1757 inter
1459 1688 1771 1779 egregios
1835 1709 1905 1756 re
1958 1687 2174 1757 ularis
2220 1687 2636 1778 disciplinae
2685 1689 3079 1779 magistrOS,

536 1775 776 1844 dulces
826 1775 1124 1846 theoriae
1170 1777 1497 1865 carpebat
1567 1776 1877 1863 quotidie
1956 1789 2217 1857 ructus,
2278 1798 2440 1846 cum
2501 1777 2728 1858 verba,
2773 1799 2950 1864 quae
3006 1777 3078 1843 in

535 1864 754 1932 sacris
801 1864 1159 1935 codicibus
1198 1865 1488 1956 legebat,
1545 1887 1701 1935 mox
1748 1866 1821 1933 in
1869 1887 2077 1956 opera
2127 1866 2449 1935 vertebat.
2504 1871 2659 1934 Jam
2711 1865 3072 1935 summita-

534 1962 669 2021 tem
723 1951 913 2021 illius
957 1954 1170 2023 Jacob
1219 1954 1445 2023 scalae
1494 1953 1826 2023 virtutum
1877 1953 2212 2045 gradibus
2255 1953 2693 2024 ascendendo
2730 1954 3073 2045 tangebat:

525 2041 670 2129 jam
711 2063 749 2109 a
800 2042 1143 2111 Salvatore
1191 2043 1539 2112 audiebat:
1594 2043 1796 2115 Vade.
1852 2042 2067 2112 vende
2112 2043 2350 2112 omnia
2396 2064 2572 2129 quae
2623 2043 2859 2123 habeS,
2892 2055 2960 2112 et
2999 2042 3093 2113 da

534 2130 984 2220 pauperibus:
1021 2142 1086 2200 et
1140 2132 1318 2213 veni,
1373 2153 1658 2219 sequere
1707 2153 1839 2201 me.
1893 2137 1969 2200 Et
2011 2131 2159 2218 jam
2210 2144 2376 2201 tunc
2429 2131 2876 2201 monachicae
2922 2153 3091 2200 con-

538 2219 944 2377 gersationis
987 2220 1300 2291 habitum
1338 2220 1771 2310 sumpsisset,
1793 2219 1947 2291 nisi
1975 2219 2210 2289 divina
2241 2219 2653 2290 revelatione
2685 2220 3092 2290 admonitus

590 2320 878 2379 esusset.
2514 2318 2521 2327 '

626 2399 663 2553 ᾗ
708 2401 800 2467 8.
854 2402 1009 2466 Erat
1059 2409 1223 2467 tunc
1286 2397 1612 2487 temporis
1682 2396 1752 2466 in
1806 2395 2044 2466 eodem
2100 2397 2514 2466 monasterio
2554 2397 2900 2483 quaedam
2958 2419 3090 2465 an-

533 2484 619 2555 cil
653 2508 716 2567 a,
772 2508 894 2577 pro
944 2485 1191 2556 Christi
1241 2486 1521 2556 nomine
1580 2485 1872 2568 inclusa,
1917 2485 2258 2556 Wiberata
2290 2499 2718 2576 nuncupata,
2756 2509 2937 2574 quae
2971 2485 3088 2556 die

530 2587 877 2663 noctuque
913 2575 1226 2675 jejuniiS,
1280 2575 1711 2647 orationibus
1770 2598 1849 2645 ac
1899 2575 2154 2666 vigiliis
2205 2597 2480 2657 vacanS,
2534 2588 2802 2646 castum
2856 2576 2929 2644 in
2974 2598 3089 2644 ar-

532 2685 706 2734 cano
753 2677 1048 2755 pectoris
1097 2665 1207 2734 sui
1257 2664 1545 2734 Domino
1584 2666 2034 2754 praeparabat
2070 2665 2431 2755 templum,
2487 2664 2557 2732 in
2609 2686 2747 2751 quo
2798 2677 3082 2755 gratum

533 2753 828 2822 Creatori
858 2752 1171 2823 omnium
1209 2754 1532 2823 mactavit
1564 2775 1840 2844 semper
1887 2753 2393 2834 holocaustum,
2434 2753 2675 2822 dicens
2705 2775 2866 2822 cum
2896 2752 3092 2822 Psal-

531 2841 759 2910 mista:
810 2846 885 2911 In
925 2863 1031 2910 me
1063 2854 1228 2911 sunt
1260 2846 1438 2912 Deus
1481 2857 1629 2912 vota
1661 2863 1840 2929 quae
1887 2841 2171 2912 reddam
2225 2842 2658 2912 laudationes
2707 2841 2857 2911 tibi.
2907 2841 3091 2911 Huic

531 2942 813 2999 sanctus
858 2929 1257 3000 adolescens
1295 2930 1461 2999 dum
1499 2931 1611 3000 sui
1640 2930 1964 3000 desiderii
2001 2944 2339 3002 secretum
2379 2930 2729 3023 panderet,
2773 2929 2896 2999 illa
2936 2952 3086 2998 rem

530 3040 572 3086 a
620 3022 752 3087 Deo
783 3018 1246 3104 quaerendam
1300 3019 1569 3100 statuit,
1622 3042 1703 3088 ac
1758 3020 1968 3089 trium
2017 3020 2286 3088 dierum
2336 3020 2660 3089 inducias
2707 3040 2917 3109 super
2954 3019 3090 3088 boc

530 3105 927 3196 postulavit.
966 3112 1121 3177 Post
1171 3107 1480 3177 triduum
1530 3130 1685 3177 vero
1733 3108 1983 3199 spiritu
2018 3109 2354 3178 instructa
2385 3109 2643 3189 divino,
2673 3107 3092 3197 hujusmodi

528 3217 658 3264 usa
703 3207 805 3263 est
849 3217 1204 3285 responso:
1242 3201 1453 3276 «Non,
1511 3196 1760 3283 inquit,
1818 3197 1922 3266 vir
1971 3196 2318 3288 religiose,
2372 3197 2646 3267 divinae
2692 3209 2795 3267 est
2843 3197 3089 3266 volu-n-

531 3283 711 3362 tatis,
750 3296 828 3352 ut
857 3283 985 3353 hoc
1020 3284 1089 3352 in
1123 3285 1271 3354 loco
1300 3284 1696 3355 detinearis:
1731 3284 1847 3356 sed
1875 3299 1976 3355 est
2006 3286 2077 3355 in
2118 3285 2317 3376 plaga
2348 3285 2677 3355 Orientali
2707 3286 2925 3365 locus,
2962 3285 3088 3355 ubi

528 3371 812 3458 quidam
850 3372 1120 3442 :fluvius
1166 3373 1342 3442 duas
1392 3373 1638 3443 dividit
1690 3374 2023 3464 regiones,
2080 3374 2147 3442 in
2200 3396 2360 3461 qu0,
2420 3380 2551 3444 Deo
2605 3375 2897 3465 jubente
2934 3374 3084 3464 epi-

529 3460 830 3552 scopalis
876 3461 1143 3552 apicem
1192 3460 1552 3551 dignitatis
1597 3462 1806 3532 debes
1844 3461 2339 3533 conscendere.
2384 3468 2461 3532 Et
2496 3464 2653 3532 licet
2693 3463 2912 3532 multa
2947 3474 3088 3532 tam

528 3572 570 3619 a
620 3549 949 3640 paganis,
1015 3572 1225 3636 quam
1274 3572 1316 3618 a
1363 3550 1567 3620 malis
1615 3551 2022 3621 Christianis
2088 3552 2184 3622 sis
2235 3574 2569 3642 passurus
2616 3551 2907 3621 adversa
2940 3605 2956 3632 ,
3010 3563 3089 3621 tu

528 3651 808 3718 tamen,
862 3639 1169 3709 confisus
1215 3638 1288 3707 in
1336 3661 1415 3709 eo
1462 3640 1583 3726 qui
1632 3639 1839 3710 dixit:
1923 3639 2277 3720 confidite,
2331 3663 2457 3732 ego
2506 3640 2641 3710 vici
2700 3639 3075 3709 mundum:

527 3727 893 3817 superabis
939 3728 1287 3809 universa,
1340 3727 1580 3798 dicens
1626 3751 1787 3799 cum
1839 3729 2224 3798 Psalmista:
2262 3734 2339 3798 In
2383 3734 2514 3799 Deo
2565 3728 2902 3799 faciemus
2950 3728 3088 3796 vir-

525 3826 764 3897 tutem,
800 3816 1041 3908 etipse
1079 3817 1166 3886 ad
1221 3816 1520 3886 nihilum
1566 3816 1863 3888 deducet
1893 3817 2217 3888 inimicos
2252 3830 2594 3888 nostros»
2624 3823 2804 3887 Haec
2835 3817 3084 3887 auditu

525 3904 919 4006 percipiens
966 3928 1047 3975 ac
1097 3919 1324 3980 mente
1375 3918 1824 3995 pertractans,
1876 3906 2297 3993 quibusdam
2335 3906 2459 3992 qui
2489 3907 2623 3978 sibi
2671 3905 3090 3976 familiarius

527 3993 877 4063 amicitiae
921 3996 1136 4064 causa
1181 3993 1697 4076 adhaerebant,
1752 4008 2010 4065 secreto
2060 3994 2346 4086 pandit,
2411 4006 2480 4065 et
2521 4007 2600 4064 ut
2662 3994 2938 4064 interim
2989 3995 3086 4063 si-

531 4082 743 4152 lentio
794 4084 1143 4173 tegerent,
1188 4082 1575 4152 admonuit.
1630 4086 1787 4185 Ipse
1832 4105 1990 4155 vero
2051 4105 2175 4174 per
2220 4083 2527 4154 diversos
2589 4105 2948 4168 sacrorum
2999 4082 3092 4151 li-

532 4170 823 4242 brorum
872 4193 1159 4262 campos
1193 4193 1322 4242 ceu
1356 4171 1902 4261 prudenussima
1947 4194 2135 4262 apeS,
2171 4172 2375 4242 flores
2407 4171 2906 4242 sententiarum
2933 4194 3093 4242 car·-

531 4281 728 4350 penS,
785 4280 866 4330 ac
917 4259 986 4329 in
1038 4260 1337 4330 alveario
1391 4261 1684 4350 pectoris
1732 4261 1844 4331 sui
1890 4261 2308 4347 recondens,
2365 4283 2641 4331 summa
2688 4281 2810 4330 coe
2862 4260 2914 4330 it
2959 4282 3094 4349 ope

533 4348 702 4430 niti,
758 4360 833 4418 ut
883 4347 1227 4439 spiritalia
1323 4362 1507 4419 osset
1555 4348 1764 4418 mella
1824 4350 2209 4431 conficere,
2274 4371 2454 4436 quae
2514 4360 2782 4441 postmo
2839 4370 2956 4418 um
3010 4349 3089 4418 in

536 4436 833 4528 populos
882 4437 1085 4509 illum
1135 4436 1260 4506 dec
1305 4449 1405 4507 ret
1452 4449 1815 4519 eructare,
1875 4438 2075 4530 juxta
2121 4437 2299 4509 illud
2347 4437 2795 4511 Psalmistae:
2861 4442 3089 4522 Quam
