3327 4999
2832 219 2861 238 K

685 318 816 384 542
1359 336 1439 384 m:
1484 336 1576 385 ss.
1627 334 2001 384 annosas-ro
2046 337 2123 383 ιτ
2167 328 2340 385 socc.
2748 318 2996 386 MART.
3051 323 3142 388 29

591 427 696 487 est
732 428 896 487 tunc
935 414 1022 485 ad
1070 419 1532 507 Armogastem
1599 427 1908 487 nostrum
1948 440 1962 482 t
2036 417 2241 506 cujus
2298 439 2480 501 cum,
2521 416 2645 487 diu
2707 440 2786 489 ac
2824 420 3140 509 ‘saepius

595 505 798 575 tibias
844 504 1227 591 torquendo
1273 505 1707 576 tumentibus
1732 504 2241 596 confringerent
2271 504 2572 586 chordis,
2606 520 2671 577 et
2704 506 3023 587 frontem,
3064 511 3138 578 in

590 615 728 681 qua
776 593 1084 662 Christus
1117 593 1435 663 vexillum
1468 617 1638 664 suae
1685 594 1923 663 fixerat
1966 595 2236 675 crucis,
2291 608 2604 685 rugatam
2657 596 3017 686 magisque
3066 620 3140 667 a·

588 694 809 752 ratam
857 680 1348 752 descendentes
1399 696 1603 770 atquc
1663 683 2049 773 mugientes
2112 683 2546 754 ostenderent
2593 685 2807 765 nervi,
2862 698 2942 754 ut
3012 685 3139 757 fila

584 791 991 841 aranearum
1052 784 1287 840 sancto
1332 771 1602 842 coelum
1651 771 2055 861 respiciente
2101 772 2495 863 crepabant.
2549 778 2626 843 At
2673 773 2792 843 ubi
2842 785 3136 846 tortores

587 859 898 930 nervicas
944 858 1239 930 chordas
1279 859 1633 950 disruptas
1680 882 1829 930 esse
1876 860 2215 941 viderunt,
2267 860 2494 931 allatis
2541 862 2782 931 crebro
2829 861 3136 935 fortiori-

584 946 719 1018 bus
763 947 1041 1017 chordis
1088 960 1291 1035 atque
1335 948 1720 1031 canabinis,
1775 949 1891 1018 illo
1938 949 2112 1018 nihil
2161 949 2349 1018 aliud
2385 951 2519 1018 nisi
2568 950 2813 1020 Christi
2865 973 3121 1022 nomen

582 1035 963 1118 invocante,
1031 1035 1150 1106 illa
1195 1038 1428 1107 omnia
1478 1038 1951 1108 vanescebant.
2006 1038 2134 1108 Sed
2182 1052 2248 1108 et
2303 1040 2525 1128 capite
2571 1038 2896 1109 deorsum
2950 1040 3122 1113 dum

583 1124 668 1195 ad
723 1146 942 1195 unum
994 1124 1319 1215 penderet
1417 1126 1638 1205 edem,
1692 1126 1993 1196 dormire
2038 1127 2238 1213 quasi
2287 1149 2369 1196 su
2421 1150 2496 1196 er
2543 1127 2797 1198 lectum
2862 1128 3125 1218 plumis

580 1225 868 1284 stratum
918 1214 1245 1285 omnibus
1279 1215 1342 1283 vi
1394 1216 1657 1285 ebatur.
1712 1220 1927 1298 Quem
1975 1238 2136 1285 cum
2186 1216 2364 1285 Theo
2417 1217 2644 1286 oricus
2707 1217 2891 1306 regis
2931 1217 3126 1289 filius

578 1302 702 1390 qui
760 1302 912 1390 ejus
949 1302 1273 1373 dominus
1318 1318 1497 1385 erat,
1580 1305 1818 1394 poenis
1877 1325 2010 1373 non
2077 1303 2483 1385 valentibus
2536 1305 2761 1395 capite
2811 1307 3123 1377 truncari

567 1391 914 1481 jussisset,
953 1413 994 1461 a
1025 1413 1152 1461 suo
1182 1392 1584 1482 prohibetur
1608 1392 1925 1462 Jocundo
1975 1394 2391 1483 presbytero,
2443 1393 2711 1462 dicente
2761 1393 2938 1464 sibi:
2996 1400 3123 1465 Po—

577 1479 742 1550 teris
773 1502 928 1550 eum
969 1479 1258 1551 diversis
1289 1481 1777 1555 afflictionibus
1813 1482 2216 1551 interlicere.
2256 1487 2423 1552 Nam
2460 1482 2512 1553 si
2547 1482 2779 1572 gladio
2815 1485 3129 1573 pereme-

579 1569 699 1650 ris,
755 1568 1087 1659 incipient
1148 1570 1438 1639 Romani
1487 1582 1855 1659 martyrem
1933 1570 2350 1660 praedicare.
2402 1577 2590 1640 Tunc
2647 1571 3120 1645 Theodoricus

573 1656 645 1726 in
696 1663 1108 1748 Byzacenam
1213 1657 1586 1729 rovinciam
1633 1659 1720 1727 ad
1754 1658 2112 1728 fodiendas
2141 1682 2299 1729 eum
2350 1659 2764 1729 condemnat
2801 1661 3111 1732 scrobes.

572 1751 808 1817 Postea
846 1746 1046 1833 quasi
1092 1769 1131 1815 a
1231 1749 1455 1837 majus
1499 1748 1949 1838 opprobrium
1999 1748 2178 1816 haud
2225 1749 2460 1838 procul
2514 1750 2949 1838 Carthagine,
2988 1752 3114 1821 ubi

574 1835 662 1906 ab
693 1835 1019 1907 omnibus
1066 1835 1431 1917 videretur,
1477 1850 1815 1926 pastorem
1849 1857 2010 1906 eum
2054 1859 2291 1927 praece
2346 1837 2395 1906 it
2439 1858 2589 1906 esse
2639 1860 3031 1908 vaccarum.

662 1926 700 2012 ξ
750 1928 838 1995 2.
891 1928 1077 1994 Inter
1123 1924 1315 2001 haec,
1360 1925 1644 1995 Domino
1692 1925 2052 2006 revelante,
2078 1948 2238 1995 cum
2328 1926 2714 1995 ormitionis
2754 1948 2923 1997 suae
3013 1950 3121 1998 ro-

572 2011 839 2082 ximum
874 2027 1178 2083 cerneret
1221 2012 1430 2093 diem,
1509 2013 1793 2083 advocat
1849 2013 2218 2100 quemdam
2289 2014 2576 2083 Felicem
2642 2016 2964 2085 venerabi
2997 2038 3105 2085 em

576 2100 1067 2182 Christianum,
1122 2115 1627 2192 procuratorem
1663 2102 1913 2172 domus
1945 2101 2072 2171 filii
2124 2102 2300 2193 regis
2346 2103 2467 2190 qui
2516 2107 2987 2194 Armogastem
3041 2118 3117 2175 ut

576 2193 624 2258 Α
678 2188 972 2259 ostolum
1025 2190 1494 2271 venerabatur,
1533 2191 1834 2278 dicitque
1864 2190 1997 2259 illi:
2051 2213 2086 2258 «
2122 2197 2420 2281 Tempus
2452 2214 2640 2261 meae
2673 2192 3117 2263 resolutionis

575 2210 890 2348 affvenit:
934 2278 1216 2348 obsecro
1261 2292 1325 2348 te
1371 2301 1493 2370 per
1539 2279 1743 2349 fidem
1780 2300 1987 2365 quam
2019 2280 2294 2366 utrique
2325 2294 2659 2360 tenemus,
2695 2292 2772 2350 ut
2809 2282 2945 2350 sub
2978 2282 3109 2352 hac

573 2365 865 2454 siliquae
912 2367 1151 2437 arbore
1200 2389 1309 2437 me
1354 2368 1641 2458 sepelire
1698 2368 2026 2458 digneris,
2096 2368 2493 2438 redditurus
2544 2369 2827 2439 Domino
2877 2383 3112 2439 nostro

574 2455 709 2526 nisi
757 2455 997 2526 feceris
1045 2455 1423 2536 rationem:
1478 2478 1613 2527 non
1689 2455 1871 2544 quod
1921 2456 2037 2526 ille
2108 2470 2409 2540 curaret,
2463 2457 2586 2528 ubi
2645 2470 2764 2528 aut
2811 2459 3112 2546 qualiter

573 2566 777 2616 suum
811 2545 1213 2635 sepeliretur
1249 2568 1523 2636 corpus,
1562 2545 1680 2616 sed
1730 2558 1806 2615 ut
1840 2545 2010 2615 illud
2061 2545 2644 2617 demonstraretur
2689 2548 2873 2633 quod
2911 2570 3108 2619 servo

570 2655 696 2703 suo
745 2634 1153 2704 revelaverat
1200 2639 1446 2704 Deus.»
1496 2635 1871 2725 Respondit
1918 2633 2099 2703 Felix
2145 2648 2210 2704 et
2255 2636 2454 2705 dicit:
2512 2636 2741 2705 «Absit
2781 2658 2822 2704 a
2871 2637 3100 2718 nobiS,

567 2722 916 2794 confessor
974 2722 1423 2792 venerabilis:
1479 2723 1595 2793 sed
1644 2722 1972 2812 sepeliam
2014 2736 2073 2793 te
2136 2724 2207 2792 in
2255 2747 2395 2794 una
2443 2724 2889 2795 basilicarum
2941 2747 3104 2795 cum

569 2811 920 2902 triumpho
966 2823 1031 2881 et
1066 2812 1284 2911 gratia
1316 2833 1528 2897 quam
1577 2812 1930 2881 mereris.»
1983 2811 2103 2881 Cui
2152 2813 2390 2885 beatus
2435 2818 2802 2904 Armogas:
2860 2837 2895 2879 «
2928 2818 3098 2894 Non,

566 2899 683 2970 sed
724 2899 907 2988 quod
956 2899 1096 2968 dixi
1145 2898 1454 2969 facturus
1483 2921 1629 2968 es.»
1680 2899 1801 2969 Ille
1834 2901 2081 2969 timens
2123 2902 2237 2970 Dei
2268 2901 2617 2971 hominem
2666 2901 3100 2982 contristare,

564 2989 896 3058 veraciter
939 2987 1122 3073 quod
1140 2989 1446 3078 jusserat
1492 2989 1810 3078 promisit
1833 3010 1982 3059 esse
2022 2988 2388 3060 facturum.
2422 2991 2661 3060 Statim
2712 2992 2893 3059 intra
2933 3013 3109 3081 pau-

562 3078 879 3148 cissimos
925 3076 1072 3145 dies
1147 3081 1383 3147 Comes
1434 3078 1650 3146 bonae
1717 3077 2173 3148 confessionis
2237 3079 2321 3147 de
2371 3079 2499 3147 hac
2549 3078 2681 3147 vita
2750 3080 3100 3170 migravit.

564 3164 930 3234 Festinavit
976 3164 1157 3234 Felix
1202 3164 1335 3234 sibi
1383 3164 1770 3255 delegatum
1806 3165 1937 3235 sub
1984 3166 2225 3236 arbore
2254 3167 2483 3236 fodere
2513 3166 2955 3257 sepulcrum:
2992 3169 3106 3238 cui

565 3276 722 3324 cum
775 3254 1170 3324 intertextae
1217 3253 1481 3325 radices
1526 3268 1591 3324 et
1638 3254 1948 3326 soliditas
2004 3255 2237 3325 aridae
2286 3255 2550 3326 telluris
2599 3278 2863 3325 moram
2923 3255 3106 3327 face-

568 3355 739 3425 rent,
792 3355 856 3412 et
905 3342 1133 3412 labore
1194 3355 1559 3433 angeretur
1603 3344 1783 3430 quod
1846 3343 2107 3413 tardius
2154 3345 2372 3413 sancti
2433 3345 2741 3413 membra
2791 3347 3103 3435 corporis

565 3432 1023 3501 humarentur
1055 3486 1069 3512 ,
1123 3430 1397 3501 tandem
1466 3433 1793 3503 abscissis
1857 3432 2252 3512 radicibuS‚
2319 3432 2537 3503 multo
2585 3433 2794 3502 altius
2846 3446 3101 3504 terram

564 3542 835 3594 cavans,
890 3521 1227 3611 conspicit
1273 3542 1466 3589 sarco
1519 3521 1777 3611 hagum
1812 3520 2355 3611 splendidissimi
2409 3522 2772 3591 marmoris
2812 3545 3101 3613 praepa-

559 3621 810 3689 ratum,
847 3610 1122 3697 qualem
1154 3609 1322 3679 forte
1354 3609 1472 3678 nul
1509 3633 1592 3682 us
1636 3610 1921 3679 omnino
1970 3609 2212 3680 habuit
2260 3632 2567 3700 regum.x

646 3700 682 3785 ξ
728 3703 818 3770 8.
875 3698 1001 3768 Sed
1052 3721 1176 3767 nec
1215 3698 1587 3785 quemdam
1628 3698 2101 3768 Archiminum
2155 3700 2454 3779 nomine,
2493 3698 2952 3770 Masculinum
2984 3699 3095 3788 (a)

560 3786 774 3858 debeo
824 3788 1224 3877 praeterire:
1275 3788 1393 3874 qui
1465 3809 1624 3857 cum
1676 3786 1913 3857 multis
1976 3787 2248 3858 insidiis
2322 3801 2745 3877 premeretur
2779 3843 2794 3869 ,
2849 3802 2927 3856 ut
2974 3810 3098 3858 ca-

561 3875 883 3947 tholicam
937 3877 1277 3946 omitteret
1334 3876 1565 3957 fidem,
1622 3875 1772 3966 ipse
1828 3898 1986 3945 eum
2052 3897 2166 3945 rex
2216 3890 2445 3967 postea
2506 3876 2931 3947 blandiendo
2996 3876 3101 3946 af-

556 3964 812 4035 fatibus
886 3964 1315 4035 secularibus
1380 3965 1742 4045 invitabat,
1822 3967 2224 4054 promittens
2299 3964 2538 4035 multis
2604 3987 2765 4034 eum
2834 3964 3098 4034 divitiis

556 4054 1089 4136 cumulandum,
1123 4055 1183 4123 si
1216 4053 1544 4123 voluntati
1577 4053 1729 4143 ejus
1761 4053 2074 4128 auditum
2105 4053 2375 4123 facilem
2404 4054 2929 4124 commodasset.
2966 4054 3095 4136 Qui

555 4166 716 4214 cum
752 4143 943 4213 fortis
989 4156 1191 4230 atque
1237 4143 1532 4214 invictus
1581 4145 1907 4224 maneret,
1951 4143 2150 4232 jubet
2190 4165 2350 4214 eum
2398 4144 2801 4213 sententiam
2855 4141 3093 4212 subire

607 4343 667 4391 (α)
695 4342 1020 4383 Probat-»ilibus
1046 4341 1337 4382 contendunt
1364 4341 1661 4382 Bollnndiani
1689 4341 1989 4386 testimoniis.
2020 4351 2113 4383 non
2143 4341 2407 4382 Mascumx
2434 4339 2763 4385 Archiv-imum.
2794 4340 2847 4379 ut
2882 4340 2932 4379 in
2958 4341 3092 4380 Rom.

555 4397 796 4445 Max-tyrol.
818 4393 834 4447 (
840 4397 944 4436 vide
962 4396 1062 4444 hui.
1086 4396 1184 4435 vol.
1204 4396 1409 4444 Append.
1429 4395 1514 4434 hac
1535 4396 1625 4444 dle)
1650 4395 1733 4435 sed
1759 4392 2066 4436 Ancutmsun
2097 4396 2428 4441 Masculinum,
2458 4396 2642 4436 scilicet
2668 4392 2877 4435 Mascula
2905 4392 3090 4434 Africae

555 4452 726 4500 oppido
749 4450 1014 4497 oriundum,
1031 4449 1334 4490 scribendum
1352 4448 1514 4490 misse.

3302 152 3317 315 ⁴

3306 320 3318 683 ¹
