3327 4999
750 380 879 445 308
1451 394 1531 442 oa
1580 394 1638 442 s.
1690 394 1969 443 Annulo
2016 394 2414 443 conrssssoan
2817 374 3060 440 MART.
3111 373 3189 438 ⁴6

661 482 842 552 viam
877 479 939 551 ei
972 479 1361 550 indicabat:
1416 499 1682 549 necnon
1731 479 2184 550 confirmabat
2212 491 2278 552 et
2323 478 2657 549 excitabat
2697 477 2783 546 ad
2825 476 3191 546 certamina

661 569 1053 662 spiritalia:
1105 591 1184 639 ac
1259 569 1326 637 in
1380 589 1700 649 summa,
1766 569 2036 658 puellae
2111 582 2256 639 erat
2309 567 2515 638 veluti
2572 567 2911 655 quaedam
2968 565 3194 653 aquila

661 681 841 747 quae
873 657 1149 749 pullum
1198 657 1327 726 alis
1374 657 1687 739 sustinet,
1740 657 2143 746 allevatque,
2177 669 2243 729 et
2290 667 2534 758 portat,
2563 668 2814 726 etcum
2844 676 2921 724 eo
2949 654 3196 726 scindit

664 751 934 819 aerem:
987 745 1225 833 sicque
1282 767 1429 815 eam
1489 745 1777 816 docebat
1821 746 2050 817 volare
2109 746 2195 817 ad
2244 745 2515 817 V1rtutis
2562 744 3023 814 altitudinem.
3076 743 3197 814 Illa

664 849 919 917 autem,
973 835 1098 905 etsi
1146 845 1321 905 esset
1367 846 1583 904 aetate
1631 846 1862 905 tenera
1908 847 1973 905 et
2019 836 2411 913 immatura,
2465 834 2551 904 ad
2604 834 2770 903 haec
2818 845 3045 903 tamen
3091 833 3196 901 in-

665 936 1092 996 crementum
1152 922 1553 1013 accipiebat,
1592 935 1656 993 et
1705 924 2058 1015 majorem,
2110 945 2320 1012 quam
2370 923 2616 994 licebat
2670 945 2795 1023 pro
2842 933 3076 1002 aetate,
3127 945 3197 992 o·

666 1012 1022 1084 stendebat
1043 1011 1387 1082 virtutem.
1427 1017 1706 1103 Propter
1736 1034 1914 1100 quae
1953 1025 2086 1086 toto
2117 1013 2321 1084 corde
2348 1026 2414 1082 et
2442 1012 2821 1083 visceribus
2854 1010 3198 1081 exultabat

650 1101 1051 1189 abramius
1107 1121 1241 1169 non
1295 1122 1515 1177 secus,
1568 1112 1772 1190 atque
1808 1114 1997 1192 pater
2030 1115 2305 1193 propter
2350 1123 2548 1171 suam
2599 1100 2810 1170 filiam
2842 1122 2856 1166 :
2893 1114 2960 1170 et
3005 1121 3198 1190 roga-

664 1191 803 1272 bat,
838 1202 914 1260 ut
947 1190 1095 1262 sine
1141 1188 1508 1259 offensione
1558 1201 1786 1280 posset
1813 1213 2095 1261 cursum
2130 1190 2454 1282 perficere
2482 1189 3008 1260 exercitationis.
3041 1194 3197 1258 Lae-

664 1281 939 1349 tabatur
969 1289 1195 1347 autem
1246 1278 1550 1360 omnino,
1606 1279 1789 1366 quod
1824 1280 1895 1348 in
1946 1301 2022 1348 ea
2072 1291 2286 1348 aetate
2322 1291 2584 1348 tantum
2616 1277 2866 1348 valeret
2895 1277 2967 1346 in
2995 1278 3198 1347 rebus

667 1366 1119 1459 spiritalibus,
1157 1377 1222 1435 et
1249 1365 1319 1435 in
1371 1366 1470 1436 eis
1517 1379 1694 1438 esset
1730 1368 1899 1438 adeo
1931 1368 2237 1440 studiosa
2281 1379 2347 1437 et
2391 1366 2711 1458 diligens

759 1464 797 1539 ἓ
866 1460 1035 1528 20.
1089 1459 1254 1525 Cum
1305 1478 1384 1524 ea
1431 1468 1659 1526 autem
1726 1468 1901 1527 esset
1959 1456 2324 1546 ejusmodi,
2369 1469 2434 1525 et
2478 1456 2550 1525 in
2599 1468 2786 1525 tanta
2832 1455 3199 1525 haberetur

668 1544 1145 1623 admiratione,
1197 1544 1319 1613 ubi
1361 1545 1699 1645 processit
1728 1556 1965 1627 aetate,
1999 1558 2065 1614 et
2100 1546 2247 1637 jam
2300 1544 2603 1635 pervenit
2648 1544 2734 1613 ad
2788 1566 3053 1613 annum
3099 1545 3194 1632 vi-

667 1634 1043 1715 cesimum,
1104 1631 1208 1701 vir
1259 1632 1540 1719 quldam
1592 1633 1835 1704 babitu
1881 1632 2161 1721 quidem
2223 1633 2643 1715 monachuS,
2698 1644 2924 1702 mente
2972 1644 3195 1702 autem

668 1722 980 1815 perditus
1026 1732 1092 1790 et
1137 1721 1530 1802 sceleratus,
1587 1721 1735 1811 lege
1789 1722 2132 1792 amicitiae
2180 1722 2512 1793 accedens
2560 1722 2643 1791 ad
2687 1722 2986 1801 beatum,
3040 1744 3200 1792 cum

667 1834 817 1881 eam
856 1809 1230 1900 aspexisset
1275 1811 1497 1880 oculis
1539 1810 1630 1879 im
1690 1811 1938 1893 udicis,
1992 1822 2262 1901 turpem
2309 1833 2583 1899 quoque
2629 1811 2690 1879 ei
2743 1810 2970 1897 injicit
3018 1832 3204 1881 amo·

669 1922 817 1971 rem
873 1921 1035 1968 cum
1081 1918 1160 1967 eo
1200 1899 1609 1989 congredien
1671 1900 1715 1969 i.
1752 1906 1908 1969 Erat
1954 1913 2179 1969 autem
2232 1900 2359 1970 hoc
2407 1900 2690 1969 omnino
2739 1921 2853 1968 ars
2902 1912 2968 1968 et
3012 1911 3204 1969 astus

670 1987 984 2079 maligni,
1038 1999 1114 2056 ut
1162 2000 1417 2058 tantam
1485 1989 1799 2058 virtutem
1852 1988 2145 2059 efficeret
2193 1988 2571 2058 ludibrium
2621 1988 2997 2059 obscoenae
3045 1988 3207 2058 libi—

671 2076 879 2157 dinis,
922 2088 989 2145 et
1035 2088 1537 2147 sacrosanctam
1588 2079 1906 2147 Abramii·
1938 2078 2240 2147 animam
2277 2088 2631 2167 superaret
2673 2099 2791 2167 per
2830 2076 3205 2145 maximam

669 2164 884 2235 animi
920 2164 1422 2254 aegritudinem
1455 2178 1520 2235 et
1564 2166 2046 2236 calamitatem.
2085 2168 2179 2236 Ab
2225 2166 2578 2257 impudico
2606 2187 2769 2256 ergo
2796 2186 3028 2237 amore
3053 2186 3209 2235 coa-

670 2268 781 2324 cta
829 2253 1042 2343 virgo,
1096 2253 1393 2343 seipsam
1443 2255 1674 2324 educit
1718 2268 1904 2325 extra
1950 2254 2478 2342 domunculam,
2544 2267 2609 2323 et
2669 2276 2828 2323 cum
2879 2254 3207 2325 scelerato

673 2342 793 2412 illo
840 2354 905 2410 et
949 2343 1327 2412 execrando
1374 2362 1764 2434 congressa,
1817 2344 1957 2413 acri
2001 2343 2267 2433 expleta
2299 2343 2674 2434 cupiditate
2722 2343 3039 2435 protinus
3077 2342 3211 2413 suit

673 2430 908 2502 animo
957 2430 1232 2502 saucia:
1278 2442 1364 2512 et,
1420 2454 1540 2522 pro
1596 2444 1693 2502 ter
1738 2454 1818 2502 ea
1864 2454 2040 2519 quae
2086 2432 2478 2515 admiserat,
2533 2432 2968 2501 vehementer
3016 2455 3212 2503 com-

674 2531 957 2612 puncta,
1015 2519 1309 2610 seipsam
1363 2520 1535 2590 defle
1586 2535 1675 2602 at,
1710 2521 1905 2591 valde
1945 2521 2424 2593 miserabiliter
2469 2520 2803 2592 clamans:
2857 2520 2980 2591 Hei
3033 2522 3208 2590 mihi

670 2609 984 2688 miserae,
1055 2608 1161 2677 hei
1215 2609 1386 2678 mihi
1433 2632 1610 2696 quae
1659 2610 1773 2679 Dei
1824 2610 2158 2701 templum
2210 2610 2474 2692 violavi,
2518 2632 2695 2696 quae
2741 2609 2956 2699 pollui
3012 2610 3211 2679 illam
3323 2697 3324 2700 Ἴ

670 2697 930 2800 regiam
974 2697 1372 2787 imaginem,
1424 2720 1600 2784 quae
1646 2697 2004 2787 inquinavi
2036 2698 2441 2799 figmentum
2492 2700 2641 2789 ejus
2681 2720 3045 2768 manuum.
3088 2698 3216 2769 Hei
3323 2725 3324 2730 ¹

668 2786 845 2856 m1hi
893 2785 1201 2862 miserae,
1242 2786 1352 2854 hei
1399 2787 1713 2855 omnium
1763 2786 2273 2858 infelicisslmae
2313 2787 2766 2857 foeminarum
2819 2787 3008 2873 quod
3056 2788 3209 2856 vio-

672 2874 809 2944 lavi
860 2886 1134 2964 pactum
1185 2897 1346 2943 cum
1395 2879 1527 2945 Deo
1573 2888 2009 2956 conventum,
2063 2876 2243 2961 quod
2294 2898 2497 2946 omne
2545 2876 2985 2966 praeteritum
3036 2887 3213 2944 tem-

673 2986 809 3055 pus
857 2962 1356 3033 exercitationis
1406 2963 1812 3034 brevissima
1875 2964 2152 3033 vendidi
2209 2964 2574 3056 voluptate.
2628 2964 2754 3034 Hei
2804 2964 2976 3033 mihi
3017 2962 3214 3049 quod
3323 3045 3324 3056 ἵ

671 3052 909 3122 omnia
954 3073 1129 3137 quae
1177 3074 1217 3120 a
1265 3073 1374 3120 me
1421 3063 1622 3122 antea
1670 3051 1937 3123 fuerant
1983 3053 2381 3135 aedificata,
2447 3053 2682 3123 inania
2736 3065 3104 3123 evaserunt
3148 3063 3219 3122 et

673 3140 893 3210 irrita.
939 3140 1203 3223 Quibus
1241 3138 1462 3210 oculis
1509 3163 1633 3232 ego
1667 3141 1936 3211 coelum
1983 3142 2322 3224 intuebor,
2365 3164 2524 3212 cum
2573 3164 2688 3211 eos
2737 3142 3024 3212 habeam
3062 3162 3223 3212 cae-

671 3230 1006 3300 cutientes
1054 3226 1428 3318 impudicis
1476 3230 1918 3320 aspectibus?
1964 3236 2272 3314 Quanam
2325 3230 2562 3321 lingua
2597 3236 2808 3300 Deum
2844 3230 3208 3321 precabor,

673 3318 776 3389 vel
823 3338 1162 3405 quaenam
1212 3317 1407 3387 labra
1454 3320 1739 3388 movebo
1786 3319 1872 3388 ad
1921 3341 2053 3411 sup
2109 3319 2518 3400 licationem,
2557 3341 2717 3389 cum
2757 3341 2836 3388 ea
2861 3319 3082 3389 seram
3117 3320 3224 3388 in-

670 3405 959 3495 quinata
998 3404 1389 3477 libidinosis
1435 3418 1500 3475 et
1546 3407 1772 3479 verbis
1801 3421 1866 3477 et
1888 3343 2194 3478 osculis?
2240 3408 2591 3492 Quomodo
2624 3421 2851 3478 autem
2885 3421 3222 3498 patruum
3323 3423 3324 3432 ¹

673 3496 988 3583 alloquar
1032 3516 1208 3582 quae
1255 3506 1684 3586 transgressa
1732 3519 1888 3567 sum
1923 3496 2111 3566 illius
2159 3497 2482 3567 mandata
2538 3520 2715 3584 quae
2762 3518 2899 3566 non
2947 3497 3225 3566 servavi

671 3584 736 3654 ei
777 3583 954 3653 facta
1002 3583 1342 3673 promissa
1387 3606 1563 3672 quae
1611 3607 1766 3655 sum
1798 3585 2136 3676 improba,
2167 3584 2495 3655 scelerata
2524 3599 2590 3655 et
2616 3585 3022 3667 execranda,
3061 3608 3223 3656 cor—

672 3693 974 3764 poreque
1014 3670 1274 3761 polluta
1320 3684 1385 3742 et
1430 3674 1710 3743 animo?
1757 3675 1880 3743 Hei
1932 3674 2127 3755 mihi,
2162 3674 2331 3761 quid
2393 3675 2479 3746 de
2534 3697 2643 3745 me
2690 3676 2853 3745 flet?
2900 3680 3052 3758 Quo
3106 3696 3225 3743 me

670 3764 979 3829 vertam?
1027 3764 1160 3830 Cur
1208 3783 1362 3829 sum
1412 3761 1640 3832 adbuc
1691 3766 2087 3854 superstes?
2136 3763 2407 3833 Utinam
2459 3784 2642 3834 mors
2690 3762 2777 3833 ad
2828 3785 2936 3832 me
2984 3763 3230 3833 venis-

673 3859 777 3919 set
828 3860 985 3918 ante
1049 3847 1436 3921 libidinem.
1476 3851 1747 3921 Utinam
1815 3852 2007 3941 prius
2054 3862 2249 3942 rapta
2287 3851 2571 3923 fuissem
2631 3874 2710 3922 ex
2770 3874 3088 3943 corpore,
3150 3863 3237 3922 ut

675 3937 920 4008 mortis
966 3936 1227 4008 donum
1260 3938 1579 4010 haberem
1617 3939 1984 4031 puritatem
2020 3942 2349 4031 corporis.
2395 3946 2588 4010 Nunc
2642 3952 2867 4010 autem
2923 3941 3234 4029 quinam
3323 4029 3324 4032 Ἴ

673 4024 896 4095 fontes
937 4025 1401 4117 lacrymarum
1452 4028 1625 4097 mihi
1675 4040 1993 4119 poterunt
2038 4040 2261 4100 tantas
2308 4030 2543 4102 sordes
2596 4030 2920 4099 abluere?
2964 4033 3239 4120 Despe-

674 4136 840 4186 rans
884 4135 1046 4207 ergo
1093 4139 1293 4185 suam
1348 4116 1665 4198 salutern,
1719 4116 1988 4208 aufugit
2035 4118 2105 4186 in
2167 4117 2503 4189 civitatem
2554 4118 2927 4206 quamdam
2964 4122 3238 4189 Aesum

674 4203 956 4274 nomine
1002 4226 1178 4292 quae
1212 4206 1446 4275 aberat
1491 4206 1787 4275 duorum
1822 4205 2090 4276 dierum
2124 4206 2406 4276 itinere:
2458 4219 2523 4276 et
2570 4206 2922 4277 diversans
2949 4207 3022 4276 in
3051 4230 3247 4295 quo-
3323 4239 3324 4242 ¹

673 4292 834 4363 dam
887 4293 1283 4376 diversorio,
1330 4316 1493 4365 cum
1542 4306 1876 4364 mutasset
1931 4294 2242 4365 habitum
2273 4350 2288 4376 ‚
2355 4309 2421 4365 et
2480 4307 2729 4366 vestem
2799 4297 3245 4386 sumpsisset

674 4381 1082 4462 secularem,
1120 4393 1264 4452 erat
1288 4382 1508 4452 cuivis
1535 4382 1788 4453 volenti
1815 4396 2131 4475 prompta
2163 4384 2482 4454 ministra
2507 4385 2784 4471 iniquae
2811 4383 3238 4485 voluptatis.

761 4473 800 4561 ξ
869 4475 1012 4543 21.
1065 4475 1232 4542 Cum
1283 4470 1401 4541 illa
1448 4493 1609 4562 ergo
1642 4471 1743 4542 sic
1792 4494 1865 4544 se
1897 4472 2198 4556 baberet,
2235 4485 2301 4544 et
2340 4473 2439 4546 sic
2485 4486 2661 4545 esset
2720 4485 3082 4566 proposita
3137 4475 3244 4546 ad
