3327 4999
730 355 857 420 660
974 368 977 373 ·
1429 371 1505 416 nn
1552 370 1606 417 s.
1652 350 1900 418 ’.ιοΑΝΝε
1947 368 2174 418 emon.
2236 368 2376 417 nse.
2705 350 2810 416 EX
2857 348 3032 418 OCT.
3085 350 3184 417 to

639 453 816 523 sicut
880 453 1056 522 inter
1114 461 1409 538 quatuor
1454 450 1919 540 Evangelistas
1967 451 2204 521 beatus
2270 456 2572 519 Joannes
2619 449 3011 520 sublimiter
3075 450 3177 521 ad

639 543 955 612 coelestia
1024 542 1239 610 instar
1296 538 1568 626 aquilae
1624 539 1943 620 evolans,
1997 561 2309 610 summae
2383 538 2762 609 Divinitatis
2834 540 3182 631 mysteria

637 632 1019 702 evidentius
1052 628 1553 719 pronuntiavit:
1585 628 1682 697 sic
1711 630 1961 699 nostris
1993 629 2416 719 temporibus
2447 628 2627 698 alius
2656 628 2972 709 Joannes,
3011 650 3178 698 coe-

640 720 915 792 lestium
967 718 1446 806 mysteriorum
1482 718 1692 809 probe
1738 719 2080 795 conscius,
2131 717 2379 787 eximio
2411 716 3008 810 contemplationis
3044 740 3172 787 vo-

640 810 804 891 latu,
846 808 1123 878 calcatis
1152 807 1458 888 terreniS,
1496 830 1567 877 se
1596 805 2004 877 coelestibus
2036 805 2338 876 inservit.
2377 806 2498 875 Cui
2524 806 2619 876 rei
2645 806 3174 877 confirmandae

641 922 775 967 non
814 918 1053 989 parum
1092 895 1350 966 confert
1382 895 1475 978 id,
1511 895 1696 983 quod
1720 897 1868 987 jam
1899 895 2150 965 dicturi
2184 916 2452 966 sumuS.

728 990 764 1074 ξ
830 991 975 1060 13.
1030 988 1195 1055 Cum
1249 985 1620 1072 aliquando
1670 1007 1749 1055 ex
1802 982 2028 1054 officio
2085 984 2402 1054 inviseret
2446 983 2593 1053 loca
2636 983 2926 1065 diversa,
2987 1006 3174 1072 quae

646 1074 1038 1145 monasterii
1086 1073 1307 1164 ipsius
1354 1074 1611 1144 ditione
1667 1074 2110 1155 tenebantur,
2151 1074 2236 1143 ad
2272 1073 2644 1161 quamdam
2677 1073 3020 1143 inclusam
3053 1073 3167 1143 di-

642 1165 835 1234 vertit
883 1165 949 1233 in
1016 1163 1350 1233 Comitatu
1390 1162 1972 1245 Richemundiae,
2014 1175 2090 1233 ut
2136 1162 2312 1232 inter
2362 1174 2457 1232 tot
2502 1175 2815 1233 externas
2861 1185 3164 1253 occupa—

642 1254 857 1324 tiones
904 1251 1383 1344 spiritualibus
1420 1251 1781 1339 colloquiis
1811 1252 2122 1321 animum
2156 1251 2553 1322 accenderet
2582 1263 2647 1321 et
2671 1252 3158 1322 inflammaret.

639 1343 877 1413 Oblata
922 1354 1146 1411 autem
1186 1341 1401 1412 fuerat
1440 1342 1537 1411 illi
1567 1340 1875 1411 inclusae
1915 1364 1997 1412 su
2051 1342 2253 1410 eriori
2302 1353 2496 1411 nocte
2541 1340 2732 1422 visio,
2769 1341 2960 1410 illam
2997 1363 3160 1410 con-

638 1433 868 1502 solans
898 1445 1099 1518 atque
1139 1430 1582 1512 confirmans,
1625 1452 1834 1518 quam
1878 1452 1953 1500 ea
2050 1443 2196 1500 eato
2239 1430 2382 1500 viro
2441 1451 2812 1521 exponens:
2882 1455 2908 1491 «
2971 1430 3142 1511 Vidi,

639 1521 885 1609 inquit,
939 1520 1233 1590 obscura
1285 1531 1501 1601 nocte,
1543 1519 1736 1589 nulla
1781 1531 2152 1610 apparente
2190 1518 2377 1603 luna,
2439 1518 2740 1607 aquilam
2798 1519 2974 1588 mire
3029 1519 3146 1588 sor-

641 1633 926 1688 mosam‚
970 1609 1287 1699 expansis
1336 1608 1464 1677 alis
1520 1608 1802 1679 domum
1854 1609 2031 1678 banc
2077 1608 2645 1689 circumvolitare,
2685 1609 2754 1677 in
2806 1608 3013 1699 cujus
3058 1629 3150 1678 ro-

639 1700 762 1769 stri
794 1699 937 1768 acie
985 1697 1295 1768 chartula
1331 1697 1555 1767 brevis
1587 1697 1946 1777 haerebat,
1984 1697 2099 1768 cui
2133 1697 2300 1767 haec
2333 1697 2535 1768 verba
2566 1709 2762 1768 erant
2789 1697 3152 1788 inscripta:

634 1796 835 1857 Jesus
898 1801 999 1858 est
1063 1808 1256 1856 amor
1315 1809 1542 1856 meus:
1601 1787 2003 1873 addiditque
2052 1786 2317 1858 inclusa
2370 1786 2529 1856 illa:
2580 1792 2680 1857 Tu
2728 1808 2884 1856 vero
2939 1800 3153 1878 pater,

634 1902 705 1947 es
740 1877 969 1964 aquila
1001 1875 1118 1945 illa
1155 1897 1273 1963 pro
1308 1888 1580 1945 tuorum
1611 1875 2007 1946 excellentia
2042 1876 2464 1957 meritorum,
2504 1876 2624 1964 qui
2660 1878 2911 1967 magna
2941 1876 3159 1945 animi

638 1967 1042 2046 constantia,
1082 1964 1325 2034 mundi
1354 1978 1619 2035 contem
1679 1977 1741 2035 to
1774 1986 2026 2046 amore,
2066 1964 2297 2034 divino
2329 1964 2590 2034 sortiter
2636 1964 3162 2034 inhaereS.»Ille

640 2079 792 2126 vero
839 2055 924 2124 ad
975 2055 1140 2123 haec
1197 2054 1289 2122 ita
1349 2076 1455 2123 res
1506 2076 1593 2122 on
1649 2054 1794 2123 itt«
1820 2057 1948 2123 Nos
2004 2050 2290 2141 quidem'
2335 2075 2412 2123 eo
2474 2054 2704 2123 animo
2757 2054 2895 2124 huc
2929 2075 3158 2126 acces-

642 2146 884 2214 simuS.
946 2157 1020 2214 ut
1069 2142 1344 2212 mutuis'
1376 2076 1736 2229 coiioquiis
1783 2143 2268 2232 omnipotentis
2320 2143 2434 2213 Dei
2497 2142 2785 2235 gratiam
2842 2153 2908 2212 et
2951 2144 3159 2214 hene-

640 2234 998 2305 volentiam
1035 2232 1231 2302 nobis
1264 2232 1812 2302 conciliaremus:
1849 2243 1918 2300 at
1950 2255 2157 2313 nunc,
2193 2244 2268 2301 ut
2309 2232 2522 2312 video,
2567 2231 2789 2302 malus
2829 2231 3151 2315 daemon,

641 2323 954 2392 vitiorum
1008 2334 1396 2391 nostrorum
1449 2343 1656 2411 sagax
1715 2319 2126 2411 explorator,
2180 2343 2301 2411 per
2361 2332 2454 2390 tot
2515 2321 2753 2392 inanes
2804 2343 3157 2392 sermones

640 2412 770 2481 sibi
811 2413 880 2480 in
930 2412 1196 2480 animos
1246 2423 1511 2481 nostros
1544 2409 1807 2480 aditum
1844 2422 2056 2502 parat.
2096 2434 2131 2477 »
2159 2416 2367 2512 Atque
2406 2410 2514 2482 his
2546 2410 2769 2491 dictis,
2801 2410 2995 2481 ocius
3034 2412 3157 2481 ab·

644 2503 903 2573 scessit.
968 2506 1138 2570 Eum
1201 2512 1424 2570 autem
1481 2499 1787 2570 subitum
1850 2522 2195 2571 recessum
2252 2499 2522 2570 inclusa
2577 2501 2855 2570 moleste
2898 2499 3145 2584 ferens,

640 2592 915 2681 saepius
979 2603 1349 2677 conquesta
1399 2601 1542 2669 est,
1596 2612 1668 2658 se
1724 2590 1826 2657 vix
1869 2589 2091 2659 ullum
2145 2611 2453 2677 unquam
2498 2590 2976 2680 conspexisse,
3032 2591 3151 2679 qui

641 2693 775 2750 tam
826 2679 1132 2750 celeriter
1179 2679 1264 2748 ab
1322 2679 1595 2747 incauta
1646 2677 2038 2747 laudatione
2075 2699 2221 2747 sese
2270 2678 2705 2748 subduceret.

724 2771 761 2856 ξ
806 2772 949 2841 14.
1006 2768 1188 2836 Idem
1239 2779 1463 2835 autem
1508 2767 1528 2834 i
1583 2789 1654 2836 se
1704 2768 1938 2836 beatus
1973 2780 2183 2857 pater,
2232 2766 2623 2837 animarum
2672 2768 3061 2858 intrepidus
3092 2779 3156 2837 et

638 2857 929 2927 invictus
994 2856 1421 2933 moderator,
1477 2877 1516 2923 a
1567 2877 1804 2924 versus
1864 2855 2256 2925 monasterii
2314 2856 2758 2943 quantumvis
2819 2856 3150 2929 terribiles

635 2967 1073 3037 oppressores
1121 2944 1359 3033 clypeo
1407 2942 1828 3013 fortitudinis
1876 2965 2022 3013 sese
2060 2944 2393 3015 armabat.
2428 2945 2844 3017 Administer
2871 2947 3151 3034 quidam

635 3034 1060 3106 Lancastriae
1108 3032 1558 3103 illustrissimi
1614 3032 1841 3112 Ducis,
1880 3044 2150 3103 exactor
2204 3034 2668 3116 saevissimuS,
2722 3034 2922 3105 illum
2949 3057 3156 3105 suum

634 3122 1019 3202 dominum,
1050 3132 1375 3208 tanquam
1405 3124 1772 3191 Assuerum
1805 3120 1976 3191 alter
2003 3121 2303 3192 crudelis
2332 3128 2567 3205 Aman,
2602 3123 2671 3193 in
2699 3137 3156 3215 augmentum

634 3210 956 3280 facinoris
1003 3210 1133 3290 sui,
1190 3210 1256 3278 in
1301 3209 1656 3279 innoxium
1711 3211 2191 3282 Mardocheum
2242 3211 2561 3283 scelerate
2609 3212 2970 3283 incitabat:
3021 3212 3155 3282 fre-

637 3316 881 3386 tusque
926 3299 1233 3390 ejusdem
1284 3298 1616 3390 principis
1677 3301 2095 3383 auctoritate,
2144 3301 2432 3371 tumenti
2475 3302 2708 3370 animo
2772 3303 2915 3372 viro
2963 3324 3156 3372 man—

635 3389 1024 3460 suetissimo
1089 3387 1343 3458 multas
1416 3388 1769 3458 intentavit
1829 3390 2053 3461 minas
2117 3391 2188 3459 in
2244 3389 2635 3460 monasterii
2707 3390 3155 3482 irreparabile

634 3479 1142 3548 detrimentum.
1213 3481 1455 3547 Contra
1498 3500 1653 3547 vero
1702 3492 1981 3550 sanctus
2038 3478 2161 3560 vir,
2217 3479 2601 3550 constantia
2659 3495 2989 3560 armatus,
3048 3479 3155 3548 ni-

638 3568 872 3656 hilque
922 3569 1070 3659 ejus
1125 3566 1351 3637 furore
1405 3566 1703 3649 fractus,
1761 3568 2026 3640 studuit
2079 3568 2292 3639 lenire
2338 3569 2489 3660 ejus
2535 3582 2956 3640 commotum
3005 3569 3157 3638 ani-

636 3681 829 3727 mum
858 3711 877 3738 ,
934 3679 1012 3727 co
1066 3658 1205 3727 iose
1260 3656 1324 3725 ei
1372 3655 1796 3728 satisfaciens
1842 3658 1926 3727 de
1973 3657 2059 3727 iis
2106 3657 2454 3738 omnibuS,
2522 3679 2699 3745 quae
2741 3657 3148 3749 objiciebat:

633 3759 834 3835 atque
876 3760 987 3817 tan
1042 3769 1149 3816 em
1199 3747 1268 3815 in
1319 3745 1486 3815 haec
1522 3746 1725 3815 verba
1772 3747 2181 3837 prorumpit:
2236 3769 2272 3813 «
2331 3746 2516 3828 Vide,
2581 3769 2666 3816 ne
2778 3770 2852 3817 ro
2914 3748 3154 3817 vitioso

633 3859 795 3926 erga
827 3836 1184 3906 dominum
1239 3847 1435 3904 tuum
1491 3834 1717 3905 studio
1767 3847 1833 3905 et
1878 3857 2131 3918 amore,
2167 3835 2287 3922 qui
2317 3848 2379 3905 te
2406 3857 2485 3905 eo
2522 3836 2730 3927 impel
2765 3837 2837 3917 it,
2874 3848 2949 3906 ut
2977 3838 3157 3907 bona

638 3937 865 3995 nostra
914 3924 1220 4011 quotidie
1267 3922 1536 4014 affligas
1583 3939 1650 3995 et
1680 3924 1990 4015 diripiaS‚
2045 3924 2115 3993 in
2165 3936 2494 3995 tartarum
2547 3924 2960 4006 detrudaris,
3001 3947 3158 4018 poe-

634 4037 758 4085 nas
806 4012 947 4083 illic
987 4012 1275 4083 daturus
1322 4024 1655 4094 aeternas,
1709 4036 2002 4101 moxque
2052 4013 2395 4096 recedens,
2449 4037 2489 4083 a
2535 4015 2821 4085 Domino
2850 4036 3045 4105 opem
3088 4027 3158 4083 et

632 4102 1166 4172 consolationem
1219 4101 1431 4193 petiit.
1487 4107 1561 4171 Et
1608 4124 1764 4172 ecce
1815 4125 2015 4172 mane
2064 4103 2205 4174 sole
2260 4103 2720 4184 illucescente,
2779 4104 2897 4192 qui
2952 4103 3159 4194 paulo

628 4205 784 4261 ante
818 4191 1096 4262 inflatus
1145 4190 1490 4280 superbia,
1546 4190 1932 4261 Luciferum
1981 4192 2350 4279 quemdam
2399 4214 2470 4261 re
2527 4193 2973 4274 raesentabat,
3009 4215 3157 4262 ma-

634 4305 772 4372 gna
826 4279 1052 4350 cordis
1100 4279 1505 4350 contritione
1563 4280 1966 4352 immutatus
2014 4280 2310 4372 graviter
2357 4280 2465 4372 pol
2501 4281 2739 4361 icetur,
2796 4305 2869 4351 se
2917 4283 3160 4373 perpe-

632 4387 830 4440 tuum
894 4370 1217 4459 deinceps
1263 4369 1326 4438 ei
1379 4370 1788 4438 monasterio
1836 4369 2139 4440 amicum
2191 4369 2381 4440 fore:
2432 4370 2614 4458 quod
2663 4370 2865 4440 etiam
2920 4393 3157 4440 revera

634 4459 989 4554 praestitit,
1034 4458 1101 4527 in
1156 4458 1359 4529 rebus
1407 4457 1692 4548 agendis
1739 4458 2012 4529 fidelem
2061 4459 2470 4530 monasterio
2527 4482 2781 4530 navans
2839 4481 3151 4553 operam.
