<?xml version="1.0" encoding="UTF-8"?>
<!DOCTYPE html PUBLIC "-//W3C//DTD XHTML 1.0 Transitional//EN"
    "http://www.w3.org/TR/xhtml1/DTD/xhtml1-transitional.dtd">
<html xmlns="http://www.w3.org/1999/xhtml" xml:lang="en" lang="en">
 <head>
  <title>
</title>
<meta http-equiv="Content-Type" content="text/html;charset=utf-8" />
  <meta name='ocr-system' content='tesseract 3.04.00' />
  <meta name='ocr-capabilities' content='ocr_page ocr_carea ocr_par ocr_line ocrx_word'/>
</head>
<body>
  <div class='ocr_page' id='page_1' title='image "./historiaeseuvit04lippgoog_0575.png"; bbox 0 0 3327 4999; ppageno 0'>
   <div class='ocr_carea' id='block_1_1' title="bbox 179 364 2619 434">
    <p class='ocr_par' dir='ltr' id='par_1_1' title="bbox 179 364 2619 434">
     <span class='ocr_line' id='line_1_1' title="bbox 179 364 2619 434; baseline -0.002 -1"><span class='ocrx_word' id='word_1_1' title='bbox 179 369 426 434; x_wconf 80' lang='lat' dir='ltr'>MART.</span> <span class='ocrx_word' id='word_1_2' title='bbox 482 365 566 431; x_wconf 88' lang='grc'>30</span> <span class='ocrx_word' id='word_1_3' title='bbox 1055 382 1134 428; x_wconf 73' lang='lat' dir='ltr'>nr.</span> <span class='ocrx_word' id='word_1_4' title='bbox 1182 381 1238 426; x_wconf 89' lang='lat' dir='ltr'>S.</span> <span class='ocrx_word' id='word_1_5' title='bbox 1290 379 1531 428; x_wconf 60' lang='lat' dir='ltr'>sommi</span> <span class='ocrx_word' id='word_1_6' title='bbox 1578 377 1849 428; x_wconf 61' lang='lat' dir='ltr'>cunco</span> <span class='ocrx_word' id='word_1_7' title='bbox 2504 364 2619 430; x_wconf 68' lang='lat'>561</span> 
     </span>
    </p>
   </div>
   <div class='ocr_carea' id='block_1_2' title="bbox 137 459 2747 4550">
    <p class='ocr_par' dir='ltr' id='par_1_2' title="bbox 137 459 2736 2239">
     <span class='ocr_line' id='line_1_2' title="bbox 265 459 2725 553; baseline -0.001 -19"><span class='ocrx_word' id='word_1_8' title='bbox 265 470 303 553; x_wconf 68' lang='grc' dir='ltr'>ξ</span> <span class='ocrx_word' id='word_1_9' title='bbox 374 472 461 536; x_wconf 67' lang='lat'>2.</span> <span class='ocrx_word' id='word_1_10' title='bbox 516 464 639 533; x_wconf 90' lang='lat' dir='ltr'>Hic</span> <span class='ocrx_word' id='word_1_11' title='bbox 691 485 851 532; x_wconf 85' lang='lat' dir='ltr'>cum</span> <span class='ocrx_word' id='word_1_12' title='bbox 921 483 1044 552; x_wconf 90' lang='lat' dir='ltr'>per</span> <span class='ocrx_word' id='word_1_13' title='bbox 1105 473 1389 530; x_wconf 87' lang='lat' dir='ltr'>aetatem</span> <span class='ocrx_word' id='word_1_14' title='bbox 1442 483 1844 550; x_wconf 78' lang='lat' dir='ltr'>corpoream</span> <span class='ocrx_word' id='word_1_15' title='bbox 1895 459 2235 531; x_wconf 81' lang='lat' dir='ltr'>sexdecim</span> <span class='ocrx_word' id='word_1_16' title='bbox 2287 461 2498 530; x_wconf 90' lang='lat' dir='ltr'>ferme</span> <span class='ocrx_word' id='word_1_17' title='bbox 2545 473 2725 533; x_wconf 87' lang='lat' dir='ltr'>esset</span> 
     </span>
     <span class='ocr_line' id='line_1_3' title="bbox 179 547 2726 642; baseline -0.002 -18"><span class='ocrx_word' id='word_1_18' title='bbox 179 576 548 633; x_wconf 88' lang='lat' dir='ltr'>annorum,</span> <span class='ocrx_word' id='word_1_19' title='bbox 589 552 892 642; x_wconf 90' lang='lat' dir='ltr'>seipsum</span> <span class='ocrx_word' id='word_1_20' title='bbox 953 550 1202 620; x_wconf 86' lang='lat' dir='ltr'>obtulit</span> <span class='ocrx_word' id='word_1_21' title='bbox 1242 549 1506 620; x_wconf 80' lang='lat' dir='ltr'>Christo</span> <span class='ocrx_word' id='word_1_22' title='bbox 1555 547 1975 619; x_wconf 86' lang='lat' dir='ltr'>sacrificium</span> <span class='ocrx_word' id='word_1_23' title='bbox 2035 562 2304 639; x_wconf 88' lang='lat' dir='ltr'>gratum</span> <span class='ocrx_word' id='word_1_24' title='bbox 2358 562 2562 637; x_wconf 90' lang='lat' dir='ltr'>atque</span> <span class='ocrx_word' id='word_1_25' title='bbox 2610 574 2726 620; x_wconf 87' lang='lat' dir='ltr'>ac-</span> 
     </span>
     <span class='ocr_line' id='line_1_4' title="bbox 182 638 2721 735; baseline -0.002 -21"><span class='ocrx_word' id='word_1_26' title='bbox 182 641 544 735; x_wconf 88' lang='lat' dir='ltr'>ceptabile,</span> <span class='ocrx_word' id='word_1_27' title='bbox 600 638 1017 710; x_wconf 77' lang='lat' dir='ltr'>monasticae</span> <span class='ocrx_word' id='word_1_28' title='bbox 1067 639 1238 708; x_wconf 87' lang='lat' dir='ltr'>vitae</span> <span class='ocrx_word' id='word_1_29' title='bbox 1277 640 1449 728; x_wconf 85' lang='lat' dir='ltr'>jugo</span> <span class='ocrx_word' id='word_1_30' title='bbox 1499 639 1677 708; x_wconf 88' lang='lat' dir='ltr'>colla</span> <span class='ocrx_word' id='word_1_31' title='bbox 1724 639 2100 729; x_wconf 88' lang='lat' dir='ltr'>subjiciens</span> <span class='ocrx_word' id='word_1_32' title='bbox 2149 638 2218 706; x_wconf 93' lang='lat' dir='ltr'>in</span> <span class='ocrx_word' id='word_1_33' title='bbox 2258 653 2486 708; x_wconf 89' lang='lat' dir='ltr'>monte</span> <span class='ocrx_word' id='word_1_34' title='bbox 2536 639 2721 722; x_wconf 90' lang='lat' dir='ltr'>Sina,</span> 
     </span>
     <span class='ocr_line' id='line_1_5' title="bbox 181 726 2725 822; baseline -0.001 -21"><span class='ocrx_word' id='word_1_35' title='bbox 181 755 262 802; x_wconf 90' lang='lat' dir='ltr'>eo</span> <span class='ocrx_word' id='word_1_36' title='bbox 315 734 478 822; x_wconf 89' lang='lat' dir='ltr'>puto</span> <span class='ocrx_word' id='word_1_37' title='bbox 522 728 836 805; x_wconf 87' lang='lat' dir='ltr'>consilio,</span> <span class='ocrx_word' id='word_1_38' title='bbox 890 740 967 797; x_wconf 90' lang='lat' dir='ltr'>ut</span> <span class='ocrx_word' id='word_1_39' title='bbox 1013 727 1165 808; x_wconf 86' lang='lat' dir='ltr'>ipsa</span> <span class='ocrx_word' id='word_1_40' title='bbox 1215 727 1507 797; x_wconf 80' lang='lat' dir='ltr'>visibilis</span> <span class='ocrx_word' id='word_1_41' title='bbox 1553 728 1680 796; x_wconf 87' lang='lat' dir='ltr'>loci</span> <span class='ocrx_word' id='word_1_42' title='bbox 1729 726 2270 797; x_wconf 80' lang='lat' dir='ltr'>commoratione</span> <span class='ocrx_word' id='word_1_43' title='bbox 2302 728 2725 810; x_wconf 78' lang='lat' dir='ltr'>admonitus,</span> 
     </span>
     <span class='ocr_line' id='line_1_6' title="bbox 183 816 2724 906; baseline -0.002 -15"><span class='ocrx_word' id='word_1_44' title='bbox 183 821 268 891; x_wconf 90' lang='lat' dir='ltr'>ad</span> <span class='ocrx_word' id='word_1_45' title='bbox 301 819 716 889; x_wconf 78' lang='lat' dir='ltr'>invisibilem</span> <span class='ocrx_word' id='word_1_46' title='bbox 775 823 981 885; x_wconf 88' lang='lat' dir='ltr'>Deum</span> <span class='ocrx_word' id='word_1_47' title='bbox 1032 816 1308 886; x_wconf 90' lang='lat' dir='ltr'>facilius</span> <span class='ocrx_word' id='word_1_48' title='bbox 1356 817 1793 906; x_wconf 84' lang='lat' dir='ltr'>dirigeretur,</span> <span class='ocrx_word' id='word_1_49' title='bbox 1832 816 2153 904; x_wconf 87' lang='lat' dir='ltr'>etaptius</span> <span class='ocrx_word' id='word_1_50' title='bbox 2209 817 2724 906; x_wconf 74' lang='lat' dir='ltr'>perduceretur.</span> 
     </span>
     <span class='ocr_line' id='line_1_7' title="bbox 181 904 2728 999; baseline -0.002 -21"><span class='ocrx_word' id='word_1_51' title='bbox 181 915 395 998; x_wconf 75' lang='lat' dir='ltr'>Atque</span> <span class='ocrx_word' id='word_1_52' title='bbox 435 905 1055 999; x_wconf 82' lang='lat' dir='ltr'>peregrinationem</span> <span class='ocrx_word' id='word_1_53' title='bbox 1110 920 1183 975; x_wconf 89' lang='lat' dir='ltr'>ut</span> <span class='ocrx_word' id='word_1_54' title='bbox 1211 905 1778 975; x_wconf 73' lang='lat' dir='ltr'>intellectualium</span> <span class='ocrx_word' id='word_1_55' title='bbox 1809 904 2477 975; x_wconf 88' lang='lat' dir='ltr'>adolescentularum</span> <span class='ocrx_word' id='word_1_56' title='bbox 2511 906 2728 997; x_wconf 88' lang='lat' dir='ltr'>magi-</span> 
     </span>
     <span class='ocr_line' id='line_1_8' title="bbox 185 992 2729 1086; baseline -0.002 -19"><span class='ocrx_word' id='word_1_57' title='bbox 185 1012 425 1077; x_wconf 84' lang='lat' dir='ltr'>stram,</span> <span class='ocrx_word' id='word_1_58' title='bbox 483 997 549 1065; x_wconf 90' lang='lat' dir='ltr'>in</span> <span class='ocrx_word' id='word_1_59' title='bbox 606 995 849 1086; x_wconf 90' lang='lat' dir='ltr'>primis</span> <span class='ocrx_word' id='word_1_60' title='bbox 913 994 1281 1075; x_wconf 85' lang='lat' dir='ltr'>adamavit,</span> <span class='ocrx_word' id='word_1_61' title='bbox 1339 1016 1458 1084; x_wconf 89' lang='lat' dir='ltr'>per</span> <span class='ocrx_word' id='word_1_62' title='bbox 1515 1016 1723 1080; x_wconf 89' lang='lat' dir='ltr'>quam</span> <span class='ocrx_word' id='word_1_63' title='bbox 1777 992 1963 1083; x_wconf 87' lang='lat' dir='ltr'>turpi</span> <span class='ocrx_word' id='word_1_64' title='bbox 2010 1004 2075 1062; x_wconf 93' lang='lat' dir='ltr'>et</span> <span class='ocrx_word' id='word_1_65' title='bbox 2127 994 2322 1063; x_wconf 77' lang='lat' dir='ltr'>noxia</span> <span class='ocrx_word' id='word_1_66' title='bbox 2374 994 2729 1064; x_wconf 88' lang='lat' dir='ltr'>confiden-</span> 
     </span>
     <span class='ocr_line' id='line_1_9' title="bbox 184 1082 2728 1174; baseline -0.002 -18"><span class='ocrx_word' id='word_1_67' title='bbox 184 1089 279 1156; x_wconf 72' lang='lat' dir='ltr'>tia</span> <span class='ocrx_word' id='word_1_68' title='bbox 338 1087 530 1156; x_wconf 91' lang='lat' dir='ltr'>omni</span> <span class='ocrx_word' id='word_1_69' title='bbox 582 1086 851 1174; x_wconf 74' lang='lat' dir='ltr'>reJ&#39;ecta,</span> <span class='ocrx_word' id='word_1_70' title='bbox 900 1082 1287 1153; x_wconf 89' lang='lat' dir='ltr'>humilitate</span> <span class='ocrx_word' id='word_1_71' title='bbox 1351 1083 1837 1153; x_wconf 86' lang='lat' dir='ltr'>honestissima</span> <span class='ocrx_word' id='word_1_72' title='bbox 1886 1096 2267 1172; x_wconf 86' lang='lat' dir='ltr'>assumpta,</span> <span class='ocrx_word' id='word_1_73' title='bbox 2321 1083 2728 1152; x_wconf 89' lang='lat' dir='ltr'>daemonem</span> 
     </span>
     <span class='ocr_line' id='line_1_10' title="bbox 186 1170 2729 1262; baseline -0.002 -17"><span class='ocrx_word' id='word_1_74' title='bbox 186 1176 432 1245; x_wconf 87' lang='lat' dir='ltr'>illum.</span> <span class='ocrx_word' id='word_1_75' title='bbox 499 1197 539 1243; x_wconf 90' lang='lat' dir='ltr'>a</span> <span class='ocrx_word' id='word_1_76' title='bbox 585 1196 721 1260; x_wconf 90' lang='lat' dir='ltr'>quo</span> <span class='ocrx_word' id='word_1_77' title='bbox 771 1194 1295 1259; x_wconf 85' lang='lat' dir='ltr'>nonnumquam</span> <span class='ocrx_word' id='word_1_78' title='bbox 1349 1186 1426 1241; x_wconf 91' lang='lat' dir='ltr'>ut</span> <span class='ocrx_word' id='word_1_79' title='bbox 1477 1172 1852 1261; x_wconf 84' lang='lat' dir='ltr'>nobisipsis</span> <span class='ocrx_word' id='word_1_80' title='bbox 1901 1170 2336 1262; x_wconf 85' lang='lat' dir='ltr'>placeamus,</span> <span class='ocrx_word' id='word_1_81' title='bbox 2392 1173 2729 1259; x_wconf 90' lang='lat' dir='ltr'>nobisque</span> 
     </span>
     <span class='ocr_line' id='line_1_11' title="bbox 187 1258 2732 1351; baseline -0.002 -18"><span class='ocrx_word' id='word_1_82' title='bbox 187 1264 647 1344; x_wconf 84' lang='lat' dir='ltr'>confidamus,</span> <span class='ocrx_word' id='word_1_83' title='bbox 695 1260 1118 1340; x_wconf 82' lang='lat' dir='ltr'>inducimur,</span> <span class='ocrx_word' id='word_1_84' title='bbox 1172 1284 1212 1330; x_wconf 90' lang='lat' dir='ltr'>a</span> <span class='ocrx_word' id='word_1_85' title='bbox 1246 1283 1318 1329; x_wconf 89' lang='lat' dir='ltr'>se</span> <span class='ocrx_word' id='word_1_86' title='bbox 1367 1261 1640 1351; x_wconf 83' lang='lat' dir='ltr'>penitus</span> <span class='ocrx_word' id='word_1_87' title='bbox 1688 1258 2083 1342; x_wconf 86' lang='lat' dir='ltr'>eliminans,</span> <span class='ocrx_word' id='word_1_88' title='bbox 2122 1260 2209 1329; x_wconf 87' lang='lat' dir='ltr'>ab</span> <span class='ocrx_word' id='word_1_89' title='bbox 2258 1261 2408 1351; x_wconf 91' lang='lat' dir='ltr'>ipso</span> <span class='ocrx_word' id='word_1_90' title='bbox 2457 1282 2732 1348; x_wconf 90' lang='lat' dir='ltr'>quoque</span> 
     </span>
     <span class='ocr_line' id='line_1_12' title="bbox 185 1349 2730 1439; baseline -0.002 -15"><span class='ocrx_word' id='word_1_91' title='bbox 185 1353 415 1424; x_wconf 89' lang='lat' dir='ltr'>cordis</span> <span class='ocrx_word' id='word_1_92' title='bbox 462 1351 649 1421; x_wconf 91' lang='lat' dir='ltr'>aditu</span> <span class='ocrx_word' id='word_1_93' title='bbox 690 1351 942 1439; x_wconf 84' lang='lat' dir='ltr'>rejecit.</span> <span class='ocrx_word' id='word_1_94' title='bbox 980 1349 1335 1419; x_wconf 71' lang='lat' dir='ltr'>Inclinatis</span> <span class='ocrx_word' id='word_1_95' title='bbox 1384 1371 1539 1418; x_wconf 91' lang='lat' dir='ltr'>vero</span> <span class='ocrx_word' id='word_1_96' title='bbox 1588 1349 1946 1429; x_wconf 80' lang='lat' dir='ltr'>cervicem,</span> <span class='ocrx_word' id='word_1_97' title='bbox 1986 1361 2051 1417; x_wconf 91' lang='lat' dir='ltr'>et</span> <span class='ocrx_word' id='word_1_98' title='bbox 2089 1350 2446 1419; x_wconf 84' lang='lat' dir='ltr'>conlidens</span> <span class='ocrx_word' id='word_1_99' title='bbox 2499 1350 2565 1418; x_wconf 91' lang='lat' dir='ltr'>in</span> <span class='ocrx_word' id='word_1_100' title='bbox 2604 1355 2730 1418; x_wconf 87' lang='lat' dir='ltr'>Do-</span> 
     </span>
     <span class='ocr_line' id='line_1_13' title="bbox 186 1437 2731 1540; baseline -0.002 -30"><span class='ocrx_word' id='word_1_101' title='bbox 186 1442 404 1522; x_wconf 88' lang='lat' dir='ltr'>mino,</span> <span class='ocrx_word' id='word_1_102' title='bbox 449 1464 528 1510; x_wconf 87' lang='lat' dir='ltr'>ac</span> <span class='ocrx_word' id='word_1_103' title='bbox 577 1440 637 1509; x_wconf 91' lang='lat' dir='ltr'>ei</span> <span class='ocrx_word' id='word_1_104' title='bbox 685 1438 804 1526; x_wconf 87' lang='lat' dir='ltr'>qui</span> <span class='ocrx_word' id='word_1_105' title='bbox 854 1460 927 1509; x_wconf 92' lang='lat' dir='ltr'>se</span> <span class='ocrx_word' id='word_1_106' title='bbox 982 1450 1400 1540; x_wconf 82' lang='lat' dir='ltr'>susceperat,</span> <span class='ocrx_word' id='word_1_107' title='bbox 1468 1438 1669 1529; x_wconf 91' lang='lat' dir='ltr'>patri,</span> <span class='ocrx_word' id='word_1_108' title='bbox 1710 1437 1914 1506; x_wconf 87' lang='lat' dir='ltr'>veluti</span> <span class='ocrx_word' id='word_1_109' title='bbox 1967 1438 2226 1527; x_wconf 89' lang='lat' dir='ltr'>optimo</span> <span class='ocrx_word' id='word_1_110' title='bbox 2267 1439 2545 1509; x_wconf 89' lang='lat' dir='ltr'>cuidam</span> <span class='ocrx_word' id='word_1_111' title='bbox 2606 1462 2731 1528; x_wconf 87' lang='lat' dir='ltr'>gu-</span> 
     </span>
     <span class='ocr_line' id='line_1_14' title="bbox 188 1527 2732 1617; baseline -0.002 -17"><span class='ocrx_word' id='word_1_112' title='bbox 188 1530 560 1608; x_wconf 90' lang='lat' dir='ltr'>bernatori,</span> <span class='ocrx_word' id='word_1_113' title='bbox 606 1551 678 1597; x_wconf 88' lang='lat' dir='ltr'>se</span> <span class='ocrx_word' id='word_1_114' title='bbox 726 1540 938 1596; x_wconf 91' lang='lat' dir='ltr'>totum</span> <span class='ocrx_word' id='word_1_115' title='bbox 993 1539 1418 1617; x_wconf 81' lang='lat' dir='ltr'>permittens,</span> <span class='ocrx_word' id='word_1_116' title='bbox 1455 1527 1829 1595; x_wconf 86' lang='lat' dir='ltr'>altissimos</span> <span class='ocrx_word' id='word_1_117' title='bbox 1855 1539 2058 1613; x_wconf 87' lang='lat' dir='ltr'>atque</span> <span class='ocrx_word' id='word_1_118' title='bbox 2086 1528 2523 1597; x_wconf 87' lang='lat' dir='ltr'>saevissimos</span> <span class='ocrx_word' id='word_1_119' title='bbox 2558 1529 2732 1596; x_wconf 90' lang='lat' dir='ltr'>vitae</span> 
     </span>
     <span class='ocr_line' id='line_1_15' title="bbox 137 1612 2732 1711; baseline -0.001 -23"><span class='ocrx_word' id='word_1_120' title='bbox 137 1612 143 1635; x_wconf 65' lang='lat'>⁴</span> <span class='ocrx_word' id='word_1_121' title='bbox 189 1619 570 1711; x_wconf 90' lang='lat' dir='ltr'>praesentis</span> <span class='ocrx_word' id='word_1_122' title='bbox 621 1618 900 1686; x_wconf 82' lang='lat' dir='ltr'>fluctus.</span> <span class='ocrx_word' id='word_1_123' title='bbox 939 1616 1090 1685; x_wconf 93' lang='lat' dir='ltr'>sine</span> <span class='ocrx_word' id='word_1_124' title='bbox 1163 1615 1468 1706; x_wconf 90' lang='lat' dir='ltr'>periculo</span> <span class='ocrx_word' id='word_1_125' title='bbox 1526 1616 1930 1705; x_wconf 85' lang='lat' dir='ltr'>trajiciebat.</span> <span class='ocrx_word' id='word_1_126' title='bbox 1992 1615 2170 1684; x_wconf 85' lang='lat' dir='ltr'>Adeo</span> <span class='ocrx_word' id='word_1_127' title='bbox 2237 1639 2392 1686; x_wconf 91' lang='lat' dir='ltr'>vero</span> <span class='ocrx_word' id='word_1_128' title='bbox 2442 1616 2732 1707; x_wconf 81' lang='lat' dir='ltr'>perfecte</span> 
     </span>
     <span class='ocr_line' id='line_1_16' title="bbox 193 1704 2732 1798; baseline -0.002 -21"><span class='ocrx_word' id='word_1_129' title='bbox 193 1708 457 1778; x_wconf 88' lang='lat' dir='ltr'>mundo</span> <span class='ocrx_word' id='word_1_130' title='bbox 494 1706 931 1798; x_wconf 87' lang='lat' dir='ltr'>propriisque</span> <span class='ocrx_word' id='word_1_131' title='bbox 960 1704 1429 1774; x_wconf 89' lang='lat' dir='ltr'>voluntatibus</span> <span class='ocrx_word' id='word_1_132' title='bbox 1481 1719 1796 1775; x_wconf 89' lang='lat' dir='ltr'>mortuus</span> <span class='ocrx_word' id='word_1_133' title='bbox 1843 1715 2011 1785; x_wconf 88' lang='lat' dir='ltr'>erat,</span> <span class='ocrx_word' id='word_1_134' title='bbox 2044 1718 2121 1774; x_wconf 92' lang='lat' dir='ltr'>ut</span> <span class='ocrx_word' id='word_1_135' title='bbox 2154 1704 2570 1795; x_wconf 82' lang='lat' dir='ltr'>inexpertem</span> <span class='ocrx_word' id='word_1_136' title='bbox 2624 1727 2732 1773; x_wconf 87' lang='lat' dir='ltr'>ra-</span> 
     </span>
     <span class='ocr_line' id='line_1_17' title="bbox 192 1793 2736 1885; baseline -0.001 -20"><span class='ocrx_word' id='word_1_137' title='bbox 192 1797 404 1865; x_wconf 85' lang='lat' dir='ltr'>tionis</span> <span class='ocrx_word' id='word_1_138' title='bbox 450 1820 528 1866; x_wconf 90' lang='lat' dir='ltr'>ac</span> <span class='ocrx_word' id='word_1_139' title='bbox 577 1794 947 1885; x_wconf 82' lang='lat' dir='ltr'>voluntatis</span> <span class='ocrx_word' id='word_1_140' title='bbox 1004 1794 1306 1862; x_wconf 88' lang='lat' dir='ltr'>animam</span> <span class='ocrx_word' id='word_1_141' title='bbox 1359 1793 1712 1879; x_wconf 88' lang='lat' dir='ltr'>quandam</span> <span class='ocrx_word' id='word_1_142' title='bbox 1782 1793 2034 1861; x_wconf 85' lang='lat' dir='ltr'>habere</span> <span class='ocrx_word' id='word_1_143' title='bbox 2096 1794 2475 1875; x_wconf 84' lang='lat' dir='ltr'>videretur,</span> <span class='ocrx_word' id='word_1_144' title='bbox 2529 1806 2736 1881; x_wconf 89' lang='lat' dir='ltr'>atque</span> 
     </span>
     <span class='ocr_line' id='line_1_18' title="bbox 187 1882 2735 1976; baseline -0 -23"><span class='ocrx_word' id='word_1_145' title='bbox 187 1908 310 1976; x_wconf 90' lang='lat' dir='ltr'>pro</span> <span class='ocrx_word' id='word_1_146' title='bbox 370 1886 600 1954; x_wconf 88' lang='lat' dir='ltr'>rietate</span> <span class='ocrx_word' id='word_1_147' title='bbox 652 1882 948 1951; x_wconf 89' lang='lat' dir='ltr'>naturali</span> <span class='ocrx_word' id='word_1_148' title='bbox 1004 1883 1290 1951; x_wconf 92' lang='lat' dir='ltr'>omnino</span> <span class='ocrx_word' id='word_1_149' title='bbox 1340 1883 1725 1951; x_wconf 83' lang='lat' dir='ltr'>liberatam.</span> <span class='ocrx_word' id='word_1_150' title='bbox 1781 1883 2037 1968; x_wconf 88' lang='lat' dir='ltr'>quue,</span> <span class='ocrx_word' id='word_1_151' title='bbox 2111 1905 2271 1951; x_wconf 90' lang='lat' dir='ltr'>cum</span> <span class='ocrx_word' id='word_1_152' title='bbox 2339 1898 2495 1953; x_wconf 90' lang='lat' dir='ltr'>ante</span> <span class='ocrx_word' id='word_1_153' title='bbox 2556 1884 2735 1952; x_wconf 88' lang='lat' dir='ltr'>banc</span> 
     </span>
     <span class='ocr_line' id='line_1_19' title="bbox 190 1970 2735 2072; baseline -0.002 -29"><span class='ocrx_word' id='word_1_154' title='bbox 190 1996 307 2043; x_wconf 90' lang='lat' dir='ltr'>coe</span> <span class='ocrx_word' id='word_1_155' title='bbox 339 1986 547 2044; x_wconf 88' lang='lat' dir='ltr'>estem</span> <span class='ocrx_word' id='word_1_156' title='bbox 600 1971 1106 2062; x_wconf 89' lang='lat' dir='ltr'>simplicitatem</span> <span class='ocrx_word' id='word_1_157' title='bbox 1146 1971 1539 2040; x_wconf 86' lang='lat' dir='ltr'>mundanae</span> <span class='ocrx_word' id='word_1_158' title='bbox 1588 1970 1966 2061; x_wconf 87' lang='lat' dir='ltr'>sapientiae</span> <span class='ocrx_word' id='word_1_159' title='bbox 2015 1992 2149 2039; x_wconf 90' lang='lat' dir='ltr'>non</span> <span class='ocrx_word' id='word_1_160' title='bbox 2186 1970 2392 2041; x_wconf 87' lang='lat' dir='ltr'>fuerit</span> <span class='ocrx_word' id='word_1_161' title='bbox 2448 1971 2735 2072; x_wconf 86' lang='lat' dir='ltr'>imperi—</span> 
     </span>
     <span class='ocr_line' id='line_1_20' title="bbox 192 2059 2734 2148; baseline -0.002 -16"><span class='ocrx_word' id='word_1_162' title='bbox 192 2076 326 2139; x_wconf 90' lang='lat' dir='ltr'>tus,</span> <span class='ocrx_word' id='word_1_163' title='bbox 382 2084 545 2131; x_wconf 89' lang='lat' dir='ltr'>sane</span> <span class='ocrx_word' id='word_1_164' title='bbox 597 2060 987 2129; x_wconf 85' lang='lat' dir='ltr'>mirabilius</span> <span class='ocrx_word' id='word_1_165' title='bbox 1034 2072 1157 2129; x_wconf 74' lang='lat' dir='ltr'>est.</span> <span class='ocrx_word' id='word_1_166' title='bbox 1195 2059 1675 2148; x_wconf 88' lang='lat' dir='ltr'>Philosophiae</span> <span class='ocrx_word' id='word_1_167' title='bbox 1722 2060 1908 2128; x_wconf 90' lang='lat' dir='ltr'>enim</span> <span class='ocrx_word' id='word_1_168' title='bbox 1960 2070 2190 2129; x_wconf 89' lang='lat' dir='ltr'>tumor</span> <span class='ocrx_word' id='word_1_169' title='bbox 2235 2085 2275 2131; x_wconf 89' lang='lat' dir='ltr'>a</span> <span class='ocrx_word' id='word_1_170' title='bbox 2328 2061 2574 2130; x_wconf 77' lang='lat' dir='ltr'>Christi</span> <span class='ocrx_word' id='word_1_171' title='bbox 2608 2061 2734 2128; x_wconf 86' lang='lat' dir='ltr'>hu-</span> 
     </span>
     <span class='ocr_line' id='line_1_21' title="bbox 193 2148 1962 2239; baseline -0.001 -21"><span class='ocrx_word' id='word_1_172' title='bbox 193 2151 501 2232; x_wconf 86' lang='lat' dir='ltr'>militate,</span> <span class='ocrx_word' id='word_1_173' title='bbox 559 2162 632 2218; x_wconf 90' lang='lat' dir='ltr'>ut</span> <span class='ocrx_word' id='word_1_174' title='bbox 682 2149 982 2239; x_wconf 89' lang='lat' dir='ltr'>plurima</span> <span class='ocrx_word' id='word_1_175' title='bbox 1031 2149 1189 2229; x_wconf 90' lang='lat' dir='ltr'>alia,</span> <span class='ocrx_word' id='word_1_176' title='bbox 1240 2148 1436 2239; x_wconf 88' lang='lat' dir='ltr'>longe</span> <span class='ocrx_word' id='word_1_177' title='bbox 1486 2160 1790 2218; x_wconf 90' lang='lat' dir='ltr'>remotus</span> <span class='ocrx_word' id='word_1_178' title='bbox 1838 2161 1962 2217; x_wconf 89' lang='lat' dir='ltr'>est.</span> 
     </span>
    </p>

    <p class='ocr_par' dir='ltr' id='par_1_3' title="bbox 194 2237 2739 3461">
     <span class='ocr_line' id='line_1_22' title="bbox 279 2237 2729 2329; baseline -0.002 -20"><span class='ocrx_word' id='word_1_179' title='bbox 279 2241 315 2325; x_wconf 68' lang='grc' dir='ltr'>ἓ</span> <span class='ocrx_word' id='word_1_180' title='bbox 380 2244 470 2310; x_wconf 73' lang='grc'>3.</span> <span class='ocrx_word' id='word_1_181' title='bbox 529 2243 760 2307; x_wconf 89' lang='lat' dir='ltr'>Decem</span> <span class='ocrx_word' id='word_1_182' title='bbox 815 2238 1026 2329; x_wconf 90' lang='lat' dir='ltr'>igitur</span> <span class='ocrx_word' id='word_1_183' title='bbox 1071 2251 1136 2306; x_wconf 91' lang='lat' dir='ltr'>et</span> <span class='ocrx_word' id='word_1_184' title='bbox 1184 2260 1421 2306; x_wconf 88' lang='lat' dir='ltr'>novem</span> <span class='ocrx_word' id='word_1_185' title='bbox 1475 2238 1679 2306; x_wconf 89' lang='lat' dir='ltr'>annis</span> <span class='ocrx_word' id='word_1_186' title='bbox 1708 2237 1796 2305; x_wconf 82' lang='lat' dir='ltr'>ita</span> <span class='ocrx_word' id='word_1_187' title='bbox 1824 2249 2263 2307; x_wconf 87' lang='lat' dir='ltr'>conversatus</span> <span class='ocrx_word' id='word_1_188' title='bbox 2297 2248 2419 2317; x_wconf 84' lang='lat' dir='ltr'>est,</span> <span class='ocrx_word' id='word_1_189' title='bbox 2456 2260 2535 2307; x_wconf 89' lang='lat' dir='ltr'>ac</span> <span class='ocrx_word' id='word_1_190' title='bbox 2569 2237 2729 2306; x_wconf 87' lang='lat' dir='ltr'>bea·</span> 
     </span>
     <span class='ocr_line' id='line_1_23' title="bbox 194 2325 2729 2418; baseline -0 -22"><span class='ocrx_word' id='word_1_191' title='bbox 194 2340 300 2397; x_wconf 83' lang='lat' dir='ltr'>tae</span> <span class='ocrx_word' id='word_1_192' title='bbox 349 2327 792 2418; x_wconf 88' lang='lat' dir='ltr'>subjectionis</span> <span class='ocrx_word' id='word_1_193' title='bbox 839 2327 1185 2417; x_wconf 81' lang='lat' dir='ltr'>exemplar</span> <span class='ocrx_word' id='word_1_194' title='bbox 1231 2325 1557 2396; x_wconf 86' lang='lat' dir='ltr'>omnibus</span> <span class='ocrx_word' id='word_1_195' title='bbox 1609 2327 1870 2396; x_wconf 86' lang='lat' dir='ltr'>factus:</span> <span class='ocrx_word' id='word_1_196' title='bbox 1934 2348 2091 2395; x_wconf 89' lang='lat' dir='ltr'>cum</span> <span class='ocrx_word' id='word_1_197' title='bbox 2143 2326 2202 2393; x_wconf 95' lang='lat' dir='ltr'>is</span> <span class='ocrx_word' id='word_1_198' title='bbox 2248 2326 2370 2411; x_wconf 91' lang='lat' dir='ltr'>qui</span> <span class='ocrx_word' id='word_1_199' title='bbox 2420 2348 2491 2395; x_wconf 88' lang='lat' dir='ltr'>se</span> <span class='ocrx_word' id='word_1_200' title='bbox 2538 2349 2729 2395; x_wconf 73' lang='lat' dir='ltr'>exer-</span> 
     </span>
     <span class='ocr_line' id='line_1_24' title="bbox 196 2413 2731 2506; baseline 0 -22"><span class='ocrx_word' id='word_1_201' title='bbox 196 2429 451 2494; x_wconf 88' lang='lat' dir='ltr'>cuerat,</span> <span class='ocrx_word' id='word_1_202' title='bbox 512 2416 739 2484; x_wconf 85' lang='lat' dir='ltr'>senior</span> <span class='ocrx_word' id='word_1_203' title='bbox 802 2430 1082 2485; x_wconf 82' lang='lat' dir='ltr'>sanctus</span> <span class='ocrx_word' id='word_1_204' title='bbox 1141 2416 1500 2506; x_wconf 83' lang='lat' dir='ltr'>migrasset</span> <span class='ocrx_word' id='word_1_205' title='bbox 1548 2415 1632 2482; x_wconf 89' lang='lat' dir='ltr'>ad</span> <span class='ocrx_word' id='word_1_206' title='bbox 1687 2414 2057 2493; x_wconf 82' lang='lat' dir='ltr'>Christum,</span> <span class='ocrx_word' id='word_1_207' title='bbox 2110 2427 2174 2482; x_wconf 88' lang='lat' dir='ltr'>et</span> <span class='ocrx_word' id='word_1_208' title='bbox 2223 2413 2369 2504; x_wconf 85' lang='lat' dir='ltr'>ipse</span> <span class='ocrx_word' id='word_1_209' title='bbox 2418 2414 2499 2483; x_wconf 91' lang='lat' dir='ltr'>ad</span> <span class='ocrx_word' id='word_1_210' title='bbox 2558 2416 2731 2484; x_wconf 89' lang='lat' dir='ltr'>vitae</span> 
     </span>
     <span class='ocr_line' id='line_1_25' title="bbox 197 2504 2730 2595; baseline 0 -21"><span class='ocrx_word' id='word_1_211' title='bbox 197 2505 539 2574; x_wconf 84' lang='lat' dir='ltr'>solitariae</span> <span class='ocrx_word' id='word_1_212' title='bbox 588 2504 894 2574; x_wconf 89' lang='lat' dir='ltr'>studium</span> <span class='ocrx_word' id='word_1_213' title='bbox 946 2506 1316 2595; x_wconf 86' lang='lat' dir='ltr'>egreditur,</span> <span class='ocrx_word' id='word_1_214' title='bbox 1377 2505 1565 2573; x_wconf 89' lang='lat' dir='ltr'>illius</span> <span class='ocrx_word' id='word_1_215' title='bbox 1613 2504 2066 2582; x_wconf 89' lang='lat' dir='ltr'>orationibus,</span> <span class='ocrx_word' id='word_1_216' title='bbox 2106 2517 2182 2573; x_wconf 86' lang='lat' dir='ltr'>ut</span> <span class='ocrx_word' id='word_1_217' title='bbox 2220 2509 2435 2573; x_wconf 88' lang='lat' dir='ltr'>armis</span> <span class='ocrx_word' id='word_1_218' title='bbox 2494 2519 2730 2593; x_wconf 90' lang='lat' dir='ltr'>poten-</span> 
     </span>
     <span class='ocr_line' id='line_1_26' title="bbox 198 2594 2733 2675; baseline 0 -13"><span class='ocrx_word' id='word_1_219' title='bbox 198 2594 504 2674; x_wconf 88' lang='lat' dir='ltr'>tissimis,</span> <span class='ocrx_word' id='word_1_220' title='bbox 545 2597 757 2663; x_wconf 75' lang='lat' dir='ltr'>fretus</span> <span class='ocrx_word' id='word_1_221' title='bbox 786 2595 868 2662; x_wconf 87' lang='lat' dir='ltr'>ad</span> <span class='ocrx_word' id='word_1_222' title='bbox 905 2594 1435 2662; x_wconf 87' lang='lat' dir='ltr'>destructionem</span> <span class='ocrx_word' id='word_1_223' title='bbox 1490 2594 1953 2662; x_wconf 86' lang='lat' dir='ltr'>munitionum</span> <span class='ocrx_word' id='word_1_224' title='bbox 1994 2607 2291 2661; x_wconf 89' lang='lat' dir='ltr'>satanae.</span> <span class='ocrx_word' id='word_1_225' title='bbox 2330 2594 2580 2675; x_wconf 80' lang='lat' dir='ltr'>Quinto</span> <span class='ocrx_word' id='word_1_226' title='bbox 2611 2617 2733 2663; x_wconf 86' lang='lat' dir='ltr'>au-</span> 
     </span>
     <span class='ocr_line' id='line_1_27' title="bbox 196 2681 2733 2790; baseline 0 -39"><span class='ocrx_word' id='word_1_227' title='bbox 196 2694 328 2752; x_wconf 88' lang='lat' dir='ltr'>tem</span> <span class='ocrx_word' id='word_1_228' title='bbox 372 2687 457 2752; x_wconf 90' lang='lat' dir='ltr'>ab</span> <span class='ocrx_word' id='word_1_229' title='bbox 504 2682 788 2752; x_wconf 87' lang='lat' dir='ltr'>ecclesia</span> <span class='ocrx_word' id='word_1_230' title='bbox 821 2683 1052 2790; x_wconf 59' lang='lat' dir='ltr'>lapide</span> <span class='ocrx_word' id='word_1_231' title='bbox 1104 2683 1479 2774; x_wconf 83' lang='lat' dir='ltr'>palaestrae</span> <span class='ocrx_word' id='word_1_232' title='bbox 1507 2705 1673 2750; x_wconf 90' lang='lat' dir='ltr'>suae</span> <span class='ocrx_word' id='word_1_233' title='bbox 1703 2681 2132 2751; x_wconf 87' lang='lat' dir='ltr'>domicilium</span> <span class='ocrx_word' id='word_1_234' title='bbox 2167 2682 2543 2762; x_wconf 88' lang='lat' dir='ltr'>constituit,</span> <span class='ocrx_word' id='word_1_235' title='bbox 2587 2682 2733 2752; x_wconf 90' lang='lat' dir='ltr'>loco</span> 
     </span>
     <span class='ocr_line' id='line_1_28' title="bbox 195 2771 2735 2862; baseline -0 -21"><span class='ocrx_word' id='word_1_236' title='bbox 195 2772 307 2841; x_wconf 89' lang='lat' dir='ltr'>cui</span> <span class='ocrx_word' id='word_1_237' title='bbox 358 2772 601 2841; x_wconf 89' lang='lat' dir='ltr'>Tholas</span> <span class='ocrx_word' id='word_1_238' title='bbox 654 2794 899 2841; x_wconf 88' lang='lat' dir='ltr'>nomen</span> <span class='ocrx_word' id='word_1_239' title='bbox 949 2785 1072 2841; x_wconf 90' lang='lat' dir='ltr'>est.</span> <span class='ocrx_word' id='word_1_240' title='bbox 1131 2772 1367 2858; x_wconf 86' lang='lat' dir='ltr'>[bique</span> <span class='ocrx_word' id='word_1_241' title='bbox 1413 2771 1874 2862; x_wconf 88' lang='lat' dir='ltr'>quadraginta</span> <span class='ocrx_word' id='word_1_242' title='bbox 1924 2792 2142 2838; x_wconf 84' lang='lat' dir='ltr'>annos</span> <span class='ocrx_word' id='word_1_243' title='bbox 2193 2793 2465 2838; x_wconf 88' lang='lat' dir='ltr'>summa</span> <span class='ocrx_word' id='word_1_244' title='bbox 2515 2771 2735 2840; x_wconf 89' lang='lat' dir='ltr'>animi</span> 
     </span>
     <span class='ocr_line' id='line_1_29' title="bbox 194 2859 2739 2951; baseline 0 -23"><span class='ocrx_word' id='word_1_245' title='bbox 194 2862 765 2951; x_wconf 84' lang='lat' dir='ltr'>magnanimitate</span> <span class='ocrx_word' id='word_1_246' title='bbox 798 2874 861 2930; x_wconf 90' lang='lat' dir='ltr'>et</span> <span class='ocrx_word' id='word_1_247' title='bbox 909 2860 1256 2929; x_wconf 87' lang='lat' dir='ltr'>alacritate</span> <span class='ocrx_word' id='word_1_248' title='bbox 1309 2861 1658 2951; x_wconf 81' lang='lat' dir='ltr'>transegit,</span> <span class='ocrx_word' id='word_1_249' title='bbox 1708 2859 2194 2929; x_wconf 86' lang='lat' dir='ltr'>ardentissimo</span> <span class='ocrx_word' id='word_1_250' title='bbox 2243 2881 2476 2928; x_wconf 89' lang='lat' dir='ltr'>amore</span> <span class='ocrx_word' id='word_1_251' title='bbox 2524 2883 2603 2928; x_wconf 90' lang='lat' dir='ltr'>ac</span> <span class='ocrx_word' id='word_1_252' title='bbox 2633 2860 2739 2928; x_wconf 93' lang='lat' dir='ltr'>di-</span> 
     </span>
     <span class='ocr_line' id='line_1_30' title="bbox 197 2949 2730 3039; baseline 0.002 -24"><span class='ocrx_word' id='word_1_253' title='bbox 197 2949 394 3018; x_wconf 86' lang='lat' dir='ltr'>vinae</span> <span class='ocrx_word' id='word_1_254' title='bbox 459 2950 813 3019; x_wconf 81' lang='lat' dir='ltr'>charitatis</span> <span class='ocrx_word' id='word_1_255' title='bbox 880 2949 1038 3039; x_wconf 89' lang='lat' dir='ltr'>igne</span> <span class='ocrx_word' id='word_1_256' title='bbox 1104 2972 1376 3038; x_wconf 87' lang='lat' dir='ltr'>semper</span> <span class='ocrx_word' id='word_1_257' title='bbox 1436 2963 1782 3018; x_wconf 85' lang='lat' dir='ltr'>aestuans.</span> <span class='ocrx_word' id='word_1_258' title='bbox 1843 2955 1994 3017; x_wconf 83' lang='lat' dir='ltr'>Jam</span> <span class='ocrx_word' id='word_1_259' title='bbox 2050 2970 2205 3016; x_wconf 86' lang='lat' dir='ltr'>vero</span> <span class='ocrx_word' id='word_1_260' title='bbox 2253 2949 2412 3036; x_wconf 90' lang='lat' dir='ltr'>quis</span> <span class='ocrx_word' id='word_1_261' title='bbox 2469 2949 2730 3038; x_wconf 88' lang='lat' dir='ltr'>possit,</span> 
     </span>
     <span class='ocr_line' id='line_1_31' title="bbox 196 3037 2739 3128; baseline 0.001 -23"><span class='ocrx_word' id='word_1_262' title='bbox 196 3051 492 3123; x_wconf 88' lang='lat' dir='ltr'>quantos</span> <span class='ocrx_word' id='word_1_263' title='bbox 542 3038 684 3106; x_wconf 90' lang='lat' dir='ltr'>illic</span> <span class='ocrx_word' id='word_1_264' title='bbox 749 3038 1028 3126; x_wconf 88' lang='lat' dir='ltr'>pertulit</span> <span class='ocrx_word' id='word_1_265' title='bbox 1079 3037 1370 3117; x_wconf 88' lang='lat' dir='ltr'>labores,</span> <span class='ocrx_word' id='word_1_266' title='bbox 1435 3038 1643 3128; x_wconf 84' lang='lat' dir='ltr'>digne</span> <span class='ocrx_word' id='word_1_267' title='bbox 1708 3051 1827 3106; x_wconf 91' lang='lat' dir='ltr'>aut</span> <span class='ocrx_word' id='word_1_268' title='bbox 1884 3038 2131 3118; x_wconf 87' lang='lat' dir='ltr'>verbis,</span> <span class='ocrx_word' id='word_1_269' title='bbox 2194 3051 2313 3107; x_wconf 88' lang='lat' dir='ltr'>aut</span> <span class='ocrx_word' id='word_1_270' title='bbox 2374 3037 2739 3128; x_wconf 88' lang='lat' dir='ltr'>plausibus</span> 
     </span>
     <span class='ocr_line' id='line_1_32' title="bbox 195 3126 2738 3216; baseline 0.002 -24"><span class='ocrx_word' id='word_1_271' title='bbox 195 3127 572 3216; x_wconf 72' lang='lat' dir='ltr'>prosequi?</span> <span class='ocrx_word' id='word_1_272' title='bbox 620 3126 975 3208; x_wconf 87' lang='lat' dir='ltr'>Quomodo</span> <span class='ocrx_word' id='word_1_273' title='bbox 1021 3127 1202 3194; x_wconf 91' lang='lat' dir='ltr'>enim</span> <span class='ocrx_word' id='word_1_274' title='bbox 1259 3127 1321 3193; x_wconf 90' lang='lat' dir='ltr'>id</span> <span class='ocrx_word' id='word_1_275' title='bbox 1375 3128 1599 3195; x_wconf 83' lang='lat' dir='ltr'>ess&#39;erri</span> <span class='ocrx_word' id='word_1_276' title='bbox 1634 3127 1702 3194; x_wconf 92' lang='lat' dir='ltr'>in</span> <span class='ocrx_word' id='word_1_277' title='bbox 1748 3127 1968 3195; x_wconf 87' lang='lat' dir='ltr'>lucem</span> <span class='ocrx_word' id='word_1_278' title='bbox 2017 3127 2279 3216; x_wconf 85' lang='lat' dir='ltr'>poterit,</span> <span class='ocrx_word' id='word_1_279' title='bbox 2316 3149 2472 3196; x_wconf 90' lang='lat' dir='ltr'>cum</span> <span class='ocrx_word' id='word_1_280' title='bbox 2508 3128 2738 3196; x_wconf 86' lang='lat' dir='ltr'>omnis</span> 
     </span>
     <span class='ocr_line' id='line_1_33' title="bbox 198 3214 2736 3306; baseline 0 -23"><span class='ocrx_word' id='word_1_281' title='bbox 198 3214 351 3299; x_wconf 87' lang='lat' dir='ltr'>ejus</span> <span class='ocrx_word' id='word_1_282' title='bbox 393 3216 586 3283; x_wconf 92' lang='lat' dir='ltr'>labor</span> <span class='ocrx_word' id='word_1_283' title='bbox 632 3214 808 3281; x_wconf 90' lang='lat' dir='ltr'>clam</span> <span class='ocrx_word' id='word_1_284' title='bbox 860 3227 923 3282; x_wconf 89' lang='lat' dir='ltr'>et</span> <span class='ocrx_word' id='word_1_285' title='bbox 957 3214 1105 3282; x_wconf 86' lang='lat' dir='ltr'>sine</span> <span class='ocrx_word' id='word_1_286' title='bbox 1153 3214 1409 3284; x_wconf 88' lang='lat' dir='ltr'>arbitro</span> <span class='ocrx_word' id='word_1_287' title='bbox 1457 3229 1734 3284; x_wconf 84' lang='lat' dir='ltr'>exactus</span> <span class='ocrx_word' id='word_1_288' title='bbox 1761 3216 1897 3284; x_wconf 69' lang='lat' dir='ltr'>sit&#39;?</span> <span class='ocrx_word' id='word_1_289' title='bbox 1938 3220 2444 3296; x_wconf 87' lang='lat' dir='ltr'>Verumtamen,</span> <span class='ocrx_word' id='word_1_290' title='bbox 2480 3237 2558 3284; x_wconf 85' lang='lat' dir='ltr'>ex</span> <span class='ocrx_word' id='word_1_291' title='bbox 2596 3216 2736 3306; x_wconf 91' lang='lat' dir='ltr'>pri-</span> 
     </span>
     <span class='ocr_line' id='line_1_34' title="bbox 199 3302 2737 3393; baseline 0.002 -22"><span class='ocrx_word' id='word_1_292' title='bbox 199 3303 416 3372; x_wconf 87' lang='lat' dir='ltr'>mitiis</span> <span class='ocrx_word' id='word_1_293' title='bbox 463 3303 883 3388; x_wconf 87' lang='lat' dir='ltr'>quibusdam</span> <span class='ocrx_word' id='word_1_294' title='bbox 923 3314 990 3371; x_wconf 91' lang='lat' dir='ltr'>et</span> <span class='ocrx_word' id='word_1_295' title='bbox 1037 3302 1220 3371; x_wconf 87' lang='lat' dir='ltr'>velut</span> <span class='ocrx_word' id='word_1_296' title='bbox 1269 3304 1559 3393; x_wconf 84' lang='lat' dir='ltr'>praeviis</span> <span class='ocrx_word' id='word_1_297' title='bbox 1618 3303 2123 3387; x_wconf 82' lang='lat' dir='ltr'>occasionibus,</span> <span class='ocrx_word' id='word_1_298' title='bbox 2177 3304 2560 3374; x_wconf 87' lang='lat' dir='ltr'>beatissimi</span> <span class='ocrx_word' id='word_1_299' title='bbox 2610 3306 2737 3375; x_wconf 90' lang='lat' dir='ltr'>viri</span> 
     </span>
     <span class='ocr_line' id='line_1_35' title="bbox 202 3391 1626 3461; baseline 0.001 -1"><span class='ocrx_word' id='word_1_300' title='bbox 202 3403 517 3461; x_wconf 88' lang='lat' dir='ltr'>sanctum</span> <span class='ocrx_word' id='word_1_301' title='bbox 575 3391 746 3460; x_wconf 86' lang='lat' dir='ltr'>vitae</span> <span class='ocrx_word' id='word_1_302' title='bbox 795 3392 1181 3460; x_wconf 89' lang='lat' dir='ltr'>institutum</span> <span class='ocrx_word' id='word_1_303' title='bbox 1234 3393 1626 3461; x_wconf 89' lang='lat' dir='ltr'>audiamus.</span> 
     </span>
    </p>

    <p class='ocr_par' dir='ltr' id='par_1_4' title="bbox 199 3480 2747 4550">
     <span class='ocr_line' id='line_1_36' title="bbox 289 3480 2739 3572; baseline 0 -21"><span class='ocrx_word' id='word_1_304' title='bbox 289 3482 326 3566; x_wconf 65' lang='grc' dir='ltr'>ἓ</span> <span class='ocrx_word' id='word_1_305' title='bbox 387 3485 472 3552; x_wconf 68' lang='grc'>4.</span> <span class='ocrx_word' id='word_1_306' title='bbox 532 3480 782 3548; x_wconf 86' lang='lat' dir='ltr'>Edebat</span> <span class='ocrx_word' id='word_1_307' title='bbox 829 3480 1105 3565; x_wconf 89' lang='lat' dir='ltr'>quidem</span> <span class='ocrx_word' id='word_1_308' title='bbox 1157 3501 1234 3549; x_wconf 87' lang='lat' dir='ltr'>ex</span> <span class='ocrx_word' id='word_1_309' title='bbox 1284 3481 1610 3551; x_wconf 85' lang='lat' dir='ltr'>omnibus</span> <span class='ocrx_word' id='word_1_310' title='bbox 1673 3502 1849 3566; x_wconf 91' lang='lat' dir='ltr'>quae</span> <span class='ocrx_word' id='word_1_311' title='bbox 1916 3481 2048 3550; x_wconf 89' lang='lat' dir='ltr'>sibi</span> <span class='ocrx_word' id='word_1_312' title='bbox 2112 3503 2234 3572; x_wconf 90' lang='lat' dir='ltr'>per</span> <span class='ocrx_word' id='word_1_313' title='bbox 2293 3482 2739 3572; x_wconf 85' lang='lat' dir='ltr'>professionis</span> 
     </span>
     <span class='ocr_line' id='line_1_37' title="bbox 201 3568 2735 3649; baseline 0 -11"><span class='ocrx_word' id='word_1_314' title='bbox 201 3590 366 3638; x_wconf 88' lang='lat' dir='ltr'>suae</span> <span class='ocrx_word' id='word_1_315' title='bbox 396 3580 623 3637; x_wconf 88' lang='lat' dir='ltr'>votum</span> <span class='ocrx_word' id='word_1_316' title='bbox 676 3568 875 3637; x_wconf 89' lang='lat' dir='ltr'>edere</span> <span class='ocrx_word' id='word_1_317' title='bbox 924 3569 1193 3648; x_wconf 88' lang='lat' dir='ltr'>licebat,</span> <span class='ocrx_word' id='word_1_318' title='bbox 1225 3570 1342 3638; x_wconf 85' lang='lat' dir='ltr'>sed</span> <span class='ocrx_word' id='word_1_319' title='bbox 1396 3569 1659 3638; x_wconf 88' lang='lat' dir='ltr'>modice</span> <span class='ocrx_word' id='word_1_320' title='bbox 1707 3570 2013 3649; x_wconf 90' lang='lat' dir='ltr'>omnino,</span> <span class='ocrx_word' id='word_1_321' title='bbox 2054 3582 2131 3638; x_wconf 89' lang='lat' dir='ltr'>ut</span> <span class='ocrx_word' id='word_1_322' title='bbox 2177 3592 2257 3638; x_wconf 85' lang='lat' dir='ltr'>ex</span> <span class='ocrx_word' id='word_1_323' title='bbox 2307 3571 2433 3639; x_wconf 91' lang='lat' dir='ltr'>hoc</span> <span class='ocrx_word' id='word_1_324' title='bbox 2482 3571 2735 3640; x_wconf 86' lang='lat' dir='ltr'>fastum</span> 
     </span>
     <span class='ocr_line' id='line_1_38' title="bbox 201 3656 2738 3747; baseline 0 -20"><span class='ocrx_word' id='word_1_325' title='bbox 201 3670 403 3744; x_wconf 85' lang='lat' dir='ltr'>atque</span> <span class='ocrx_word' id='word_1_326' title='bbox 451 3656 768 3726; x_wconf 88' lang='lat' dir='ltr'>elationis</span> <span class='ocrx_word' id='word_1_327' title='bbox 824 3679 1040 3726; x_wconf 83' lang='lat' dir='ltr'>cornu</span> <span class='ocrx_word' id='word_1_328' title='bbox 1101 3657 1610 3747; x_wconf 87' lang='lat' dir='ltr'>sapientissime</span> <span class='ocrx_word' id='word_1_329' title='bbox 1674 3658 2017 3744; x_wconf 86' lang='lat' dir='ltr'>dejecerit,</span> <span class='ocrx_word' id='word_1_330' title='bbox 2082 3659 2409 3729; x_wconf 86' lang='lat' dir='ltr'>brevitate</span> <span class='ocrx_word' id='word_1_331' title='bbox 2455 3660 2738 3745; x_wconf 91' lang='lat' dir='ltr'>quidem</span> 
     </span>
     <span class='ocr_line' id='line_1_39' title="bbox 199 3746 2740 3838; baseline 0.002 -25"><span class='ocrx_word' id='word_1_332' title='bbox 199 3746 422 3815; x_wconf 72' lang='lat' dir='ltr'>victus</span> <span class='ocrx_word' id='word_1_333' title='bbox 457 3747 772 3815; x_wconf 85' lang='lat' dir='ltr'>insanam</span> <span class='ocrx_word' id='word_1_334' title='bbox 810 3746 1012 3836; x_wconf 87' lang='lat' dir='ltr'>gulae</span> <span class='ocrx_word' id='word_1_335' title='bbox 1062 3747 1318 3815; x_wconf 87' lang='lat' dir='ltr'>rabiem</span> <span class='ocrx_word' id='word_1_336' title='bbox 1377 3747 1648 3835; x_wconf 90' lang='lat' dir='ltr'>penitus</span> <span class='ocrx_word' id='word_1_337' title='bbox 1688 3746 2021 3835; x_wconf 77' lang='lat' dir='ltr'>affligenS,</span> <span class='ocrx_word' id='word_1_338' title='bbox 2061 3761 2264 3834; x_wconf 88' lang='lat' dir='ltr'>atque</span> <span class='ocrx_word' id='word_1_339' title='bbox 2298 3747 2410 3816; x_wconf 91' lang='lat' dir='ltr'>ille</span> <span class='ocrx_word' id='word_1_340' title='bbox 2442 3770 2563 3838; x_wconf 89' lang='lat' dir='ltr'>per</span> <span class='ocrx_word' id='word_1_341' title='bbox 2594 3749 2740 3818; x_wconf 89' lang='lat' dir='ltr'>ine-</span> 
     </span>
     <span class='ocr_line' id='line_1_40' title="bbox 202 3834 2738 3938; baseline 0.002 -35"><span class='ocrx_word' id='word_1_342' title='bbox 202 3834 386 3904; x_wconf 90' lang='lat' dir='ltr'>diam</span> <span class='ocrx_word' id='word_1_343' title='bbox 415 3835 758 3904; x_wconf 85' lang='lat' dir='ltr'>clamans:</span> <span class='ocrx_word' id='word_1_344' title='bbox 796 3840 988 3916; x_wconf 84' lang='lat' dir='ltr'>Tace,</span> <span class='ocrx_word' id='word_1_345' title='bbox 1027 3837 1465 3904; x_wconf 83' lang='lat' dir='ltr'>Obmutesce:</span> <span class='ocrx_word' id='word_1_346' title='bbox 1519 3848 1585 3903; x_wconf 92' lang='lat' dir='ltr'>et</span> <span class='ocrx_word' id='word_1_347' title='bbox 1612 3856 1691 3903; x_wconf 86' lang='lat' dir='ltr'>ex</span> <span class='ocrx_word' id='word_1_348' title='bbox 1724 3836 2050 3906; x_wconf 87' lang='lat' dir='ltr'>omnibus</span> <span class='ocrx_word' id='word_1_349' title='bbox 2079 3837 2345 3905; x_wconf 87' lang='lat' dir='ltr'>modice</span> <span class='ocrx_word' id='word_1_350' title='bbox 2370 3839 2738 3938; x_wconf 77' lang='lat' dir='ltr'>gustandO,</span> 
     </span>
     <span class='ocr_line' id='line_1_41' title="bbox 202 3923 2745 4018; baseline 0.002 -25"><span class='ocrx_word' id='word_1_351' title='bbox 202 3923 638 4013; x_wconf 82' lang='lat' dir='ltr'>tyrannidem</span> <span class='ocrx_word' id='word_1_352' title='bbox 692 3924 924 3992; x_wconf 88' lang='lat' dir='ltr'>inanis</span> <span class='ocrx_word' id='word_1_353' title='bbox 972 3923 1229 4014; x_wconf 88' lang='lat' dir='ltr'>gloriae</span> <span class='ocrx_word' id='word_1_354' title='bbox 1278 3924 1408 3992; x_wconf 88' lang='lat' dir='ltr'>sub</span> <span class='ocrx_word' id='word_1_355' title='bbox 1447 3924 1699 4014; x_wconf 87' lang='lat' dir='ltr'>jugum</span> <span class='ocrx_word' id='word_1_356' title='bbox 1754 3923 2055 3994; x_wconf 81' lang='lat' dir='ltr'>mittenS.</span> <span class='ocrx_word' id='word_1_357' title='bbox 2121 3925 2502 3996; x_wconf 83' lang='lat' dir='ltr'>Solitudme</span> <span class='ocrx_word' id='word_1_358' title='bbox 2553 3949 2745 4018; x_wconf 87' lang='lat' dir='ltr'>prae-</span> 
     </span>
     <span class='ocr_line' id='line_1_42' title="bbox 202 4013 2747 4103; baseline 0.002 -23"><span class='ocrx_word' id='word_1_359' title='bbox 202 4025 382 4081; x_wconf 88' lang='lat' dir='ltr'>terea</span> <span class='ocrx_word' id='word_1_360' title='bbox 417 4026 481 4082; x_wconf 91' lang='lat' dir='ltr'>et</span> <span class='ocrx_word' id='word_1_361' title='bbox 529 4036 682 4082; x_wconf 89' lang='lat' dir='ltr'>raro</span> <span class='ocrx_word' id='word_1_362' title='bbox 735 4014 1093 4082; x_wconf 88' lang='lat' dir='ltr'>hominum</span> <span class='ocrx_word' id='word_1_363' title='bbox 1138 4034 1537 4102; x_wconf 88' lang='lat' dir='ltr'>congressu,</span> <span class='ocrx_word' id='word_1_364' title='bbox 1591 4013 1889 4084; x_wconf 85' lang='lat' dir='ltr'>fornacis</span> <span class='ocrx_word' id='word_1_365' title='bbox 1937 4014 2147 4103; x_wconf 86' lang='lat' dir='ltr'>hujus</span> <span class='ocrx_word' id='word_1_366' title='bbox 2207 4014 2585 4098; x_wconf 89' lang='lat' dir='ltr'>flammam,</span> <span class='ocrx_word' id='word_1_367' title='bbox 2641 4016 2747 4086; x_wconf 86' lang='lat' dir='ltr'>lu-</span> 
     </span>
     <span class='ocr_line' id='line_1_43' title="bbox 199 4101 2739 4190; baseline 0.002 -20"><span class='ocrx_word' id='word_1_368' title='bbox 199 4101 471 4170; x_wconf 86' lang='lat' dir='ltr'>xuriam</span> <span class='ocrx_word' id='word_1_369' title='bbox 523 4103 824 4184; x_wconf 87' lang='lat' dir='ltr'>scilicet,</span> <span class='ocrx_word' id='word_1_370' title='bbox 887 4102 1056 4171; x_wconf 89' lang='lat' dir='ltr'>adeo</span> <span class='ocrx_word' id='word_1_371' title='bbox 1111 4102 1432 4183; x_wconf 81' lang='lat' dir='ltr'>extinxit,</span> <span class='ocrx_word' id='word_1_372' title='bbox 1494 4114 1570 4171; x_wconf 89' lang='lat' dir='ltr'>ut</span> <span class='ocrx_word' id='word_1_373' title='bbox 1627 4103 1912 4171; x_wconf 92' lang='lat' dir='ltr'>omnino</span> <span class='ocrx_word' id='word_1_374' title='bbox 1960 4104 2310 4173; x_wconf 87' lang='lat' dir='ltr'>obstructa</span> <span class='ocrx_word' id='word_1_375' title='bbox 2357 4105 2739 4190; x_wconf 89' lang='lat' dir='ltr'>sedaretur,</span> 
     </span>
     <span class='ocr_line' id='line_1_44' title="bbox 204 4189 2741 4282; baseline 0.002 -25"><span class='ocrx_word' id='word_1_376' title='bbox 204 4189 574 4276; x_wconf 85' lang='lat' dir='ltr'>nullasque</span> <span class='ocrx_word' id='word_1_377' title='bbox 626 4192 974 4261; x_wconf 89' lang='lat' dir='ltr'>molestias</span> <span class='ocrx_word' id='word_1_378' title='bbox 1026 4190 1375 4281; x_wconf 89' lang='lat' dir='ltr'>irrogaret.</span> <span class='ocrx_word' id='word_1_379' title='bbox 1436 4191 1891 4279; x_wconf 84' lang='lat' dir='ltr'>Cupiditatem</span> <span class='ocrx_word' id='word_1_380' title='bbox 1926 4214 2082 4261; x_wconf 83' lang='lat' dir='ltr'>vero</span> <span class='ocrx_word' id='word_1_381' title='bbox 2110 4193 2346 4282; x_wconf 89' lang='lat' dir='ltr'>(quam</span> <span class='ocrx_word' id='word_1_382' title='bbox 2401 4194 2741 4264; x_wconf 91' lang='lat' dir='ltr'>idolorum</span> 
     </span>
     <span class='ocr_line' id='line_1_45' title="bbox 203 4279 2747 4370; baseline 0.003 -25"><span class='ocrx_word' id='word_1_383' title='bbox 203 4279 709 4348; x_wconf 79' lang='lat' dir='ltr'>venerationem</span> <span class='ocrx_word' id='word_1_384' title='bbox 747 4279 1107 4370; x_wconf 82' lang='lat' dir='ltr'>Apostolus</span> <span class='ocrx_word' id='word_1_385' title='bbox 1146 4302 1294 4350; x_wconf 87' lang='lat' dir='ltr'>esse</span> <span class='ocrx_word' id='word_1_386' title='bbox 1326 4280 1680 4366; x_wconf 83' lang='lat' dir='ltr'>diffinivit)</span> <span class='ocrx_word' id='word_1_387' title='bbox 1727 4281 2197 4352; x_wconf 76' lang='lat' dir='ltr'>misericordia</span> <span class='ocrx_word' id='word_1_388' title='bbox 2234 4283 2348 4351; x_wconf 90' lang='lat' dir='ltr'>Dei</span> <span class='ocrx_word' id='word_1_389' title='bbox 2374 4304 2747 4370; x_wconf 85' lang='lat' dir='ltr'>rerumque</span> 
     </span>
     <span class='ocr_line' id='line_1_46' title="bbox 205 4366 2743 4460; baseline 0.002 -25"><span class='ocrx_word' id='word_1_390' title='bbox 205 4366 575 4453; x_wconf 82' lang='lat' dir='ltr'>exiguitate</span> <span class='ocrx_word' id='word_1_391' title='bbox 624 4368 991 4440; x_wconf 89' lang='lat' dir='ltr'>fortissime</span> <span class='ocrx_word' id='word_1_392' title='bbox 1025 4368 1218 4439; x_wconf 89' lang='lat' dir='ltr'>fortis</span> <span class='ocrx_word' id='word_1_393' title='bbox 1269 4369 1390 4439; x_wconf 90' lang='lat' dir='ltr'>iste</span> <span class='ocrx_word' id='word_1_394' title='bbox 1438 4369 1806 4460; x_wconf 85' lang='lat' dir='ltr'>superavit.</span> <span class='ocrx_word' id='word_1_395' title='bbox 1860 4371 2172 4441; x_wconf 80' lang='lat' dir='ltr'>Acediam</span> <span class='ocrx_word' id='word_1_396' title='bbox 2206 4394 2359 4440; x_wconf 91' lang='lat' dir='ltr'>vero</span> <span class='ocrx_word' id='word_1_397' title='bbox 2389 4373 2743 4458; x_wconf 88' lang='lat' dir='ltr'>animique</span> 
     </span>
     <span class='ocr_line' id='line_1_47' title="bbox 209 4453 2739 4550; baseline 0.002 -27"><span class='ocrx_word' id='word_1_398' title='bbox 209 4453 546 4526; x_wconf 90' lang='lat' dir='ltr'>desidiam</span> <span class='ocrx_word' id='word_1_399' title='bbox 586 4457 827 4547; x_wconf 89' lang='lat' dir='ltr'>(quam</span> <span class='ocrx_word' id='word_1_400' title='bbox 879 4459 1120 4529; x_wconf 90' lang='lat' dir='ltr'>merito</span> <span class='ocrx_word' id='word_1_401' title='bbox 1174 4459 1414 4550; x_wconf 88' lang='lat' dir='ltr'>jugem</span> <span class='ocrx_word' id='word_1_402' title='bbox 1476 4460 1747 4528; x_wconf 85' lang='lat' dir='ltr'>animae</span> <span class='ocrx_word' id='word_1_403' title='bbox 1798 4473 2083 4531; x_wconf 88' lang='lat' dir='ltr'>mortem</span> <span class='ocrx_word' id='word_1_404' title='bbox 2133 4461 2456 4547; x_wconf 82' lang='lat' dir='ltr'>dixerim)</span> <span class='ocrx_word' id='word_1_405' title='bbox 2502 4461 2739 4530; x_wconf 58' lang='lat' dir='ltr'>morti}-</span> 
     </span>
    </p>
   </div>
   <div class='ocr_carea' id='block_1_3' title="bbox 360 4577 2582 4640">
    <p class='ocr_par' dir='ltr' id='par_1_5' title="bbox 360 4577 2582 4640">
     <span class='ocr_line' id='line_1_48' title="bbox 360 4577 2582 4640; baseline 0.002 -8"><span class='ocrx_word' id='word_1_406' title='bbox 360 4577 603 4634; x_wconf 81' lang='lat' dir='ltr'>Surius</span> <span class='ocrx_word' id='word_1_407' title='bbox 647 4608 668 4621; x_wconf 92' lang='lat'>-</span> <span class='ocrx_word' id='word_1_408' title='bbox 720 4577 879 4637; x_wconf 74' lang='lat' dir='ltr'>Vitae</span> <span class='ocrx_word' id='word_1_409' title='bbox 917 4577 1022 4640; x_wconf 78' lang='lat' dir='ltr'>SS.</span> <span class='ocrx_word' id='word_1_410' title='bbox 1057 4610 1077 4622; x_wconf 91' lang='lat'><strong>·</strong></span> <span class='ocrx_word' id='word_1_411' title='bbox 1105 4579 1230 4638; x_wconf 80' lang='lat' dir='ltr'>Vol.</span> <span class='ocrx_word' id='word_1_412' title='bbox 1260 4578 1363 4637; x_wconf 93' lang='lat'>111.</span> <span class='ocrx_word' id='word_1_413' title='bbox 2508 4580 2582 4636; x_wconf 89' lang='grc'>36</span> 
     </span>
    </p>
   </div>
  </div>
 </body>
</html>
