3327 4999
601 402 607 411 ⁴
704 326 835 391 202
1507 344 1585 390 nx
1632 344 1690 391 5.
1745 341 2057 391 ausonio
2106 342 2267 389 rxrx
2773 323 3005 391 MART.
3055 325 3127 389 ⁴2

611 421 847 493 eodem
900 422 1187 495 Maximo
1234 424 1303 492 in
1354 445 1480 493 sua
1528 422 2086 513 praesumptione
2133 432 2475 502 manente,
2513 434 3008 492 consecratores
3037 434 3130 492 at-

611 533 746 598 que
791 533 1033 582 omnes
1080 511 1498 582 Dalmatinos
1544 524 1609 581 et
1652 511 2041 582 Jadertinos
2099 513 2457 602 episcopos
2505 511 2592 580 ab
2639 510 2790 600 ejus
2824 513 3129 596 {commu-

612 601 822 670 nione
867 600 999 670 sub
1043 599 1748 670 excommunicatione
1795 599 2151 691 disjunxit:
2214 599 2385 669 adeo
2431 612 2509 669 ut
2558 620 2643 668 ne
2691 620 2933 669 nomen
2990 600 3135 687 qui-

614 688 772 758 dem
816 688 1093 759 Maximi
1138 689 1317 759 inter
1361 710 1556 759 sacra
1606 688 1967 759 Missarum
2018 688 2354 760 solemnia
2403 703 2885 758 memorarent.
2923 711 2959 755 »
3004 694 3137 772 Quo

613 777 815 853 facto,
858 778 954 847 ita
998 799 1240 848 omnes
1286 777 1704 848 consternati
1751 790 1913 847 sunt
1958 778 2217 851 animo.
2254 788 2334 848 ut
2379 779 2511 849 sub
2560 777 3008 867 poenitentiae
3037 800 3136 848 sa-

613 864 1024 943 tisfactione,
1064 866 1298 937 relicto
1332 867 1645 946 Maximo,
1687 866 1955 936 veniam
2006 866 2455 968 postularent.
2527 866 2720 937 Unde
2767 867 3140 937 misericor-

614 954 947 1025 dissimus
994 955 1294 1047 pontifex
1343 955 1717 1026 Sabiniano
1760 955 2118 1025 Jadertmo
2149 955 2381 1047 episco
2435 977 2474 1024 o
2523 955 2858 1026 scribens:
2891 955 3131 1031 «Sicut.

613 1044 866 1130 inquit,
927 1045 1387 1135 perseveranti
1445 1044 1692 1136 culpae
1740 1044 2029 1115 debetur
2065 1045 2225 1134 jure
2255 1044 2369 1112 vin
2427 1043 2583 1113 icta:
2623 1044 2716 1112 ita
2746 1044 3135 1135 resipiscen-

617 1132 806 1202 tibus
868 1144 971 1203 est
1033 1134 1231 1203 venia
1286 1133 1749 1203 concedenda.
1814 1138 1983 1203 Nam
2051 1145 2128 1203 ut
2191 1154 2299 1203 res
2346 1132 2464 1202 illa
2511 1143 2750 1202 contra
2799 1154 2872 1202 se
2918 1131 3138 1201 merito

615 1233 839 1312 potest
903 1222 1335 1293 iracundiam
1384 1222 1716 1303 excitare,
1767 1222 1824 1292 si
1890 1221 2058 1292 haec
2119 1222 2191 1291 in
2257 1244 2382 1292 sua
2432 1241 2717 1312 prorsus
2794 1221 3137 1291 dilectione

618 1309 790 1380 solet
833 1311 1272 1381 concordiam
1320 1333 1726 1413 propagare.
1781 1315 1858 1380 Et
1905 1310 2058 1381 ideo
2104 1310 2268 1397 quia
2330 1309 2825 1380 fraternitatem
2878 1323 3058 1380 tuam
3102 1330 3138 1377 a

619 1400 959 1470 consortio
1004 1411 1070 1470 et
1116 1422 1604 1471 communione
1654 1399 1949 1483 Maximi,
1994 1400 2119 1469 ubi
2167 1412 2230 1469 16
2280 1400 2473 1489 prius
2524 1398 2879 1489 neglectus
2924 1399 3134 1488 impu-

618 1487 838 1571 ierat,
892 1489 1236 1558 intantum
1310 1502 1543 1579 postea
1606 1487 1905 1580 gravitas
1953 1487 2315 1557 sacerdotii
2370 1488 2457 1557 ad
2505 1489 2842 1557 animum'
2875 1487 3137 1558 reducta

620 1578 1028 1667 suspendit,
1081 1590 1160 1647 ut
1213 1576 1364 1667 ejus
1431 1576 1576 1649 sola
1638 1575 2036 1648 nullatenus
2096 1577 2426 1667 patereris
2489 1596 2640 1646 6556
2687 1599 2884 1669 segre
2934 1575 3141 1646 atione

618 1678 1003 1739 contentus,
1070 1666 1206 1737 nisi
1264 1679 1330 1736 et
1388 1666 1459 1735 in
1525 1665 1921 1735 monasterii
1986 1678 2047 1734 16
2110 1665 2411 1735 claustra
2459 1665 2826 1756 recipienS,
2939 1664 3139 1735 udum

619 1755 991 1826 commissa
1024 1753 1334 1835 defleres,
1377 1776 1457 1824 ea
1554 1767 1783 1846 ropter
1825 1754 1895 1823 in
1929 1766 2165 1824 nostra
2205 1766 2266 1824 te
2299 1754 2518 1846 gratia
2551 1777 2630 1825 ac
2671 1753 3145 1825 communione

620 1854 973 1932 receptum
1021 1864 1171 1913 6556
1219 1864 1353 1913 11011
1403 1777 1702 1914 dubites.
1754 1848 1920 1912 Nam
1969 1855 2307 1930 quantum
2351 1864 2474 1912 nos
2508 1844 2705 1934 prius
2754 1843 2960 1934 culpa
3005 1855 3145 1911 tuae

622 1931 976 2002 charitatis
1023 1933 1417 2002 offenderat.
1474 1944 1740 2002 tantum
1782 1932 2197 2022 poenitentia
2245 1932 2601 2021 mitigavit.
2642 1954 2678 1998 »
2742 1937 2978 2019 Itaque
3023 1935 3149 1999 Ma-

624 2020 855 2092 ximus
903 2042 1191 2093 cernens
1265 2020 1536 2091 tandem
1587 2019 1962 2107 aliquando
2008 2020 2265 2091 durum
2313 2042 2463 2091 esse
2509 2033 2747 2091 contra
2798 2017 3142 2091 stimulum

626 2107 1008 2192 calcitrare,
1063 2110 1319 2180 relictis
1365 2109 1843 2200 imperialibus
1890 2108 2355 2191 adminiculis»,
2410 2130 2531 2199 per
2576 2109 2992 2180 Gallinicum
3047 2128 3149 2176 ex·-

630 2197 920 2267 archum
971 2200 1136 2271 satis
1183 2199 1538 2269 humiliter
1584 2198 1870 2269 concedi
1917 2197 2050 2266 sibi
2098 2198 2610 2289 poenitentiam:
2661 2199 3013 2286 simulque
3047 2214 3147 2265 ve·

633 2285 822 2354 niam
872 2309 912 2357 a
961 2289 1283 2379 Gregorio
1330 2287 1720 2379 postulavit.
1775 2292 1986 2369 Quem
2036 2286 2184 2378 ipse
2238 2291 2524 2357 Romam
2572 2285 2854 2378 fatigari
2899 2285 3146 2363 nolens,

633 2395 915 2446 causam
952 2378 1104 2468 ejus
1137 2377 1642 2447 discutiendam
1693 2381 2054 2446 Ravennae
2098 2375 2466 2445 commisit.

714 2466 751 2551 ἓ
797 2468 872 2536 2.
936 2466 1271 2537 Maximus
1318 2466 1573 2553 itaque.
1625 2485 1809 2534 anno
1858 2464 2147 2555 septimo
2198 2463 2938 2539 excommunicationis
2975 2480 3147 2541 suae,

625 2565 780 2642 post
811 2556 1291 2657 castigationes
1321 2567 1387 2624 et
1418 2553 1691 2646 flagella
1729 2556 2033 2654 Gregorii
2080 2553 2166 2623 ad
2215 2576 2333 2624 cor
2365 2565 2731 2626 revertens.
2771 2560 3152 2625 Ravennam

622 2642 840 2732 petiit,
881 2657 948 2713 et
984 2644 1267 2735 jactavit
1311 2666 1382 2713 se
1428 2655 1667 2713 tensus
1714 2642 1784 2711 in
1824 2642 2160 2714 clvitatem
2214 2643 2284 2712 in
2335 2641 2560 2713 media
2590 2642 2809 2726 silice,
2860 2644 3150 2713 clamans

624 2741 691 2800 61
721 2731 992 2803 dicens:
1030 2755 1066 2798 «
1102 2732 1378 2802 Peccavi
1417 2737 1548 2801 Deo
1578 2743 1643 2800 et
1675 2731 2068 2801 beatissimo
2100 2737 2318 2822 Papae
2356 2731 2703 2822 Gregorio.
2742 2754 2779 2799 »
2823 2737 2902 2802 Et
2931 2739 3154 2822 agente

624 2840 704 2888 eo
753 2821 1238 2910 poenitentiam
1288 2821 1510 2892 tribus
1557 2820 1772 2898 horis,
1808 2820 2115 2890 cucurrit
2158 2820 2538 2891 Gallinicus
2583 2821 2928 2891 exarchus
2955 2832 3018 2888 et
3045 2821 3152 2886 Ca·

626 2909 882 2979 storius
925 2909 1389 2979 chartularius
1422 2908 1764 2979 Ecclesiae
1810 2913 2156 2979 Romanae
2202 2931 2365 2979 cum
2415 2908 2802 2979 Mariniano
2849 2909 3154 3000 episcopo

624 3007 692 3065 et
748 2997 1180 3067 elevaverunt
1224 3020 1384 3068 eum
1444 2998 1530 3067 de
1576 2997 1792 3068 silice.
1853 2999 1981 3079 Qui
2028 2999 2232 3068 etiam
2282 2997 2507 3089 coepit
2552 2997 2967 3100 ampliorem
3015 3012 3154 3086 poe·
3267 3037 3268 3076 3

625 3085 985 3156 nitentiam
1035 3107 1236 3177 agere
1280 3108 1512 3157 coram
1559 3086 1684 3156 eis.
1736 3086 1928 3168 Quod
1980 3086 2349 3178 Gregorius
2395 3100 2472 3157 ut
2516 3085 2807 3158 audivit.
2846 3086 2933 3156 ad
2970 3083 3157 3181 mise-
3267 3089 3268 3112 ¹

626 3173 995 3244 ricordiam
1044 3177 1357 3266 protinus
1404 3175 1630 3250 rediit.
1685 3175 2064 3245 Mariniano
2101 3175 2421 3267 episcopo
2467 3175 2646 3244 inter
2687 3189 2963 3246 caetera
3006 3190 3157 3267 sort·

628 3262 824 3334 bens:
865 3286 901 3329 «
938 3264 1176 3347 Qualis
1215 3264 1301 3334 de
1332 3285 1543 3335 causa
1592 3265 1865 3334 Maximi
1914 3263 2359 3335 fraternitatis
2408 3274 2672 3333 vestrae
2715 3263 3039 3334 voluntas
3079 3267 3159 3327 511

629 3371 708 3421 ac
757 3352 978 3453 magis
1026 3353 1283 3452 petitio,
1338 3354 1802 3454 praesentium
1853 3351 2064 3423 latore
2113 3352 2412 3424 Castorio
2459 3351 2890 3422 chartulario
2939 3359 3156 3420 nostro

626 3453 1079 3511 renunciante
1125 3463 1593 3534 cognovimus.
1647 3440 1943 3528 Ideoque
1991 3442 2050 3512 si
2099 3441 2280 3511 idem
2329 3440 2670 3512 Maximus
2713 3462 2954 3512 coram
2983 3434 3160 3507 vobis
3263 3485 3264 3508 1

626 3539 694 3598 61
731 3529 1077 3619 praedicto
1122 3530 1541 3601 chartulario
1591 3543 1821 3600 nostro
1860 3530 1945 3600 de
1993 3529 2379 3600 Simoniaca
2424 3529 2693 3599 haeresi
2745 3529 3070 3622 praestito
3097 3543 3162 3623 56

630 3631 1059 3689 sacramento
1098 3620 1512 3711 purgaverit.
1550 3632 1755 3706 atque
1801 3619 1887 3689 (16
1932 3618 2090 3689 aliis
2137 3630 2294 3688 ante
2339 3640 2596 3710 corpus
2643 3619 2874 3689 sancti
2921 3612 3160 3709 Apolli-

629 3705 820 3776 naris
856 3709 1327 3779 tantummodo
1376 3708 1769 3796 requisitus,
1824 3707 2116 3779 liberum
2167 3728 2241 3777 56
2285 3728 2434 3778 6556
2480 3708 2961 3798 responderit:
3011 3722 3163 3772 cau-

631 3816 781 3866 sam
829 3795 1076 3887 ipsius,
1144 3796 1587 3869 fraternitatis
1652 3808 1913 3867 vestrae
1971 3796 2057 3867 de
2102 3818 2226 3879 60,
2298 3795 2482 3883 quod
2522 3794 3158 3865 excommunicatus

633 3883 999 3955 Missarum
1033 3885 1367 3957 solemnia
1409 3909 1448 3956 a
1498 3908 1610 3957 ere
1653 3885 2142 3977 praesumpsit,
2171 3884 2443 3977 judicio
2473 3884 3008 3961 committimus,
3085 3878 3167 3976 usi

630 3971 874 4044 debeat
931 3976 1344 4066 poenitentia
1394 3989 1459 4046 ta
1491 3976 1571 4045 is·
1613 3975 1823 4067 culpa
1873 3975 2177 4066 purgari.
2254 3979 2331 4044 Et
2377 3973 2530 4044 ideo
2577 3973 2744 4059 quic
2801 3971 2937 4042 uod
2984 3990 3065 4039 vo
3111 3984 3163 4064 {s

632 4061 1017 4132 secundum
1067 4069 1278 4134 Deum
1328 4065 1575 4157 placet,
1626 4064 1853 4135 securi
1900 4063 2280 4155 disponite,
2344 4083 2471 4132 nec
2517 4061 2739 4149 aliqui
2839 4061 2930 4131 de
2976 4055 3163 4127 nobis

633 4150 929 4221 dubium
962 4152 1293 4224 habeatis.
1331 4160 1498 4224 Nam
1545 4152 1876 4241 quicquid
1925 4175 1965 4222 a
2012 4153 2205 4222 vobis
2252 4152 2383 4222 hac
2427 4150 2514 4220 de
2557 4172 2777 4220 causa
2822 4148 3031 4219 fuerit
3064 4164 3163 4214 or·

632 4238 972 4323 dinatum,
1026 4245 1153 4313 nos
1198 4256 1263 4314 et
1340 4254 1479 4312 rate
1518 4242 1966 4334 suscipimuS,
2004 4252 2068 4311 et
2103 4240 2392 4312 libenter
2422 4238 2889 4310 admittimus,
2937 4240 3166 4331 Horta·

634 4349 796 4398 mur
840 4340 1095 4410 tamen,
1146 4345 1224 4402 ut
1316 4330 1571 4402 ebeatis
1616 4341 1765 4401 e'sse
1812 4329 2082 4404 soliciti,
2135 4342 2201 4401 et
2247 4330 2339 4400 ita
2381 4350 2562 4416 quae
2607 4327 2847 4398 fienda
2906 4342 3165 4426 conspi-

634 4417 791 4491 citis
837 4420 1249 4512 temperetiS,
1287 4432 1628 4509 quatenus
1679 4431 1744 4490 61
1793 4419 1917 4502 1111,
1962 4419 2022 4490 51
2060 4419 2153 4489 ita
2200 4417 2565 4500 videbitur,
2603 4428 3163 4487 communionem
