3327 4999
202 341 450 409 MART.
508 340 596 405 ⁴12
1105 359 1185 406 nn
1235 360 1290 407 s.
1345 360 1659 411 Gnacomo
1710 361 1871 409 ΡΑΡΑ
2377 358 2380 367 “
2555 348 2673 412 241

196 437 563 529 gnoscitur
601 434 974 527 'Gregorius
1008 458 1146 507 non
1178 439 1536 511 affectasse
1579 441 1998 511 locutionem
2027 442 2522 533 pompaticam,
2550 443 2666 513 sed
2695 465 2778 514 ex

262 526 511 596 ristina
538 526 874 596 secularis
918 527 1223 596 exercitii
1253 530 1757 598 consuetudine
1789 530 2019 619 potius
2058 531 2458 601 incurrisse.
2498 554 2534 599 »
2569 533 2782 623 Cujus

232 614 579 684 acundiae
627 616 1155 683 consonantiam
1209 615 1541 698 IsidoruS,
1581 617 2016 707 Hispalensis
2045 618 2243 687 urbis
2273 620 2670 711 episcopus,
2705 621 2780 689 in

207 702 638 791 expositione
688 704 1027 772 Geneseos
1075 703 1496 773 admiratus:
1552 728 1587 771 «
1625 711 1937 796 Sumpta,
1980 706 2228 793 inquit,
2276 720 2436 777 sunt
2471 708 2638 777 haec
2696 709 2784 777 ab

212 791 643 870 auctoribuS‚
701 790 1018 881 Origene,
1062 792 1432 873 Victorino,
1477 795 1858 876 Ambrosio,
1931 795 2373 883 Hieronymo,
2432 797 2779 878 Cassian0,

207 880 616 969 Augustin0‚
683 878 1070 970 FulgentiO,
1124 902 1205 948 ac
1256 880 1511 952 nostris
1561 884 1991 972 temporibus
2025 883 2392 971 insigniter
2422 883 2786 970 eloquente

214 968 571 1057 GregoriO.
612 967 742 1036 Sed
774 982 838 1037 et
872 967 1051 1037 Beda
1092 969 1450 1057 presbyter
1497 970 1569 1038 in
1622 971 1798 1040 libro
1847 970 1932 1039 de
1982 971 2452 1040 schematibus
2482 986 2786 1045 oratores

216 1054 813 1125 homoeoteleuton
844 1055 1132 1126 *facere
1169 1057 1562 1156 perhibens,
1620 1059 2020 1149 exemplum
2073 1060 2455 1149 proposuit,
2513 1060 2808 1135 dicens:

217 1149 468 1214 Beatus
514 1145 647 1213 Job
697 1148 829 1213 Deo
878 1144 1007 1213 soli
1057 1144 1329 1232 sibique
1375 1147 1722 1236 cognitus,
1778 1148 1847 1215 in
1920 1147 2287 1217 tentatione
2335 1148 2419 1215 ad
2473 1162 2784 1218 nostram

219 1233 538 1302 notitiam
608 1232 1137 1321 perducendus,
1199 1247 1422 1304 tactus
1469 1247 1572 1304 est
1619 1236 1905 1304 vulnere
1939 1290 1954 1316 ,
2017 1248 2095 1304 ut
2145 1234 2424 1305 odorem
2494 1258 2783 1307 suarum

214 1321 478 1389 virium
530 1330 718 1389 tanto
766 1320 976 1390 latius
1026 1335 1403 1412 spargeret,
1451 1338 1713 1411 quanto
1763 1346 1953 1393 more
1994 1326 2385 1393 aromatum
2423 1324 2675 1393 melius
2706 1347 2788 1394 ex

215 1409 624 1478 incensione
682 1408 1023 1498 flagraret.
1074 1415 1221 1492 Quo
1269 1411 1619 1481 schemate
1667 1412 1862 1502 ipse,
1925 1412 2048 1499 qui
2099 1412 2228 1480 hoc
2276 1412 2470 1493 dixit,
2543 1413 2788 1482 beatus

215 1502 405 1596 Papa
454 1497 826 1587 Gregorius
874 1497 1281 1587 saepissime
1313 1522 1486 1569 usus
1517 1499 1733 1570 fuisse
1763 1500 2233 1591 cognoscitur.
2273 1505 2350 1570 Et
2379 1500 2788 1570 hu'usmodi

215 1599 566 1655 orationes
636 1606 786 1655 esse
857 1607 1056 1665 reor,
1121 1608 1296 1673 quas
1352 1593 1424 1657 B.
1479 1590 1950 1678 Hieronymus
1995 1589 2380 1660 concinnas
2429 1609 2463 1656 r
2517 1591 2789 1659 etorum

223 1673 768 1743 declamationes
815 1673 1140 1763 appellat.
1187 1700 1213 1740 ι

306 1766 345 1850 ἓ
393 1767 562 1833 66.
625 1766 702 1830 At
734 1764 1103 1852 Gregorius
1137 1763 1552 1834 humilitatis
1589 1787 1756 1836 suae
1794 1765 2064 1835 cautela
2103 1766 2596 1846 commonituS,
2647 1786 2787 1834 non

216 1850 450 1920 solum
500 1849 866 1919 facundiae
914 1873 1080 1920 suae
1129 1851 1582 1922 redolentiam
1632 1855 2138 1935 contemnebat,
2179 1876 2418 1923 verum
2454 1856 2662 1923 etiam
2713 1853 2788 1921 in

217 1938 739 2028 comparatione
787 1951 1117 2009 tractatus
1162 1939 1475 2021 alterius,
1510 1941 1850 2011 dictatum
1900 1965 2133 2023 suum,
2180 1941 2518 2011 furfurem
2556 1941 2785 2011 nomi-

218 2048 427 2106 nanS,
481 2025 696 2096 libros
744 2049 907 2097 suos
958 2027 1116 2119 legi,
1171 2028 1512 2115 quamdiu
1574 2031 1846 2110 viveret,
1900 2031 2505 2100 vehementissime
2556 2029 2791 2119 prohi-

218 2115 452 2195 bebat,
489 2115 892 2185 Innocentio
941 2116 1284 2207 praesecto
1331 2116 1593 2186 Africae
1643 2118 1820 2185 inter
1866 2131 2134 2187 caetera
2182 2119 2518 2187 scribens:
2556 2117 2788 2199 «Quod

226 2204 300 2272 in
338 2203 764 2293 expositione
813 2205 1035 2274 sancti
1093 2205 1222 2273 Job
1271 2206 1645 2275 transmitti
1697 2205 1889 2281 vobis
1936 2206 2245 2275 codicem
2297 2205 2633 2285 voluistis,
2675 2227 2790 2274 ve-

226 2305 369 2362 stro
419 2291 704 2360 omnino
763 2292 993 2362 studio
1040 2293 1605 2393 congaudemus:
1658 2293 1989 2380 quoniam
2039 2292 2144 2362 illi
2193 2294 2292 2363 rei
2338 2293 2789 2362 eminentiam

227 2392 527 2451 vestram
579 2378 857 2449 studere
903 2381 1400 2470 conspicimus,
1436 2404 1614 2467 quae
1662 2403 1788 2451 nec
1840 2394 2012 2452 totos
2059 2381 2242 2450 foras
2273 2404 2388 2453 vos
2419 2382 2602 2450 exire
2634 2403 2792 2471 per-

228 2469 502 2549 mittat,
561 2481 626 2538 et
690 2467 777 2537 ad
843 2490 964 2542 cor
1024 2470 1272 2540 iterum
1325 2469 1762 2541 secularibus
1807 2470 1997 2541 curis
2026 2470 2376 2562 dispersos
2408 2470 2785 2560 recolligat.

227 2557 353 2627 Sed
410 2558 466 2627 si
518 2556 834 2627 delitioso
881 2560 1137 2648 cupitis
1186 2558 1444 2650 pabulo
1486 2559 1815 2649 saginari,
1855 2560 2037 2629 beati
2062 2559 2427 2648 Augustini
2462 2559 2794 2649 patriotae

224 2646 433 2715 vestri
482 2647 824 2735 opuscula
873 2646 1101 2737 legite:
1143 2659 1209 2716 et
1254 2646 1341 2716 ad
1403 2649 1992 2737 comparationem
2043 2647 2346 2738 siliginis
2394 2646 2610 2728 illius,
2667 2668 2793 2715 no-

227 2747 449 2805 strum
482 2732 818 2803 furfurem
856 2756 1004 2804 non
1033 2735 1455 2822 quaeratis.»
1481 2742 1648 2805 Item
1683 2738 1934 2806 Joanni
1968 2737 2291 2827 episcopo
2321 2740 2789 2825 Syracusano:

226 2828 634 2893 «Praeterea
694 2821 925 2903 audio,
993 2824 1176 2910 quod
1229 2823 1465 2911 aliqua
1511 2825 1597 2893 de
1651 2824 1786 2906 his,
1843 2846 2022 2913 quae
2079 2824 2442 2916 scripsisse
2479 2845 2590 2892 me
2645 2845 2792 2892 me·-

224 2912 425 2990 mini,
483 2910 872 2981 fraternitas
920 2926 1143 2982 vestra
1189 2912 1276 2980 ad
1345 2934 1658 2983 mensam
1722 2935 1924 2984 suam
1973 2935 2208 2983 coram
2259 2912 2604 2982 extraneis
2657 2910 2797 3001 legi

226 2999 455 3069 saciat.
518 2999 713 3081 Quod
758 2999 932 3067 mihi
994 3021 1129 3068 non
1191 3000 1463 3070 videtur
1512 3023 1662 3072 esse
1711 3002 2136 3084 faciendum,
2188 3002 2355 3089 quia
2404 3002 2558 3081 hoc,
2596 3000 2791 3087 quod

196 3111 345 3159 -vos
386 3109 512 3178 pro
558 3087 892 3157 charitate
940 3088 1186 3166 facitis,
1243 3102 1537 3179 possunt
1593 3090 1907 3177 quidam,
1960 3101 2302 3176 quantum
2357 3090 2443 3158 ad
2495 3112 2608 3158 me
2656 3099 2784 3168 est,

226 3198 445 3247 vanae
484 3175 742 3267 gloriae
771 3175 1127 3266 deputare.
1165 3176 1464 3264 Ideoque
1492 3200 1726 3248 coram
1759 3179 2101 3249 extraneis
2131 3179 2575 3265 antiquorum
2611 3177 2800 3246 dicta

226 3265 470 3356 legite,
524 3287 606 3333 ex
651 3286 951 3351 quorum
1001 3266 1406 3336 auctoritate
1455 3266 1748 3348 valeant,
1814 3267 1935 3353 qui
1982 3266 2302 3348 audiunt,
2356 3264 2789 3334 informari.»

226 3359 398 3424 Item
423 3352 675 3422 Joanni
707 3353 1134 3424 subdiacono
1163 3359 1528 3425 Ravennae
1561 3366 1713 3444 post
1745 3354 1988 3425 multa:
2021 3379 2047 3418 α
2070 3353 2279 3435 Illud,
2319 3353 2570 3440 inquit,
2606 3352 2794 3439 quod

227 3442 315 3511 ad
360 3463 471 3511 me
516 3442 961 3528 quorundam
1010 3442 1340 3512 relatione
1391 3441 1732 3531 perlatum
1780 3454 1904 3522 est,
1958 3442 2124 3529 quia
2173 3441 2797 3511 reverendissimus

227 3530 438 3601 frater
485 3541 551 3599 et
595 3531 1050 3621 coepiscopus
1101 3552 1299 3601 meus
1356 3531 1786 3604 Marinianus
1834 3531 1972 3621 legi
2019 3543 2412 3600 commenta
2457 3528 2639 3599 beati
2666 3528 2801 3597 Job

230 3619 513 3709 publice
559 3618 645 3686 ad
697 3618 969 3708 vigilias
1016 3618 1202 3699 facit,
1258 3640 1394 3688 non
1446 3631 1639 3710 grate
1688 3620 2012 3710 suscepi:
2066 3618 2234 3706 quia
2281 3640 2420 3686 non
2469 3629 2572 3689 est
2620 3615 2801 3686 illud

230 3730 410 3798 opus
482 3705 864 3797 populare,
917 3718 984 3776 et
1046 3707 1487 3779 auditoribus
1543 3708 1841 3777 rudibus
1903 3706 2488 3798 impedimentum
2573 3705 2803 3796 magis

228 3817 441 3883 quam
494 3807 893 3885 provectum
942 3807 1249 3884 generat.
1298 3797 1427 3867 Sed
1491 3797 1603 3866 dic
1650 3795 1739 3876 ei,
1791 3807 1871 3865 ut
1915 3805 2310 3865 commenta
2359 3792 2804 3864 Psalmorum

232 3884 363 3975 legi
415 3883 501 3953 ad
551 3882 825 3973 vigilias
866 3882 1090 3966 faciat,
1135 3906 1315 3972 quae
1365 3897 1629 3955 mentes
1692 3883 2111 3953 secularium
2176 3882 2266 3951 ad
2306 3883 2525 3951 bonos
2577 3902 2807 3952 mores

232 3972 607 4063 praecipue
654 3971 1056 4042 informant.
1110 3978 1338 4060 Neque
1385 3973 1573 4042 enim
1624 3971 1801 4053 volo,
1853 3972 2025 4041 dum
2061 3973 2131 4039 iu
2169 3970 2300 4040 hac
2348 3992 2559 4040 carne
2614 3989 2802 4051 sum,

233 4061 292 4130 si
336 4083 477 4147 qua
525 4059 784 4129 dixisse
837 4080 945 4129 me
992 4061 1303 4153 contigit,
1357 4084 1440 4131 ea
1496 4060 1696 4130 facile
1745 4060 2151 4130 hominibus
2196 4058 2563 4129 innotesci.

318 4151 355 4237 ξ
403 4153 556 4220 62.
610 4152 881 4231 Quanta
927 4171 1095 4219 sane
1141 4149 1694 4221 consideratione
1744 4147 2153 4238 Gregorius,
2206 4147 2329 4235 qui
2377 4147 2463 4216 ad
2512 4145 2801 4217 culmen

232 4236 595 4328 regiminis
642 4235 1002 4307 humiliter
1049 4238 1465 4328 pervenisse,
1518 4237 1607 4307 ad
1656 4237 1787 4307 hoc
1817 4258 1995 4327 opus
2028 4235 2457 4328 perveniens,
2494 4236 2669 4305 bene
2700 4234 2805 4303 vi-

234 4324 436 4408 xisse,
487 4324 666 4395 bene
713 4325 1002 4395 vivendo
1051 4339 1231 4397 recte
1278 4327 1621 4407 docuisse,
1676 4325 1844 4396 satis
1893 4337 1971 4398 ut
2017 4327 2310 4417 opinor,
2377 4333 2804 4395 monstratus

287 4448 314 4479 ‘
342 4451 595 4494 Sermones
616 4452 779 4492 texere
801 4451 1055 4501 exempli-z
1082 4453 1348 4495 sententias
1368 4453 1598 4505 exemplis
1619 4461 1871 4505 exponere.

394 4519 682 4580 surius-
709 4518 874 4581 Vitae
897 4518 1008 4584 SS.
1032 4550 1059 4566 -
1078 4519 1207 4582 Vol.
1246 4519 1354 4580 m.
2569 4514 2646 4575 16
