3327 4999
690 319 819 386 592
1437 337 1517 383 mi
1564 337 1620 385 s.
1676 334 1986 385 omninno
2030 334 2328 385 triscoro
2727 317 2835 383 EX
2863 318 3053 384 ..JUL
3106 319 3160 385 4

693 425 731 511 ξ
778 425 910 494 12.
966 420 1260 512 Dignum
1308 430 1412 489 est
1457 442 1646 490 nunc
1694 420 2165 490 demonstrare
2226 443 2362 509 qua
2410 420 2840 489 veneratione
2884 421 2956 489 di
3014 444 3160 492 nus

603 512 692 581 sit
740 511 934 583 locus
979 510 1120 591 ille,
1173 509 1244 577 in
1295 530 1433 596 quo
1480 523 1719 580 sancta
1751 510 1866 579 Dei
1915 524 2174 598 martyr
2207 509 2562 600 prohibuit
2604 531 2723 599 cry
2782 523 2916 579 tam
3020 511 3152 578 eri.

604 605 761 670 Erat
795 600 1080 687 quidam
1106 598 1519 668 hortulanus
1550 599 1674 685 qui
1721 598 1897 668 inter
1916 600 2234 691 gramina
2272 599 2368 668 ibi
2416 598 2714 667 deambu
2747 598 2952 677 ando,
2987 620 3162 688 spe-

607 689 886 759 luncam
940 687 1313 775 quamdam
1368 689 1640 778 reperit,
1693 687 1763 756 in
1815 708 1952 776 qua
2018 701 2084 757 et
2135 687 2688 757 transformatam
2753 687 3158 757 aediculam

604 780 739 861 sub
788 790 967 846 terra
1040 790 1381 845 muratam
1446 777 1824 866 conspexit.
1876 782 1955 846 Et
2001 778 2317 849 venienS.
2371 776 2706 866 Episcopo
2764 776 3152 857 nunciavit,

603 867 804 954 eique
850 866 1042 934 dixit:
1070 866 1181 934 «Si
1216 876 1374 934 tuae
1424 865 1687 956 placeat
1732 866 2102 947 sanctitati,
2142 866 2254 934 hic
2285 864 2472 934 olera
2514 886 2664 933 mea
2691 878 2758 933 et
2803 864 2939 934 alia
2969 887 3164 952 quae

606 955 777 1025 mihi
828 967 991 1024 sunt
1032 954 1440 1034 necessaria,
1487 967 1778 1045 possunt
1826 954 2176 1023 recondi.»
2213 953 2332 1024 Cui
2366 952 2483 1022 ille
2529 953 2601 1022 in
2635 954 2886 1043 spiritu
2933 954 3162 1024 dixit:

613 1044 728 1113 «si
776 1042 904 1112 hoc
953 1043 1215 1125 feceris,
1248 1065 1401 1113 mox
1436 1064 1643 1114 sensu
1688 1055 1754 1112 et
1784 1043 2249 1113 membrorum
2283 1043 2609 1132 sospitate
2653 1043 2994 1112 carebis»
3024 1042 3164 1112 Sed

610 1132 823 1203 miser
872 1131 1038 1202 haec
1087 1131 1614 1222 parvipendens,
1658 1131 2153 1222 supellectilem
2183 1153 2380 1201 suam
2417 1133 2488 1200 in
2542 1130 2962 1221 praedictam
2998 1154 3165 1223 spe-

614 1221 891 1291 luncam
924 1222 1383 1311 congregavit,
1436 1221 1806 1308 statimque
1853 1243 2136 1290 sensum
2182 1242 2344 1289 cum
2396 1220 2546 1289 visu
2590 1233 2656 1288 et
2701 1220 2948 1290 auditu
3001 1243 3163 1310 per-

613 1309 812 1380 didit.
865 1310 995 1392 Qui
1024 1309 1109 1378 ad
1164 1322 1477 1379 sanctum
1540 1309 1653 1378 Dei
1714 1309 2108 1399 perductus,
2162 1321 2239 1378 ut
2271 1322 2538 1377 reatum
2587 1330 2794 1378 suum
2842 1309 3155 1399 agnovit,

614 1400 885 1468 veniam
923 1399 1136 1489 petiit,
1174 1420 1254 1467 ac
1301 1396 1805 1489 indulgentiam
1853 1419 2013 1467 cum
2048 1398 2338 1467 sanitate
2384 1398 2788 1488 promeruit.
2841 1399 3008 1466 *Mira
3048 1398 3164 1467 di-

613 1500 854 1559 cturus
900 1509 1080 1556 sum.
1135 1492 1227 1556 Ex
1273 1486 1391 1555 illa
1441 1507 1740 1573 namque
1789 1487 1954 1556 hora
2004 1508 2360 1573 nunquam
2424 1488 2515 1556 ab
2577 1484 2943 1555 hortulano
3006 1488 3165 1577 ipsa

620 1576 908 1668 reperiri
959 1575 1179 1666 potuit
1224 1575 1579 1665 spelunca.
1630 1579 1723 1644 Ex
1777 1597 1857 1644 eo
1905 1587 2209 1666 tempore
2254 1575 2477 1663 coepit
2523 1575 2626 1642 vir
2673 1575 2788 1643 Dei
2836 1587 3160 1645 sanctum

614 1665 815 1735 illum
850 1665 1074 1734 locum
1112 1665 1331 1755 magis
1360 1663 1812 1750 frequentare,
1852 1664 2117 1751 sibique
2163 1664 2562 1753 sepulcrum
2589 1663 2686 1731 ibi
2717 1684 3158 1754 praeparare.

619 1754 745 1825 Ubi
794 1753 985 1823 omni
1033 1756 1217 1823 sexta
1264 1752 1455 1833 seria,
1510 1752 1569 1821 si
1617 1751 1806 1822 domi
1861 1765 2060 1834 esset,
2113 1753 2376 1823 solebat
2419 1752 2793 1822 salutarem
2856 1752 3163 1822 hostiam

619 1843 907 1912 Domino
954 1840 1337 1911 immolare.

703 1934 740 2019 ξ
804 1936 941 2004 18.
988 1936 1251 2000 Interea
1300 1929 1628 2000 orationis
1674 1930 1886 1999 causa
1933 1935 2216 1999 Romam
2286 1929 2612 2020 perrexit,
2663 1929 2787 1999 ubi
2835 1940 2902 1999 et
2948 1941 3162 2020 capnt

618 2025 682 2089 S.
727 2019 1024 2089 Abundii
1058 2019 1377 2109 martyris
1415 2018 1803 2104 acquisivit,
1844 2040 2218 2106 secumque
2255 2018 2575 2119 religiosa
2605 2040 2764 2087 cum
2798 2018 3162 2089 devotione

616 2113 991 2200 Augustam
1050 2107 1438 2199 reportavit.
1492 2107 1761 2176 Solebat
1809 2106 1955 2177 loca
2011 2120 2248 2178 sancta
2294 2109 2599 2187 visitare,
2655 2129 2734 2175 ac
2787 2109 3164 2197 praecipue

619 2197 1113 2268 monasterium
1186 2195 1404 2266 sancti
1452 2195 1649 2277 Galli,
1716 2196 1838 2265 ubi
1888 2196 2190 2265 nutritus
2252 2207 2396 2265 erat
2457 2210 2523 2265 et
2583 2195 2924 2265 eruditus
2993 2196 3170 2266 Inde

618 2307 779 2355 cum
827 2285 1125 2373 quodam
1162 2296 1465 2375 tempore
1512 2284 1597 2354 ad
1638 2283 1881 2353 cellam
1934 2289 1999 2353 S.
2055 2284 2408 2366 meinardi,
2452 2283 2537 2353 ad
2591 2284 2963 2353 videndum
3016 2306 3167 2354 ser-

621 2397 784 2443 vum
841 2375 953 2444 Dei
998 2373 1462 2443 Everhardum
1523 2373 1857 2453 venisset,
1913 2385 2064 2463 post
2111 2395 2306 2443 sacra
2354 2374 2740 2443 orationum
2792 2371 3157 2453 libamina,

615 2475 769 2554 post
827 2462 1161 2534 fraternae
1209 2462 1594 2533 collationis
1654 2460 1888 2532 dulcia
1932 2462 2296 2551 colloquia,
2349 2484 2510 2533 cum
2557 2462 2704 2553 jam
2757 2461 3166 2553 praelibatis

620 2552 878 2624 osculis
924 2565 1205 2622 sanctus
1234 2552 1633 2643 Episcopus
1688 2551 2143 2641 disposuisset
2180 2552 2402 2622 redire
2441 2551 2513 2619 in
2563 2574 2712 2631 sua,
2775 2564 2840 2621 et
2886 2555 2968 2619 ea
3016 2552 3172 2620 vice

619 2654 922 2732 speraret
973 2643 1086 2710 Dei
1149 2640 1491 2710 famulum
1562 2661 1696 2709 non
1765 2640 2067 2730 amplius
2121 2663 2270 2711 esse
2331 2641 2682 2720 visurum,
2726 2640 3016 2729 jamque
3065 2640 3172 2709 ire

617 2731 973 2821 coepisset,
1018 2729 1333 2799 festinato
1380 2728 1672 2800 anhelus
1701 2729 2029 2810 cucurrit,
2083 2742 2285 2816 atque
2331 2729 2588 2798 iterans
2647 2729 2881 2798 oscula
2931 2729 3173 2797 chari-

617 2820 819 2900 tatis,
873 2820 943 2888 in
996 2820 1172 2888 hanc
1219 2839 1449 2887 vocem
1487 2818 2077 2907 lacrymabundus
2132 2818 2451 2909 erupitt«
2485 2824 2573 2886 Ex
2623 2818 2754 2886 hac
2803 2818 2972 2886 hora
3023 2839 3168 2886 non

623 2908 1010 2977 videbimus
1059 2929 1183 2977 nos
1242 2906 1533 2976 ulterius
1570 2906 1643 2974 in
1705 2906 1832 2975 hac
1885 2907 2051 2988 vita,
2104 2907 2320 2977 donec
2388 2906 2796 2997 corporibus
2834 2906 3160 2996 exempti,

616 2996 850 3065 videre
912 3018 1036 3064 nos
1114 3016 1502 3065 mereamur
1558 2995 1627 3064 in
1683 2996 2067 3085 praesentia
2115 2996 2301 3064 Dei.»
2337 2996 2458 3065 Cui
2509 2996 2888 3085 Episcopus
2927 2995 3157 3064 dixit:

626 3090 868 3154 «Pater
913 3083 1320 3166 venerande,
1375 3084 1510 3155 scis
1541 3105 1729 3153 nunc
1778 3106 1899 3175 pro
1929 3097 2110 3155 certo
2144 3096 2417 3175 tempus
2477 3106 2669 3154 meae
2719 3083 3168 3154 resolutionis

619 3173 875 3243 instare
930 3195 1066 3260 quo
1115 3173 1401 3243 debeam
1449 3195 1529 3241 ex
1577 3173 1706 3241 hac
1763 3171 1901 3242 vita
1952 3173 2360 3264 migrarei»
2411 3174 2531 3244 Cui
2594 3173 2710 3243 ille
2748 3172 3161 3262 respondit:

624 3262 853 3332 «Finis
901 3262 1180 3349 quidem
1241 3261 1416 3330 vitae
1448 3273 1600 3332 tuae
1646 3260 1877 3331 adhuc
1919 3284 2053 3331 non
2103 3262 2286 3334 eritz.
2321 3261 2438 3331 sed
2489 3284 2727 3332 verum
2776 3283 2926 3331 esse
2973 3261 3165 3348 quod

620 3350 798 3430 dico,
850 3350 1070 3421 exitus
1119 3349 1214 3419 rei
1261 3349 1808 3440 comprobabit.»
1837 3357 2026 3420 Tunc
2056 3350 2436 3420 discessum
2468 3364 2590 3420 est.
2626 3351 2752 3420 Sed
2785 3363 3159 3436 antequam

625 3440 1004 3530 Episcopus
1024 3438 1336 3509 eamdem
1372 3439 1614 3508 cellam
1648 3439 1897 3509 iterum
1937 3439 2260 3520 visitaret,
2301 3439 2414 3508 ille
2448 3441 2566 3508 Dei
2610 3438 2918 3509 famulus
2966 3444 3168 3507 Ever-

623 3528 887 3599 hardus
933 3529 1019 3598 de
1067 3529 1195 3598 hoc
1228 3527 1460 3597 seculo
1494 3527 1835 3618 migravit.
1889 3533 2218 3599 Processu
2249 3550 2523 3614 quoque
2571 3528 2898 3619 temporis
2935 3527 3166 3597 locum

624 3618 1164 3708 Agaunensium,
1217 3617 1338 3686 ubi
1400 3621 1465 3685 S.
1507 3617 1865 3687 Mauritius
1910 3639 2073 3686 cum
2139 3638 2332 3686 sacra
2396 3617 2660 3707 legione
2706 3616 3019 3704 quiescit,
3087 3637 3167 3684 o-

624 3707 826 3776 randi
875 3706 1097 3798 gratia
1143 3705 1376 3783 adivit,
1429 3727 1509 3775 ac
1560 3726 1695 3773 non
1750 3705 2057 3775 modicas
2105 3706 2573 3775 Thebaeorum
2625 3717 3006 3794 martyrum
3056 3725 3170 3772 re-

624 3794 879 3883 liquias
914 3794 1299 3882 acquisivit.
1340 3800 1523 3876 Quas
1569 3813 1731 3862 cum
1780 3816 2055 3863 summo
2088 3794 2347 3863 honore
2380 3799 2755 3885 Augustam
2805 3793 3055 3873 attulit,
3086 3813 3173 3862 ac

624 3883 696 3953 in
746 3885 1041 3954 oratorio
1076 3895 1348 3955 sanctae
1397 3882 1512 3952 Dei
1551 3882 1913 3952 Genitricis
1950 3905 2109 3951 cum
2171 3883 2450 3972 hymnis
2488 3895 2552 3952 et
2603 3881 3007 3971 psalmodiis
3059 3902 3172 3950 re-

624 3972 867 4063 ligiose
899 3972 1276 4044 collocavit.
1331 3971 1454 4042 His
1492 3993 1766 4059 quoque
1811 3971 2058 4042 diebus
2112 3972 2522 4041 venerabilis
2572 3971 2772 4040 heros
2804 3971 2890 4040 ad
2932 3991 3175 4039 mona-

627 4063 914 4131 sterium
950 4062 1402 4133 Insulanense
1446 4060 1631 4147 quod
1672 4061 1885 4151 Augia
1917 4060 2193 4141 dicitur,
2236 4060 2442 4139 venit,
2483 4059 2604 4130 ubi
2636 4071 2798 4129 tunc
2833 4058 3167 4149 temporis

625 4150 964 4221 Dominici
997 4151 1225 4243 gregis
1287 4151 1391 4220 vir
1437 4149 1893 4228 venerandus,
1948 4149 2227 4219 nomine
2264 4149 2613 4239 AluviguS,
2648 4170 2885 4218 curam
2931 4147 3168 4248 gessit.

628 4239 759 4323 Qui
818 4262 979 4310 eum
1042 4239 1275 4330 dignO‚
1329 4251 1405 4309 ut
1455 4260 1579 4329 par
1642 4251 1820 4320 erat,
1873 4238 2130 4308 honore
2187 4237 2609 4328 suscipiens,
2666 4237 3178 4327 multiplicibus

630 4341 1022 4399 sanctarum
1073 4328 1548 4415 reliquiarum,
1600 4349 1895 4415 quarum
1921 4327 2141 4419 gratia
2174 4327 2292 4397 illo
2338 4326 2722 4410 advenerat,
2759 4325 3176 4418 pignoribus

626 4416 929 4501 donavit,
986 4418 1221 4505 sicque
1266 4415 1353 4488 ad
1405 4417 1683 4507 propria
1716 4416 1972 4488 laetum
2021 4417 2243 4487 redire
2278 4416 2610 4507 permisit.
