3327 4999
662 334 787 399 186
1468 351 1547 395 nn
1596 351 1652 397 s.
1708 348 2026 398 caacomo
2074 349 2237 395 mm
2751 322 2991 395 MART.
3040 324 3114 391 ⁴2

569 432 826 510 etiarn,
890 429 1071 516 quod
1131 428 1270 497 dici
1337 428 1529 498 nefas
1596 443 1743 510 est,
1816 429 2158 516 quasdam
2225 426 2596 508 mulieres,
2664 449 2844 514 quae
2908 445 3116 494 nunc-

568 541 792 607 usque
862 518 935 586 in
996 517 1318 608 religioso
1384 528 1589 604 atque
1651 518 2059 587 monachico
2127 515 2372 585 habitu
2441 538 2914 606 permansere,
2971 510 3120 581 reli-

625 609 839 678 'osam
893 619 1148 675 vestem
1197 604 1564 696 deponere,
1622 618 1690 674 et
1736 606 2177 697 conjugibu5‚
2233 604 2415 691 quod
2469 605 2621 673 sine
2652 604 2845 695 gravi
2882 600 3121 669 referre

620 695 808 765 olore
857 716 993 763 non
1048 715 1421 783 possumus
1460 749 1475 775 ‚
1531 694 1802 763 sociari.
1879 694 2007 763 Sed
2076 694 2205 762 hoc
2280 692 2562 778 quidem
2630 704 2710 761 ut
2752 693 2979 761 dicere
3025 686 3121 756 vel

572 795 906 854 attentare
960 795 1430 872 praesumant,
1484 781 1738 851 favoris
1796 783 2005 853 vestri
2055 782 2433 872 patrocinio
2483 780 2715 849 fulciri
2776 780 3117 850 dicuntur.

576 871 770 955 Quod
843 893 969 939 nos
1032 870 1349 951 credere,
1403 871 1868 960 perversitatis
1929 871 2151 961 ipsius
2199 869 2537 940 acerbitas
2586 892 2721 939 non
2774 866 3117 959 permittit.

575 960 885 1030 Petimus
918 980 1105 1048 ergo,
1144 971 1221 1027 ut
1268 958 1336 1026 in
1390 970 1575 1027 tanto
1622 981 1743 1029 vos
1793 974 2070 1049 peccato
2119 958 2407 1027 miscere
2449 957 2844 1028 nullatenus
2890 955 3125 1025 debea-

572 1049 688 1119 tis.
744 1052 910 1116 Nam
964 1046 1367 1136 hujusmodi
1416 1047 1851 1134 iniquitatem
1902 1048 2319 1138 impunitam
2373 1059 2654 1136 propter
2688 1052 2899 1115 Deum
2937 1042 3119 1111 nullo

579 1134 788 1205 modo
839 1136 1145 1224 patimur
1192 1156 1575 1204 remanere.
1633 1135 1825 1205 Unde
1874 1135 2119 1204 iterum
2172 1156 2623 1221 quaesumuS,
2677 1146 2753 1204 ut
2798 1132 3125 1202 excellen-

580 1224 675 1293 tia
716 1238 938 1292 vestra
987 1223 1057 1292 in
1112 1222 1353 1292 talium
1403 1246 1777 1293 causarum
1829 1246 1899 1294 se
1948 1224 2345 1294 defensione
2395 1245 2529 1292 non
2584 1222 2890 1300 misceat,
2939 1242 3021 1288 ne
3066 1229 3126 1286 et

579 1317 760 1381 Deus
810 1334 1010 1380 suam
1059 1311 1381 1381 defendat
1431 1312 1787 1403 injuriam,
1827 1323 1892 1381 et
1939 1313 2118 1381 inter
2166 1334 2292 1383 nos
2338 1311 2633 1381 aliorum
2671 1310 2895 1400 pariat
2927 1307 3125 1398 culpa

580 1399 1027 1470 discordiam.
1087 1422 1122 1467 »

667 1492 703 1575 ἓ
755 1492 919 1559 29.
976 1492 1143 1556 Item
1197 1486 1526 1558 Venantio
1573 1510 1654 1557 ex
1705 1487 2044 1557 monacho
2095 1488 2418 1579 patricio:
2484 1512 2511 1551 ‹
2579 1485 2771 1555 Multi
2819 1484 3129 1554 homines

580 1576 774 1646 stulti
826 1587 1172 1666 putavere,
1226 1574 1408 1662 quod
1462 1577 1517 1644 si
1568 1576 1655 1645 ad
1704 1576 2016 1644 ordinem
2069 1577 2510 1665 episcopatus
2548 1575 2899 1653 eveherer,
2942 1588 3001 1643 te
3043 1571 3130 1640 al-

578 1664 770 1750 loqui
819 1686 897 1733 ac
954 1686 1073 1753 per
1116 1664 1443 1753 epistolas
1491 1664 1926 1751 frequentare
1976 1686 2392 1733 recusarem.
2478 1663 2605 1732 Sed
2666 1684 2803 1731 non
2856 1662 2956 1731 ita
3000 1671 3125 1731 est:

579 1753 751 1836 Quia
802 1753 954 1842 ipsa
993 1753 1140 1840 jam
1196 1752 1326 1822 loci
1369 1752 1501 1822 mei
1552 1753 1954 1822 necessitate
2002 1752 2401 1842 compellor,
2439 1766 2518 1821 ut
2558 1765 2779 1821 tacere
2833 1772 2976 1820 non
3024 1749 3131 1817 de-

576 1843 853 1911 beam.»
879 1846 954 1908 Et
996 1855 1147 1929 post
1179 1863 1421 1931 pauca:
1453 1846 1630 1911 «Hac
1679 1841 1894 1930 igitur
1925 1840 2473 1910 consideratione
2501 1839 2938 1930 compulsus,
2979 1836 3131 1906 velis

579 1929 785 2007 nolis,
831 1929 1191 1998 locuturus
1226 1951 1405 1997 sum.
1446 1930 1617 2011 Quia
1658 1928 1852 1998 omni
1880 1929 2146 2007 virtute,
2186 1941 2306 1997 aut
2355 1943 2415 1998 te
2463 1928 2671 2018 cupio
2711 1927 2993 2007 salvari,
3026 1934 3136 1996 aut

583 2018 669 2087 de
719 2030 834 2086 tua
885 2031 1101 2086 morte
1151 2039 1260 2086 me
1305 2016 1505 2107 eripi.
1560 2023 1638 2086 In
1688 2039 1827 2102 quo
1874 2017 2059 2086 enim
2128 2017 2371 2086 habitu
2420 2017 2634 2087 sueris
2665 2072 2679 2097 ,
2735 2016 3028 2096 recolis,
3077 2023 3134 2081 et

585 2127 929 2195 supernae
978 2105 1429 2176 districtionis
1475 2105 2076 2175 animadversione
2124 2105 2524 2195 postposita,
2560 2103 2645 2174 ad
2691 2104 2864 2190 quid
2903 2104 3001 2173 sis
3032 2101 3137 2171 de-

589 2193 855 2294 lapsus,
910 2217 948 2262 a
1002 2194 1253 2264 noscis.
1331 2194 1615 2285 Culpam
1668 2216 1832 2283 ergo
1882 2206 2070 2262 tuam
2122 2216 2337 2284 pensa
2384 2193 2554 2263 dum
2601 2204 2818 2262 vacat.
2907 2190 3137 2261 Distri-

590 2296 886 2352 ctionem
987 2282 1167 2351 uturi
1208 2283 1472 2373 judicis
1508 2337 1522 2363 ,
1566 2282 1736 2351 dum
1790 2282 1973 2351 vales
2005 2336 2020 2361 ‚
2071 2282 2518 2352 exhorresce:
2574 2303 2658 2350 ne
2733 2292 2905 2350 tunc
2956 2280 3134 2349 illam

588 2392 897 2439 amaram
952 2371 1250 2451 sentias,
1293 2394 1451 2440 cun]
1504 2392 1653 2439 earn
1697 2370 1843 2458 jam
1895 2369 2109 2438 nullis
2159 2370 2435 2439 fletibus
2480 2369 2754 2439 evadas.
2809 2374 2892 2438 Et
2940 2366 3132 2437 infra:

590 2464 783 2530 Teste
832 2481 998 2528 evan
1054 2459 1185 2529 elio
1234 2459 1371 2529 scis
1419 2459 1581 2545 quia
1632 2458 1868 2528 divina
1916 2457 2238 2529 severitas
2286 2458 2371 2529 de
2417 2459 2634 2528 otioso
2669 2476 2996 2529 sermone
3025 2475 3137 2526 nos

587 2547 844 2648 arguit,
897 2560 963 2617 et
1008 2483 1095 2617 ΞΕ
1137 2549 1342 2618 verbo
1376 2546 1606 2616 inutili
1640 2547 1939 2616 rationes
1969 2547 2314 2617 subtiliter
2345 2547 2663 2634 exquirit.
2704 2552 2930 2616 Pensa
2957 2566 3132 2636 ergo,

586 2635 752 2722 quid
806 2636 1069 2705 factura
1116 2647 1217 2705 est
1264 2636 1350 2705 de
1399 2657 1716 2724 perverso
1763 2657 2008 2725 opere,
2080 2635 2140 2705 si
2187 2636 2527 2722 quosdam
2582 2636 2647 2703 in
2689 2634 2969 2726 judicio
3023 2654 3137 2705 suo

580 2725 903 2814 reprobat
950 2723 1035 2792 de
1093 2745 1433 2793 sermone.
1504 2724 1800 2793 Ananias
1850 2730 1982 2792 Deo
2033 2724 2365 2814 pecunias
2415 2736 2706 2804 voverat,
2741 2746 2925 2809 quas
2961 2735 3123 2813 post,

578 2812 924 2882 diabolica
971 2813 1187 2879 victus
1240 2812 1710 2899 persuasione.
1767 2813 2127 2882 subtraxit.
2169 2813 2293 2880 Sed
2332 2834 2470 2898 qua
2507 2826 2721 2881 morte
2765 2812 3135 2881 mulctatus

579 2913 703 2980 est,
784 2899 994 2988 sapis.
1063 2900 1131 2968 Si
1204 2899 1318 2968 ille
1367 2900 1579 2990 igitur
1639 2901 1881 2971 mortis
1932 2901 2237 2984 periculo
2295 2901 2554 2990 dignus
2602 2900 2771 2981 suit,
2825 2900 2954 2986 qui
3000 2919 3128 2974 eos,

510 3029 513 3032 ι
580 3009 755 3075 quos
804 2987 1107 3066 dederat,
1166 3009 1487 3058 nummos
1537 2994 1672 3057 Deo
1719 2989 2040 3057 abstulit:
2105 2989 2466 3058 considera
2528 3000 2787 3075 quanto
2842 2985 3139 3078 periculo

582 3076 654 3144 in
705 3075 942 3144 divino
980 3075 1248 3166 judicio
1294 3076 1552 3167 dignus
1600 3077 1762 3156 eris,
1801 3077 1923 3162 qui
1974 3098 2109 3145 non
2163 3099 2510 3158 nummoS‚
2553 3077 2669 3147 sed
2703 3076 3136 3167 temetipsum

583 3164 1040 3253 omnipotenti
1091 3170 1221 3233 Deo
1252 3220 1266 3245 ,
1311 3167 1427 3234 cui
1475 3177 1539 3233 te
1586 3164 1719 3234 sub
1779 3164 2187 3234 monachico
2239 3164 2480 3234 babitu
2524 3164 2922 3237 devoveras,
2980 3162 3135 3234 sub·

583 3251 875 3321 traxisti.
912 3257 1342 3353 Quapropter
1390 3253 1447 3323 si
1496 3253 1944 3322 correctionis
1993 3275 2184 3322 meae
2232 3253 2437 3323 verba
2485 3264 2857 3324 secuturus
2906 3251 3136 3322 audie-

583 3340 703 3422 riS,
757 3362 967 3425 quam
1020 3353 1157 3410 sint
1206 3341 1459 3410 blanda
1509 3353 1575 3410 et
1621 3340 1879 3421 dulcia,
1935 3341 2005 3409 in
2059 3341 2195 3409 fine
2241 3363 2641 3432 cognosces.
2696 3346 2871 3411 Ecce
2904 3340 3132 3416 fateor,

584 3449 901 3497 moerens
964 3427 1246 3514 loquor,
1313 3440 1378 3498 et
1451 3428 1614 3498 sacti
1682 3429 1782 3497 tui
1858 3429 2134 3498 tristitia
2203 3429 2599 3510 adductuS,
2672 3429 2876 3499 edere
2943 3427 3138 3497 verba

582 3516 693 3584 vix
756 3516 969 3585 valeo.
1043 3523 1120 3585 Et
1182 3530 1408 3586 tamen
1477 3518 1758 3588 animus
1816 3527 1980 3585 tuus
2039 3517 2334 3587 actionis
2397 3539 2566 3588 suae
2612 3517 2985 3594 conscius,
3039 3515 3139 3582 vix

585 3603 840 3675 sufficit
888 3604 1102 3684 ferre,
1155 3605 1341 3693 quod
1390 3605 1623 3684 audit,
1679 3605 2047 3685 erubescit,
2105 3606 2581 3686 confunditur,
2637 3618 3021 3675 aversatur.
3075 3599 3139 3671 si

581 3713 745 3783 ergo
793 3692 969 3761 serre
1018 3715 1155 3762 non
1205 3692 1381 3761 valet
1426 3693 1634 3763 verba
1685 3693 1989 3782 pulveris
2022 3748 2038 3774 ‚
2091 3693 2258 3780 quid
2310 3693 2622 3764 facturus
2668 3708 2773 3764 est
2825 3694 2914 3763 ad
2956 3690 3140 3784 judi-

581 3781 766 3849 cium
821 3782 1260 3851 conditoris?
1309 3786 1544 3850 Fateor
1595 3792 1851 3862 tamen,
1907 3782 2072 3868 quia
2121 3805 2204 3851 su
2257 3804 2464 3852 ernae
2510 3782 2772 3874 gratiae
2816 3803 2973 3853 esse
3022 3778 3140 3847 mi-

582 3868 1028 3938 sericordiam
1083 3869 1457 3938 maximam
1506 3870 1761 3950 cred0,
1817 3869 2001 3956 quod
2057 3882 2118 3939 te
2165 3891 2202 3939 e
2261 3892 2467 3961 ogere
2514 3870 2721 3939 vitam
2771 3867 3132 3959 conspicit,

580 3969 645 4026 et
687 3968 915 4026 tamen
965 3957 1195 4028 adhuc
1244 3957 1331 4027 ad
1382 3958 1591 4026 vitam
1641 3970 1966 4028 reservat:
2015 3958 2210 4041 Quod
2261 3958 2775 4050 superbientem
2824 3970 2889 4028 te
2936 3955 3135 4035 videt,

580 4057 648 4116 et
698 4044 961 4115 tolerat.
1007 4071 1033 4111 t

668 4136 707 4221 ξ
753 4137 928 4205 80.
1006 4139 1311 4221 Cumque
1361 4133 1786 4214 VenantiuS,
1846 4133 1917 4202 in
1985 4133 2228 4203 eadem
2278 4135 2627 4226 apostasia
2695 4152 3132 4225 permanens,

580 4221 842 4293 obortis
888 4222 1311 4309 quibusdam
1362 4222 1865 4302 simultatibuS,
1901 4221 2284 4293 oblationes
2332 4245 2498 4293 suas
2545 4245 2587 4293 a
2630 4229 2899 4293 Joanne
2941 4227 3137 4317 Syra5

581 4331 844 4381 cusano
891 4312 1216 4401 episcopo
1274 4325 1620 4382 execratas
1680 4321 2145 4398 cognosceret,
2183 4323 2422 4380 contra
2452 4311 2860 4402 episcopum
2911 4307 3140 4406 hostili

583 4421 774 4470 more
822 4413 1219 4471 commotus
1266 4411 1391 4482 est,
1445 4420 1746 4486 eumque
1794 4419 1931 4468 non
1982 4398 2216 4470 timuit
2262 4399 2588 4491 Gregorio
2634 4420 2986 4470 accusare.
3023 4400 3137 4466 Cui
