3327 4999
208 349 316 415 EX
364 349 543 416 OCT.
600 351 671 415 Μ
951 370 1031 417 nr
1077 370 1133 419 s.
1189 367 1484 419 BRUNONE
1531 367 1756 419 conon.
1809 368 2009 419 muse.
2540 352 2668 419 687

209 453 632 524 desiderium
671 452 902 524 cordis
939 454 1116 545 ejus,
1167 477 1304 543 quo
1352 454 1691 545 flagrabat
1735 455 1807 524 in
1860 454 2182 525 extremis
2230 454 2402 536 suis,
2465 478 2758 527 suasum

207 553 309 613 est
358 542 549 612 Clero
596 542 1078 624 sanctissime,
1143 556 1221 614 ut
1276 543 1531 613 volenti
1588 544 1826 613 animo
1879 565 2134 635 corpus
2194 543 2347 634 ejus
2393 544 2754 614 transferri

209 631 681 720 permitterent
712 631 796 699 ad
849 633 1348 704 monasterium
1399 632 1897 702 monachorum
1949 631 2134 720 quod
2184 632 2255 700 in
2306 632 2566 703 honore
2595 654 2757 704 san-

206 730 476 789 ctorum
529 719 986 800 PantaleoniS,
1034 724 1314 790 Cosmae
1359 730 1424 791 et
1463 721 1782 790 Damiani
1829 732 2033 808 atque
2065 720 2362 803 Quirini,
2404 732 2594 791 extra
2636 744 2757 790 ur-

206 806 316 876 bis
364 829 604 877 muros
651 829 788 877 non
821 806 1045 878 solum
1083 820 1249 879 tunc
1296 809 1700 890 construxit,
1755 809 1874 879 sed
1922 809 2152 879 adhuc
2198 830 2420 896 usque
2465 809 2757 879 consilio

204 908 271 964 et
320 895 749 985 providentia
796 918 925 966 sua
970 897 1332 977 construit,
1369 910 1435 967 et
1480 897 1805 967 ordinare
1852 919 1991 967 non
2039 909 2285 977 cessat,
2318 898 2753 988 gubernante

207 989 341 1052 Deo
389 983 694 1074 insignia
743 984 965 1053 bonae
1009 985 1381 1056 voluntatis
1427 986 1578 1076 ejus
1630 1007 1753 1076 per
1810 997 2207 1056 sanctorum
2257 986 2539 1056 merita:
2585 1008 2758 1073 quo-

204 1093 365 1141 rum
396 1072 566 1142 illuc
612 1084 677 1141 et
724 1072 1055 1159 reliquias
1101 1074 1392 1154 advexit,
1442 1087 1509 1143 et
1556 1074 1941 1163 patrocinia
1987 1073 2123 1144 sibi
2169 1073 2496 1164 religiosa
2532 1084 2598 1145 et
2646 1096 2756 1146 se-

207 1158 376 1229 dula
406 1160 911 1250 supplicatione
959 1160 1279 1252 providit.
1331 1166 1788 1233 Assenserunt
1835 1183 2030 1253 prom
2089 1161 2357 1232 tissima
2406 1162 2759 1234 voluntate

204 1269 446 1320 omnes
500 1249 588 1318 ad
637 1249 871 1318 omnia
915 1271 1093 1336 quae
1140 1250 1541 1342 imperavit:
1605 1250 1837 1321 solum
1885 1249 2014 1320 illu
2128 1248 2540 1321 difficillime
2604 1272 2757 1341 per-

206 1359 496 1408 suasum
544 1346 668 1418 est,
702 1348 780 1407 ut
825 1336 910 1406 de
952 1360 1229 1407 summo
1276 1339 1785 1409 sacratissimae
1836 1338 2019 1411 sedis
2074 1337 2227 1429 ejus
2290 1338 2440 1410 loco
2500 1361 2755 1429 corpus

205 1424 669 1495 abduceretur
711 1425 1048 1495 exanime.
1103 1427 1456 1518 Lugebant
1488 1428 1687 1515 quasi
1736 1427 1986 1497 iterum
2036 1425 2368 1510 destituti,
2429 1449 2563 1497 non
2633 1449 2757 1497 au-

205 1512 445 1583 dentes
493 1524 647 1605 post
693 1513 972 1604 longam
1019 1514 1609 1598 deliberationem,
1647 1516 1754 1586 vel
1789 1516 1857 1585 in
1901 1516 2034 1586 hoc
2081 1515 2395 1587 resistere
2422 1517 2576 1607 ejus
2606 1515 2755 1607 glo-

205 1601 629 1672 riosissimae
676 1602 1034 1673 voluntati.
1508 1647 1511 1648 ν

293 1693 331 1790 ᾧ
388 1695 537 1762 8¹2.
592 1690 939 1762 Deductus
998 1703 1102 1762 est
1155 1714 1232 1762 er
1278 1715 1318 1763 o
1366 1702 1598 1780 pastor
1644 1692 1732 1762 ab
1788 1692 2076 1762 ovibus:
2129 1691 2270 1762 dici
2317 1714 2454 1762 non
2506 1704 2750 1783 potest,

203 1778 463 1865 quibus
521 1779 842 1850 lamentis
903 1789 969 1848 et
1013 1780 1237 1866 questi
1290 1802 1374 1850 us
1422 1780 1739 1869 sepultus
1785 1792 1888 1850 est
1933 1780 2005 1849 in
2054 1780 2345 1851 ecclesia
2390 1781 2749 1852 beatorum

204 1879 617 1957 martyrum,
673 1868 1192 1954 quartodecimo
1240 1868 1573 1939 Calendas
1620 1869 2046 1939 Novembris.
2100 1869 2228 1939 Ubi
2276 1891 2498 1955 usque
2554 1868 2759 1939 hodie

206 1957 571 2046 perspicue
618 1966 1065 2037 monstratur,
1099 1968 1402 2043 quantus
1449 1955 1654 2027 fuerit
1685 1957 1757 2026 in
1789 1956 2011 2027 oculis
2040 1957 2379 2027 bonorum
2407 1958 2750 2027 omnium.

204 2048 420 2125 Quem
485 2056 930 2134 posteaquam
981 2045 1387 2125 amiserunt,
1424 2044 1650 2133 qualis
1697 2044 1926 2127 fuerit,
1977 2057 2043 2115 et
2089 2046 2255 2116 boni
2304 2056 2371 2117 et
2428 2045 2597 2113 mali
2647 2044 2756 2113 lu-

202 2131 432 2202 cidius
469 2144 920 2224 agnoverunt.
971 2138 1431 2220 Frequentant
1476 2133 1708 2203 locum
1757 2132 2152 2223 sepulturae
2207 2134 2385 2224 ejus,
2437 2133 2754 2203 certatim

205 2234 594 2290 memorant
640 2220 811 2308 quid
861 2219 1118 2303 fecerit,
1161 2221 1331 2309 quid
1363 2220 1707 2292 docuerit:
1760 2222 1990 2308 qualis
2021 2221 2282 2304 vixerit,
2317 2222 2547 2310 qualis
2573 2221 2760 2292 obie-

201 2308 314 2379 rit.
354 2309 550 2380 Modo
598 2331 722 2401 pro
770 2309 890 2380 illo
918 2321 1140 2390 orant,
1182 2310 1385 2379 modo
1432 2321 1510 2380 ut
1544 2310 1690 2400 ipse
1789 2332 1863 2379 ro
1910 2332 1983 2380 se
2030 2332 2228 2381 orare
2256 2310 2606 2400 dignetur,
2645 2332 2757 2380 ro-

251 2409 410 2467 ant:
463 2399 664 2489 signa
712 2419 848 2467 non
883 2406 1250 2484 quaerunt,
1286 2398 1497 2468 vitam
1536 2410 1716 2468 atten
1773 2408 1922 2478 unt,
1975 2398 2361 2468 doctrinam
2412 2398 2750 2481 recolunt,

232 2497 515 2556 uturum
557 2486 626 2555 in
678 2508 757 2556 eo
804 2498 922 2556 aut
970 2485 1126 2566 sibi,
1153 2498 1286 2571 'aut
1332 2487 1624 2578 posteris
1654 2486 1802 2558 suis
1846 2507 2182 2578 magnum
2238 2486 2502 2574 aliquid
2552 2486 2756 2578 polli-

203 2587 468 2645 centur.
520 2576 822 2662 Denique
868 2597 1109 2644 omnes
1163 2575 1314 2645 e‘us
1364 2575 1809 2645 monimentis
1858 2575 2039 2646 sicut
2103 2576 2270 2645 olim
2322 2598 2445 2666 per
2492 2576 2752 2656 vivum,

203 2663 296 2733 ita
335 2686 525 2734 nunc
574 2686 696 2754 per
744 2675 1094 2734 mortuum
1145 2686 1185 2733 a
1282 2663 1398 2733 Dei
1448 2663 1726 2734 laudem
1775 2675 1841 2734 et
1889 2662 2185 2755 gloriam
2233 2664 2639 2735 excitantur.
2726 2694 2735 2698 ·

680 2858 946 2922 Fundite
986 2860 1168 2923 corda
1211 2875 1443 2939 preces,
1485 2858 1853 2938 lacrymosas
1892 2859 2128 2922 mittite
2166 2875 2373 2923 voces:

754 2940 909 3002 Ecce
949 2946 1116 3016 pater
1156 2939 1386 3019 patriae
1426 2939 1709 3002 conditus
1751 2939 1817 3001 in
1858 2938 2050 3001 silice.

676 3053 857 3129 Regia
901 3056 1242 3133 progenies,
1289 3062 1479 3118 terras
1519 3054 1913 3117 memoranda
1954 3069 2064 3131 per
2103 3070 2339 3129 omneS,

758 3134 966 3194 Bruno
1009 3134 1317 3212 pacificuS,
1360 3135 1461 3195 vir
1502 3134 1699 3195 bonus
1739 3141 1922 3213 atque
1965 3135 2122 3211 pius,

682 3247 916 3308 Archos
956 3250 1230 3319 antisteS,
1273 3250 1373 3310 cui
1417 3247 1576 3310 clara
1620 3248 1868 3310 Colonia
1905 3248 2098 3323 sedeS,

760 3327 943 3388 Visus
983 3333 1114 3388 erat
1155 3328 1390 3388 cunctis
1429 3327 1653 3389 charus
1695 3327 1921 3405 ubique
1963 3327 2160 3389 bonis,

679 3435 944 3499 Offendit
991 3436 1271 3498 tenebras
1312 3436 1414 3498 lux
1459 3438 1841 3499 vivacissima
1888 3444 2123 3513 tetraS„

760 3516 974 3578 Invida
1015 3515 1229 3591 lingua
1277 3520 1457 3589 tacet,
1501 3515 1632 3578 laus
1672 3516 1850 3578 modo
1891 3533 2039 3579 vera
2082 3518 2298 3596 placet.

677 3630 815 3691 Non
855 3630 972 3690 fuit
1012 3629 1115 3689 hic
1154 3630 1425 3690 mundus
1468 3636 1592 3692 tam
1635 3646 1777 3693 raro
1818 3645 2078 3693 munere
2119 3631 2373 3708 dignus:

764 3708 996 3788 Raptus
1034 3707 1111 3769 ab
1152 3708 1267 3770 hoc
1306 3723 1485 3785 aevo,
1520 3709 1647 3786 Jam
1689 3710 1919 3773 fruitur
1964 3710 2247 3772 Domino,
