3327 4999
694 300 822 364 7⁴6
1259 317 1337 365 ns
1385 317 1442 364 s.
1496 315 1904 365 mmmmm
1952 316 2124 364 vinc.
2189 315 2263 363 m
2316 315 2505 363 mar.
2684 294 2789 360 EX
2837 293 3023 362 NOV.
3080 295 3169 360 13

601 401 975 473 falsissima
1014 401 1446 482 asserebant,
1502 399 1676 470 falsa
1729 423 1878 471 esse
1926 411 2439 493 cognoscerent.
2493 403 2624 470 Nos
2647 397 2737 498 de
2769 410 3009 468 sancto
3041 396 3160 467 Dei

603 490 907 560 Lebuino
956 489 1130 558 nihil
1181 490 1499 559 mentitos
1556 511 1750 570 esse,
1808 502 2043 561 testem
2095 490 2435 560 habemus
2483 485 2902 566 Eccles1am,
2974 508 3169 572 quae

603 580 814 669 huJus
862 576 1215 648 beneficiis
1253 577 1631 660 cumulata,
1677 599 1887 665 quam
1924 578 2208 669 grandis
2239 576 2423 668 apud
2457 574 2883 644 divinitatem
2928 574 3168 643 meriti

602 667 830 749 fuerit,
874 667 1134 738 crebris
1214 665 1677 736 remediorum
1730 667 2175 757 proventibus
2209 665 2611 758 confitetur.
2682 663 2802 732 Cui
2867 662 3165 751 quidem

603 778 682 826 ea
712 777 889 844 quae
936 755 1019 824 de
1067 754 1186 824 illo
1234 754 1534 824 dicimus
1567 767 1761 844 grata
1794 754 1934 825 fore
1981 755 2240 824 indicio
2289 765 2410 832 est,
2456 749 2639 839 quod
2693 751 2946 841 legenti
3000 762 3168 820 tan-

605 857 714 914 tus
774 843 1060 915 adsistat
1118 843 1419 933 populus
1494 843 1924 924 auditorum,
2004 855 2081 912 ut
2128 863 2603 933 compressum
2684 839 3170 939 multitudinis

603 933 806 1002 etiam
841 931 913 1001 hi
948 932 1456 1023 pertimescant,
1501 932 1621 1019 qui
1657 933 1726 1000 in
1788 944 1930 1001 tuto
1967 931 2111 1002 loco
2160 942 2340 1001 stare
2388 929 2727 1010 videntur,
2794 929 3042 1015 vixque
3087 950 3166 998 in

602 1021 920 1111 digressu
966 1020 1221 1108 aliquis
1269 1020 1682 1101 inveniatur,
1738 1021 1858 1108 qui
1903 1042 2039 1089 non
2099 1025 2231 1090 Deo
2279 1019 2534 1109 gratias
2584 1017 2829 1088 referat
2890 1038 3016 1107 pro
3074 1039 3164 1087 eo

599 1109 783 1197 quod
838 1131 910 1181 se
959 1109 1418 1200 patrocinium
1462 1109 1750 1178 Lebuini
1797 1108 2076 1180 audisse
2109 1107 2364 1200 pariter
2406 1119 2470 1177 et
2519 1106 2818 1178 sensisse
2851 1127 3166 1176 comme·

602 1209 846 1267 morat.
885 1198 1074 1267 Unde
1123 1198 1322 1270 nobis
1368 1196 1599 1267 adhuc
1657 1197 1757 1266 vel
1813 1220 2034 1287 pauca
2081 1195 2416 1267 locuturis
2448 1195 2871 1266 arbitramur
2934 1195 3164 1264 nemi-

605 1307 762 1355 nem
812 1308 1336 1366 succensurum,
1392 1287 1653 1377 quippe
1718 1307 1878 1354 cum
1946 1286 2267 1376 spiritum
2314 1284 2430 1354 Dei
2477 1285 2548 1353 in
2598 1284 2747 1374 ipso
2810 1283 3159 1374 templum

604 1373 1026 1456 aedificasse,
1071 1386 1275 1462 atque
1325 1374 1389 1443 id
1435 1374 1568 1444 sibi
1616 1373 1992 1445 habitabile
2039 1373 2296 1445 fecissex
2332 1371 2707 1464 procedens
2748 1393 2976 1443 sermo
3034 1371 3164 1442 de-

602 1462 874 1533 clamet.
919 1464 1233 1553 Idipsum
1269 1484 1423 1532 vero
1456 1462 1631 1532 inter
1662 1463 2025 1532 Matutinas
2057 1463 2296 1533 laudes
2325 1463 2432 1552 (ut
2465 1461 2700 1562 credo)
2730 1460 3160 1540 cantabitur;

603 1550 723 1621 secl
774 1552 841 1620 in
880 1551 1164 1622 lectione
1201 1551 1423 1622 omitti
1474 1572 1608 1621 non
1640 1551 1902 1631 debuit,
1946 1574 2083 1637 quo
2123 1552 2484 1637 utriusque
2537 1572 2718 1620 vocis
2767 1549 3166 1621 ministerio

602 1639 845 1797 guanti
892 1640 1074 1730 apud
1130 1662 1293 1711 suos
1319 1639 1654 1710 habeatur
1692 1638 1795 1707 vir
1825 1639 2085 1716 Christo
2116 1639 2438 1708 amabilis
2476 1637 2770 1729 accipiat
2800 1658 3166 1708 commen-

651 1739 867 1798 atum.
904 1727 1095 1811 Quod
1132 1739 1360 1797 autem
1414 1727 1876 1818 praemittitur
1909 1728 2041 1796 tale
2072 1741 2192 1799 est.
2241 1727 2537 1818 Spiritus
2589 1731 2881 1806 Sanctus
2911 1727 3026 1816 (ut
3058 1728 3160 1797 ait

605 1815 989 1906 Scriptura)
1034 1817 1105 1886 in
1155 1816 1360 1885 corde
1401 1816 1525 1885 viri
1576 1816 1747 1906 justi
1803 1816 2084 1885 habitat.
2138 1822 2307 1887 Nam
2376 1815 2713 1906 templum
2778 1815 3007 1906 ipsius
3055 1826 3166 1885 est

603 1905 839 1974 anima
886 1905 973 1974 ab
1020 1905 1212 1974 omni
1262 1904 1622 1992 iniquitate
1680 1904 1941 1987 aliena,
2004 1904 2073 1973 iu
2121 1926 2259 1992 quo
2315 1927 2453 1975 non
2516 1902 2817 1974 carnalis
2874 1903 3167 1974 victima

602 1992 937 2073 caeditur,
973 1993 1090 2064 sed
1140 1993 1533 2084 spirituales
1563 1993 1824 2063 hostiae
1876 1994 2281 2074 offeruntur3
2318 2015 2442 2064 nec
2473 1991 2548 2062 fit
2582 1991 2678 2063 ibi
2725 1991 2873 2061 sola
2906 2013 3166 2062 emun-

603 2082 788 2151 datio
834 2080 1164 2172 corporiS,
1204 2081 1322 2151 sed
1361 2094 1431 2151 et
1473 2082 1791 2153 remissio
1842 2104 1997 2151 vera
2032 2082 2290 2172 peccati
2342 2093 2409 2152 et
2453 2080 2732 2151 abolitio
2783 2093 3167 2172 perpetuae

603 2171 866 2241 mortis.
904 2174 1045 2241 Hoc
1092 2169 1428 2261 templum
1463 2170 1601 2240 dici
1648 2181 1713 2239 et
1760 2192 1909 2243 esse
1962 2170 2214 2242 meruit
2261 2171 2503 2240 beatus
2552 2168 2929 2250 LebuinuS,
2991 2193 3159 2240 cum

604 2268 990 2347 praestante
1038 2258 1326 2329 Domino
1366 2281 1407 2328 a
1437 2259 1812 2330 criminum
1861 2258 2053 2329 fieret
2097 2258 2412 2350 contagio
2445 2257 2776 2340 munduS,
2832 2280 2959 2348 per
2997 2280 3161 2331 eum

602 2346 729 2433 qui·
754 2345 916 2418 vivit
961 2358 1026 2418 et
1074 2358 1313 2437 regnat
1346 2348 1417 2416 in
1468 2348 1704 2418 secula
1750 2347 2168 2429 seculorum,
2204 2352 2438 2417 Amen.

940 2662 1019 2761 S.
1119 2660 1843 2763 MAXELLENDIS
1947 2660 2401 2762 VIRGlNlS
2497 2660 2809 2761 MART.

1136 2919 1277 2965 VITA
1326 2918 1406 2965 UT
1454 2915 1750 2965 HABETUR
1798 2919 1863 2967 IN
1911 2919 2051 2966 MSS.
2116 2918 2590 2967 EXEHPLARIBUS

1000 3023 1323 3072 lNcitnTo
1370 3024 1659 3081 QUIDEM
1709 3024 2052 3071 AUCTORE
2101 3026 2234 3071 SED
2291 3026 2467 3072 FIDE
2516 3023 2746 3073 DIGNA

1155 3216 1412 3273 Necata
1452 3218 1558 3272 est
1598 3229 1777 3273 anno
1821 3184 1948 3272 670
1992 3246 2067 3256 —-
2107 3218 2266 3276 Nat.
2313 3218 2598 3276 Franca.

687 3400 723 3486 ξ
770 3404 847 3471 1.
902 3401 980 3467 In
1032 3399 1505 3469 cameracensi
1536 3399 1642 3490 (a)
1683 3400 2035 3490 provincia
2085 3399 2363 3491 inclytis
2403 3398 2780 3470 admodum
2833 3413 2896 3471 et
2950 3425 3162 3493 gene·

597 3487 694 3558 ris
767 3486 1121 3557 nobilitate
1186 3499 1250 3558 et
1324 3501 1627 3577 spectata
1678 3488 2008 3589 religione
2060 3489 2512 3579 parentibuS‚
2567 3499 2760 3579 patre
2810 3491 3158 3561 Humlino

597 3587 815 3645 matre
862 3575 1254 3647 Ameltrude
1302 3588 1450 3646 orta
1496 3590 1598 3647 est
1646 3575 1954 3659 feliciter,
1991 3577 2110 3647 sed
2161 3577 2432 3647 felicius
2483 3589 2738 3646 renata.
2781 3578 2955 3648 Inde
2989 3602 3155 3650 cum

588 3665 736 3821 ‚lam
788 3664 1226 3746 adolevisset,
1281 3687 1418 3734 non
1469 3678 1547 3735 ut
1594 3665 1764 3737 solet
1812 3664 2143 3755 puellaris
2192 3679 2376 3736 aetas
2425 3667 2619 3736 vanis
2666 3665 3158 3738 adolescentu-

624 3774 821 3823 arum
895 3754 1393 3824 conventiculis
1434 3775 1599 3825 ,sese
1666 3754 2135 3835 admiscebat,
2195 3777 2316 3824 nec
2385 3753 2674 3823 lubricis
2742 3754 3160 3845 implicabat

597 3841 1002 3913 amoribus:
1057 3841 1176 3912 sed
1227 3855 1362 3912 toto
1411 3842 1669 3923 animO,
1725 3842 1959 3911 divino
2010 3865 2080 3912 se
2147 3843 2553 3932 mancipans
2603 3842 2872 3923 timori,
2929 3867 3160 3931 quan·

599 3942 743 3999 tum
782 3930 1114 4018 juventus
1165 3930 1314 4020 ipsa
1365 3930 1798 4021 patiebatur,
1855 3942 2215 4022 praecepta
2263 3930 2659 4021 evangelica
2719 3930 2786 3999 in
2844 3935 3155 4022 pectoris

598 4017 975 4108 penetralia
1025 4019 1456 4101 recondebat,
1496 4017 1797 4089 fructum
1849 4023 2166 4109 satagens
2218 4019 2536 4091 thesauro
2587 4019 2860 4089 referre.
2903 4022 3158 4091 Studia

600 4105 1042 4177 muliebrium
1096 4122 1661 4179 ornamentorum
1714 4109 2019 4197 respuit,
2076 4108 2425 4178 meliorem
2475 4107 2670 4177 illam
2717 4108 2942 4177 animi
2996 4111 3158 4199 pul-

596 4194 1061 4264 chritudinem
1112 4209 1467 4287 expetam,
1522 4209 1598 4267 ut
1644 4196 1731 4279 ei,
1783 4196 1898 4266 cui
1948 4218 2020 4266 se
2063 4210 2364 4278 voverat,
2422 4218 2540 4286 per
2584 4197 2820 4266 omnia
2871 4197 3156 4288 placere

598 4295 850 4373 posset.

647 4410 707 4457 (α)
735 4409 957 4449 Caenbrat.
979 4409 1134 4449 Locus
1155 4410 1314 4450 autem
1331 4411 1595 4455 nativitatis
1616 4411 1942 4459 maxellendi&
1961 4413 2155 4463 Carula-y,
2175 4382 2520 4453 ouldericusut
2536 4410 2672 4452 intra.
