3327 4999
690 332 819 397 680
1341 350 1421 397 η
1467 349 1523 397 s.
1578 345 1874 398 ammona
1922 348 2143 399 conon.
2196 347 2396 398 muse.
2676 332 2783 398 EX
2830 330 3007 399 OCT.
3065 331 3142 396 tt

598 430 858 500 honore
906 450 1159 519 magno
1204 441 1268 499 et
1347 428 1577 509 audi0,
1631 430 2157 500 occurrentibus
2186 451 2343 499 cum
2413 429 2596 500 clero
2656 430 2960 531 populiS,
3020 433 3158 499 Su·

601 531 746 589 sato
794 517 1197 588 inferretur:
1265 541 1308 586 u
1365 518 1387 585 i
1436 518 1814 609 repositum
1865 530 1967 588 est
2013 519 2085 587 in
2132 518 2425 589 ecclesia
2479 541 2642 588 cum
2689 518 2945 590 divinis
2997 518 3157 587 lau-

600 607 832 686 dibus,
877 628 1087 693 quam
1136 605 1320 675 idem
1373 606 1530 696 pius
1578 607 1872 676 Antistes
1920 606 2326 677 fundaverat
2370 617 2435 676 et
2491 607 2697 677 donis
2752 623 3158 697 competen-

602 696 789 766 tibus
835 696 1189 764 ditaverat:
1246 695 1370 764 ubi
1417 695 1623 763 etiam
1676 717 1714 764 a
1762 695 2031 765 civibus
2077 707 2144 765 et
2207 696 2455 766 incolis
2502 708 2721 765 terrae
2769 696 2839 764 in
2894 717 3159 786 magna

600 784 1034 854 veneratione
1101 783 1392 852 habetur
1445 797 1509 852 et
1546 783 1798 852 colitur
1832 805 2053 870 usque
2098 784 2170 853 in
2288 797 2665 854 raesentem
2713 785 2926 852 diem.
2982 789 3156 852 Ram

601 885 668 943 et
705 873 976 952 domuS,
1032 872 1100 940 in
1144 893 1281 958 qua
1330 872 1519 940 uncti
1570 885 1733 941 sunt
1780 895 1820 940 a
1869 872 2079 940 Maria
2128 894 2211 961 pe
2262 894 2334 942 es
2388 872 2683 954 Domini,
2745 871 3007 962 repleta
3048 883 3160 941 est

603 984 682 1031 ex
730 959 937 1029 odore
975 960 1337 1050 unguenti.
1393 960 1601 1047 Cujus
1633 960 1732 1028 rei
1767 961 2174 1049 mysterium
2204 960 2402 1047 quasi
2443 961 2800 1052 explanari
2845 959 3149 1040 videtur,

605 1071 766 1120 cum
803 1069 1059 1138 sponsa
1104 1047 1190 1118 ad
1242 1069 1570 1139 sponsum
1646 1047 2002 1135 loquitur:
2059 1052 2500 1139 Unguentum
2547 1049 2846 1120 effusum
2896 1070 3151 1117 nomen

606 1150 828 1207 tuum.
874 1140 1044 1206 Nam
1083 1136 1269 1222 quod
1319 1149 1483 1206 tunc
1523 1137 1647 1205 uni
1696 1136 1934 1206 domui
1985 1137 2300 1228 contigit,
2355 1159 2546 1207 nunc
2593 1148 2775 1208 totus
2836 1137 3153 1206 mundus

606 1226 678 1294 in
729 1246 801 1293 se
839 1224 1259 1313 completum
1313 1224 1521 1294 novit.

694 1316 731 1470 ῗ
783 1317 937 1386 25.
991 1317 1264 1383 Caetera
1317 1335 1496 1401 quae
1560 1323 1699 1382 tam
1760 1313 1951 1383 brevi
2023 1326 2328 1404 tempore
2374 1335 2541 1383 suae
2598 1312 2942 1383 Ecclesiae
2986 1313 3157 1383 filiis

608 1401 695 1472 ob
725 1412 1107 1471 ectamenta
1152 1401 1442 1471 contulit
1502 1414 1566 1471 et
1614 1401 1792 1470 dona
1853 1401 2132 1482 salutiS,
2185 1403 2462 1492 pensari
2511 1413 2886 1488 nequeunt,
2952 1402 3158 1471 aesti-

609 1490 785 1560 mari
835 1512 971 1560 non
1024 1501 1314 1581 possunt
1358 1512 1535 1577 quae
1561 1511 1642 1558 ex
1674 1488 2002 1560 omnibus
2050 1511 2225 1581 pene
2268 1490 2514 1559 mundi
2563 1490 2787 1591 plagis
2824 1502 2891 1560 et
2920 1490 3159 1559 termi-

607 1578 717 1647 nis
766 1578 1085 1669 religioso
1123 1579 1371 1648 affectu
1418 1589 1483 1647 et
1530 1578 1764 1647 animo
1811 1579 2273 1669 congregavit,
2316 1578 2517 1665 quasi
2553 1579 2932 1667 conjiciens
2964 1577 3152 1666 quod

609 1667 921 1737 futurum
972 1678 1138 1748 erat,
1197 1678 1274 1736 ut
1324 1688 1446 1757 pro
1493 1667 1820 1736 brevitate
1865 1666 2139 1736 dierum
2188 1688 2501 1749 suorum,
2555 1669 2747 1757 gregi
2779 1667 2913 1737 sibi
2958 1689 3155 1736 com-

608 1756 823 1825 misso
872 1755 1053 1824 dona
1102 1754 1429 1846 perennia
1478 1753 1942 1824 confirmaret.
1999 1760 2145 1838 Quo
2206 1766 2433 1824 tamen
2485 1754 2716 1825 studio
2770 1755 2838 1825 id
2889 1754 3162 1825 curavit

610 1843 1075 1934 potissimum,
1129 1854 1204 1912 ut
1248 1854 1313 1912 et
1359 1842 1541 1922 illis,
1618 1842 1807 1912 unde
1854 1842 2153 1913 abducta
2201 1855 2386 1924 sunt,
2463 1842 2885 1912 desiderium
2937 1856 3003 1913 et
3072 1844 3161 1910 iis

608 1954 747 2019 quo
794 1931 1093 2001 adducta
1156 1943 1359 2011 sunt,
1427 1929 1970 2022 amplificaretur
2043 1931 2429 2022 gaudium:
2482 1942 2824 2018 quatenus
2878 1932 3161 2018 utrique

610 2020 790 2090 bono
837 2019 1044 2088 odore
1093 2018 1337 2090 Christi
1386 2019 1508 2106 qui
1554 2031 1656 2088 est
1707 2019 1775 2087 in
1818 2020 2262 2109 martyribus,
2315 2020 2531 2089 immo
2568 2020 2752 2107 quod
2799 2020 2936 2110 ipsi
2967 2032 3155 2097 sunt,

613 2110 770 2178 licet
798 2107 1087 2178 diversis
1117 2107 1473 2177 affectibus
1523 2108 1869 2196 provocati
1914 2121 1979 2178 et
2025 2108 2128 2177 illi
2178 2108 2482 2177 vivacius
2527 2121 2926 2199 appeterent
2971 2107 3159 2195 quod

612 2195 1091 2287 negligebant:
1129 2207 1194 2265 et
1242 2195 1354 2266 isti
1391 2207 1718 2286 perpetuo
1749 2208 2238 2267 venerarentur
2265 2196 2449 2283 quod
2480 2197 2566 2265 ad
2617 2218 2690 2266 se
2737 2196 3153 2265 translatum

611 2306 761 2355 esse
809 2282 1225 2374 gaudebant.
1280 2289 1448 2353 Nam
1496 2285 1616 2371 qui
1665 2285 1884 2355 nescit
1962 2285 2220 2354 bonum
2271 2306 2504 2354 amare
2563 2284 2746 2372 quod
2797 2284 3027 2365 habet,
3097 2284 3159 2352 si

614 2373 922 2443 ablatum
972 2372 1060 2441 ab
1090 2371 1209 2441 illo
1256 2371 1496 2453 fuerit,
1550 2372 1768 2442 discet
1814 2371 2100 2443 sortasse
2147 2374 2407 2442 bonum
2458 2395 2690 2442 amare
2735 2394 2874 2460 quo
2923 2387 3158 2442 caret:

611 2473 679 2533 et
725 2460 1004 2532 habebit
1050 2460 1250 2543 illud,
1303 2460 1468 2530 dum
1503 2460 1745 2544 aberit,
1800 2460 2225 2533 fructuosius
2257 2461 2327 2530 in
2381 2461 2743 2543 memoria,
2796 2460 2980 2549 quod
3025 2460 3163 2531 sibi

613 2551 951 2620 inutiliter
990 2549 1234 2620 habuit
1279 2550 1350 2619 in
1400 2551 1810 2651 praesentia.
1865 2557 1963 2620 Im
2022 2551 2233 2620 letum
2266 2560 2367 2619 est
2417 2551 2544 2620 hoc
2594 2550 2798 2620 modo
2849 2556 3163 2640 Evange-

614 2640 826 2708 licum
879 2637 1051 2707 illud
1101 2661 1238 2725 quo
1286 2638 1577 2708 dicitur:
1628 2642 1827 2709 Omni
1878 2641 1968 2708 Ιια
2012 2642 2151 2710 enti
2207 2640 2480 2708 dabitur
2525 2650 2589 2707 et
2645 2640 3046 2708 abundabit:
3100 2640 3170 2708 ei

616 2739 842 2797 autem
876 2729 1000 2818 qui
1041 2750 1172 2796 non
1216 2728 1433 2807 habet,
1471 2738 1533 2796 ct
1579 2729 1757 2818 quod
1804 2730 2022 2809 habet,
2080 2730 2432 2828 auferetur
2468 2729 2550 2797 ab
2579 2751 2652 2797 eo
2681 2728 2952 2817 (Mami.
2982 2726 3158 2814 xxv).

704 2819 739 2902 ξ
803 2821 965 2886 ²8.
1019 2819 1285 2884 Interea
1309 2816 1619 2883 certatim
1671 2816 1910 2884 multis
1935 2817 2003 2883 in
2057 2816 2227 2886 locls
2259 2838 2381 2907 per
2418 2816 2781 2905 parochias
2811 2815 3164 2907 Episcopii

618 2904 750 2983 sui,
791 2902 1015 2974 fidelis
1063 2903 1175 2972 hic
1224 2902 1495 2971 Domini
1543 2924 1785 2972 servus
1829 2915 1895 2972 et
1946 2904 2275 2994 prudens,
2329 2905 2687 2987 ecclesiaS,
2743 2904 3165 2975 monasteria

614 3005 681 3062 ct
726 3003 990 3061 caetera
1038 2990 1353 3059 aedificia
1400 2990 1674 3059 servitio
1726 2992 1994 3060 Domini
2034 2993 2151 3060 Dei
2199 2992 2307 3063 sui
2354 3005 2420 3062 et
2468 2993 2708 3061 honori
2754 2997 3162 3062 Sanctorum

615 3081 769 3168 ejus
815 3089 996 3169 apta,
1038 3079 1380 3165 quaedam
1430 3102 1469 3147 a
1522 3077 1993 3149 fundamentis
2053 3081 2285 3162 erexit,
2340 3081 2681 3168 quaedam
2734 3081 2930 3181 prius
2997 3079 3162 3149 sun-

618 3171 800 3247 data,
855 3166 1176 3235 nobiliter
1221 3166 1432 3248 auxit,
1468 3166 1607 3236 alia
1652 3167 1817 3235 olim
1852 3168 2081 3239 diruta
2142 3170 2502 3259 reparavit.
2563 3175 2642 3238 In
2692 3169 2802 3238 his
2865 3168 3165 3258 singulis

617 3256 738 3344 qui
789 3260 921 3324 Deo
959 3254 1413 3344 omnipotenti
1462 3256 1593 3326 sub
1633 3256 1874 3347 regula
1900 3257 2074 3327 vitae
2106 3258 2502 3338 canonicae,
2528 3257 2972 3337 deservirent,
3010 3279 3168 3347 pro·

618 3343 778 3413 vida
825 3343 1087 3433 ingenii
1134 3343 1246 3412 sui
1301 3355 1442 3412 arte
1490 3344 1879 3435 disposuit:
1933 3369 2012 3416 ac
2063 3368 2146 3414 ne
2191 3345 2361 3433 quid
2417 3347 2516 3416 eis
2566 3368 2689 3435 pro
2740 3346 2943 3415 modo
2991 3367 3162 3416 con-

620 3431 1026 3503 versationis
1089 3453 1254 3502 suae
1301 3431 1587 3515 deesset,
1653 3433 2025 3504 liberaliter
2076 3434 2507 3525 disponendo
2577 3434 2896 3524 providit.
2953 3434 3163 3522 Cujus

621 3521 850 3620 operis
881 3533 947 3590 et
977 3520 1418 3591 saluberrimi
1464 3521 1679 3591 studii
1731 3523 2152 3592 monimenta
2200 3523 2574 3613 perennius
2621 3523 2690 3592 in
2739 3522 2826 3590 iis
2863 3522 2983 3592 ubi
3015 3534 3166 3591 acta

546 3664 549 3665 ν
621 3622 782 3683 sunt
832 3610 999 3681 locis
1048 3610 1319 3679 firmata
1382 3610 1782 3700 perdurant,
1835 3611 1928 3680 ita
1975 3624 2050 3681 ut
2097 3612 2165 3680 in
2226 3611 2500 3680 laudem
2547 3622 2611 3679 et
2650 3609 2944 3701 gloriam
2989 3615 3160 3678 Jesu

622 3699 892 3779 Christi,
948 3700 1351 3768 memoriam
1401 3700 1568 3768 tanti
1599 3699 1723 3767 viri
1774 3699 1967 3769 nulla
2001 3713 2216 3770 aetate
2270 3699 2716 3770 obscuratum
2754 3700 2840 3767 iri
2876 3698 2948 3767 in
3013 3720 3163 3789 per—

622 3802 909 3878 petuum
959 3787 1332 3876 patiantur.
1388 3788 1574 3856 Idem
1609 3787 1697 3855 ad
1730 3802 1992 3857 exteras
2048 3788 2356 3857 nationes
2404 3787 2777 3859 transfudit
2822 3799 2888 3856 et
2936 3786 3004 3855 in
3057 3808 3165 3855 re-

620 3900 756 3968 gno
797 3897 964 3944 suae
1022 3875 1486 3965 providentiae
1531 3874 1865 3964 delegato,
1923 3877 2169 3965 partim
2217 3875 2529 3965 exemplo
2560 3931 2575 3956 ,
2646 3875 2892 3964 partim
2954 3896 3161 3965 opere

623 3963 924 4055 propri0,
983 3964 1234 4052 partim
1296 3963 1482 4032 varia
1543 3985 2000 4052 personarum
2048 3963 2375 4050 qualitate
2420 3975 2485 4032 et
2557 3963 2799 4032 crebra
2844 3961 3160 4031 admoni-

624 4053 805 4122 tione
837 4050 1136 4120 diffudit.
1191 4057 1333 4121 Non
1369 4051 1554 4120 enim
1592 4074 1841 4141 passus
1887 4062 1988 4121 est
2021 4073 2306 4122 suorum
2353 4052 2733 4137 quemlihet
2769 4066 2889 4120 aut
2938 4052 3166 4121 incas-

623 4162 785 4209 sum
828 4140 1177 4229 occupari,
1224 4152 1344 4209 aut
1389 4140 1527 4210 otio
1577 4153 1680 4211 tor
1729 4143 1842 4209 ere
1893 4139 2137 4208 inerti:
2191 4138 2563 4221 diffiniens,
2619 4152 2696 4208 ut
2750 4139 3010 4210 solebat
3065 4140 3164 4207 lo-

622 4228 768 4316 qui,
816 4229 1144 4319 ignavum
1187 4250 1396 4318 pecus
1444 4250 1646 4298 arcen
1705 4251 1823 4299 um
1857 4251 1896 4297 a
1946 4228 2417 4319 praesepibus,
2457 4240 2531 4297 ut
2576 4227 2960 4297 secundum
2996 4231 3162 4315 Apo-

627 4316 879 4387 stolum
913 4315 1034 4403 qui
1084 4337 1219 4386 non
1258 4317 1541 4400 laborat,
1610 4340 1734 4387 nec
1784 4317 2177 4387 manducet.
2232 4322 2372 4388 Non
2428 4329 2716 4407 possunt
2762 4315 3160 4405 singulatim

626 4404 968 4476 conscribi
1039 4406 1219 4475 bona
1284 4406 1520 4476 omnia
1570 4428 1747 4493 quae
1808 4406 2005 4488 fecit,
2072 4427 2250 4495 quae
2297 4405 2573 4487 docuit,
2633 4426 2808 4493 quae
2884 4402 3152 4473 amavit.
