3327 4999
173 311 432 378 MART.
487 308 570 377 19
911 332 990 378 ΒΕ
1038 331 1130 379 SS.
1182 330 1548 380 LANnoALno
1594 332 1673 378 m·
1719 330 1999 380 Amano
2496 314 2626 380 369

170 411 292 480 die
338 423 729 480 sanctorum
779 408 1160 481 elevationi.
1216 411 1617 482 Gandavum
1668 411 1828 481 inde
1866 412 2294 502 perveniunt,
2335 412 2714 493 Gaudensi-

168 500 314 570 bus
358 500 443 568 de
491 500 939 590 prosperitate
987 500 1095 570 sui
1157 501 1420 571 itineris
1477 500 1813 590 gaudium
1879 523 2213 591 magnum
2271 500 2597 582 inferunt,
2649 513 2715 572 et

168 600 504 657 venturae
533 587 875 657 festivitati
926 589 1311 659 necessaria
1357 611 1767 681 praeparare
1823 612 1957 659 non
2007 589 2369 660 desistunt.
2410 591 2716 661 Circum-

168 678 405 747 fluens
453 677 681 763 itaque
728 676 1037 746 fidelium
1096 677 1468 747 multitudo
1518 679 1856 759 maxima,
1912 700 2047 748 non
2096 679 2404 748 cessabat
2458 679 2529 747 in
2572 680 2715 749 the-

167 787 423 837 sauros
458 765 807 845 ecclesiae,
865 766 1045 835 sicut
1089 767 1258 836 olim
1297 766 1382 836 ad
1432 788 1662 835 arcam
1714 767 1854 849 Dei,
1921 767 2140 837 multa
2187 767 2483 838 deferre:
2551 768 2714 838 hinc

162 854 328 935 viri,
386 854 548 923 hinc
598 853 933 923 foeminae
982 877 1293 942 quaeque
1344 855 1637 946 pretiosa
1684 856 2042 925 offerentes
2093 878 2215 947 pro
2275 857 2510 926 anima
2557 879 2708 939 sua,

166 943 307 1013 tria
355 943 671 1012 decenter
708 965 788 1012 ex
835 966 1003 1012 auro
1060 955 1476 1034 argentoque
1539 956 2069 1014 construxerunt
2115 944 2394 1015 scrinia.
2451 945 2715 1016 Floruit

165 1033 272 1103 ibi
313 1032 588 1101 divinae
635 1032 1094 1103 miserationis
1142 1033 1480 1123 operatio:
1533 1033 1697 1119 quia
1726 1034 1811 1102 ad
1869 1055 2108 1104 omnes
2156 1033 2334 1103 male
2382 1034 2714 1106 habentes

165 1120 491 1192 coelestis
531 1122 860 1190 confluxit
909 1122 1309 1191 medicatio:
1365 1123 1622 1191 sanatis
1672 1122 2054 1192 succedunt
2100 1122 2415 1204 sanandi,
2455 1135 2520 1191 et
2569 1146 2714 1192 me-

165 1210 424 1281 dicatis
472 1211 780 1279 certatim
830 1232 900 1280 se
948 1211 1271 1302 ingerunt
1306 1210 1648 1281 medendi.
1686 1212 1904 1280 Tertio
1943 1212 2155 1302 igitur
2187 1233 2370 1280 anno
2413 1223 2563 1301 post
2590 1212 2714 1281 ad·-

163 1311 459 1368 ventum
521 1303 924 1368 Sanctorum
992 1300 1062 1369 in
1126 1299 1574 1380 Gandavum,
1648 1300 2083 1389 Lindulphus
2146 1300 2709 1369 Noviomensium

164 1388 568 1479 episcopm,
621 1388 798 1457 sicut
847 1389 1275 1475 promiserat,
1323 1389 1624 1468 veniens,
1663 1410 1824 1458 cum
1872 1388 2194 1458 universo
2225 1388 2428 1458 clero,
2466 1389 2554 1458 ab
2581 1389 2713 1458 Ab·

164 1478 333 1547 bate
379 1486 445 1544 et
490 1476 772 1546 caeteris
819 1475 1146 1549 fratribus
1178 1498 1339 1546 cum
1390 1477 1651 1567 ingenti
1686 1491 2048 1567 susceptus
2086 1489 2187 1545 est
2230 1477 2507 1567 gaudio.
2544 1477 2712 1547 Ade-

164 1575 334 1635 rant
364 1563 460 1632 ibi
485 1564 810 1654 primates
839 1567 1032 1657 regni
1065 1578 1129 1636 et
1163 1564 1423 1656 populi,
1458 1578 1917 1635 convenerant
1946 1564 2329 1636 sacerdotes
2358 1578 2423 1635 et
2451 1566 2708 1648 clerici,

169 1654 419 1745 plures
450 1653 653 1721 etiam
704 1653 789 1721 de
838 1655 1114 1725 remotis
1149 1654 1393 1723 mundi
1425 1654 1761 1744 partibuS,
1798 1655 1979 1724 felici
2010 1666 2404 1724 sanctorum
2435 1677 2714 1725 rumore

167 1741 474 1812 excitati.
528 1747 604 1810 Et
636 1744 1057 1831 praeparatis
1103 1764 1278 1829 quae
1325 1744 1713 1812 necessaria
1742 1756 1958 1825 erant,
1999 1743 2081 1813 ad
2119 1744 2434 1813 effectum
2465 1744 2716 1813 solem—

171 1830 439 1910 nitatis,
474 1830 715 1900 fratrcs
764 1830 1159 1901 solemniter
1187 1832 1514 1913 accurati,
1560 1832 2013 1903 observabant
2041 1832 2330 1901 chorum
2373 1832 2443 1901 in
2475 1832 2715 1901 ordine

174 1942 333 1999 su0‚
379 1918 680 2008 populus
726 1932 1089 2009 expectans
1137 1920 1359 1989 stabat
1406 1920 1474 1989 in
1525 1920 1747 2021 gradu
1796 1943 1942 2002 su0‚
1982 1944 2143 1990 cum
2194 1921 2374 1989 idem
2417 1921 2716 2010 pontifex

176 2020 368 2078 totus
415 2007 699 2077 festivus
758 2029 921 2077 cum
970 2009 1331 2080 ordinibus
1380 2030 1593 2079 sacris
1639 2010 1988 2098 egreditur
2025 2009 2110 2078 de
2157 2010 2479 2078 sacrario.
2518 2014 2716 2079 Stans

181 2109 418 2166 autem
470 2096 540 2164 in
592 2095 893 2186 publico,
948 2110 1177 2168 monet
1231 2097 1566 2187 populum
1630 2111 1696 2167 et
1742 2100 2157 2179 exhortatur,
2228 2097 2716 2167 confidentiam

182 2185 418 2255 cordis
467 2184 717 2255 habere
764 2186 833 2253 in
897 2187 1202 2267 Domin0‚
1260 2199 1601 2274 quatenus
1644 2186 1999 2277 inceptum
2054 2209 2254 2277 opus,
2312 2186 2463 2277 ejus
2510 2186 2719 2277 digne

181 2275 633 2366 perficeretur
671 2274 951 2344 auxilio.

274 2364 311 2449 ἓ
374 2366 525 2433 19.
579 2368 656 2432 Et
701 2363 860 2432 data
905 2364 1232 2433 omnibus
1259 2363 1758 2445 benedictione,
1811 2374 2123 2454 cryptam
2173 2361 2580 2464 ingreditur,
2616 2363 2720 2431 di-

184 2450 445 2541 sposita
479 2452 969 2522 monachorum
1022 2466 1087 2524 et
1124 2452 1529 2522 clericorum
1571 2454 2004 2545 processione
2035 2451 2528 2534 Ecclesiastica,
2559 2473 2722 2522 can·

188 2539 483 2608 tantium
515 2552 577 2609 et
618 2541 1057 2631 psallentium
1096 2548 1226 2612 Deo
1265 2565 1425 2611 curn
1474 2544 1667 2612 omni
1699 2542 2097 2612 reverentia.
2135 2543 2182 2609 A
2235 2541 2532 2627 ertisque
2558 2564 2720 2611 san·

192 2640 458 2696 ctorum
491 2626 753 2711 loculiS,
807 2632 1038 2700 cuncti
1088 2632 1413 2719 primates
1459 2653 1620 2701 cum
1658 2632 1980 2723 pontifice
2018 2564 2543 2699 desiderabilem
2573 2651 2718 2700 cer-

189 2727 369 2784 nunt
457 2717 852 2803 thesaurum
912 2720 1202 2801 Domini,
1264 2719 1538 2790 coelesti
1588 2722 1919 2790 nimirum
1960 2718 2328 2788 dulcedine
2374 2718 2714 2793 delectati.

183 2805 389 2893 quasi
436 2806 505 2874 in
547 2807 865 2898 paradiso
912 2807 1318 2878 deliciarum
1354 2808 1468 2878 Dei
1498 2822 1726 2879 essent
1753 2808 2153 2879 conversati.
2185 2813 2350 2877 Nam
2386 2806 2717 2877 exhalans

183 2894 415 2964 subito
462 2895 548 2964 de
596 2897 864 2965 retectis
912 2906 1305 2967 sanctorum
1331 2899 1739 2988 corporibus
1764 2897 1932 2966 odor
1960 2897 2257 2988 perfildit
2287 2920 2407 2967 ora
2431 2907 2496 2965 et
2528 2918 2720 2965 men-

181 2995 287 3053 tes
335 2985 646 3053 omnium
698 2985 1174 3056 suavissimus
1225 2986 1412 3055 Unde
1459 2987 1757 3056 maxima
1786 2986 1973 3056 salus
2007 2998 2143 3055 tam
2175 2985 2480 3076 corporis
2506 3007 2717 3072 quam

178 3071 461 3142 animae
508 3074 850 3143 emanavit
897 3075 1304 3144 astantibus
1371 3073 1688 3147 Coelestis
1748 3074 2020 3144 interim
2087 3074 2470 3145 cantilenae
2528 3096 2718 3143 mur-

179 3182 348 3231 mur
393 3161 675 3230 auditur
720 3162 789 3230 in
841 3162 1183 3233 scriniolis
1232 3174 1650 3233 sanctorum.
1693 3169 1781 3233 De
1810 3186 1946 3250 quo
1978 3163 2358 3234 certissime
2383 3162 2713 3244 creditur,

179 3250 650 3339 congratulari
698 3251 1098 3322 concivibus
1146 3251 1292 3321 suis
1331 3274 1418 3320 an
1469 3253 1680 3322 elicos
1709 3253 1995 3353 spiritus
2025 3252 2396 3322 coelorum.
2430 3257 2480 3322 Ο
2506 3273 2718 3339 quam

181 3338 446 3420 mirum
493 3350 558 3408 et
607 3338 807 3408 dulce
838 3340 1346 3429 spectaculum:
1450 3341 1602 3410 ulce
1648 3342 1929 3429 quidem
1978 3341 2411 3420 coelestibus,
2460 3341 2719 3409 mirum

182 3439 415 3496 autem
477 3427 908 3497 mortalibus,
964 3432 1015 3498 Ο
1076 3429 1255 3499 beati
1301 3441 1365 3498 et
1411 3429 1640 3501 felices
1701 3429 1910 3511 oculi,
1975 3434 2377 3500 Sanctorum
2427 3450 2544 3497 cor
2596 3451 2719 3498 ora

183 3515 646 3585 intuentium:
699 3538 992 3603 quorum
1046 3516 1500 3608 proculdubio
1565 3518 1861 3608 pretium
1919 3518 2046 3587 erit
2104 3532 2419 3588 aeternae
2470 3540 2544 3587 sa
2574 3517 2717 3586 utis

179 3604 544 3694 gaudium.
584 3605 811 3677 Virtus
857 3607 1043 3676 enim
1091 3607 1322 3675 divina
1356 3607 1427 3676 in
1475 3607 1749 3677 ossibus
1782 3607 2133 3677 recondita
2178 3606 2491 3685 vivificis,
2531 3606 2715 3674 effla-

181 3693 278 3762 vit
326 3693 772 3784 fragrantiam
830 3696 988 3765 miri
1036 3695 1265 3765 odoris
1312 3708 1377 3765 et
1424 3718 1764 3786 supernae
1822 3694 2210 3765 dulcedinis
2256 3716 2432 3780 quae
2479 3694 2549 3762 in
2602 3694 2722 3762 ho-

182 3781 499 3851 minibus
531 3795 806 3872 operata
838 3796 939 3854 est
986 3785 1277 3854 salutem
1325 3786 1685 3872 utriusque
1724 3784 2050 3854 hominia.
2090 3783 2392 3854 Pontifex
2423 3783 2632 3872 igitur
2656 3794 2723 3853 et

183 3870 510 3940 monachi
560 3871 628 3939 in
680 3871 950 3964 incepto
1000 3873 1438 3963 persistentes
1484 3894 1688 3965 opere
1735 3885 1800 3944 et
1845 3871 2090 3952 officio,
2133 3877 2535 3941 Sanctorum
2572 3893 2724 3942 cor-

181 3979 353 4049 pora
400 3960 815 4030 condiebant
862 3984 1050 4031 more
1098 3961 1407 4031 fidelium
1448 3975 1513 4031 et
1560 3984 1748 4032 more
1796 3959 2047 4031 debito,
2109 3962 2598 4047 Elevantesquc
2642 3982 2725 4031 ea

178 4048 264 4117 de
316 4048 573 4118 vilibus
618 4062 683 4118 et
729 4051 1031 4137 antiquis
1077 4073 1316 4119 eorum
1366 4051 1688 4128 vasculis,
1746 4050 2253 4119 transtulerunt
2302 4049 2374 4119 in
2432 4049 2715 4130 scrinia,

179 4138 442 4207 noviter
490 4137 865 4208 honorifice
896 4139 1296 4228 composita.
1333 4141 1595 4229 Apertis
1642 4137 1892 4208 deinde
1940 4150 2220 4228 cryptae
2275 4139 2542 4229 januis,
2579 4160 2724 4208 ma-

180 4227 367 4294 ximo
414 4226 645 4296 labore
693 4228 1093 4317 procedunt,
1136 4241 1374 4318 patens
1423 4228 1916 4297 monasterium
1976 4228 2367 4298 introeunt:
2422 4227 2541 4296 sed
2594 4248 2722 4296 nec

182 4315 334 4406 ipse
368 4315 603 4406 templi
647 4315 836 4386 locus
883 4315 1267 4387 sufficiebat
1302 4315 1683 4386 oblationes
1717 4317 1983 4386 Sanctis
2012 4317 2501 4388 deferentibus.

275 4405 314 4491 ξ
382 4407 552 4474 20.
628 4410 815 4474 Tunc
886 4407 1267 4496 imperante
1331 4405 1653 4497 episcopo
1689 4460 1704 4487 ,
1765 4405 2027 4476 fortiter
2072 4407 2446 4476 clamatum
2504 4414 2607 4472 est
2655 4403 2725 4471 in

346 4521 591 4580 surius
633 4553 658 4567 -
694 4522 859 4582 Vitae
897 4522 1005 4585 SS.
1061 4555 1085 4568 -
1127 4521 1254 4582 Vol.
1297 4522 1400 4584 111.
2422 4528 2496 4581 24
