3327 4999
124 362 339 430 MART.
394 365 476 430 ⁴2
992 374 1073 431 nt:
1119 384 1177 432 s.
1232 382 1545 432 auricomo
1594 384 1757 432 ram
2437 371 2556 439 2⁴⁴

124 459 345 529 timeri.
397 466 472 530 Et
522 474 749 531 tamen
789 483 1065 534 necesse
1111 473 1248 545 est,
1317 473 1396 532 ut
1451 476 1746 533 rectores
1812 486 1852 532 a
1901 464 2201 535 subditis
2256 465 2653 551 timeantur,

116 549 365 632 quando
410 550 498 619 ab
544 550 646 618 eis
697 556 910 619 Deum
962 551 1254 621 minime
1317 552 1546 620 timeri
1608 550 2179 653 deprehendunt:
2229 567 2308 624 ut
2346 555 2659 627 humana

118 636 328 705 saltem
371 635 737 708 formidine
785 660 1072 729 peccare
1126 651 1437 710 metuant
1469 639 1591 726 qui
1639 639 1875 709 divina
1922 640 2183 731 judicia
2228 663 2366 712 non
2415 644 2657 715 sormi-

114 722 274 793 dant.
311 731 753 814 Nequaquam
788 738 1014 796 tamen
1050 728 1422 829 praepositi
1457 750 1537 797 ex
1573 727 1703 798 hoc
1750 730 2061 815 quaesito
2115 730 2363 800 timore
2406 753 2654 823 super-

115 811 308 894 biunt,
354 814 424 883 in
463 836 602 901 quo
636 835 772 884 non
823 836 1022 893 suam
1055 815 1374 905 gloriam,
1421 814 1542 886 sed
1565 816 2035 906 subjectorum
2063 818 2409 908 justitiam
2443 842 2654 907 quae·

111 913 268 971 runt.
319 908 397 972 In
423 925 503 974 eo
531 902 717 972 enim
765 903 952 990 quod
986 916 1244 974 metum
1296 902 1431 975 sibi
1472 926 1523 974 a
1559 926 1882 994 perverse·
1923 906 2314 977 viventibus
2367 909 2473 977 exi
2530 921 2656 980 unt

109 990 282 1074 quasi
330 1013 469 1061 non
498 991 926 1073 hominibuS,
966 991 1084 1062 sed
1114 991 1544 1061 animalibus
1594 993 2072 1063 dominantur.
2110 995 2284 1077 Quia
2338 996 2492 1065 vide
2525 997 2656 1067 icet

111 1097 176 1144 ex
212 1099 344 1165 qua
377 1093 570 1170 parte
618 1078 937 1151 bestiales
970 1093 1135 1150 sunt
1182 1079 1467 1162 subditi,
1520 1102 1602 1150 ex
1632 1103 1715 1151 ea
1760 1080 2012 1153 debent
2044 1084 2249 1153 etiam
2301 1082 2657 1155 formidini

101 1163 299 1252 jacere
345 1168 704 1239 substrati.

178 1256 210 1340 ξ
256 1260 424 1329 80.
482 1254 654 1325 «Sed
705 1254 1116 1345 plerumque
1149 1268 1372 1326 rector
1421 1277 1500 1326 eo
1532 1279 1672 1345 quo
1702 1257 1853 1347 ipse
1900 1259 2187 1328 caeteris
2235 1262 2646 1350 praeminet,

105 1338 365 1413 elatione
416 1344 856 1434 cogitationis
903 1344 1343 1415 intumescit:
1378 1358 1443 1415 et
1481 1345 1651 1416 dum
1703 1345 1790 1414 ad
1842 1368 2053 1417 usum
2102 1362 2355 1418 cuncta
2402 1349 2646 1438 subja-

104 1443 253 1511 cent,
303 1432 476 1502 dum
528 1432 613 1500 ad
666 1444 901 1502 votum
970 1432 1287 1502 velociter
1342 1433 1541 1523 jussa
1617 1433 2098 1524 complentur,
2158 1435 2330 1505 dum
2399 1459 2646 1508 omnes

104 1516 357 1600 subditi,
414 1521 475 1591 si
540 1542 680 1607 qua
725 1521 901 1589 bene
947 1532 1140 1612 gesta
1189 1533 1372 1600 sunt,
1429 1520 1758 1591 laudibus
1818 1524 2141 1604 efferunt,
2199 1524 2380 1594 male
2436 1525 2651 1614 gestis

102 1619 303 1677 autem
350 1607 555 1678 nulla
615 1609 1022 1679 auctoritate
1081 1609 1606 1692 contradicunt,
1660 1609 1833 1679 dum
1936 1611 2298 1697 lerumque
2356 1614 2648 1684 laudant

101 1695 276 1766 etiam
311 1719 495 1785 quae
544 1698 911 1788 reprobare
957 1697 1361 1779 debuerant,
1401 1698 1731 1769 seductus
1757 1698 1844 1768 ab
1878 1634 1986 1771 iiis
2034 1721 2213 1786 quae
2262 1699 2441 1770 infra
2473 1724 2645 1792 sup-

102 1795 335 1880 petunt,
391 1806 606 1876 super
655 1806 727 1856 se
759 1785 1039 1854 animus
1088 1785 1390 1855 tollitur:
1443 1797 1510 1857 et
1546 1785 1719 1856 dum
1775 1786 1973 1857 sortis
2021 1788 2364 1858 immenso
2412 1788 2645 1861 favore

98 1874 570 1952 circumdatur,
626 1874 813 1943 intus
869 1875 1149 1943 veritate
1182 1886 1536 1955 vacuatur,
1566 1887 1774 1961 atque
1822 1876 2081 1946 oblitus
2129 1877 2265 1957 sui,
2321 1877 2392 1945 in
2444 1900 2644 1947 voces

96 1979 156 2026 se
196 1963 461 2052 spargit
507 1961 790 2041 alienas,
846 1962 1191 2048 talemque
1245 1983 1319 2030 se
1369 1962 1610 2042 credit,
1668 1962 1945 2048 qualem
2012 1963 2178 2034 foris
2227 1964 2443 2047 audit,
2501 1987 2641 2035 non

95 2048 342 2130 qualem
406 2052 598 2120 intus
645 2049 1036 2119 discernere
1083 2049 1345 2119 debuit.
1421 2050 1778 2139 Subjectos
1841 2051 2174 2143 despicit,
2228 2074 2483 2139 eosque
2533 2075 2644 2122 ae-

93 2136 309 2218 quales
357 2138 498 2208 sibi
547 2151 833 2207 naturae
866 2136 1134 2227 origine
1168 2158 1317 2206 non
1373 2138 1724 2227 agnoscit:
1778 2151 1843 2208 et
1889 2162 2066 2225 quos
2114 2152 2295 2209 sorte
2345 2152 2645 2230 potesta-

99 2222 172 2292 tis
213 2227 619 2306 excesserit,
672 2226 1184 2297 transcendisse
1241 2225 1447 2294 etiam
1498 2226 1677 2295 vitae
1753 2227 2018 2298 meritis
2067 2227 2307 2297 credit.
2364 2229 2644 2298 Cunctis

96 2329 157 2378 se
199 2316 514 2384 aestimat
563 2314 869 2404 amplius
913 2335 1175 2405 sapere,
1237 2313 1495 2401 quibus
1563 2334 1635 2383 se
1690 2313 1871 2384 videt
1918 2315 2225 2405 amplius
2276 2337 2497 2406 posse.
2554 2321 2634 2387 In

94 2401 373 2482 quodam
422 2404 689 2493 quippe
746 2424 818 2471 se
865 2403 1222 2473 constituit
1268 2401 1575 2471 culmine
1614 2402 1802 2493 apud
1867 2403 2348 2493 semetipsum,
2402 2416 2467 2475 et
2512 2405 2638 2493 qui

93 2508 291 2576 aequa
332 2492 626 2562 caeteris
677 2504 963 2562 naturae
1008 2490 1402 2562 conditione
1472 2491 1781 2560 constrin
1839 2491 2016 2574 itur,
2069 2515 2151 2563 ex
2197 2514 2419 2580 aequo
2484 2515 2642 2564 cae-

95 2587 251 2648 teros
299 2581 644 2670 respicere
701 2580 1140 2670 dedignatur.
1196 2578 1697 2666 Sicque‘usque
1745 2603 1784 2648 a
1880 2581 2036 2669 ejus
2093 2580 2632 2653 similitudinem

91 2661 366 2749 ducitur,
422 2669 511 2738 de
557 2689 696 2755 quo
745 2669 1082 2759 scriptum
1128 2678 1266 2737 est:
1326 2672 1543 2737 Omne
1608 2668 1911 2738 sublime
1972 2669 2156 2738 videt
2202 2682 2268 2738 et
2314 2670 2468 2759 ipse
2522 2681 2629 2741 est

93 2774 188 2822 rex
230 2778 445 2847 super
491 2757 853 2827 universos
912 2755 1090 2825 filios
1139 2755 1527 2846 superbiae.
1582 2757 1714 2838 Qui
1775 2757 2129 2848 singulare
2174 2757 2455 2828 culmen
2505 2779 2631 2849 ap-

94 2853 302 2924 petens
348 2858 415 2914 et
467 2844 788 2913 socialem
837 2843 1246 2934 angelorum
1296 2842 1502 2912 vitam
1551 2843 1967 2935 despiciens,
2021 2846 2155 2915 ait:
2213 2851 2471 2915 Ponam
2524 2867 2638 2916 se·-

89 2926 222 2998 dem
258 2955 484 3002 meam
536 2933 623 3001 ad
664 2932 1093 3019 Aquilonem,
1136 2944 1202 3001 et
1247 2953 1364 3001 ero
1415 2931 1668 3001 similis
1708 2933 2077 3005 AltissimO.
2105 2935 2273 3003 Miro
2316 2955 2392 3003 er
2441 2956 2480 3003 o
2512 2934 2635 3034 ju-

96 3014 254 3089 dicio
302 3023 498 3091 intus
544 3019 807 3090 foveam
849 3020 1250 3110 dejectionis
1311 3019 1590 3101 invenit,
1644 3020 1813 3090 dum
1865 3020 2029 3091 foris
2077 3044 2149 3093 se
2200 3022 2269 3091 in
2318 3041 2409 3092 cu
2445 3044 2633 3092 mine

91 3110 423 3259 Kotestatis
471 3108 758 3179 extollit.
812 3114 1171 3200 Apostatae
1209 3108 1381 3198 quip
1516 3108 1762 3198 angelo
1793 3109 2045 3179 similis
2090 3109 2414 3191 eflicitur,
2469 3110 2640 3180 dum

130 3215 270 3266 omo
318 3198 734 3268 hominibus
781 3219 931 3267 esse
980 3197 1232 3269 similis
1278 3196 1321 3265 d
1420 3196 1721 3286 ignatur.
1781 3198 1890 3268 Sic
1939 3197 2100 3268 Saul
2155 3211 2306 3289 post
2346 3198 2639 3268 humili-

89 3283 223 3354 tatis
269 3286 629 3364 meritum.
688 3287 759 3354 in
817 3298 1159 3355 tumorem
1209 3286 1577 3373 superbiae
1624 3284 1933 3355 culmine
1998 3287 2350 3376 potestatis
2407 3308 2640 3357 excre-

88 3370 184 3441 vit.
233 3379 358 3445 Per
410 3374 877 3444 humilitatem
925 3373 1187 3463 quippe
1249 3372 1600 3463 praelatus
1646 3387 1750 3443 est
1795 3385 1861 3443 et
1909 3395 2030 3464 per
2075 3375 2479 3465 superbiam
2531 3397 2641 3444 re-

87 3463 421 3545 probatus,
480 3463 768 3532 Domino
816 3473 1175 3532 attestante
1220 3461 1340 3548 qui
1390 3461 1525 3531 ait:
1564 3466 1802 3531 Nonne
1849 3485 2011 3532 cum
2059 3484 2247 3535 esses
2295 3462 2633 3552 parv-ulus

84 3547 141 3614 in
186 3552 410 3621 oculis
462 3551 639 3633 mis,
691 3563 899 3641 caput
959 3563 1024 3620 te
1068 3549 1395 3620 constitui
1443 3550 1513 3618 in
1567 3550 1889 3619 tribubus
1952 3549 2211 3620 Israel?
2259 3551 2634 3620 Parvulum

82 3654 143 3703 se
187 3640 383 3729 prius
433 3640 508 3708 in
560 3641 706 3712 suis
751 3639 972 3708 oculis
1021 3638 1321 3707 viderat:
1387 3636 1505 3706 sed
1554 3637 1774 3708 fultus
1846 3639 2208 3729 temporali
2273 3640 2623 3729 potentie,

74 3722 199 3808 jam
246 3751 321 3799 se
405 3727 735 3797 arvulum
772 3749 907 3796 non
959 3726 1252 3796 videbat.
1308 3729 1741 3796 caeterorum
1793 3748 2095 3813 namque
2122 3727 2633 3818 comparationi

80 3832 140 3878 se
184 3837 342 3904 prae
373 3837 607 3897 erens,
644 3816 809 3903 quia
861 3814 1020 3905 plus
1066 3813 1340 3884 cunctis
1373 3826 1656 3904 poterat,
1710 3836 1821 3883 ma
1877 3835 2045 3884 num
2095 3837 2168 3885 se
2200 3837 2364 3906 prae
2411 3816 2642 3885 omni-

78 3896 191 3973 bus
234 3903 676 3976 aestimabat.
732 3904 901 3973 Miro
948 3914 1180 3973 autem
1217 3908 1421 3971 modo
1455 3923 1616 3972 cum
1666 3925 1808 3993 apu
1916 3925 1992 3972 se
2039 3903 2398 3993 parvulus,
2443 3903 2634 3994 apud

82 3991 269 4062 Deum
306 4014 637 4083 magnus:
690 4013 853 4060 cum
903 4013 1061 4062 vero
1107 3989 1294 4082 apud
1327 4012 1401 4060 se
1452 4012 1752 4081 magnus
1800 3992 2148 4149 apparuit,
2184 3991 2374 4083 apud
2421 3998 2636 4062 Deum

82 4081 395 4164 parvulus
476 4080 629 4150 fuit.
684 4079 1098 4167 Plerumque
1166 4101 1330 4170 ergo
1399 4078 1569 4148 dum
1620 4101 1701 4148 ex
1750 4102 1832 4149 su
1879 4091 2218 4163 ,lectorum
2287 4080 2645 4151 affluentia

81 4167 341 4240 animus
398 4169 712 4251 inflatur,
765 4169 837 4237 in
888 4167 1129 4238 luxum
1181 4167 1547 4258 superbiae
1607 4169 1760 4257 ipso
1825 4166 2167 4257 potentiae
2215 4168 2495 4259 fastigio
2542 4168 2643 4239 le-

80 4257 432 4329 nocinante
483 4257 976 4348 corrumpitur.
1012 4261 1233 4339 Quam
1281 4255 1599 4326 videlicet
1666 4256 2041 4346 potentiam
2090 4258 2265 4328 bene
2314 4258 2488 4346 regit
2522 4257 2645 4343 qui

78 4356 133 4411 et
178 4356 409 4418 tenere
460 4346 653 4416 illam
733 4345 995 4415 noverit
1040 4358 1106 4414 et
1155 4345 1593 4444 impugnare.
1656 4348 1835 4413 Bene
1882 4344 2063 4415 hanc
2115 4345 2289 4436 regit
2341 4347 2463 4432 qui
2513 4345 2646 4413 scit

83 4451 188 4518 per
232 4435 430 4506 illam
467 4454 681 4524 super
715 4432 960 4523 culpas
1005 4433 1222 4525 erigi,
1276 4446 1404 4503 scit
1476 4455 1638 4504 cum
1688 4432 1808 4503 illa
1855 4433 2143 4504 caeteris
2217 4432 2633 4522 aequalitate
