3327 4999
210 377 458 442 MART.
514 378 596 441 13
979 396 1057 442 nn
1107 396 1161 442 s.
1198 394 1555 445 mcnrnono
1604 393 2003 444 ramunculi
2519 378 2654 443 ι291

207 493 605 551 sanctorum
678 478 1155 569 Apostolorum
1205 479 1457 571 templo
1530 479 1979 551 collocarunt.
2053 483 2264 549 Tanta
2309 492 2538 548 autem
2604 491 2752 549 erat

210 566 684 639 concurrentis
736 567 974 659 populi
1024 567 1329 638 virorum
1378 581 1443 639 et
1502 568 1962 640 foeminarum
2012 579 2216 655 atque
2262 578 2561 638 aetatum
2608 590 2758 638 om-

209 658 407 726 nium
457 655 848 737 multitud0,
900 668 978 725 ut
1011 657 1363 727 numerari
1398 679 1534 727 non
1586 669 1836 749 posset.
1875 661 1953 727 In
2005 656 2208 726 biviis
2256 655 2441 727 enim
2490 668 2554 727 et
2602 679 2758 748 por-

210 744 462 815 ticibus
520 746 1010 836 premebantur
1054 757 1120 815 et
1165 746 1423 833 ubique
1476 768 1597 838 per
1642 746 1784 815 vim
1848 745 1984 816 sibi
2027 745 2288 815 exitum
2365 745 2751 835 parabant:

214 834 404 916 adeo,
456 845 533 903 ut
578 834 894 922 quamvis
924 833 1180 904 multae
1213 848 1489 925 propter
1533 840 1636 906 Im
1691 846 1989 905 eratores
2022 846 2088 904 et
2116 832 2503 904 sacerdotes
2551 834 2758 904 variis

210 923 633 1013 temporibus
679 923 1104 993 celebritates
1140 923 1504 1006 extiterint,
1551 923 1746 993 nula
1792 934 2018 993 tamen
2067 945 2231 993 cum
2281 924 2411 992 hac
2459 922 2758 992 conferri

208 1024 430 1100 queat.
485 1011 810 1082 Nonnulli
858 1012 1062 1082 etiam
1134 1010 1206 1081 in
1255 1013 1364 1082 via
1428 1010 1790 1104 spiritibus
1853 1011 2241 1084 immundis
2288 1010 2533 1094 vexati,
2586 1012 2759 1081 dum

205 1101 291 1171 ab
328 1100 488 1170 aliis
533 1101 1173 1190 comprimerentur,
1213 1102 1643 1174 miserandas
1672 1114 1878 1189 atque
1915 1100 2288 1171 maledicas
2321 1122 2522 1170 voces
2554 1101 2758 1170 emit-

203 1190 475 1260 tebant:
526 1210 821 1275 quorum
870 1211 910 1259 e
960 1211 1250 1260 numero
1294 1190 1579 1277 quidam
1646 1191 1734 1260 ab
1787 1190 1935 1280 ipso
1997 1189 2222 1259 curati
2273 1201 2459 1260 sunt.
2513 1188 2759 1280 Populi

202 1278 417 1369 igitur
449 1275 714 1368 impetu
759 1277 867 1347 vix
913 1277 1181 1360 evitat0,
1235 1292 1552 1349 sanctum
1611 1279 1848 1349 eximii
1897 1279 2331 1348 Patriarchae
2381 1299 2636 1368 corpus
2683 1279 2756 1347 in

199 1366 648 1438 celeberrimo
695 1366 1170 1456 Apostolorum
1220 1368 1514 1459 templo,
1572 1369 1786 1439 sacris
1836 1367 2184 1458 mysteriis
2243 1372 2377 1436 Deo
2427 1366 2749 1457 peractiS,

199 1456 272 1526 in
309 1455 681 1546 sepulchro
728 1477 964 1525 recens
1012 1467 1426 1539 construct0‚
1484 1456 1807 1527 manibus
1854 1455 2075 1558 ipsius
2116 1455 2435 1526 Methodii
2476 1477 2756 1546 compo-

199 1546 413 1616 situm
456 1555 579 1626 est,
634 1550 673 1613 3
713 1544 880 1613 Idus
936 1544 1155 1614 Martii
1211 1568 1347 1633 quo
1394 1545 1675 1634 quidem
1724 1545 1835 1615 die
1884 1568 1954 1615 in
2002 1543 2288 1615 exilium
2345 1545 2551 1615 etiam
2614 1545 2757 1635 eje-

200 1646 360 1704 ctus
399 1633 644 1714 fuerat,
698 1644 774 1702 ut
803 1636 1095 1721 utraque
1143 1655 1215 1703 re
1248 1634 1336 1704 sit
1384 1634 1876 1705 memorabilis.

291 1725 329 1810 ξ
376 1727 522 1794 18.
577 1727 709 1792 Nos
756 1735 1008 1803 autem,
1054 1745 1093 1792 o
1143 1734 1416 1814 patrum
1466 1723 1922 1804 sanctissime,
1975 1744 2016 1792 o
2051 1743 2405 1794 sacrorum
2469 1723 2754 1813 praeco-

199 1833 375 1881 num
415 1809 628 1880 decus
723 1811 793 1881 ui
844 1810 1038 1902 digni
1086 1810 1244 1881 facti
1292 1835 1558 1892 sumus,
1597 1825 1674 1883 ut
1710 1825 1770 1882 te
1809 1826 1873 1882 et
1907 1823 2293 1882 terrestrem
2335 1811 2753 1882 haberemus

201 1900 422 1970 civem
471 1912 537 1968 et
584 1921 703 1971 coe
733 1911 942 1969 estem
1001 1900 1185 1992 apud
1255 1905 1466 1970 Deum
1522 1901 2086 1983 intercessorem,
2147 1900 2233 1970 ad
2283 1922 2514 1969 arcam
2567 1911 2755 1969 tuam

202 2010 368 2060 cum
417 1987 760 2057 desiderio
792 1987 1208 2069 accedimus,
1263 2010 1552 2075 eamque
1614 2011 1777 2060 cum
1838 1989 2029 2060 omni
2079 1988 2509 2059 veneratione
2569 2009 2758 2058 corn-

201 2076 602 2170 plectentes,
654 2078 776 2147 has
805 2077 927 2147 tibi
959 2099 1156 2147 voces
1201 2076 1660 2149 effundimus:
1708 2081 1759 2147 Ο
1787 2078 2194 2150 sublimium
2245 2090 2310 2148 et
2340 2099 2758 2147 arcanorum

200 2167 691 2255 mysteriorum
743 2166 1088 2257 inspector
1132 2178 1198 2236 et
1242 2167 1776 2258 contemplator:
1829 2189 1868 2237 o
1917 2166 2136 2236 divini
2185 2179 2504 2256 aspectus
2551 2177 2760 2252 atque

205 2254 596 2344 splendoris
630 2254 849 2345 gloria
906 2255 1182 2325 abunde
1246 2267 1520 2357 propter
1568 2256 1819 2326 mentis
1872 2255 2236 2346 puritatem
2279 2254 2658 2334 illustrate;
2711 2275 2752 2322 o

210 2342 759 2434 patriarcharum
809 2357 1013 2432 atque
1076 2344 1481 2435 pontificum
1548 2345 1890 2415 societatis
1962 2344 2305 2435 particeps
2351 2343 2473 2430 qui
2519 2355 2586 2412 et
2631 2365 2758 2413 no·-

211 2430 404 2498 mine
434 2444 495 2502 et
542 2454 613 2503 re
650 2432 859 2503 simul
921 2455 1080 2504 cum
1158 2433 1299 2505 illis
1345 2434 1665 2504 victoriae
1727 2434 2090 2526 praeconia
2138 2445 2204 2504 et
2251 2432 2581 2524 praemia,
2638 2438 2796 2502 ae-*

210 2521 481 2589 rumnis
525 2534 590 2591 et
637 2522 965 2613 periculis
1015 2523 1391 2614 superatiS,
1447 2523 1849 2614 percepisti:
1916 2523 2190 2612 suscipe
2232 2522 2532 2612 benigne
2605 2520 2755 2591 sin-

210 2608 350 2677 ceri
397 2610 620 2679 cordis
682 2633 844 2701 erga
894 2623 955 2681 te
1001 2611 1210 2681 fidem
1268 2624 1333 2682 et
1378 2612 1803 2682 affectionem
1836 2668 1852 2694 ,
1925 2611 2368 2698 vicissimque
2419 2625 2571 2680 tuas
2622 2633 2751 2701 pro

204 2697 407 2766 nobis
436 2699 519 2768 ad
576 2704 779 2768 Deum
817 2722 1028 2791 puras
1073 2712 1433 2788 castasque
1467 2723 1703 2792 preces
1730 2700 1997 2771 exhibe:
2042 2710 2118 2769 ut
2156 2699 2461 2778 Ecclesia
2507 2710 2752 2769 sancta

202 2785 279 2854 in
332 2788 819 2875 tranquillitate
875 2803 1180 2858 versetur
1226 2801 1292 2859 et
1345 2789 1516 2859 fides
1565 2790 1831 2881 integra
1874 2788 2324 2859 custodiatur.
2380 2794 2457 2858 In
2509 2809 2751 2878 perpe-

204 2889 403 2945 tuum
442 2876 641 2947 nobis
675 2883 889 2947 Deum
936 2877 1311 2969 propitium
1359 2878 1566 2948 redde
1604 2890 1669 2948 et
1718 2901 1843 2948 nos
1888 2877 2011 2965 qui
2062 2876 2582 2968 jucundissima
2631 2890 2750 2945 tua

194 2977 674 3046 monumenta,
705 2967 825 3053 qui
858 2966 1321 3057 pulcherrima
1367 2967 1453 3037 ad
1503 2966 1795 3038 salutem
1830 2967 2144 3037 instituta
2190 2966 2398 3036 variis
2429 2965 2499 3034 in
2551 2964 2753 3035 libris

197 3075 242 3122 a
290 3066 351 3123 te
386 3054 619 3124 relicta
666 3055 1109 3146 perlegimu3‚
1163 3055 1233 3124 in
1283 3069 1465 3126 recta
1494 3056 1898 3148 dogmatum
1955 3055 2269 3126 doctrina
2315 3055 2553 3125 firmos
2625 3054 2756 3122 im-

201 3143 634 3230 mobilesque
680 3164 1006 3213 conserva
1051 3157 1117 3214 et
1161 3143 1233 3212 in
1283 3146 1473 3214 omni
1523 3157 1911 3236 temporum
1963 3144 2281 3214 varietate
2334 3155 2750 3224 constantes,

196 3244 280 3302 ut
324 3252 601 3302 omnem
652 3231 989 3321 reliquam
1040 3232 1245 3302 vitam
1304 3233 1617 3325 exemplo
1674 3248 1789 3304 tuo
1850 3245 2084 3303 sancte
2135 3232 2623 3323 transigamus,
2679 3242 2757 3301 ut

200 3324 337 3389 Deo
377 3320 572 3390 chari
607 3320 827 3391 simus
856 3335 922 3392 et
948 3342 1124 3408 quae
1161 3321 1372 3412 justis
1408 3322 1750 3414 promissa
1783 3335 1966 3405 sunt,
2006 3323 2189 3392 hona
2216 3341 2749 3409 consequamur.

199 3408 400 3481 Illius
451 3410 923 3481 misericordia
962 3433 1041 3481 ac
1075 3431 1359 3481 munere
1388 3411 1508 3499 qui
1559 3424 1835 3503 propter
1865 3433 1989 3482 nos
2037 3411 2244 3481 homo
2273 3410 2420 3479 fieri
2453 3422 2519 3479 et
2546 3429 2756 3479 carne

197 3498 493 3568 indutus
548 3499 845 3590 perspici
894 3521 1030 3570 non
1078 3511 1180 3569 est
1226 3498 1688 3592 dedignatuS,
1758 3500 2068 3572 Christus
2126 3504 2303 3570 Deus
2352 3510 2582 3567 noster
2629 3497 2756 3586 qui

195 3587 533 3657 colendus
579 3601 643 3657 et
674 3588 1069 3658 adorandus
1105 3600 1208 3658 est
1253 3612 1413 3659 cum
1463 3595 1679 3671 Patre,
1731 3589 1847 3676 qui
1880 3602 1982 3660 est
2021 3599 2177 3658 ante
2226 3587 2655 3680 principium
2687 3597 2756 3656 et

197 3675 435 3777 divino
472 3677 753 3768 Spiritu,
807 3677 930 3765 qui
973 3689 1075 3748 est
1146 3677 1458 3769 ejusdem
1505 3700 1668 3749 cum
1741 3678 1881 3749 illis
1926 3677 2303 3761 essentiae,
2375 3688 2755 3763 auctorque

199 3781 379 3837 vltae
409 3779 539 3836 etc.
