3327 4999
198 300 405 364 MART.
456 300 496 364 7
1012 319 1090 363 nr.
1139 318 1195 364 s.
1247 318 1462 365 'raom
1509 316 1831 374 Acunum
2523 303 2607 368 77

195 402 395 472 fratres
438 402 658 472 sancti
706 402 1002 483 Thomae
1072 401 1525 493 Landulphus
1571 414 1636 471 et
1684 401 2066 483 ArnolduS,
2128 402 2259 472 viri
2324 404 2588 474 strenui
2632 417 2698 475 et

194 489 543 581 prudentes,
598 491 665 560 in
715 491 960 562 castris
993 490 1316 560 Frideriei
1350 495 1411 561 ΙΙ
1461 491 1905 581 Imperatoris
1955 490 2368 562 militabant.
2404 493 2496 562 Ad
2539 493 2696 564 illos

190 580 389 649 scribit
433 591 672 659 mater,
728 580 891 649 dent
928 603 968 650 0
1019 601 1235 660 eram,
1294 601 1378 648 ne
1425 579 1721 648 Thomas
1772 580 1985 669 possit
2031 602 2112 651 ex
2157 581 2352 657 Italia
2402 583 2696 654 transire
2791 644 2804 657 .

187 668 245 735 in
273 667 530 738 Gallias.
588 667 693 739 Illi
726 668 919 739 lectis
993 669 1204 751 iteriS,
1253 690 1386 738 non
1424 667 1860 738 mediocriter
1894 670 2246 751 commoti,
2285 672 2696 742 assentiente

188 761 587 848 Imperatore,
640 758 809 828 locis
857 779 897 826 o
952 757 1268 848 portunis
1306 756 1718 831 fortissimos
1765 756 2106 829 collocant
2151 760 2333 831 viros
2379 760 2503 848 qui
2532 783 2694 831 eum

187 843 607 936 intercipiant.
646 852 775 917 Nec
808 846 894 915 dc
927 847 1024 916 uit
1053 846 1333 916 illorum
1362 845 1729 917 conatibus
1765 868 2051 938 prosper
2097 870 2486 919 successus.
2525 853 2694 919 Cum

186 935 331 1003 enim
375 935 672 1005 Thomas
719 948 999 1007 sanctus
1052 957 1221 1025 puer
1266 957 1424 1005 cum
1474 947 1771 1022 quatuor
1818 936 2025 1006 sociis
2072 937 2381 1025 ejusdem
2433 937 2694 1029 profes-

181 1022 361 1092 sionis
406 1025 536 1094 iter
580 1037 983 1114 capesseret,
1018 1036 1085 1094 et
1132 1024 1364 1094 labore
1410 1022 1653 1105 sessus,
1690 1024 1776 1093 ad
1816 1037 2099 1116 puteum
2133 1026 2420 1108 sederet,
2488 1050 2529 1097 a
2565 1025 2697 1095 mi·

180 1110 382 1181 litibus
412 1113 959 1203 comprehensus
995 1126 1144 1195 est;
1201 1114 1322 1200 qui
1368 1135 1525 1181 eum
1577 1112 1822 1184 habitu
1871 1115 2248 1185 monastico
2292 1114 2355 1183 vi
2394 1115 2697 1205 spoliare

178 1201 465 1283 volentes,
514 1224 678 1271 cum
745 1224 904 1271 eum
978 1214 1335 1272 cernerent
1401 1201 1626 1271 modis
1690 1202 2019 1272 omnibus
2066 1203 2328 1285 obniti,
2393 1227 2477 1274 ne
2523 1204 2695 1293 quid

176 1287 564 1360 incommodi
600 1290 961 1381 acciperet,
1015 1313 1177 1360 eum
1208 1290 1295 1360 ad
1346 1290 1588 1360 fratres
1635 1290 1827 1360 illius
1872 1291 2335 1363 adduxerunt.
2389 1293 2445 1363 Ii
2493 1315 2696 1383 porro

174 1377 243 1446 ad
288 1393 566 1449 matrem
617 1401 777 1449 eum
827 1380 1227 1449 ducendum
1300 1390 1658 1450 curarunt.
1730 1379 2058 1451 Dolebant
2131 1381 2390 1452 interea
2455 1380 2698 1451 fratres

173 1468 570 1538 Dominicani
614 1468 798 1555 quod
847 1491 928 1537 ea
968 1468 1030 1537 vi
1083 1469 1558 1558 conspicerent
1594 1469 1849 1538 abduci
1899 1480 2124 1539 tantae
2174 1471 2322 1561 spei
2372 1492 2690 1561 puerum.

176 1560 351 1625 Porro
396 1571 618 1627 mater
655 1557 799 1628 viso
848 1560 1130 1637 Thoma,
1168 1558 1431 1647 ingenti
1479 1557 1734 1648 gaudio
1782 1558 2022 1628 affecta
2053 1572 2177 1641 est,
2217 1559 2335 1629 sed
2385 1559 2697 1629 vincente

175 1644 462 1715 muliebri
509 1647 788 1727 affectu,
844 1645 1260 1736 persuadere
1308 1646 1409 1714 illi
1458 1659 1772 1729 conatur,
1825 1658 1902 1717 ut
1960 1647 2316 1739 religionis
2379 1647 2696 1719 habitum

180 1731 458 1822 deponat.
515 1736 651 1805 Sed
703 1734 957 1804 frustra
998 1735 1257 1825 jacitur
1311 1748 1447 1806 rete
1494 1748 1653 1804 ante
1712 1736 1952 1806 oculos
2001 1748 2481 1828 pennatorum.
2542 1743 2700 1807 Erat

188 1821 315 1909 ejus
353 1824 587 1913 optimi
661 1824 858 1914 pueri
907 1846 1101 1895 mens
1149 1823 1350 1916 longe
1415 1824 1681 1894 firmior
1726 1838 1791 1895 et
1839 1825 2184 1902 robustior
2248 1827 2318 1896 in
2382 1826 2648 1896 Christo
2677 1880 2692 1908 ,

195 1928 366 1994 quam
405 1935 581 2001 quae
633 1912 964 1981 maternis
1018 1926 1246 2003 posset
1308 1913 1804 1984 blandimentis
1852 1915 2086 1985 everti.
2147 1920 2450 2002 Cumque
2522 1913 2695 1983 nihil

199 1999 518 2084 proficeret,
580 2001 1118 2072 custodiendum
1154 2001 1354 2071 illum
1388 2001 1594 2071 tradit
1624 2002 1965 2073 militibus
1996 2003 2067 2072 in
2101 2015 2324 2073 castro
2363 2003 2692 2091 quodam,

199 2082 378 2157 donec
414 2091 550 2180 ejus
613 2090 985 2180 propinqui
1020 2101 1084 2160 et
1130 2090 1404 2182 cognati
1454 2090 1921 2161 adventarent.
1976 2096 2105 2161 Nec
2155 2092 2288 2163 sibi
2338 2104 2566 2161 tamen
2600 2091 2697 2161 fe-

202 2174 431 2248 rendam
468 2179 813 2271 putabant
845 2184 1072 2249 Patres
1121 2179 1549 2248 Dominicani
1588 2178 1778 2248 illam
1816 2180 1953 2248 vim
2009 2178 2286 2249 allatam
2324 2201 2489 2252 suae
2536 2203 2697 2271 pro-

197 2259 455 2336 fessionis
499 2268 730 2349 sratri,
783 2268 1232 2356 querelasque
1279 2267 1674 2338 deferebant
1721 2266 1807 2337 ad
1872 2269 2352 2339 Innocentium
2421 2274 2501 2338 IV
2569 2275 2698 2339 Ro-

191 2372 392 2424 manae
435 2358 629 2428 sedis
704 2356 1125 2426 Pontificem.
1182 2358 1482 2427 Pontitex
1537 2379 1674 2426 non
1743 2356 2086 2427 immerito
2132 2357 2232 2427 rei
2287 2357 2698 2460 indignitate

190 2457 514 2529 permotus,
575 2445 664 2515 ad
718 2446 1140 2517 Fridericum
1190 2452 1680 2538 Imperatorem
1749 2446 2044 2517 nuncios
2088 2468 2250 2517 cum
2305 2446 2519 2517 literis
2572 2448 2698 2516 mi-

189 2529 277 2610 sit,
317 2535 687 2606 adhortans
732 2557 917 2618 eum,
970 2549 1048 2606 ut
1079 2538 1229 2627 ejus
1277 2537 1572 2628 injuriae
1597 2535 2045 2607 administros
2093 2535 2352 2623 inquiri
2392 2538 2690 2628 juberet.

190 2620 524 2696 Fridericus
581 2629 961 2716 Imperator
1028 2647 1163 2694 non
1226 2626 1293 2695 id
1346 2648 1427 2694 ne
1482 2625 1838 2715 ligendum
1916 2638 2106 2695 ratus
2153 2623 2337 2712 quod
2387 2623 2694 2695 Pontifex

184 2706 639 2794 admonuisset,
696 2713 951 2783 milites
995 2715 1409 2805 comprehen
1468 2715 1490 2783 i
1557 2715 1754 2813 ‘ussit
1799 2725 1865 2784 et
1910 2713 2075 2783 duci
2122 2713 2194 2783 in
2258 2713 2692 2786 custodiam:

180 2816 279 2894 pec
319 2800 434 2872 diu
484 2815 643 2893 post
706 2801 949 2871 fratres
999 2803 1481 2873 Dominicanos
1601 2814 1862 2875 ortatus
1925 2814 2066 2885 est,
2122 2816 2197 2872 ut
2245 2825 2410 2873 suas
2463 2824 2697 2894 preces

176 2887 286 2973 lpsi
325 2891 668 2961 offerrent.
704 2891 812 2960 Illi
848 2913 1001 2960 vero
1035 2914 1194 2961 cum
1230 2893 1297 2960 in
1328 2915 1360 2963 s
1413 2913 1521 2961 em
1562 2891 1817 2961 bonam
1850 2893 2197 2962 venissent
2238 2892 2695 2983 recuperandi

175 2974 456 3061 Thomae,
496 3002 627 3071 per
675 2979 806 3048 vim
843 2990 908 3048 et
954 2980 1284 3070 injuriam
1323 2915 1557 3062 ablati,
1606 2980 1928 3050 nolebant
1960 2982 2275 3068 querelas
2323 2980 2510 3072 apud
2560 2985 2698 3050 Im-

174 3079 519 3151 peratorem
595 3068 958 3159 deponere,
1014 3091 1097 3138 ne
1145 3070 1203 3139 si
1251 3069 1416 3157 quid
1474 3069 1584 3139 ille
1633 3070 1704 3138 in
1769 3068 2021 3140 milites
2128 3070 2358 3140 ravius
2411 3070 2694 3140 statuis-

173 3164 278 3254 §et3
322 3156 729 3228 scandalum
778 3156 940 3227 inde
987 3172 1383 3229 nasceretur
1411 3169 1475 3228 et
1523 3157 1899 3249 scrupulus
1930 3159 2052 3246 qui
2105 3181 2217 3228 am
2250 3159 2694 3229 conscientiis

174 3259 570 3332 injiceretur.

243 3334 276 3417 §
331 3339 414 3405 ὅ.
466 3341 627 3405 Jam
674 3335 917 3405 fratres
952 3339 1018 3406 S.
1072 3336 1368 3405 Thomae
1402 3335 1855 3426 Landulphus
1903 3349 1968 3422 et
2015 3335 2357 3406 Arnoldus
2404 3337 2490 3407 ad
2545 3358 2694 3406 ma-

174 3427 321 3489 trem
415 3423 1018 3494 roficiscebantur:
1083 3425 1202 3495 sed
1262 3424 1718 3494 omittendum
1777 3426 1906 3494 hoc
1971 3423 2119 3494 loco
2168 3447 2302 3494 non
2362 3440 2464 3496 est
2509 3425 2692 3512 quod

174 3526 307 3603 cum
354 3535 376 3580 1
409 3512 455 3581 li
500 3512 587 3582 ad
639 3514 970 3583 'rhomam
1004 3514 1373 3594 venissent,
1427 3514 1719 3604 ejusque
1782 3514 2321 3604 insuperabilem
2373 3527 2696 3587 constan-

176 3605 317 3665 uam
359 3602 862 3692 cognovissent,
920 3624 1187 3674 sorores
1221 3624 1382 3685 suas
1415 3602 1899 3682 hortati-sunt,
1956 3613 2034 3672 ut
2079 3601 2166 3672 ad
2214 3624 2373 3672 eum
2426 3625 2499 3674 se
2531 3625 2697 3673 con-

177 3680 437 3770 ferrent,
488 3712 791 3779 eumque
838 3714 881 3773 a
943 3691 1281 3761 sententia
1354 3691 1794 3762 deducerent.
1848 3696 1989 3761 Non
2064 3703 2473 3762 recusarunt
2539 3691 2700 3760 illae

174 3775 327 3856 quod
366 3778 605 3868 jttssae
651 3792 887 3850 erant:
937 3779 1055 3851 sed
1104 3779 1225 3851 ubi
1278 3780 1347 3849 in
1396 3781 1548 3871 ejus
1603 3802 2056 3872 congressum
2128 3780 2695 3868 colloquiumque

177 3879 499 3950 venerunt,
536 3869 633 3938 ita
679 3869 767 3938 ab
801 3869 941 3949 illo,
986 3871 1133 3960 jam
1184 3868 1516 3939 divinitus
1568 3869 1764 3939 valde
1812 3868 2187 3950 illustram,
2241 3892 2453 3960 puero
2502 3870 2703 3940 insti-

181 3958 333 4046 tutae
367 3968 549 4039 sunt‚
617 3969 695 4028 ut
750 3957 965 4028 altera
1012 3970 1310 4038 earum,
1366 3958 1776 4049 posthabitis
1840 3958 2087 4027 mundi
2134 3959 2433 4051 pompis,
2488 3959 2702 4030 sacris

182 4042 531 4143 virginibus
579 4046 650 4115 in
713 4046 1128 4118 monasterio
1177 4069 1250 4117 se
1296 4048 1768 4138 conjunxerit,
1822 4068 1902 4117 ac
1949 4048 2232 4118 demum
2283 4049 2368 4118 iis
2433 4047 2701 4139 praefe-

184 4137 288 4206 0¹³‚
338 4154 404 4201 m
454 4147 692 4206 sancta
813 4135 1184 4207 rofessione
1258 4148 1491 4207 sancte
1551 4136 1818 4207 obierit.
1876 4142 1967 4206 Ea
2033 4159 2141 4207 res
2190 4137 2412 4229 magis
2491 4138 2699 4208 etiam

190 4210 435 4291 fratrum
489 4224 724 4294 iracun
785 4225 923 4296 iam
970 4225 1356 4307 concitavit,
1413 4225 1505 4296 ita
1558 4240 1636 4296 ut
1682 4225 1771 4296 ad
1819 4248 2165 4296 carcerem
2207 4248 2346 4314 quo
2403 4227 2700 4296 Thomas

191 4308 651 4395 continebatur,
706 4313 1132 4393 accederent,
1169 4327 1234 4385 et
1274 4314 1554 4405 injuriis
1582 4327 1789 4403 atque
1833 4315 2164 4387 conviciis
2209 4338 2369 4386 eum
2398 4316 2701 4406 exagita-

198 4408 332 4476 rent,
383 4400 674 4491 denique
722 4401 1038 4474 habitum
1086 4404 1546 4477 monasticum
1602 4404 2093 4497 discerperent,
2149 4417 2228 4476 ut
2273 4405 2389 4474 ille
2436 4404 2701 4496 pudore
