3327 4999
186 347 447 413 MART.
505 345 585 411 ⁴3
1077 366 1156 412 nn
1205 366 1260 412 s,
1314 364 1674 413 EUPnnAsu
1721 364 1891 413 vinc.
2530 349 2660 413 275

195 445 549 515 actoribus
597 442 939 535 praecipe,
991 456 1068 514 ut
1113 445 1421 517 debitum
1472 466 1678 514 omne
1704 444 2401 536 remittantagricolis
2423 446 2742 547 jaminde

196 534 287 605 ab
333 534 527 603 obitu
576 533 790 624 patris
838 533 977 602 mei
1020 555 1244 621 usque
1289 533 1360 603 in
1395 556 1746 623 praesens,
1782 547 1862 604 ut
1907 535 2057 603 sine
2104 533 2543 605 solicitudine
2584 556 2747 626 pos-

202 623 336 694 sim
385 622 637 691 servire
675 622 963 703 Christo,
1016 623 1132 692 cui
1180 644 1291 693 me
1339 635 1543 693 totam
1573 623 1914 693 commisi.
1956 626 2090 693 Ora
2136 645 2259 713 pro
2299 623 2556 694 ancilla
2603 637 2742 706 tua,

202 724 349 782 oret
372 712 571 781 etiam
601 711 866 781 Christo
891 712 1213 782 amabilis
1242 711 1526 782 domina
1560 733 1710 781 mea
1742 716 2045 803 Augusta
2126 734 2201 781 ro
2230 711 2484 781 ancilla
2530 735 2678 782 sua.
2709 735 2749 780 »

205 799 458 870 Deinde
503 800 882 890 obsignans
929 800 1316 890 epistolam,
1358 799 1638 869 tradidit
1665 800 1857 869 illam
1905 823 2059 870 vere
2112 800 2283 870 ario.
2318 805 2487 870 Cum
2515 812 2749 871 autem

208 894 584 979 Imperator
629 903 696 958 et
740 892 1047 979 Augusta
1098 911 1248 959 eam
1315 889 1682 980 legissent,
1743 890 2046 959 ubertim
2095 890 2469 970 fleverunt,
2501 912 2751 959 convo-

209 999 509 1065 cansque
548 999 703 1047 mox
738 981 1059 1047 Senatum
1112 998 1389 1048 omnem
1423 990 1489 1047 et
1535 991 1801 1068 patrem
1848 979 2023 1068 ejus,
2076 977 2192 1048 cui
2222 978 2564 1069 desponsa
2597 978 2751 1049 sue·-

207 1080 310 1136 rat
354 1066 762 1157 Euphrasia‚
806 1066 1018 1156 jussit
1063 1071 1482 1157 Imperator,
1545 1080 1624 1137 ut
1689 1066 1757 1135 in
1815 1067 2202 1158 praesentia
2247 1067 2562 1137 omnium
2608 1067 2754 1158 epi-

206 1155 377 1225 stola
425 1155 848 1225 recitaretur.
896 1154 1088 1238 Quod
1144 1176 1306 1225 cum
1355 1156 1571 1237 fieret,
1621 1177 1863 1226 omnes
1920 1155 2278 1246 lacrymati
2328 1168 2514 1238 sunt,
2567 1156 2755 1226 dixe·

203 1257 544 1332 runtque:
590 1248 906 1314 «Revera
953 1244 1120 1313 haec
1167 1255 1269 1314 est
1312 1244 1633 1336 Antigoni
1680 1259 1745 1314 et
1793 1245 2214 1336 Euphrasiae
2266 1243 2412 1314 filia
2448 1245 2569 1331 qui
2619 1245 2745 1314 tibi

204 1337 586 1425 Imperator
630 1335 971 1439 sanguine
1008 1333 1360 1424 conjuncti
1387 1333 1661 1403 fuere.»
1703 1339 1957 1404 Revera
1990 1334 2468 1424 religiosorum
2499 1356 2748 1425 paren-

202 1434 346 1492 tum
401 1421 723 1523 religiosa
754 1422 938 1492 ntia:
993 1434 1270 1492 sanctae
1318 1422 1572 1493 radicis
1620 1435 1901 1493 sanctus
1949 1435 2050 1493 est
2097 1444 2358 1503 ramuS‚
2406 1421 2752 1510 simulque

201 1532 446 1581 omnes
492 1533 642 1602 eJus
690 1511 969 1580 nomine
1017 1515 1229 1580 Deum
1278 1511 1779 1601 glorificarunt,
1809 1524 1874 1581 et
1901 1534 2025 1602 pro
2071 1533 2151 1581 ea
2197 1523 2588 1581 oraverunt:
2623 1533 2750 1581 nec

197 1604 514 1687 unquam
564 1612 796 1700 postea
832 1600 1020 1670 visus
1055 1611 1157 1671 est
1201 1600 1646 1690 importunus
1697 1612 1970 1671 senator
2016 1598 2154 1670 ille.
2194 1605 2575 1691 Imperator
2620 1623 2745 1670 au-

198 1701 336 1757 tem
387 1710 624 1758 omnia
673 1688 783 1778 pie
829 1689 1228 1778 disponenS‚
1281 1702 1348 1758 et
1393 1711 1502 1759 res
1534 1688 1804 1780 puellae
1830 1678 2004 1758 bene
2028 1689 2478 1771 distribuenS‚
2509 1690 2749 1781 etipse

200 1778 337 1847 vita
384 1777 669 1847 functus
713 1787 836 1857 est,
892 1790 958 1846 et
1004 1777 1318 1867 sepultus
1347 1799 1507 1848 cum
1559 1778 1871 1868 patribus
1919 1778 2066 1849 suis
2113 1778 2186 1847 in
2285 1800 2428 1847 ace.

286 1868 325 1953 ξ
391 1871 489 1936 9.
545 1865 929 1956 Euphrasia
974 1888 1133 1935 vero
1181 1888 1253 1935 se
1300 1878 1509 1936 totam
1537 1868 1994 1959 componebat
2020 1866 2106 1936 ad
2149 1889 2228 1936 vo
2262 1877 2569 1936 untatem
2604 1865 2743 1947 Dei,

199 1966 265 2023 et
311 1954 594 2041 quidem
646 1977 725 2023 su
782 1976 857 2023 ra
903 1954 1082 2024 vires
1130 1976 1277 2025 sese
1323 1955 1690 2045 affligebat.
1736 1961 1891 2025 Erat
1946 1955 2129 2025 enim
2181 1977 2522 2026 annorum
2574 1954 2751 2024 duo-

200 2042 451 2125 decim,
517 2064 704 2130 quan
761 2065 801 2113 o
857 2065 981 2133 pro
1028 2043 1275 2134 pietate
1334 2065 1529 2113 sacra
1583 2044 1889 2135 suscepit
1934 2044 2336 2113 certamina.
2397 2048 2477 2112 Et
2571 2043 2749 2120 rimo

198 2132 483 2218 quidem
533 2154 574 2201 a
621 2153 901 2222 vespera
952 2133 1019 2200 in
1072 2154 1421 2222 vesperam
1463 2132 1708 2222 jejuna
1757 2133 2166 2223 permansit:
2238 2144 2472 2223 postea
2579 2131 2745 2202 iduo

198 2219 568 2307 triduoque
614 2221 1001 2291 abstinebat
1038 2242 1079 2289 a
1109 2221 1286 2290 cibo.
1324 2219 1524 2291 Nulla
1572 2234 1838 2312 praeter
1865 2220 2055 2291 illam
2109 2221 2493 2290 mundabat
2530 2221 2745 2290 tricli-

200 2309 429 2389 nium,
483 2309 765 2379 lectulos
812 2310 1165 2380 sororibus
1213 2311 1364 2400 ipsa
1410 2311 1779 2392 sternebat,
1832 2331 2082 2396 aquam
2133 2310 2495 2379 hauriebat
2526 2331 2563 2378 e
2611 2332 2743 2398 pu-

204 2407 334 2478 teo,
393 2409 458 2466 et
519 2399 587 2466 in
636 2402 1003 2485 coquinam
1054 2398 1479 2488 apportabat.
1544 2404 1620 2468 Et
1669 2406 1836 2468 haec
1883 2398 2116 2467 omnia
2166 2398 2453 2468 faciebat
2502 2397 2743 2468 libenti

201 2496 270 2555 et
307 2486 616 2575 jucundo
664 2488 919 2557 animo.
972 2493 1338 2575 Postquam
1385 2501 1613 2559 autem
1641 2488 1726 2558 ad
1763 2486 2168 2558 vicesimum
2209 2487 2449 2558 aetatis
2478 2509 2748 2557 annum

201 2576 529 2733 pervenit,
590 2577 727 2668 jam
777 2577 998 2646 sancti
1045 2578 1343 2667 Spiritus
1389 2599 1538 2647 eam
1588 2578 2042 2647 confirmante
2090 2579 2334 2668 gratia,
2391 2576 2745 2667 praevale-

252 2675 341 2733 at.
386 2669 538 2734 Erat
585 2688 751 2736 sane
798 2665 994 2734 valde
1042 2666 1375 2756 speciosa,
1419 2679 1654 2757 utpote
1714 2666 1902 2757 regio
1957 2679 2309 2756 procreata
2358 2675 2742 2736 stemmate.

202 2757 366 2823 Cum
417 2776 573 2824 vero
620 2776 863 2825 rursus
913 2754 1014 2823 illi
1061 2755 1340 2824 tentatio
1394 2755 1778 2836 accidisset,
1831 2767 1897 2824 et
1942 2754 2028 2824 ad
2081 2754 2508 2825 Abbatissam
2558 2767 2743 2824 retu-

197 2841 408 2924 lisset,
467 2843 586 2912 illa
633 2842 838 2913 dixit:
893 2865 929 2910 «
976 2843 1126 2913 Noli
1174 2844 1412 2914 timere
1464 2843 1631 2924 filia,
1691 2844 2023 2913 Dominus
2076 2857 2300 2913 tecum
2349 2855 2536 2915 est.»
2587 2848 2749 2912 Erat

192 2944 425 3003 autem
476 2933 549 3001 in
587 2931 891 3019 quodam
942 2932 1339 3001 monasterii
1406 2932 1553 3002 loco
1601 2956 1886 3004 acervus
1933 2955 2282 3002 saxorum.
2329 2938 2569 3019 Itaque
2616 2932 2749 3001 Ab·

188 3019 453 3093 batissa
490 3043 642 3090 eam
695 3021 983 3112 probare
1008 3021 1278 3100 volens,
1333 3033 1399 3091 et
1444 3021 1530 3090 ad
1581 3021 2010 3091 obedientiae
2059 3020 2251 3091 lucra
2283 3022 2552 3108 majora
2590 3043 2748 3112 pro-

190 3111 458 3190 vehere,
513 3110 684 3179 dixit
728 3110 832 3179 ei:
886 3133 922 3176 «
975 3109 1160 3179 Tolle
1207 3110 1370 3178 hinc
1416 3133 1601 3192 saxa,
1660 3123 1727 3181 et
1787 3109 1972 3201 apud
2024 3108 2309 3179 furnum
2361 3110 2652 3201 depone.
2704 3134 2741 3178 »

188 3200 370 3269 Fecit
422 3200 553 3268 hoc
600 3198 718 3268 illa
765 3198 1096 3278 hilariter,
1170 3200 1578 3289 arreptaque
1625 3199 1694 3267 in
1745 3199 2094 3282 humeroS,
2164 3198 2310 3269 sola
2363 3221 2501 3287 quo
2555 3200 2746 3269 'ussa

190 3302 357 3368 erat,
427 3310 511 3358 ea
564 3287 966 3375 deportavit,
1019 3310 1179 3357 cum
1232 3287 1302 3356 in
1351 3287 1450 3357 eis
1495 3288 1839 3376 quaedam
1887 3299 2117 3358 essent
2165 3288 2336 3358 tanti
2385 3311 2520 3379 pon
2576 3288 2739 3370 eriS,

188 3391 263 3446 ut
310 3379 400 3448 iis
461 3376 761 3446 serendis
823 3376 1001 3446 duae
1056 3397 1321 3446 sorores
1385 3376 1495 3446 vix
1544 3376 1963 3457 sufficerent,
2017 3399 2144 3445 nec
2192 3376 2468 3446 interim
2521 3377 2737 3446 dixit:

186 3467 527 3558 Audjuvet
575 3487 682 3535 me
727 3464 960 3552 aliqua
1007 3487 1044 3534 e
1091 3465 1468 3547 sororibuS,
1501 3487 1625 3535 nec
1654 3487 1977 3536 saxorum
2009 3465 2259 3534 molem
2289 3466 2739 3546 causabatur,

190 3576 315 3626 nec
362 3577 495 3624 sua
542 3555 925 3644 proferebat
972 3554 1178 3645 longa
1214 3554 1507 3645 jejunia,
1577 3576 1702 3624 nec
1765 3554 1992 3645 operis
2041 3554 2570 3624 difficultatem:
2625 3554 2744 3624 sed

188 3666 347 3714 cum
404 3645 518 3802 pia
564 3643 821 3713 fiducia
848 3643 1275 3713 obedientiae
1304 3644 1532 3714 officia
1580 3643 1912 3735 implevit.
1949 3643 2171 3716 Altera
2232 3665 2390 3713 vero
2441 3643 2554 3712 die
2587 3665 2749 3713 rur-

185 3756 343 3805 sum
379 3734 393 3801 i
431 3732 480 3801 li
505 3731 601 3801 ait
646 3733 1032 3802 Abbatissa:
1088 3755 1123 3798 «
1174 3737 1316 3802 Non
1367 3755 1494 3823 par
1538 3743 1662 3814 est,
1719 3732 1885 3812 filia,
1946 3731 2058 3801 hio
2098 3732 2328 3818 jacere
2379 3754 2583 3803 saxa:
2643 3754 2749 3802 re-

184 3835 384 3914 porta
429 3844 512 3891 ea
570 3821 641 3889 in
704 3821 933 3892 locum
984 3820 1439 3912 pristinum.»
1492 3827 1639 3891 Mox
1689 3821 2074 3912 Euphrasia
2121 3842 2281 3889 cum
2341 3821 2557 3890 multa
2607 3821 2750 3891 ala-

184 3914 422 3982 critate
486 3909 665 3991 fecit,
727 3923 805 3981 ut
848 3911 1049 3999 jussa
1102 3920 1268 3979 erat.
1332 3916 1473 3979 Hac
1540 3909 1806 3980 ratione
1871 3909 1957 3979 ad
2029 3909 2179 3980 dies
2247 3908 2528 4000 triginta
2591 3931 2747 3980 eam

188 4000 572 4092 occupavit,
614 4012 693 4069 ut
735 4000 886 4091 ejus
934 3999 1335 4090 patientiam
1388 3999 1729 4090 probaret.
1768 4003 1843 4067 At
1890 3997 2013 4068 illa
2050 3998 2370 4089 jucundo
2417 3999 2653 4069 animo
2682 4010 2748 4069 et

186 4091 493 4178 psallens
532 4088 601 4158 in
638 4087 759 4158 illo
802 4110 1004 4179 opere
1056 4089 1478 4170 versabatur,
1516 4088 1612 4158 ita
1658 4102 1738 4157 ut
1786 4109 2055 4157 sorores
2103 4109 2344 4158 omnes
2384 4088 2536 4188 ejus
2586 4088 2746 4158 obe-

112 4213 117 4222 ·
189 4177 519 4249 dientiam
582 4178 1023 4246 mirarentur.
1086 4184 1227 4248 Non
1281 4190 1507 4247 tamen
1565 4177 1850 4247 deerant
1894 4198 2072 4263 quae
2118 4198 2271 4246 eam
2320 4176 2733 4247 irriderent:

185 4288 388 4354 porro
418 4268 595 4339 aliae
633 4267 1151 4337 acclamabant:
1208 4267 1563 4337 «viriliter
1610 4288 1737 4357 age
1778 4264 2188 4356 Euphrasia.
2214 4288 2250 4332 »
2300 4271 2378 4336 Et
2420 4266 2541 4336 illa
2586 4267 2748 4352 qui-

186 4355 347 4426 dem
405 4379 654 4428 rursus
688 4410 703 4437 ‚
768 4355 989 4425 divini
1038 4356 1268 4447 operis
1314 4355 1773 4425 celebratione
1822 4367 2098 4446 peracta
2130 4407 2145 4430 .
2179 4355 2266 4424 ad
2316 4377 2493 4455 opus
2566 4353 2742 4424 illud

183 4467 259 4516 se
298 4446 753 4539 accingebat,
809 4445 927 4515 sed
977 4446 1071 4515 ait
1115 4444 1220 4514 illi
1268 4444 1658 4515 Abbatissa:
1715 4468 1754 4512 «
1816 4449 2019 4517 Cessa
2055 4445 2207 4536 jam
2270 4443 2413 4513 fiha
2472 4442 2559 4512 ab
2613 4442 2742 4511 hoc
