3327 4999
266 316 514 383 MART.
566 317 654 382 27
978 337 1059 384 nr.
1106 337 1163 385 s.
1218 337 1596 387 ALxxAunno
1641 339 1856 387 unm-x
1901 339 2094 388 ιιΔιιτ.
2606 321 2737 389 523

263 414 395 497 illi,
454 414 724 484 Judicii
782 412 1012 484 locum
1088 417 1462 506 appellari:
1508 440 1544 484 «
1579 418 1839 498 Ducite,
1893 418 2122 505 inquit
2167 417 2618 506 Tyberianus,
2688 418 2828 490 huc

263 503 726 573 Alexandrum
773 502 894 589 qui
943 502 1407 574 Christianum
1459 528 1534 575 se
1560 527 1712 576 esse
1757 506 1948 589 dicit,
1993 518 2070 576 ut
2116 505 2557 605 interrogem,
2610 507 2828 592 quod·

264 612 426 660 nam
478 592 567 661 sit
610 590 764 681 ejus
810 591 1208 674 consilium,
1263 594 1324 661 si
1358 592 1551 673 forte,
1607 599 1871 663 mutata
1922 593 2285 668 sententia,
2337 593 2475 664 diis
2520 594 2683 663 velit
2714 617 2828 666 sa-

264 679 609 749 crificium
642 679 957 748 offerre.»
997 685 1166 750 Cum
1218 681 1432 771 igitur
1491 682 1714 751 Judex
1765 682 1913 772 ipse
1965 704 2085 773 pro
2148 681 2482 751 tribunali
2528 682 2819 763 sederet,

261 768 541 838 beatum
577 766 1036 836 Alexandrum
1075 769 1550 858 interrogavit:
1606 770 1981 841 «Adhucne
2007 771 2080 838 in
2132 769 2510 839 temeritate
2558 770 2678 839 illa
2709 782 2830 841 tua

263 876 475 945 prava
523 866 590 925 et
635 855 907 924 insania
959 855 1293 954 persistis,
1349 878 1571 943 neque
1600 858 1738 929 diis
1786 859 2138 929 sacrificas
2159 862 2380 926 ?»—«
2415 857 2678 944 Utique,
2718 880 2827 928 re-

265 942 545 1031 spondit
593 944 837 1013 beatus
885 943 1108 1024 miles,
1144 966 1281 1013 non
1331 945 1400 1013 in
1467 946 1879 1028 temeritate,
1932 960 2010 1016 ut
2058 959 2134 1015 tu
2203 946 2449 1016 insane
2495 959 2561 1015 et
2610 946 2828 1035 impie

225 1031 477 1123 dicis,
541 1030 660 1099 sed
721 1031 791 1099 in
843 1031 1274 1102 consessione
1349 1033 1639 1123 persisto
1689 1033 1940 1104 Christi
1989 1034 2150 1114 mei3
2229 1046 2437 1120 atque
2490 1034 2828 1104 concedat

263 1119 438 1188 mihi
489 1125 667 1188 Deus
716 1118 786 1186 in
819 1139 899 1186 ea
945 1121 1406 1189 constantiam
1448 1143 1671 1208 usque
1708 1122 1792 1190 ad
1846 1122 2131 1190 finem.»

351 1210 390 1293 ξ
461 1212 592 1278 11.
647 1206 770 1276 His
818 1206 1098 1287 auditis,
1135 1209 1564 1297 Tyberianus
1613 1231 1724 1279 ma
1780 1231 2031 1299 nopere
2071 1209 2289 1279 iratus
2321 1221 2446 1289 est,
2474 1207 2825 1296 jussitque

265 1294 558 1363 tribulos
612 1294 683 1363 in
759 1307 1005 1364 terram
1055 1297 1292 1387 spargi
1339 1309 1405 1366 et
1450 1297 1699 1389 Alexan
1758 1319 1908 1367 rum
1984 1320 2194 1386 super
2255 1296 2411 1366 illos
2479 1297 2697 1373 sterni
2744 1317 2826 1366 ac

263 1381 581 1451 distrahi.
643 1387 781 1451 Has
829 1404 1200 1453 aerumnas
1247 1406 1406 1454 cum
1474 1386 1576 1454 vir
1635 1385 1751 1455 ille
1801 1386 2243 1455 beatissimus
2294 1397 2684 1474 pateretur,
2738 1406 2827 1454 ne

264 1491 499 1540 vocem
550 1470 833 1556 quidem
881 1472 1255 1542 emittebat.
1310 1474 1740 1562 Tyberianus
1798 1495 1976 1554 vero,
2028 1494 2191 1544 cum
2247 1472 2826 1542 animadverteret

263 1557 730 1628 Alexandrum
775 1580 892 1629 eos
965 1561 1315 1630 cruciatus
1393 1583 1527 1630 non
1577 1562 1854 1641 sentire,
1916 1562 2139 1651 magis
2200 1560 2440 1640 iratuS,
2492 1559 2823 1630 fraxineis

260 1646 480 1737 virgis
522 1667 684 1715 eum
718 1645 926 1745 caedi
965 1648 1201 1736 jussit.
1246 1654 1322 1717 At
1368 1649 1486 1718 ille
1517 1671 1678 1718 cum
1709 1672 1750 1718 a
1800 1649 2142 1719 militibus
2189 1648 2629 1718 caederetur:
2694 1671 2729 1714 «
2764 1653 2827 1717 1-

264 1747 484 1810 stane,
535 1734 786 1820 inquit,
843 1748 1179 1804 tormenta
1241 1748 1357 1805 tua
1421 1738 1630 1806 sunt?
1697 1737 1882 1806 Adde
1929 1737 2088 1817 alia,
2144 1737 2203 1806 si
2249 1759 2388 1822 qua
2450 1737 2665 1807 habes
2714 1736 2859 1806 his·

265 1822 653 1891 acerbiora:
708 1843 835 1911 ego
882 1822 1067 1892 enim
1117 1823 1353 1893 divina
1399 1846 1529 1915 ope
1575 1825 1895 1915 adjutus,
1951 1824 2124 1894 nihil
2176 1826 2464 1894 istorum
2521 1837 2827 1893 tormen-

269 1923 497 1980 torum
542 1910 784 1989 senti0,
840 1931 999 1979 cum
1063 1913 1393 1980 Dominus
1442 1934 1641 1982 meus
1695 1914 1893 1982 lesus
1956 1913 2265 1982 Christus
2329 1924 2599 2001 praesto
2650 1911 2825 1980 mihi

273 1999 363 2067 sit
408 2011 476 2066 et
520 2019 717 2086 opem
763 1997 953 2067 ferat.
1008 1998 1233 2069 Habes
1279 2000 1492 2089 igitur
1536 2022 1794 2090 corpus
1849 2022 2081 2069 meum
2130 2000 2203 2069 in
2256 2011 2585 2089 potestate
2651 2013 2817 2068 tua:

271 2085 379 2154 fac
426 2085 527 2154 illi
578 2085 973 2171 quodlibet:
1027 2087 1301 2155 animae
1348 2100 1575 2156 autem
1628 2109 1861 2168 meae,
1925 2092 2148 2174 neq‘ue
2200 2101 2307 2167 tu,
2362 2108 2587 2173 neque
2635 2099 2830 2176 pater

269 2186 435 2243 tuus
465 2185 742 2243 satanas
776 2195 1082 2260 unquam
1121 2174 1617 2257 dominabitur,
1673 2176 1791 2245 sed
1821 2176 2155 2245 Dominus
2186 2197 2382 2244 meus
2406 2175 2602 2245 lesus
2633 2174 2826 2243 Chri-

265 2274 448 2331 stu.»
483 2262 578 2330 Ad
612 2262 780 2331 haec
815 2261 1272 2349 Tyberiauus:
1327 2264 1671 2353 «Jamjam
1703 2275 1766 2333 te
1799 2264 1870 2331 in
1905 2264 2136 2353 ignem
2185 2262 2578 2351 conjiciam,
2618 2276 2695 2332 ut
2727 2263 2826 2331 vi-

265 2349 491 2429 deam,
537 2372 623 2418 an
679 2350 905 2419 veniat
951 2350 1261 2421 Christus
1311 2351 1435 2420 iste
1484 2364 1645 2421 tuus
1692 2373 1899 2438 quem
1961 2350 2139 2421 dicis
2184 2363 2250 2420 et
2299 2366 2361 2420 te
2405 2373 2444 2420 e
2492 2350 2821 2419 manibus

262 2439 438 2511 meis
468 2438 739 2528 eripiat.
794 2437 973 2508 Illud
1023 2438 1205 2509 enim
1233 2438 1437 2508 velim
1487 2439 1691 2524 scias,
1743 2460 1989 2510 carnes
2037 2451 2191 2510 tuas
2222 2450 2290 2509 et
2320 2460 2476 2509 ossa
2517 2459 2641 2530 per
2677 2438 2822 2508 sin-

265 2527 467 2617 gulas
505 2527 843 2618 regiones,
882 2549 1001 2617 per
1030 2549 1205 2614 quas
1235 2549 1360 2616 ego
1410 2529 1833 2599 transiturus
1881 2549 2063 2601 sum.
2119 2527 2537 2617 dissipatum
2572 2527 2701 2595 iri:
2759 2538 2825 2596 et

266 2637 355 2685 ne
401 2615 729 2685 mulieres
778 2615 968 2705 ipsae
1014 2615 1275 2702 aliquid
1329 2639 1367 2685 e
1412 2617 1745 2686 carnibus
1819 2616 1958 2686 tuis
2004 2629 2069 2685 et
2116 2615 2394 2686 ossibus
2465 2615 2826 2684 inveniant

265 2704 445 2790 quod
501 2716 734 2793 postea
773 2705 1150 2794 unguentis
1185 2704 1605 2794 perfundant
1651 2716 1717 2773 et
1746 2714 1824 2772 ut
1853 2715 2129 2773 sanctas
2167 2703 2438 2790 aliquas
2496 2702 2829 2789 reliquias

265 2804 701 2873 venerentur,
758 2791 1023 2892 ¹jubebo
1068 2792 1335 2862 cineres
1395 2808 1549 2863 tuos
1594 2793 1666 2861 in
1738 2792 2030 2861 fluvium
2148 2792 2381 2882 rojici:
2450 2791 2691 2877 sicque
2740 2811 2826 2859 ne

263 2881 632 2970 vestigium
667 2879 948 2966 quidem
1000 2879 1281 2968 aliquod
1335 2880 1710 2950 memoriae
1756 2891 1915 2949 tuac
1961 2901 2048 2949 su
2142 2880 2324 2949 rerit.
2365 2901 2401 2946 »
2435 2884 2627 2949 Tunc
2676 2879 2826 2948 Ale-

262 2968 567 3037 xander:
624 2990 660 3035 «
691 2968 951 3049 Perdet,
1007 2969 1253 3055 inquit,
1309 2983 1372 3039 te
1410 2969 1721 3040 Christus
1767 2969 1916 3058 ipse
1974 2980 2042 3038 et
2085 2990 2329 3039 carnes
2375 2980 2442 3036 et
2488 2989 2648 3036 ossa
2708 2978 2827 3036 tua

265 3057 397 3125 sub
445 3055 634 3124 coelo
682 3055 1053 3145 disperget:
1135 3057 1449 3126 futurum
1511 3058 1699 3126 enim
1756 3069 1879 3137 est,
1946 3069 2024 3125 ut
2073 3078 2208 3126 non
2270 3054 2533 3136 redeas,
2600 3076 2828 3142 neque

262 3143 708 3233 Imperatoris
741 3144 839 3212 tui
871 3156 1223 3232 aspectum
1261 3144 1535 3214 videas:
1568 3158 1633 3214 et
1662 3144 1918 3214 delebit
1965 3149 2144 3213 Deus
2180 3143 2595 3213 memoriam·
2634 3151 2828 3212 tuam

268 3231 355 3300 de
402 3245 654 3299 terra.»
703 3235 883 3301 Haec
931 3254 1090 3301 cum
1132 3232 1562 3319 'tyberianus
1608 3233 2027 3322 accepisset,
2082 3233 2313 3301 furore
2377 3252 2631 3322 magno
2671 3252 2831 3320 per-

264 3319 470 3396 citus,
529 3317 796 3388 vultum
831 3320 1119 3389 mutavit
1155 3332 1220 3388 et
1242 3320 1458 3409 jussit
1503 3320 1860 3390 ministros
1908 3341 2073 3389 suos
2099 3342 2180 3390 eo
2229 3321 2300 3389 in
2351 3320 2502 3389 loco
2548 3339 2833 3387 manere

263 3418 330 3476 et
376 3427 661 3475 coenam
714 3428 976 3496 parare.
1031 3408 1282 3477 Cubuit
1354 3419 1582 3477 autem
1655 3407 1800 3477 illic
1877 3429 2027 3496 lpse
2085 3409 2248 3478 cum'
2301 3419 2434 3477 toto
2500 3405 2830 3476 satellitio

265 3516 431 3564 suo:
483 3494 942 3566 Alexandrum
993 3517 1151 3564 vero
1213 3495 1466 3567 milites
1523 3496 1654 3585 ipsi
1707 3496 1838 3565 sub
1885 3495 2131 3565 arbore
2177 3495 2479 3583 quadam
2530 3494 2831 3563 colloca-

266 3596 414 3652 tum
457 3583 841 3652 servabant.
896 3583 1203 3655 Crastino
1252 3596 1483 3652 autem
1550 3605 1753 3652 mane
1799 3582 2001 3663 sacto,
2053 3604 2296 3653 omnes
2338 3581 2709 3672 proficisci,
2763 3595 2831 3651 et

262 3672 543 3741 beatum
593 3670 1053 3741 Alexandrum
1106 3672 1374 3760 praeire
1389 3670 1625 3758 jussit.
1682 3677 1850 3740 Cum
1888 3692 2045 3739 vero
2082 3670 2335 3741 multas
2381 3670 2592 3740 urbes
2627 3691 2829 3760 prae-

266 3771 649 3849 tergressus
679 3757 943 3839 suisset,
997 3760 1068 3828 in
1106 3758 1375 3829 nullam
1415 3759 1746 3839 introivit,
1790 3771 1868 3827 ut
1917 3780 2038 3849 per
2068 3758 2438 3847 Illyricam·
2473 3757 2828 3847 regionem

261 3847 789 3937 quamprimum
839 3847 1239 3936 Byzantium
1294 3859 1713 4004 properaret.
1759 3852 1885 3916 Per
1932 3845 2188 3916 multos
2222 3845 2632 3936 igiturdies
2682 3866 2824 3914 non

263 3957 483 4005 ausus
528 3948 630 4005 est
668 3956 705 4004 a
734 3935 931 4005 beato
957 3935 1342 4005 Alexandro
1372 3958 1413 4004 a
1448 3934 1639 4021 iquid
1670 3955 2038 4021 quaerere:
2091 3934 2297 4023 cujus
2337 3955 2594 4024 corpus
2633 3933 2832 4003 nulla

263 4045 346 4093 ex
394 4035 586 4113 parte
633 4024 1068 4094 debilitatum
1118 4023 1363 4104 fuerat,
1416 4023 1536 4093 sed
1584 4023 1939 4113 integrum
1984 4034 2054 4092 et
2084 4023 2446 4092 robustum
2496 4034 2663 4091 erat.

354 4113 391 4197 ἓ
453 4116 603 4183 1².
658 4112 1082 4183 Praeterieris
1117 4112 1329 4202 igitur
1377 4132 1501 4201 per
1531 4111 1886 4199 Illyricam
1940 4111 2315 4203 regionem,
2358 4110 2548 4180 venit
2598 4110 2669 4178 in
2716 4131 2835 4178 ur-

264 4199 422 4268 bem
473 4198 853 4282 Serdicam,
906 4200 978 4270 in
1027 4222 1238 4287 quam
1304 4221 1528 4287 neque
1574 4199 1727 4290 ipse
1753 4221 1981 4287 neque
2031 4198 2256 4270 Judex
2306 4199 2665 4290 ingressus
2698 4207 2831 4266 est.

266 4291 438 4357 Cum
507 4309 667 4357 vero
713 4289 867 4379 ejus
911 4288 1208 4360 civitatis
1281 4290 1647 4379 optimates
1713 4309 1877 4358 eum
1923 4287 2294 4358 adventare
2364 4284 2825 4385 audivissent,

264 4375 541 4445 obviam
589 4377 695 4446 illi
741 4399 904 4448 cum
955 4376 1173 4448 multo
1233 4376 1569 4448 comitatu
1615 4388 2127 4468 processerunt.
2181 4373 2553 4446 Christiani
2617 4384 2828 4442 ettam
