3327 4999
721 313 804 379 94
1341 333 1420 380 ΒΕ
1467 332 1558 381 ss.
1610 333 1725 379 nx.
1778 331 2054 382 AnmANo
2102 332 2177 378 ΕΤ
2222 331 2467 380 aunum
2832 311 3070 378 MART.
3121 315 3156 377 7

640 412 974 485 Dominus
1021 412 1271 505 spiritu
1319 412 1694 504 sapientiae
1739 426 1804 484 et
1852 413 2239 485 intellectus
2266 413 2340 494 *ς
2394 412 2638 483 stolam
2666 411 2923 503 gloriae
2955 411 3161 481 induit

628 503 839 573 enim.
892 508 1056 573 Nam
1109 502 1356 571 veritas
1400 502 1606 592 (quae
1651 515 1752 572 est
1801 503 2141 593 Christus)
2187 505 2338 604 ipsa
2385 502 2586 583 veris,
2643 524 2783 572 non
2822 500 3020 581 fictis,
3054 499 3160 570 do·

629 592 935 663 ctoribus
967 591 1367 681 pollicetur:
1421 591 1551 674 Qui
1597 591 1949 663 elucidant
1996 614 2128 675 me,
2176 605 2381 662 vitam
2416 605 2760 661 aeternam
2795 591 3151 660 habebunt.

629 679 954 764 Quamvis
986 681 1135 771 ipse
1182 702 1384 749 verus
1421 680 1733 781 justitiae
1767 681 1876 751 Sol
1913 681 2267 753 stellarum
2316 679 2774 752 illustratione
2817 702 2951 749 non
2982 691 3154 768 egeat

627 790 756 839 nec
802 768 1079 840 illarum
1130 768 1592 851 irradiatione,
1647 791 1809 839 cum
1879 769 2360 840 illuminentur
2427 771 2515 839 ab
2579 770 2754 859 ipso,
2817 768 3147 838 clarescat.

627 857 904 928 Habitat
956 856 1142 929 enim
1194 857 1417 927 lucem
1470 858 2040 928 inaccessibilem.
2095 860 2224 942 Qui
2282 870 2382 928 est
2430 857 2759 950 splendor
2806 858 3054 948 gloriae
3096 869 3154 926 et

626 945 856 1037 figura
897 946 1322 1018 substantiae
1366 946 1540 1037 ejuS,
1596 947 1852 1017 idcirco
1900 947 2199 1019 tenebris
2262 969 2399 1017 non
2449 947 2884 1027 obscuratur,
2937 959 3010 1016 ut
3052 944 3155 1014 de-

629 1035 903 1193 ἓρᾶᾳῐᾞ
936 1046 1056 1193 {ut
1126 1035 1399 1107 nebulis
1470 1036 1849 1106 offuscatur
1882 1092 1897 1119 ‚
1967 1048 2044 1107 ut
2108 1059 2274 1107 suae
2337 1036 2669 1107 claritatis
2727 1035 2956 1107 radios
3028 1057 3149 1104 non

682 1147 704 1192 1
763 1146 855 1195 un
910 1146 950 1193 a
985 1179 1000 1193 .

1031 1385 1177 1487 DE·
1225 1385 1365 1488 SS.
1429 1386 2107 1489 MM.ADR1ANO
2175 1387 2298 1488 ET
2366 1385 2777 1489 EUBULO

984 1691 1061 1748 Ex
1108 1700 1232 1747 Lm.
1289 1683 1352 1758 8,
1408 1699 1656 1748 msron.
1711 1699 2104 1749 Eccmsusr.
2155 1702 2429 1760 coslum,
2499 1683 2659 1768 Cap.
2715 1686 2823 1747 21.

1246 1804 1632 1855 m'rEnPRETE
1680 1807 1920 1855 JoANNE
1959 1806 2578 1857 cnms‘rornoasomo.

1717 2003 1910 2062 Circa
1951 2005 2100 2060 308.

716 2206 924 2271 Porro
969 2202 1139 2271 dum
1197 2202 1479 2272 saevitia
1532 2202 1896 2273 adversum
1956 2202 2124 2271 istos
2190 2201 2639 2291 usurpata-in
2689 2201 3003 2269 omnium
3054 2220 3150 2269 ore

628 2303 695 2361 et
741 2312 1057 2361 sermone
1114 2293 1554 2372 versabatur,
1615 2291 1955 2360 Adrianus
2002 2302 2067 2360 et
2115 2289 2427 2360 Eubulus
2482 2311 2561 2358 ex
2610 2289 2889 2380 regione
2922 2344 2939 2370 ,
2994 2308 3154 2375 quae

630 2385 1051 2470 Manganaea
1082 2379 1359 2463 dicitur,
1411 2379 1498 2449 ad
1547 2380 1849 2467 reliquos
1894 2379 2316 2450 confessores
2364 2382 2760 2448 Caesaream
2797 2400 3029 2447 versus
3059 2401 3152 2446 ac·

626 2469 966 2552 cedenteS,
1006 2468 1091 2540 ad
1129 2480 1358 2560 portas
1404 2467 1603 2545 urbis
1647 2490 1929 2538 causam
1979 2468 2090 2538 sui
2138 2466 2403 2536 itineris
2448 2488 2527 2538 eo
2576 2466 2880 2558 suscepti
2926 2487 3154 2558 rogan-

628 2570 762 2629 tur.
818 2559 1072 2628 Deinde
1121 2559 1218 2627 rei
1265 2558 1615 2627 veritatem
1666 2556 1963 2648 ingenue
2026 2556 2343 2636 confessi,
2400 2556 2840 2626 deducuntur
2887 2556 2972 2625 ad
3022 2557 3149 2624 Fir-

626 2647 1020 2717 milianum.
1062 2652 1215 2729 Iste,
1271 2645 1466 2716 nulla
1496 2644 1824 2716 dilatione
1871 2656 1990 2715 aut
2039 2649 2230 2715 mora
2260 2646 2436 2715 inter
2486 2646 2680 2725 osita‚
2785 2658 2892 2716 ost
2945 2644 3145 2715 multa

626 2748 965 2807 tormenta
1010 2757 1188 2822 quae
1242 2735 1315 2803 in
1381 2756 1618 2803 eorum
1683 2735 1893 2804 latera
1947 2735 2360 2826 impegerat,
2477 2735 2667 2804 estiis
2779 2734 3147 2803 ilaniandos

626 2825 1063 2895 condemnat.
1117 2823 1335 2892 Biduo
1384 2836 1615 2893 autem
1672 2824 2046 2914 interjecto,
2090 2823 2432 2893 Adrianus
2477 2824 2718 2907 quinto
2765 2823 2879 2892 die
2913 2821 3149 2891 mensis

626 2913 876 3003 Dystri,
930 2914 1059 2982 hoc
1107 2925 1230 2992 est,
1267 2911 1352 2981 ad
1405 2911 1678 2981 tertium
1730 2918 1952 2984 Nonas
2003 2912 2245 2994 Martii,
2298 2912 2409 2981 die
2458 2911 2624 2981 festo
2671 2933 2808 2998 quo
2858 2909 3146 2981 natalitia

628 3007 959 3071 Fortunae
1008 3001 1560 3076 Caesareensium
1621 3001 1753 3091 (sic
1819 3001 2002 3072 enim
2069 3001 2471 3092 putabatur)
2533 3000 2868 3070 celebrari
2917 3000 3138 3075 solent,

627 3090 808 3161 leoni
857 3091 1161 3180 primum
1232 3090 1318 3159 ad
1384 3090 1920 3180 discerpendum
1984 3091 2328 3180 projectus
2385 3090 2554 3159 suit:
2621 3089 2871 3158 deinde
2927 3087 3137 3179 gladio

615 3180 985 3271 jugulatus
1032 3178 1202 3249 obiit
1236 3190 1546 3248 mortem.
1601 3179 1915 3249 Eubulus
1962 3191 2193 3248 autem
2244 3178 2620 3269 perendino
2676 3177 2788 3247 die
2834 3177 2922 3247 ad
2966 3176 3140 3247 meri-

626 3268 807 3338 diem
860 3267 1030 3359 ipsis
1076 3267 1284 3338 Nonis
1332 3267 1553 3338 Martii
1600 3290 1761 3337 cum
1813 3268 2027 3359 judex
2075 3267 2271 3336 illum
2322 3267 2697 3336 admodum
2744 3281 3037 3357 rogaret,
3080 3274 3139 3332 ut

625 3356 886 3428 hostias
931 3356 1320 3427 immolaret
1364 3355 1592 3438 idolis,
1644 3379 1781 3444 quo
1829 3357 2138 3427 libertate
2170 3377 2405 3425 eorum
2444 3354 2713 3446 legibus
2742 3355 3015 3425 decreta
3043 3374 3141 3444 po-

626 3447 887 3527 tiretur,
957 3445 1329 3536 gloriosam
1401 3456 1689 3514 mortem
1751 3468 1873 3534 pro
1943 3445 2190 3535 pietate
2255 3457 2686 3534 susceptam,
2757 3444 2921 3513 huic
2988 3444 3142 3511 vitae

624 3535 813 3606 brevi
859 3546 923 3604 et
970 3534 1272 3605 caducae
1322 3534 1759 3626 praeposuit:
1824 3548 1890 3604 et
1939 3545 2088 3624 post
2135 3533 2509 3603 bestiarum
2558 3534 2880 3614 laniatus,
2934 3530 3144 3624 gladio

621 3638 701 3694 ut
746 3623 976 3694 socius
1023 3635 1181 3693 ante
1227 3622 1451 3704 illum,
1491 3622 1875 3694 trucidatus
1903 3622 2056 3703 fuit,
2111 3623 2480 3710 omniaque
2512 3634 2896 3711 martyrum
2946 3632 3144 3691 certa-

624 3713 818 3783 mina
856 3717 1217 3784 Caesareae
1248 3712 1578 3794 confecta,
1633 3734 1759 3783 suo
1800 3712 2138 3803 sanguine
2184 3721 2573 3802 postremus
2620 3710 3031 3801 obsignavit.

676 3857 703 3885 ²⁸
732 3857 943 3905 Quattuor
971 3857 1188 3897 mulmis
1217 3856 1307 3903 (SS.
1337 3856 1576 3906 Gregorio,
1594 3856 1869 3906 Angustiae,
1888 3842 2133 3897 Ambrosio
2153 3856 2201 3895 et
2218 3856 2518 3905 Hieronymo)
2535 3855 2728 3895 Latinae
2749 3854 2986 3895 Ecclesiae
3004 3850 3150 3893 Docto·

622 3910 756 3950 ribus
776 3911 963 3951 additus
982 3920 1009 3950 a
1029 3912 1073 3951 8.
1093 3912 1175 3951 Pto
1195 3912 1275 3959 Pp.
1298 3911 1337 3949 V
1357 3912 1429 3951 eet
1446 3911 1492 3950 Β.
1510 3911 1710 3950 Thomas
1730 3912 1952 3960 Aquinas.
1971 3920 2052 3951 eos
2065 3911 2219 3961 juxta,
2248 3910 2308 3949 ob
2336 3911 2504 3950 miram
2532 3909 2861 3953 eruditionem.
2888 3909 3150 3955 scriptorum

622 3964 806 4013 copiam
827 3965 874 4004 et
893 3965 1234 4009 excellentiam,
1254 3964 1580 4005 incredibilem
1599 3965 1648 4003 et
1666 3974 1812 4013 prope
1830 3964 2038 4004 divinam
2059 3973 2298 4005 sacrarum
2313 3963 2618 4004 scientiarum
2633 3962 2851 4012 peritiam
2867 3972 2972 4002 oum
2988 3964 3150 4000 summ·

624 4018 894 4058 sanctitatis
916 4019 1055 4059 laude
1076 4021 1125 4059 et
1148 4018 1486 4060 miraculorum
1506 4018 1656 4068 gloria
1675 4019 1985 4060 venerandus.
