3327 4999
576 353 704 418 254
1459 367 1539 413 nc
1587 366 1641 413 s.
1698 364 2076 413 'mmmmm
2674 344 2922 409 MART.
2980 345 3062 410 ⁴2

488 449 685 518 navis
732 448 818 518 ad
871 445 1346 538 gubernacula
1412 445 1760 515 sedentem
1838 444 2227 525 hortantur,
2280 454 2359 511 ut
2414 441 2718 512 alacrius
2775 464 3064 512 munere

485 537 823 628 fungatur
870 558 1019 605 suo:
1074 534 1191 603 ille
1239 554 1395 603 vero
1422 533 1724 604 sublatis
1769 533 2014 615 oeuliS,
2069 531 2508 622 splendorem
2561 531 2893 612 intuetur,
2953 553 3066 601 eo-

488 647 625 712 que
682 637 1034 710 tamquam
1078 623 1290 703 duce,
1343 621 1686 712 procellae
1731 621 2069 711 impetum
2128 620 2293 688 vitat
2338 631 2404 688 et
2449 619 2537 687 ad
2589 632 2851 688 rectum
2904 642 3065 688 cur-

491 734 647 782 sum
692 733 934 781 navem
982 710 1244 800 dirigit.
1300 710 1551 778 Eadem
1588 708 1727 778 sere
1775 709 1846 777 in
1896 709 2024 778 hoc
2073 708 2249 777 vitae
2331 707 2438 776 ela
2490 728 2530 775 o
2575 706 3065 797 navigantibus

486 813 554 871 et
600 801 686 869 ad
737 813 965 869 tutum
999 798 1211 868 futuri
1243 798 1457 867 seculi
1492 810 1769 888 portum
1802 797 2111 867 studiose
2143 807 2252 866 ten
2307 796 2448 865 enti
2505 816 2609 875 uS,
2664 795 3065 886 contingere

488 898 1021 960 consueverunt.
1075 885 1477 977 Incredibili
1525 886 1709 954 enirn
1764 886 2221 955 tentationum
2263 896 2458 953 aestu
2490 883 2973 953 laborantibus
3001 896 3068 953 et

489 977 912 1045 daemonum
950 975 1218 1065 impetu
1264 986 1470 1061 atque
1498 973 1798 1054 insidiis,
1841 986 2193 1061 tamquam
2244 972 2685 1043 densissimis
2732 971 3058 1054 tenebris,

489 1063 960 1143 circumfusis,
1005 1084 1115 1132 res
1162 1085 1203 1132 a
1236 1062 1496 1133 sanctis
1542 1062 1713 1131 viris
1761 1074 2016 1152 gestae,
2074 1060 2299 1132 oculis
2354 1082 2596 1130 eorum
2650 1060 3064 1150 propositae,

489 1152 858 1253 splendore
911 1173 1039 1221 suo
1090 1153 1408 1222 tenebras
1456 1150 1866 1230 discutiunt,
1913 1149 2288 1235 divinaque
2335 1149 2651 1218 doctrina
2701 1148 3066 1238 perturba-

491 1253 759 1311 tionum
800 1241 1138 1330 impetum
1173 1249 1709 1328 prosternentes,
1748 1238 2343 1329 jucundissimam
2391 1237 2691 1306 afferunt
2731 1236 3068 1323 tranquil-

493 1328 793 1398 litatem:
828 1339 894 1397 et
940 1327 1260 1417 pretiosis
1293 1327 1644 1397 mercibus
1673 1338 1958 1396 onustos
1991 1339 2196 1412 atque
2238 1325 2590 1406 laetanteS,
2630 1326 2717 1394 ad
2758 1337 3061 1416 optatam

484 1417 790 1487 sacilime
824 1415 1210 1507 provehunt
1258 1415 1772 1484 haereditatem.
1827 1415 2008 1483 Alios
2058 1414 2270 1504 igitur
2300 1413 2456 1482 aliis
2503 1426 2785 1484 ornatos
2836 1413 3054 1482 virtu-

492 1506 682 1575 tibus
732 1503 1066 1573 invenies.
1120 1504 1245 1573 Hic
1293 1503 1751 1574 abstinentiae
1817 1516 2119 1593 praestat
2167 1502 2581 1592 integritate.
2637 1501 2761 1571 Ille
2810 1512 3068 1591 tempe-

492 1593 716 1662 rantia
747 1590 1103 1682 splendet:
1142 1602 1208 1660 et
1236 1591 1582 1678 quomodo
1616 1591 2193 1680 intemperantiae
2240 1589 2641 1660 dominatus
2672 1603 3062 1691 superetur,

488 1680 811 1752 ostendit.
865 1680 1056 1749 Alius
1104 1679 1312 1748 vitam
1363 1679 1545 1748 hanc
1593 1680 1792 1748 docet
1838 1700 1988 1750 esse
2036 1678 2643 1747 contemnendam.
2675 1679 2868 1748 Alius
2916 1679 3068 1747 ina-

488 1789 649 1838 nem
684 1768 977 1869 gloriam
1041 1767 1525 1890 negligendam
1578 1766 1903 1836 declarat.
1969 1771 2046 1835 At
2092 1767 2148 1836 si
2199 1766 2329 1834 viri
2381 1766 2804 1836 sanctissimi
2852 1767 3068 1857 patris

492 1870 712 1926 nostri
762 1856 1204 1946 Theophanls
1331 1877 1441 1924 res
1468 1867 1695 1945 gestas
1745 1854 2314 1934 consideraveris,
2350 1867 2707 1941 tamquam
2757 1855 2831 1923 in
2871 1857 3066 1925 horto

495 1944 768 2026 ssorid0‚
813 1946 1150 2014 virtutum
1200 1944 1518 2014 omnium
1568 1943 1884 2034 exempla
1920 1943 2322 2033 perspicieS.
2643 2028 2648 2033 ᾖ

580 2036 617 2120 ξ
668 2038 757 2104 8.
803 2037 943 2103 Has
997 2054 1126 2135 ego
1173 2047 1251 2101 ut
1300 2032 1695 2102 laudatione
1748 2053 2236 2122 prosequerer,
2292 2030 2674 2100 multorum
2736 2031 3062 2121 precibus

489 2120 836 2191 adductus
883 2133 948 2189 et
994 2142 1149 2208 eJus
1198 2120 1456 2189 auxilio
1495 2119 1734 2201 fretu5‚
1790 2133 2110 2210 prompto
2169 2119 2404 2188 animo
2455 2119 2881 2209 provinciam
2948 2141 3068 2189 su·-

492 2210 706 2299 scepi:
762 2231 899 2277 non
933 2221 1012 2278 ut
1040 2208 1186 2277 viro
1205 2209 1439 2278 divino
1469 2221 1533 2278 et
1566 2209 1981 2278 admirando
2021 2207 2311 2299 gloriam
2365 2207 2811 2276 conciliarem
2845 2207 3067 2297 (Quae

494 2298 686 2367 enim
736 2297 841 2366 illi
889 2297 1113 2387 gloria
1158 2318 1239 2366 ex
1286 2298 1593 2366 oratione
1643 2319 1796 2366 mea
1843 2318 2023 2382 quae
2096 2294 2464 2365 virtutibus
2512 2296 2664 2386 ejus
2714 2294 2917 2385 longe
2965 2307 3068 2364 est

497 2384 806 2466 inferior,
861 2385 1130 2472 acquiri
1182 2386 1462 2475 potest?)
1507 2385 1621 2453 sed
1668 2399 1908 2453 contra
1958 2385 2219 2475 potius?
2252 2396 2327 2453 ut
2358 2385 2567 2455 rebus
2615 2384 2703 2453 ab
2754 2384 2904 2473 ipso
2946 2405 3067 2473 ge-

499 2474 625 2546 stis
674 2473 1306 2544 commemorandis
1357 2487 1423 2544 et
1468 2473 1850 2543 orationem
1899 2494 2126 2543 meam
2176 2493 2577 2542 exornarem
2627 2486 2692 2541 et
2743 2494 2860 2542 eas
2910 2472 3070 2541 imi-

497 2563 628 2632 tari
677 2562 1143 2642 studentibus,
1176 2562 1659 2650 adjumentum
1693 2562 2033 2632 afferrem.
2066 2567 2503 2648 Quamquam
2538 2561 2610 2630 in
2645 2562 2799 2652 ipso
2832 2561 3066 2630 statim

493 2651 887 2741 principio,
969 2663 1340 2736 antequam
1392 2651 1462 2718 in
1536 2650 1769 2739 ipsum
1822 2650 2243 2720 laudationis
2302 2650 2604 2719 stadium
2655 2650 3011 2740 ingrediar
3046 2704 3062 2730 ,

491 2752 680 2809 tanto
724 2761 833 2808 me
878 2739 1071 2808 oneri
1120 2738 1459 2827 imparem
1529 2738 1773 2807 sentio.
1829 2738 2050 2808 Simul
2099 2739 2284 2807 enirn
2336 2751 2402 2807 et
2453 2738 2673 2828 patria
2719 2750 2786 2807 et
2833 2760 3060 2829 genus

488 2837 556 2897 et
605 2840 853 2897 natura
900 2826 1382 2917 praestantior,
1418 2837 1484 2895 et
1507 2848 1688 2913 quae
1720 2827 2204 2917 magnitudine
2235 2839 2556 2896 naturam
2590 2849 2670 2895 su
2727 2840 2895 2907 erat,
2932 2827 3068 2895 vir-

491 2926 626 2996 tus,
682 2916 780 2984 ita
827 2925 1276 2993 concurrunt,
1333 2926 1411 2983 ut
1457 2915 1646 2984 unde
1679 2915 2123 3004 potissimum
2173 2914 2513 2993 exordiar,
2569 2914 2665 2984 du
2722 2915 2910 2984 item.
2942 2920 3060 2984 Pa·-

491 3003 624 3072 tria
671 3003 855 3071 enim
906 3014 1055 3072 turn
1108 3002 1592 3072 laudationum
1643 3002 1954 3093 legibus,
2010 3016 2157 3073 turn
2208 3025 2423 3075 causa
2472 3003 2696 3092 ipsius
2742 3014 3007 3072 armata
3041 3057 3057 3083 ,

492 3091 758 3182 primas
807 3090 942 3160 sibi
1013 3089 1332 3159 vendicat
1379 3104 1656 3181 patres:
1714 3104 1999 3177 oratque
2064 3114 2190 3161 nos
2254 3104 2460 3178 atque
2510 3091 2912 3172 obtestatur,
2982 3112 3069 3160 ne

491 3178 797 3271 propriis
844 3180 1276 3249 ornamentis
1351 3178 1712 3270 spolietur.
1766 3185 2088 3251 Parentes
2146 3193 2378 3250 autern
2429 3179 2611 3250 hanc
2678 3180 2914 3251 cubito
2946 3200 3068 3269 op-

491 3267 715 3359 posito
766 3267 1185 3358 propellunt,
1239 3268 1649 3338 educatione
1680 3291 1760 3337 ac
1808 3268 2185 3359 disciplina
2226 3267 2450 3359 ipsius
2477 3266 2875 3358 gloriantes.
2911 3268 3062 3335 Vir-

492 3368 673 3441 tutes
722 3377 905 3437 ver0‚
942 3355 1242 3446 gloriosa
1290 3357 1555 3426 cervice
1594 3356 1892 3437 sublata,
1929 3356 2283 3447 proposito
2313 3356 2466 3445 ejus
2513 3377 2592 3425 ac
2632 3356 3068 3446 possessione

491 3444 820 3525 confisae,
879 3466 1134 3534 magna
1181 3467 1342 3514 voce
1377 3445 1667 3531 reliquis
1716 3446 2043 3526 clamant,
2081 3444 2308 3514 solum
2359 3444 2552 3513 illius
2602 3444 2917 3514 studium
2965 3455 3068 3513 at-

532 3554 627 3601 ue
670 3533 987 3601 animum
1037 3533 1335 3623 spectari
1381 3536 1719 3623 oportere.
1774 3532 1898 3603 Cui
1946 3533 2229 3603 victoria
2277 3543 2364 3602 sit
2412 3531 2894 3614 adscribenda,
2946 3554 3067 3602 vos

488 3555 691 3690 liacile
737 3621 1042 3692 cernitis.
1098 3627 1235 3712 Ego
1283 3632 1515 3691 autem
1551 3621 1733 3692 inter
1777 3644 1888 3694 res
1919 3643 2099 3708 quae
2147 3643 2222 3691 se
2269 3620 2453 3689 vinci
2495 3642 2631 3689 non
2674 3621 3060 3712 patiuntur,

495 3709 696 3778 'udex
743 3709 1162 3780 constitutus
1207 3710 1379 3797 quid
1428 3709 1727 3779 faciam?
1774 3716 2156 3801 Parumper
2201 3709 2274 3779 in
2328 3708 2682 3798 prioribus
2729 3709 3065 3778 immora-

539 3820 639 3879 or,
691 3811 770 3868 ut
815 3798 1174 3868 ostendam
1224 3820 1401 3886 quae
1448 3820 1611 3867 nam
1661 3799 1813 3888 ipse
1862 3798 2198 3870 creatoris
2249 3818 2484 3867 amore
2533 3797 3057 3876 inflammatus,

490 3887 985 3977 contempserit
1029 3899 1095 3956 et
1125 3909 1250 3976 pro
1301 3887 1522 3956 nihilo
1551 3887 1848 3956 duxerit.
1877 3886 2136 3956 Deinde
2186 3907 2297 3956 me
2338 3898 2555 3955 totum
2606 3886 2694 3955 ad
2742 3886 2896 3975 ejus
2926 3885 3067 3954 vir-

492 3986 673 4046 tutes
720 3975 1251 4065 perpendendas
1298 3987 1720 4044 convertam.

582 4065 619 4149 §
667 4067 759 4134 8.
813 4063 995 4132 Tulit
1039 4064 1267 4133 virum
1319 4063 1507 4133 hunc
1547 4063 2032 4133 admirabilem
2084 4062 2204 4131 illa
2240 4061 2553 4152 patria*
2580 4083 2761 4148 quae
2788 4061 3071 4150 imperii

492 4150 829 4243 dignitate
875 4151 1217 4235 decorata,
1271 4150 1559 4222 caeteris
1606 4152 1937 4222 omnibus
1986 4164 2256 4221 tantum
2299 4150 2670 4231 antecellit,
2722 4161 3069 4236 quantum

491 4239 804 4331 reginam
855 4240 1155 4311 subditis
1205 4253 1552 4331 praestare
1601 4262 1728 4331 par
1775 4253 1899 4310 est.
1956 4246 2047 4310 De
2094 4262 2232 4327 qua
2281 4260 2392 4308 me
2429 4238 2649 4308 multa
2698 4238 2926 4307 dicere
2953 4258 3070 4306 vo-

494 4326 745 4398 lentem
797 4329 1109 4420 impedit,
1164 4341 1314 4399 tum
1363 4329 1547 4416 quod
1600 4328 1796 4398 nulla
1845 4342 2138 4420 possunt
2173 4328 2482 4397 oratione
2515 4326 2871 4418 explicari,
2916 4339 3061 4396 tum

544 4456 572 4482 ⁸
601 4458 919 4498 'rampuns-ns
948 4456 1051 4495 Lus:
1072 4457 1167 4495 Dei.
2037 4457 2094 4485 *⁸¹
2124 4454 2578 4504 constantinopolis.
