3327 4999
127 398 387 468 MART..
440 398 513 464 2⁴
976 414 1057 461 mi
1104 415 1161 462 s.
1216 412 1563 462 annumero
1612 414 1856 462 Annus
2483 399 2614 464 435

127 510 239 567 est
288 496 641 566 dilatatus:
695 495 818 583 qui
871 494 945 563 in
1016 500 1147 564 Deo
1205 507 1487 585 raptus,
1547 495 1779 563 videre
1827 493 1979 564 sine
2026 493 2429 565 difficultate
2477 497 2703 587 potuit

130 607 368 665 omne,
421 584 605 673 quod
656 583 835 652 infra
875 588 1089 652 Deum
1137 594 1261 652 est.
1309 588 1387 652 In
1437 582 1558 652 illa
1596 605 1757 673 ergo
1806 583 1984 664 luce,
2023 605 2200 670 quae
2247 584 2701 654 exterioribus

131 673 367 743 oculis
414 672 630 753 fulsit,
689 672 807 741 lux
860 672 1147 741 interior
1188 672 1259 739 in
1319 683 1546 740 mente
1578 670 1749 754 fuit,
1809 693 1987 759 quae
2032 672 2331 741 videntis
2380 673 2698 742 animum

128 783 300 863 cum
352 761 436 830 ad
489 760 848 861 superiora
913 759 1167 850 rapuit,
1224 760 1311 839 ei,
1381 781 1590 847 quam
1632 771 1928 851 angusta
1974 771 2205 831 essent
2250 761 2485 830 omnia
2531 759 2703 831 infe-

132 871 325 919 nora
376 862 867 919 monstravit...

229 939 269 1024 ἓ
316 942 474 1010 4².
530 937 722 1006 Libet
766 936 998 1006 adhuc
1045 936 1131 1005 de
1170 937 1301 1005 hoc
1338 935 1717 1006 venerabili
1749 946 1943 1026 patre
1975 935 2196 1007 multa
2229 958 2534 1020 narrare,
2580 937 2702 1006 sed

132 1025 482 1112 quaedam
549 1026 701 1115 ejus
758 1024 1065 1096 studiose
1112 1036 1485 1114 praetereo,
1543 1024 1710 1111 quia
1756 1024 1844 1093 ad
1893 1024 2188 1094 aliorum
2240 1037 2432 1115 gesta
2480 1026 2704 1095 revol-

129 1113 360 1183 venda
401 1112 673 1183 festino.
754 1118 897 1184 Hoc
945 1125 1177 1182 autem
1227 1113 1386 1182 nolo
1435 1125 1497 1182 te
1531 1111 1772 1193 lateat,
1826 1113 2012 1198 quod
2065 1113 2169 1181 vir
2211 1114 2330 1182 Dei
2376 1114 2556 1183 inter
2603 1125 2701 1184 tot

131 1202 507 1283 miracula,
561 1202 820 1289 quibus
866 1204 939 1271 in
990 1200 1253 1271 mundo
1301 1201 1576 1282 claruit,
1621 1201 1976 1270 doctrinae
2008 1222 2285 1288 quoque
2316 1203 2524 1272 verbo
2559 1224 2699 1272 non

131 1290 583 1360 mediocriter
629 1290 864 1360 sulsitq
928 1295 1095 1359 Nam
1148 1289 1425 1379 scripsit
1487 1290 1995 1359 monachorum
2043 1290 2382 1380 regulam,
2438 1291 2700 1360 discre-

132 1380 327 1449 tione
372 1378 845 1470 praecipuam,
902 1399 1220 1447 sermone
1253 1377 1705 1447 luculentam.
1762 1379 1972 1478 Cujus
2021 1378 2082 1447 si
2126 1378 2284 1465 quis
2325 1378 2486 1448 velit
2534 1379 2699 1448 sub-

132 1467 336 1537 tilius
384 1487 608 1536 mores
654 1467 1002 1553 vitamque
1056 1488 1510 1557 cognoscere,
1582 1477 1922 1556 potest.1n
1973 1465 2214 1536 eadem
2265 1466 2699 1537 institutione

128 1577 210 1625 re
262 1554 421 1624 ulae
467 1575 708 1624 omnes
749 1554 1130 1644 magisterii
1181 1554 1370 1623 illius
1419 1566 1615 1625 actus
1665 1554 1999 1623 invenire:
2052 1554 2218 1642 quia
2266 1567 2550 1625 sanctus
2593 1556 2697 1624 vir

131 1578 337 1712 millo
389 1642 593 1712 modo
642 1642 864 1732 potuit
914 1642 1113 1712 aliter
1167 1642 1435 1723 docere,
1498 1664 1711 1729 quam
1761 1642 1949 1711 vixit.

226 1733 264 1818 ξ
295 1735 453 1802 43.
502 1731 755 1799 Eodem
786 1752 944 1800 vero
978 1750 1183 1812 ann0,
1215 1753 1354 1817 quo
1392 1731 1477 1799 de
1518 1732 1646 1800 hac
1681 1731 1816 1800 vita
1848 1743 1993 1800 erat
2029 1732 2365 1812 exiturus,
2400 1732 2697 1819 quibus-

130 1818 299 1887 dam
351 1818 716 1919 discipulis
756 1840 990 1888 secum
1024 1819 1618 1900 conversantibus,
1659 1819 2081 1905 quibusdam
2116 1820 2319 1910 longe
2354 1821 2700 1889 manenti-

128 1907 293 1987 bus,
335 1906 756 1976 sanctissimi
798 1906 908 1975 sui
938 1908 1192 1989 obituS,
1244 1906 1691 1975 denunciavit
1737 1907 1946 1975 diem:
1988 1908 2469 1996 praesentibus
2517 1909 2701 1977 indi-

131 2016 326 2075 cens,
364 2006 442 2064 ut
489 1994 728 2063 audita
769 2016 892 2084 per
937 1994 1290 2064 silentium
1325 2007 1659 2084 tegerent:
1693 1995 2096 2065 absentibus
2128 1995 2472 2077 indicans,
2507 1997 2695 2083 quod

131 2082 240 2151 vel
276 2083 481 2168 quale
515 2083 615 2151 eis
663 2083 943 2171 signum
987 2082 1205 2161 fieret,
1240 2083 1519 2169 quando
1567 2084 1719 2172 ejus
1763 2083 1998 2153 anima
2028 2083 2113 2152 de
2139 2105 2424 2174 corpore
2452 2087 2690 2154 exiret.

133 2174 307 2240 Ante
330 2184 593 2241 sextum
623 2193 781 2239 vero
808 2171 919 2239 sui
945 2171 1166 2240 exitus
1196 2171 1379 2239 diem
1409 2172 1660 2261 aperiri
1694 2171 1828 2240 sibi
1856 2172 2282 2261 sepulturam
2306 2172 2528 2260 jubet.
2566 2173 2697 2255 Qui

133 2281 295 2328 mox
355 2270 714 2349 correptus
761 2258 1102 2339 febribuS,
1151 2259 1294 2328 acri
1341 2260 1566 2349 coepit
1602 2259 1846 2329 ardore
1883 2258 2182 2350 fatigari.
2233 2266 2541 2347 Cumque
2577 2283 2699 2351 per

128 2347 284 2416 dies
316 2347 632 2504 singulos
665 2347 961 2437 languor
1002 2347 1069 2415 in
1129 2359 1525 2427 ravesceret,
1565 2361 1751 2416 sexta
1786 2347 1897 2416 die
1932 2347 2188 2438 portari
2235 2370 2308 2418 se
2354 2349 2425 2417 in
2475 2364 2697 2419 orato-

130 2436 323 2505 rium
355 2457 396 2504 a
480 2436 794 2526 iscipulis
825 2435 1017 2516 fecit,
1063 2436 1081 2504 i
1142 2436 1299 2524 ique
1342 2435 1597 2505 exitum
1655 2457 1864 2505 suum
1911 2435 2251 2507 Dominici
2288 2438 2598 2532 corporis
2629 2449 2698 2508 et

130 2525 503 2614 sanguinis
551 2525 990 2615 perceptione
1038 2525 1354 2607 munivit,
1393 2538 1599 2611 atque
1641 2524 1822 2594 inter
1870 2525 2379 2615 discipulorum
2439 2548 2692 2596 manus

128 2612 512 2681 imbecillia
544 2614 854 2681 membra
884 2624 1303 2694 sustentanS‚
1335 2613 1580 2682 erectis
1619 2612 1691 2680 in
1727 2614 1995 2682 coelum
2029 2614 2357 2685 manibus
2389 2615 2592 2696 stetit,
2627 2626 2693 2684 et

123 2701 457 2770 ultimum
518 2700 841 2790 spiritum
901 2700 1079 2770 inter
1124 2703 1331 2771 verba
1379 2701 1709 2771 orationis
1755 2701 2027 2770 efflavit.
2087 2706 2233 2784 Qua
2284 2702 2548 2772 scilicet
2578 2703 2691 2772 die

122 2788 403 2858 duobus
450 2789 534 2857 de
581 2810 660 2856 eo
707 2788 1072 2870 fratribuS,
1127 2790 1251 2858 uni
1310 2790 1380 2858 in
1431 2789 1605 2860 cella
1652 2790 2150 2870 commoranti,
2207 2789 2406 2862 alteri
2453 2802 2687 2860 autem

124 2875 407 2967 longius
456 2877 699 2965 posim,
756 2875 1074 2946 revelatio
1123 2877 1337 2948 unius
1384 2888 1589 2964 atque
1648 2877 2092 2947 indissimilis
2139 2878 2427 2949 visionis
2474 2900 2693 2969 appa-

119 2965 288 3033 ruit.
343 2963 673 3034 Viderunt
743 2985 1041 3050 namque
1070 3019 1086 3046 ,
1139 2966 1305 3051 quia
1363 2976 1574 3035 strata
1621 2965 1828 3056 pallis
1877 2978 2082 3054 atque
2126 2966 2520 3038 innumeris
2568 2988 2687 3037 co·-

117 3075 333 3122 rusca
381 3052 827 3143 lampadibus
867 3053 975 3121 via
1004 3065 1189 3121 recto
1222 3052 1516 3123 Orientis
1566 3054 1837 3123 tramite
1870 3054 1964 3123 ab·
2004 3054 2159 3142 ejus
2207 3055 2383 3126 cella
2429 3055 2501 3122 in
2538 3077 2690 3125 coe-

119 3141 271 3210 lum
323 3162 545 3227 usque
592 3140 1024 3210 tendebatur.
1077 3141 1198 3209 Cui
1246 3142 1634 3210 venerando
1685 3142 1924 3212 habitu
1970 3143 2075 3211 vir
2120 3142 2421 3233 desuper
2452 3143 2684 3213 clarus

116 3229 488 3309 assistens,
532 3230 734 3319 cujus
781 3241 959 3300 esset
1002 3228 1114 3297 via
1158 3251 1373 3315 quam
1418 3241 1799 3310 cernerent,
1853 3231 2237 3317 inquisivit.
2293 3231 2404 3300 Illi
2452 3244 2684 3302 autem

115 3340 193 3387 se
243 3318 509 3387 nescire
542 3316 832 3406 professi
871 3329 1056 3386 sunt.
1094 3318 1361 3399 Quibus
1399 3317 1549 3408 ipse
1596 3319 1714 3387 ait:
1761 3342 1786 3380 «
1825 3323 2008 3387 Haec
2057 3331 2160 3389 est
2205 3319 2340 3401 via,
2385 3342 2525 3407 qua
2572 3319 2680 3387 di-

113 3405 340 3476 lectus
390 3406 675 3475 Domino
713 3404 982 3475 coelum
1033 3405 1442 3475 Benedictus
1489 3405 1823 3476 ascendit.
1860 3428 1895 3473 »
1926 3412 2115 3476 Tunc
2165 3407 2396 3494 itaque
2452 3407 2677 3476 sancti

110 3494 246 3562 viri
294 3493 558 3562 obitum
609 3494 790 3563 sicut
836 3506 1228 3583 praesentes
1276 3494 1605 3584 discipuli
1660 3493 2030 3577 viderunt,
2085 3494 2180 3565 ita
2227 3496 2548 3565 absentes
2595 3517 2676 3564 ex

111 3582 316 3672 signo
352 3636 368 3663 ,
420 3580 603 3668 quod
661 3582 761 3651 eis
828 3582 1257 3671 praedictum
1309 3583 1552 3662 suerat,
1608 3595 2060 3673 agnoverunt.
2145 3584 2470 3672 Sepultus
2517 3602 2677 3651 vero

111 3685 219 3740 est
266 3669 335 3738 in
385 3670 679 3739 oratorio
728 3670 910 3738 beati
953 3671 1251 3741 Joannis
1285 3670 1648 3760 Baptistae,
1686 3670 1898 3757 quod,
1937 3670 2288 3740 destructa
2321 3673 2442 3740 ara
2472 3671 2675 3760 Apol-

114 3758 307 3840 linis,
362 3757 510 3848 ipse
555 3758 967 3850 construxit,
1017 3759 1148 3841 Qui
1195 3770 1260 3828 et
1299 3759 1370 3825 in
1419 3780 1499 3827 eo
1548 3779 1785 3857 specu,
1839 3759 1913 3826 in
1962 3779 2101 3844 quo
2160 3758 2358 3849 prius
2406 3758 2677 3828 habita-

109 3847 232 3930 vit,
270 3868 459 3916 nunc
500 3868 744 3935 usque,
781 3847 839 3916 si
871 3847 1251 3936 petentium
1293 3846 1464 3917 fides
1502 3857 1748 3936 exigat,
1787 3845 2145 3916 miraculis
2191 3858 2510 3918 coruscat
2543 3847 2676 3937 (a).

163 4027 234 4080 (a)
263 4027 396 4068 circa
425 4028 755 4076 gloriosissimi
787 4028 979 4069 Abbatis
1013 4037 1201 4077 corpus,
1229 4038 1289 4068 an
1308 4027 1358 4067 in
1378 4026 1756 4067 Monte-cassino
1776 4025 1928 4066 adhuc
1948 4035 2069 4075 pene
2089 4035 2175 4075 per
2194 4025 2435 4076 integrum
2454 4025 2688 4077 quiescat,

107 4083 355 4124 contentio
374 4086 448 4120 est
466 4083 542 4120 cui
560 4082 816 4122 solvendae
835 4091 922 4121 nec
943 4091 1079 4131 pares
1101 4092 1186 4122 nec
1204 4083 1342 4130 proni
1362 4081 1575 4129 profecto
1596 4089 1760 4120 sumus
1782 4089 1882 4125 nos,
1902 4079 2059 4118 verbis
2080 4079 2237 4119 terrm
2255 4089 2376 4128 quae
2406 4080 2610 4128 legimus
2629 4082 2688 4121 ab

107 4137 292 4182 inclyto
312 4135 476 4175 Annal.
498 4135 813 4174 Ecclesiastic.
834 4137 1028 4184 parente
1054 4136 1110 4174 nd
1133 4145 1306 4175 anuum
1347 4143 1516 4173 nchvi
1539 4143 1583 4171 n.
1604 4135 1655 4172 24
1677 4133 1877 4180 scripta:
1909 4131 1930 4152 ⁸
1953 4131 2144 4182 Refugit
2162 4133 2348 4172 animus
2368 4133 2465 4172 tam
2484 4133 2687 4174 densum

108 4189 464 4229 controversiae
484 4187 630 4236 hujus
652 4189 891 4237 spinetum
911 4188 1055 4232 adire,
1073 4188 1201 4236 quod
1224 4188 1387 4227 horret
1406 4188 1483 4225 vel
1504 4197 1529 4225 e
1548 4186 1688 4234 longe
1710 4187 1942 4234 spectare.
1968 4213 1989 4235 „
2015 4186 2060 4224 S.
2085 4186 2329 4226 Benedicti
2350 4196 2404 4225 ac
2433 4187 2477 4226 8.
2507 4187 2684 4226 sororis

108 4243 218 4291 eJus
237 4240 556 4280 Scholastioae
578 4251 774 4290 corpora
791 4242 842 4280 in
863 4241 1019 4280 Gallia
1042 4241 1275 4280 translata
1293 4240 1512 4289 pluribus
1531 4239 1657 4277 haud
1679 4239 1959 4288 spernendis
1978 4239 2273 4279 documentis
2287 4239 2553 4279 traduntur.
2574 4240 2685 4278 San-

108 4298 192 4335 cta
210 4295 400 4344 quidem
422 4293 548 4343 Virg.
571 4294 891 4334 cenomanum
911 4291 1092 4345 (Mans),
1112 4295 1156 4332 S.
1181 4296 1341 4333 autem
1362 4292 1662 4331 Patriarchae
1683 4292 1951 4332 Floriacum
1980 4292 2180 4343 (Fleury)
2211 4293 2365 4332 medio
2396 4293 2586 4331 circiter
2617 4302 2684 4333 vu

110 4347 320 4388 saeculo.
353 4347 602 4386 cassinum
621 4348 745 4386 enim
770 4348 859 4386 sub
879 4356 926 4386 vt
946 4357 1067 4386 saec.
1089 4348 1226 4385 finem
1247 4346 1439 4394 penitus
1470 4346 1743 4384 everterant
1770 4344 2081 4392 Longobardi.
2114 4345 2487 4393 absentibusque
2517 4346 2684 4385 diutis-

107 4402 231 4441 sime
253 4399 487 4449 religiosis
508 4400 634 4444 filiis,
652 4398 913 4440 venerandi
931 4400 1084 4439 Patris
1103 4399 1375 4448 sepulcrum
1396 4400 1443 4436 et
1460 4395 1678 4437 custodia
1702 4399 1749 4437 et
1769 4399 1904 4437 cultu
1924 4398 2027 4437 erat
2044 4398 2340 4438 destitutum.
2366 4399 2681 4446 concupierat

108 4455 363 4504 propterea
382 4453 432 4492 B.
458 4453 764 4496 nummulus.
784 4453 1022 4492 secundus
1041 4453 1355 4492 Floriacensis
1384 4451 1550 4496 Abbas,
1586 4451 1675 4490 hac
1710 4453 1898 4500 arrepta
1929 4452 2174 4492 occasione
2206 4452 2353 4492 sacris
2382 4453 2455 4490 sui
2491 4451 2678 4491 Ordinis

108 4507 413 4548 Institutoris
437 4507 710 4555 sororisque
730 4507 838 4555 ejus
858 4505 1134 4556 corporibus
1155 4506 1325 4556 gallica
1345 4505 1496 4545 ditare
1525 4504 1839 4545 monasteria:
1869 4504 1996 4553 quod
2025 4505 2235 4546 effecisse
2263 4506 2425 4545 terunt
2452 4515 2536 4554 per
2571 4503 2687 4555 Λαίς
