3327 4999
194 372 397 436 MART.
447 373 488 438 7
1006 392 1083 438 na
1132 390 1188 438 s.
1241 387 1458 438 ‘mom
1504 388 1828 447 Aoumxrss
2526 374 2610 438 75

192 474 445 565 ploranti
494 474 860 557 redditam,
915 475 1028 544 ille
1077 498 1232 546 mox
1281 475 1666 567 deglutivit.
1701 476 1856 545 Visa
1896 486 2000 546 est
2035 495 2115 545 ea
2144 497 2254 546 res
2293 474 2533 547 multis
2562 497 2702 546 non

193 586 393 633 vacare
435 576 503 634 et
553 564 892 634 miraculo
940 577 1004 634 et
1054 565 1405 655 mysterio,
1449 564 1631 652 quod
1662 563 1959 634 eximius
1986 563 2152 633 olim
2203 564 2545 635 Ecclesiae
2577 570 2705 634 Do-

183 666 300 722 ctor
338 652 644 735 futuruS,
695 655 765 722 in
817 675 964 722 eam
1019 654 1406 724 chartulam
1442 666 1596 722 ante
1635 673 1877 724 omnes
1920 653 2297 735 incidisset,
2350 675 2530 741 quae
2578 675 2704 723 no·-

180 756 325 811 strae
368 742 618 812 salutis
657 742 1181 832 jucundissima
1229 743 1425 812 initia
1455 740 1855 812 contineret.
1922 741 2242 813 Solebam
2289 754 2526 833 postea
2601 742 2703 811 illi

181 829 549 920 lacrymanti
603 832 918 902 libellum
965 832 1268 919 aliquem
1303 832 1565 913 offerre,
1618 850 1837 918 eoque
1880 831 2314 922 apprehenso
2362 831 2708 921 lacrymas

179 921 545 1000 remittebat,
607 943 745 990 non
795 920 944 991 sine
999 921 1373 990 multorum
1408 919 1890 1002 admiratione,
1925 920 2049 1008 qui
2099 920 2257 990 inde
2302 919 2708 1012 colligerent

174 1031 426 1100 magnos
492 1009 820 1080 illumin
887 1008 1132 1080 litteris
1198 1031 1604 1101 progressus
1674 1009 2103 1080 habiturum.
2172 1009 2449 1093 Quoties
2495 1009 2701 1079 etiam

172 1096 397 1167 librum
428 1098 735 1186 aliquem
770 1100 1245 1189 conspexisset
1296 1099 1365 1167 in
1418 1109 1644 1168 tenera
1699 1110 1938 1179 aetate,
1996 1098 2080 1167 ad
2131 1097 2331 1167 illum
2385 1119 2704 1168 accurre-

171 1187 286 1343 lliat,
327 1200 396 1345 let
427 1187 764 1258 volvendo
797 1188 1102 1271 chartas,
1157 1188 1500 1279 ejusmodi
1549 1208 1621 1258 se
1669 1186 1835 1258 ludo
1893 1186 2111 1257 instar
2153 1208 2533 1278 puerorum
2582 1188 2708 1257 ob-

200 1288 321 1345 ecta
372 1288 459 1345 al.

244 1367 275 1451 ξ
320 1371 405 1435 2.
455 1372 613 1435 Jam
654 1387 813 1434 vero
861 1365 982 1435 ubi
1015 1363 1101 1433 ad
1146 1365 1467 1452 quintum
1519 1366 1827 1455 pervenit
1875 1364 2115 1435 aetatis
2161 1386 2451 1446 annum,
2510 1387 2551 1434 a
2592 1386 2710 1455 pa-

173 1453 451 1523 rentibus
496 1454 582 1524 ad
628 1454 1142 1546 amplissimum
1183 1453 1352 1524 illud
1387 1454 1791 1524 cassinense
1823 1454 1857 1489 ¹*
1890 1454 2388 1523 monasterium
2448 1453 2708 1524 missus

172 1554 275 1622 est,
321 1554 384 1613 et
412 1544 665 1633 pietate
716 1555 780 1612 et
826 1543 1067 1612 litteris
1122 1542 1567 1612 imbuendus.
1619 1544 1784 1633 Ejus
1829 1543 2231 1613 monasterii
2278 1541 2528 1612 fratres
2575 1541 2709 1610 mi-

175 1629 342 1700 litant
386 1633 653 1701 Christo
705 1654 861 1700 sum
925 1630 1165 1723 regula
1213 1636 1278 1700 S.
1334 1631 1704 1702 Benedicti.
1760 1636 2036 1701 Factum
2103 1632 2233 1702 hoc
2289 1644 2391 1702 est
2453 1651 2710 1721 magno

174 1718 413 1789 divinae
512 1720 943 1790 rovidentiae
987 1720 1323 1802 consilio,
1377 1743 1463 1790 ne
1510 1719 1780 1790 tantilla
1838 1732 2046 1802 aetas,
2103 1721 2159 1792 si
2208 1720 2280 1789 in
2331 1741 2578 1810 pravos
2644 1731 2712 1789 et

177 1809 406 1877 mundo
502 1811 621 1880 uic
669 1809 939 1878 deditos
1002 1810 1365 1900 magistros
1417 1810 1793 1892 incidisset,
1846 1809 2151 1897 aliquam
2201 1809 2288 1879 ab
2336 1810 2425 1881 iis
2473 1808 2703 1878 labem

182 1899 588 1970 contraheret.
646 1898 1017 1967 Adhibitus
1061 1910 1291 1968 autem
1365 1897 1469 1967 illi
1517 1912 1618 1968 est
1668 1899 1740 1967 in
1799 1920 1878 1969 eo
1945 1898 2361 1977 monasterio
2475 1918 2705 1967 raece-

191 1995 318 2080 ptor
353 1988 453 2072 qui
498 2010 668 2057 eum
720 2000 786 2055 ct
819 1987 1099 2076 optimis
1148 1986 1461 2056 moribus
1513 2000 1579 2056 et
1617 1987 1915 2078 egregiis
1967 1988 2332 2059 instrueret
2445 1985 2708 2076 iscipli-

192 2090 304 2141 ms.
347 2075 426 2143 Ab
462 2077 592 2145 hoc
651 2098 812 2145 vero
842 2088 1122 2144 sanctus
1174 2096 1344 2165 puer
1394 2086 1598 2166 saepe
1644 2076 2065 2165 importunis
2114 2076 2436 2168 precibus
2483 2089 2707 2145 extor-

189 2180 363 2244 quere
399 2167 677 2245 solebat,
723 2177 800 2233 ut
848 2166 979 2255 ipsi
1026 2165 1282 2233 diceret
1329 2164 1496 2249 quid
1548 2165 1634 2234 sit
1686 2170 1886 2233 Deus.
1942 2168 2128 2246 Quae
2176 2177 2406 2234 autem
2451 2165 2538 2233 ab
2586 2161 2703 2232 illo

187 2250 457 2340 magistro
493 2253 936 2334 dicebantur,
976 2254 1348 2323 manebant
1394 2275 1429 2321 a
1489 2254 1581 2322 ud
1616 2274 1907 2343 puerum
1943 2252 2076 2321 alta
2131 2266 2361 2323 mente
2395 2265 2693 2343 reposta.

183 2339 351 2434 lirant
391 2342 455 2411 in
491 2344 617 2413 illo
672 2343 1086 2412 monasterio
1134 2342 1341 2411 etiam
1390 2365 1427 2411 a
1461 2341 1686 2412 iorum
1719 2340 2058 2411 nobilium
2093 2341 2397 2412 virorum
2452 2341 2694 2431 pueri:

184 2446 239 2493 ln
279 2431 516 2517 quibus
547 2433 610 2502 si
661 2453 838 2519 quos
867 2432 1147 2502 vidisset
1176 2442 1295 2502 aut
1326 2444 1749 2524 arrogantes,
1793 2442 1913 2501 aut
1945 2429 2304 2503 dissolutis
2342 2444 2406 2499 et
2437 2431 2703 2502 incom-

187 2519 385 2604 positis
430 2523 777 2601 moribus,
832 2543 1067 2592 eorum
1101 2521 1445 2591 consortia
1488 2520 1855 2591 devitabat.
1895 2524 2170 2591 Gestare
2195 2520 2456 2590 solebat
2490 2541 2708 2589 manu

184 2604 566 2701 chartulam,
626 2611 855 2701 prima
915 2632 1287 2701 puerorum
1347 2609 1740 2680 rudimenta
1806 2609 2297 2679 continentem.
2353 2608 2566 2679 Multa
2632 2607 2701 2676 in

179 2691 269 2764 illo
305 2698 652 2769 visebatur
694 2721 962 2768 morum
999 2699 1382 2780 maturitaS,
1430 2699 1625 2768 nulla
1662 2698 2052 2789 puerilibus
2091 2699 2297 2769 annis
2330 2695 2702 2767 familiaris

179 2780 402 2879 levitas,
458 2788 658 2857 nulla
709 2787 1034 2875 loquendi
1096 2787 1384 2857 futilitas
1432 2800 1551 2857 aut
1614 2775 2027 2888 gard-uhta&
2089 2786 2465 2878 incipiebat
2511 2785 2701 2887 enim

166 2891 285 2957 Jam
333 2889 472 2946 tum
526 2878 601 2946 in
672 2876 942 2947 silentio
996 2899 1233 2946 secum
1282 2877 1429 2967 ipse
1477 2877 1679 2946 utilia
1734 2876 2050 2947 meditari
2103 2888 2169 2946 et
2215 2888 2396 2947 certe
2456 2875 2525 2944 in
2582 2873 2712 2943 illa

171 2972 284 3060 tam
317 2977 545 3035 tenera
595 2977 814 3035 aetate
859 2967 1134 3036 duabus
1183 2965 1491 3056 amplius
1546 2964 1742 3035 horis
1776 2965 1844 3033 in
1896 2965 2219 3056 precibus
2270 2979 2337 3036 et
2386 2964 2501 3034 Dei
2554 2962 2713 3035 lau-

165 3047 344 3150 dibus
389 3055 819 3125 versabatur.
854 3057 1208 3125 Movebant
1242 3055 1407 3124 haec
1456 3054 1606 3144 ejus
1660 3054 1974 3124 coenobii
2022 3054 2347 3124 Abbatem
2376 3108 2391 3136 ,
2445 3053 2618 3144 quip
2673 3073 2710 3121 e

161 3159 257 3236 cui
300 3142 479 3212 haud
531 3145 828 3214 obscure
859 3145 1266 3223 indicarent,
1323 3143 1495 3213 nihil
1549 3142 1832 3234 vulgare
1873 3156 1991 3213 aut
2041 3143 2385 3213 mediocre
2432 3144 2521 3212 ab
2586 3141 2713 3213 ilo

159 3232 407 3318 ingenio
438 3233 859 3320 quandoque
906 3232 1446 3324 expectandum:
1499 3232 1919 3319 tandemque
1959 3254 2039 3301 eo
2071 3242 2584 3323 permoverunt,
2637 3241 2715 3300 ut

165 3337 432 3404 puerum
487 3335 631 3391 tam
679 3322 1071 3413 praeclarae
1119 3321 1373 3391 indolis
1407 3320 1809 3423 parentibus
1843 3322 2234 3401 remitteret,
2289 3320 2501 3390 simul
2552 3319 2712 3388 hor·

166 3417 319 3488 tanS‚
373 3423 450 3479 ut
498 3411 865 3501 Neapolim
932 3433 1092 3481 eum
1161 3409 1553 3501 disciplinis
1611 3408 2019 3481 liberalibus
2068 3409 2461 3479 accuratius
2519 3407 2717 3477 insti-

172 3498 503 3569 tuendum.
532 3501 971 3592 ablegarent.
1024 3506 1103 3570 Et
1151 3500 1247 3570 ita
1293 3498 1549 3570 factum
1599 3510 1726 3570 est.
1779 3499 1973 3568 Venit
2018 3498 2314 3568 Thomas
2343 3519 2563 3568 annos
2590 3519 2715 3566 na-

172 3595 262 3651 tus
306 3586 465 3676 plus
515 3590 756 3661 minus
785 3589 1023 3659 decem
1077 3588 1545 3679 Neapolim,et
1577 3610 1702 3678 pro
1750 3585 2144 3656 admirabili
2169 3586 2429 3678 ingenii
2464 3586 2717 3656 vivaci-

174 3681 285 3742 tate
321 3675 413 3745 ita
463 3678 752 3767 profecit
803 3675 874 3747 in
938 3677 1206 3759 litteriS,
1250 3689 1328 3748 ut
1373 3676 1879 3746 commilitones
1906 3698 2070 3747 suos
2115 3698 2358 3746 omnes
2417 3675 2716 3746 antecel-

169 3757 337 3857 leret.
390 3770 469 3834 In
532 3767 1022 3847 Grammatica‚
1063 3766 1424 3837 Dialectica
1462 3777 1527 3835 et
1561 3764 1922 3835 Rhetorica
1956 3764 2171 3835 fertur
2203 3764 2503 3852 quodam
2539 3770 2718 3834 Mar-

169 3858 289 3947 uno
383 3853 763 3924 eritissimo
812 3867 1255 3946 praeceptore
1301 3877 1498 3935 usus,
1553 3854 1622 3923 in
1674 3853 1985 3939 Physicis
2039 3876 2194 3924 vero
2243 3854 2419 3924 Petri
2453 3854 2718 3942 Hyber·

168 3939 284 4006 mci
343 3954 540 4013 ontes
585 3965 736 4014 esse
786 3957 1110 4015 sectatus.
1161 3950 1315 4014 Jam
1362 3943 1546 4012 fama
1595 3942 2187 4024 increbrescebat‚
2240 3942 2520 4033 Neapoli
2566 3964 2718 4013 esse

169 4023 642 4122 adolescentem
692 4032 814 4119 qui
864 4033 1144 4103 eximiis
1191 4031 1570 4102 virtutibus
1616 4044 1901 4102 aetatem
1937 4032 2257 4102 vinceret.
2295 4038 2539 4102 Verum
2572 4032 2711 4113 ille,

177 4109 307 4185 hcet
330 4118 528 4190 valde
565 4121 795 4191 adhuc
845 4143 1039 4223 puer,
1062 4123 1211 4213 Jam
1262 4121 1400 4191 alia
1428 4121 1666 4190 animo
1695 4120 2027 4204 volvebat,
2066 4144 2189 4193 nec
2220 4121 2387 4208 quid
2440 4120 2526 4190 de
2565 4121 2719 4212 ipso

178 4205 625 4353 praedicarent
670 4210 1011 4291 homines,
1068 4210 1186 4283 sed
1245 4209 1593 4298 quomodo
1641 4223 1874 4301 posset
1918 4210 2069 4302 ipse
2113 4223 2381 4303 gratam
2433 4215 2568 4281 Deo
2615 4209 2719 4280 of-

196 4310 319 4363 erre
378 4298 836 4381 servitutem,
900 4299 1035 4370 sibi
1092 4298 1540 4391 cogitandum
1611 4298 2067 4371 existimabat.
2131 4306 2255 4371 Per
2306 4299 2376 4369 id
2436 4311 2713 4390 tempus

181 4373 348 4452 stater
389 4388 673 4474 quidam
731 4388 1158 4459 Dominicani
1230 4388 1539 4460 Instituti
1569 4443 1589 4469 ,
1646 4388 2011 4481 ingenium
2058 4388 2210 4481 ejus
2260 4388 2705 4458 vehementer

235 4504 258 4532 ⁸
280 4507 385 4553 Vide
400 4514 591 4558 surium
609 4524 773 4559 mense
791 4515 1015 4558 sanun-to
1033 4526 1077 4568 p.
1095 4517 1189 4558 80³.
