3327 4999
227 306 477 372 MART.
528 308 601 371 2⁴
1061 325 1141 372 nn
1188 326 1244 373 S.
1299 265 1642 375 annumero
1690 324 1934 374 anana
2556 311 2675 376 43¹

228 404 512 494 replico,
549 405 621 471 in
671 404 928 489 quibus
977 416 1208 493 aperte
1254 404 1508 474 clareat
1553 404 1745 474 aliud
1798 405 1986 474 hunc
2016 418 2295 495 accepta
2328 405 2660 476 divinitus
2688 428 2770 478 ex

222 505 573 579 potestate,
611 491 801 560 aliud
850 514 928 560 ex
974 491 1279 562 oratione
1315 492 1641 581 potuisse.
1685 492 2087 563 Gotthorum
2120 494 2405 579 quidam
2440 495 2620 564 Zalla
2649 517 2774 563 no-

221 581 433 659 mine,
490 580 817 669 perfidiae
865 580 994 649 fuit
1032 580 1341 661 Arianae,
1377 580 1498 666 qui
1533 580 1786 649 Totilae
1822 581 2004 670 regis
2028 603 2267 651 eorum
2312 583 2769 671 temporibuS,

216 681 459 738 contra
508 668 885 736 catholicae
934 667 1274 737 Ecclesiae
1322 668 1680 757 religiosos
1729 668 1913 737 viros
1942 669 2187 739 ardore
2220 669 2772 739 immanissimae

215 756 648 825 crudelitatis
694 756 965 836 exarsit,
1018 756 1114 824 ita
1145 768 1222 824 ut
1267 756 1587 841 quisquis
1644 755 1708 824 ei
1756 756 2053 826 clericus
2101 758 2571 827 monachusve
2617 770 2776 827 ante

216 843 463 912 faciem
517 843 832 923 venisset,
886 842 973 912 ab
1020 843 1170 929 ejus
1221 843 1545 912 manibus
1594 843 1789 912 vivus
1839 844 2033 914 nullo
2065 845 2269 914 modo
2301 845 2534 915 exiret.
2590 850 2773 928 Qua-

218 930 380 999 dam
432 951 590 999 vero
637 930 750 999 die
796 931 1122 999 avaritiae
1154 952 1320 1001 suae
1351 943 1546 1001 aestu
1593 953 1997 1012 succensuS‚
2036 931 2105 999 in
2157 932 2472 1021 rapinam
2540 954 2774 1002 rerum

217 1018 521 1098 inhians,
576 1017 743 1086 dum
793 1018 1166 1103 quemdam
1218 1019 1554 1088 rusticum
1595 1021 1950 1090 tormentis
1979 1019 2383 1090 crudelibus
2413 1020 2767 1110 affligeret,

214 1127 517 1192 eumque
549 1127 670 1195 per
702 1126 784 1172 su
845 1104 1049 1192 plicia
1075 1105 1348 1174 diversa
1382 1106 1692 1187 laniaret,
1741 1106 1959 1176 victus
1991 1107 2229 1195 poenis
2264 1108 2588 1188 rustiCUS‚
2626 1130 2774 1179 sese

213 1215 325 1263 res
373 1215 537 1264 suas
585 1198 785 1261 Bene¹
817 1192 945 1261 icto
995 1194 1111 1261 Dei
1159 1192 1420 1262 famulo
1483 1194 2046 1286 commendasse,
2075 1194 2426 1284 professus
2486 1209 2630 1275 est,
2693 1208 2772 1264 ut

214 1281 383 1349 dum
419 1281 545 1349 hoc
592 1303 632 1349 a
670 1291 1023 1366 torquente
1070 1279 1488 1359 crederetur,
1548 1303 1884 1371 suspensa
1912 1281 2188 1350 interim
2222 1282 2650 1363 crudelitate,
2683 1282 2771 1351 ad

213 1368 455 1437 horam
506 1368 642 1436 vita
685 1379 1141 1456 repararetur.
1200 1373 1388 1436 Tunc
1440 1367 1618 1437 idem
1672 1369 1851 1438 Zalla
1901 1369 2192 1437 cessavit
2242 1370 2580 1438 rusticum
2635 1382 2770 1439 tor-

214 1455 466 1524 mentis
513 1455 837 1543 affligere,
891 1456 1010 1523 sed
1058 1456 1206 1543 ejus
1239 1455 1525 1524 brachia
1573 1454 1741 1524 loris
1799 1456 2092 1525 fortibus
2140 1457 2558 1545 astringens,
2612 1469 2772 1526 ante

212 1564 473 1628 equum
509 1565 714 1611 suum
765 1543 989 1631 coepit
1036 1542 1413 1632 impellere,
1466 1554 1545 1611 ut
1589 1544 1749 1627 quis
1797 1557 1975 1615 esset
2018 1544 2429 1613 Benedictus
2468 1544 2586 1630 qui
2620 1545 2771 1633 ejus

212 1652 329 1700 res
376 1642 791 1719 susceperat,
834 1631 1355 1701 demonstraret.
1395 1636 1611 1713 Quem
1665 1631 1894 1720 ligatis
1943 1632 2245 1700 brachiis
2305 1632 2607 1700 rusticus
2647 1653 2772 1700 an-

213 1717 556 1795 tecedens,
602 1719 794 1786 duxit
842 1717 926 1786 ad
978 1718 1196 1787 sancti
1251 1719 1375 1786 viri
1406 1719 1932 1799 monasterium,
1964 1740 2261 1805 eumque
2301 1730 2457 1787 ante
2498 1719 2769 1808 ingres-

211 1828 371 1876 sum
441 1805 651 1873 cellae
717 1805 940 1873 solum
1006 1805 1352 1875 sedentem
1415 1807 1667 1895 reperit
1712 1817 1778 1874 et
1826 1805 2189 1903 legentem.
2246 1806 2482 1874 Eidem
2533 1819 2766 1875 autem

210 1892 662 1978 subsequenti
693 1904 757 1960 et
796 1892 1121 1961 saevienti
1171 1892 1391 1961 Zallae
1430 1895 1735 1962 rusticus
1773 1893 1975 1961 dixit:
2032 1898 2263 1962 «Ecce
2319 1894 2446 1962 iste
2504 1906 2628 1973 est,
2683 1894 2769 1963 de

207 1981 699 2067 quo-dixeram
754 1981 899 2059 tibi,
937 1980 1341 2048 Benedictus
1393 1994 1671 2068 pater.»
1713 1986 1927 2062 Quem
1979 1980 2146 2049 dum
2199 1979 2457 2049 fervido
2509 1980 2766 2070 spiritu

207 2090 370 2135 cum
437 2089 793 2156 perversae
852 2069 1103 2136 mentis
1166 2067 1436 2135 insania
1487 2066 1728 2138 suisset
1773 2066 2093 2149 intuituS‚
2158 2089 2236 2137 eo
2290 2080 2568 2147 terrore,
2624 2089 2763 2152 quo

208 2167 682 2235 consueverat,
736 2166 1049 2224 acturum
1102 2176 1175 2224 se
1221 2154 1645 2236 existiman5‚
1702 2156 1977 2254 magnis
2024 2155 2250 2255 coepit
2295 2155 2581 2224 vocibus
2621 2155 2765 2222 cla-

207 2265 422 2322 mare,
488 2243 762 2312 dicens:
819 2247 1125 2331 «Surge,
1186 2263 1415 2331 surge,
1479 2255 1547 2310 et
1595 2264 1701 2310 res
1751 2242 1951 2311 istius
2002 2243 2240 2310 rustici
2291 2242 2522 2323 redde,
2580 2264 2758 2328 quas

204 2330 604 2420 accepisti.»
656 2331 745 2399 Ad
796 2330 997 2418 cujus
1039 2351 1270 2397 vocem
1320 2330 1422 2397 vir
1469 2329 1585 2398 Dei
1635 2329 1952 2418 protinus
2000 2330 2236 2399 oculos
2273 2329 2517 2398 levavit
2564 2351 2605 2397 a
2655 2330 2756 2399 le-

207 2418 456 2499 ctione,
513 2440 813 2504 eumque
861 2417 1176 2496 intuituS,
1233 2438 1388 2485 mox
1434 2417 1639 2486 etiarn
1692 2417 2029 2485 rusticum
2086 2419 2207 2503 qui
2259 2416 2515 2517 ligatus
2566 2429 2758 2486 tene-

206 2507 433 2587 batur,
504 2507 814 2577 attendit.
868 2506 961 2574 Ad
1010 2507 1214 2594 cujus
1261 2505 1544 2574 brachia
1591 2506 1760 2573 dum
1812 2504 2049 2574 oculos
2098 2506 2506 2583 deflexisset,
2579 2505 2760 2573 miro

205 2594 412 2663 modo
465 2606 648 2663 tanta
680 2617 751 2664 se
782 2593 1121 2663 celeritate
1150 2606 1522 2748 coeperunt
1552 2593 1817 2682 illigata
1844 2592 2149 2663 brachiis
2177 2594 2321 2662 lora
2351 2591 2752 2672 dissolvere,

203 2694 283 2750 ut
330 2682 611 2751 dissolvi
672 2695 810 2750 tam
868 2682 1132 2749 concite
1181 2701 1277 2749 nu
1312 2680 1375 2749 la
1424 2680 1790 2750 hominum
1851 2679 2285 2749 festinatione
2334 2679 2751 2769 potuissent.

204 2773 511 2855 Cumque
562 2769 619 2839 is
665 2769 787 2855 qui
842 2768 1094 2858 ligatus
1153 2780 1449 2844 venerat,
1513 2768 1852 2858 coepisset
1899 2767 2127 2837 subito
2175 2780 2398 2837 astare
2449 2766 2746 2847 solutus,

204 2856 292 2925 ad
331 2870 554 2926 tantae
601 2856 948 2946 potestatis
995 2856 1129 2923 vim
1186 2854 1874 2933 treinefactusZalla,
1914 2854 1999 2922 ad
2054 2867 2300 2923 terram
2353 2854 2636 2932 corruit,
2690 2867 2757 2923 et

203 2945 537 3013 cervicem
602 2943 1028 3013 crudelitatis
1076 2943 1131 3010 ri
1190 2943 1339 3010 idae
1385 2942 1470 3010 ad
1521 2943 1672 3031 ejus
1720 2942 2006 3030 vestigia
2053 2943 2426 3021 inclinans,
2480 2964 2552 3011 se
2601 2963 2760 3011 ora-

203 3032 514 3102 tionihus
561 3032 752 3100 illius
806 3052 1121 3100 commen
1179 3030 1336 3097 avit.
1390 3030 1504 3097 Vir
1550 3041 1779 3098 autem
1842 3041 2124 3098 sanctus
2181 3052 2222 3098 a
2284 3029 2574 3098 lectione
2631 3030 2759 3097 rni-

202 3121 393 3188 nime
427 3119 754 3190 surrexit:
808 3118 922 3187 sed
977 3118 1230 3186 vocatis
1278 3116 1628 3196 fratribus,
1668 3139 1826 3185 eum
1878 3116 2222 3186 introrsus
2270 3117 2441 3199 tolli,
2510 3129 2589 3186 ut
2638 3116 2758 3185 be-

202 3206 668 3276 nedictionem
732 3206 1102 3294 acciperet,
1163 3204 1539 3303 praecepit.
1610 3209 1828 3285 Quem
1896 3204 1984 3273 ad
2042 3227 2116 3273 se
2150 3205 2539 3284 reductum,
2594 3217 2671 3272 ut
2719 3226 2759 3271 a

204 3307 434 3364 tantae
473 3293 901 3363 crudelitatis
950 3292 1224 3382 insama
1261 3292 1613 3377 quiescere
1660 3291 1959 3373 deberet,
2025 3293 2407 3361 admonuit.
2445 3292 2574 3373 Qui
2624 3291 2759 3359 sra-

200 3395 379 3461 ctus,
425 3382 775 3460 recedens,
816 3380 912 3449 nil
962 3378 1256 3449 ulterius
1305 3391 1532 3467 petere
1589 3401 1630 3446 a
1698 3378 1953 3447 rustico
2013 3380 2502 3468 praesumpsit,
2542 3400 2753 3464 quem

202 3470 306 3537 vir
356 3470 625 3537 Domini
677 3491 812 3537 non
879 3467 1262 3556 tangend0‚
1337 3466 1453 3536 sed
1520 3465 1956 3554 respiciendo
2018 3467 2330 3536 solverat.
2394 3472 2563 3536 Ecce
2623 3477 2747 3544 est,

198 3563 395 3626 Petre
441 3558 624 3642 quod
676 3557 841 3636 dixi,
895 3556 1060 3642 quia
1126 3555 1198 3623 hi
1262 3554 1383 3639 qui
1449 3553 1901 3643 omnipotenti
1972 3559 2101 3623 Deo
2149 3552 2564 3623 familiarius
2612 3576 2756 3622 ser-

198 3645 419 3721 viunt,
460 3643 835 3730 aliquando
883 3642 1061 3712 mira
1093 3642 1316 3711 facere
1344 3642 1549 3711 etiam
1581 3663 1661 3710 ex
1697 3652 2021 3731 potestate
2053 3652 2364 3729 possunt.
2406 3641 2535 3721 Qui
2566 3641 2754 3710 enim

196 3732 621 3802 ferocitatem
655 3731 881 3801 Gotthi
931 3730 1259 3799 terribilis
1307 3729 1554 3799 sedens
1604 3728 1952 3818 repressit,
2002 3727 2144 3796 lora
2192 3749 2346 3796 vero
2397 3727 2754 3813 nodosque

197 3820 538 3910 ligaturae
586 3827 762 3906 q'uae
810 3819 1200 3887 innocentis
1246 3816 1532 3885 brachia
1595 3816 2078 3892 astrinxerant,
2123 3814 2348 3884 oculis
2408 3813 2745 3897 dissolvit,

197 3909 352 3997 ipsa
402 3906 725 3976 miraculi
775 3905 1119 3975 celeritate
1166 3904 1449 3985 indicat,
1487 3904 1652 3991 quia
1700 3925 1780 3974 ex
1840 3914 2166 3992 potestate
2222 3913 2579 3991 acceperat
2627 3904 2754 3972 ha·

192 3998 357 4066 bere
413 3995 595 4080 quod
649 3994 828 4063 fecit.
872 3999 1176 4064 Rursum
1223 4014 1498 4078 quoque
1553 3991 1760 4077 quale
1796 4000 2279 4076 quantumque
2326 3989 2751 4060 miraculum

199 4083 463 4153 orando
512 4081 727 4151 valuit
774 4081 1106 4161 obtinere,
1151 4080 1597 4169 subjungam.

281 4174 318 4258 ἓ
379 4175 527 4241 82.
583 4168 903 4251 Quodam
952 4169 1065 4238 die
1109 4189 1273 4237 cum
1307 4167 1638 4236 fratribus
1688 4167 1772 4235 ad
1808 4165 1958 4256 agri
2007 4187 2217 4256 opera
2249 4166 2474 4235 fuerat
2522 4185 2751 4254 egres·

192 4282 340 4328 sus.
390 4257 692 4340 Quidam
744 4279 899 4327 vero
957 4256 1261 4326 rusticus
1309 4253 1618 4324 defuncti
1668 4254 1793 4323 filii
1841 4276 2097 4345 corpus
2144 4255 2216 4324 in
2266 4255 2455 4325 ulnis
2496 4252 2744 4352 serens,

192 4345 508 4418 orbitatis
568 4346 763 4416 luctu
829 4357 1154 4415 aestuans
1188 4398 1203 4426 ,
1284 4343 1370 4412 ad
1443 4341 1941 4411 monasterium
2003 4344 2232 4426 venit,
2300 4340 2748 4412 Benedictum
