3327 4999
616 312 745 377 406
1302 326 1382 374 nn
1429 323 1879 383 QuanaAcmrA
1925 324 2324 373 narramus
2701 307 2949 373 MART.
3010 307 3088 373 to

525 408 805 501 agnovit
852 407 1205 478 veritatem
1234 458 1256 486 ‚
1312 405 1397 475 ad
1448 405 1824 475 Dominum
1871 404 2223 496 confugit,
2277 425 2442 475 cum
2491 414 2669 473 mart
2723 403 2917 475 ribus
2965 427 3093 475 an-

526 508 936 568 numeratus
983 509 1110 566 est.
1155 493 1564 584 Exemplum
1596 504 1699 564 est
1734 493 2214 583 Apostolorum
2247 492 2584 563 imitatus,
2629 497 2678 562 A
2733 492 2810 563 iit
2839 493 3087 576 sudas,

526 586 850 656 Matthias
895 595 1000 653 est
1047 593 1479 673 surrogatus,
1533 579 1852 652 Imitatus
1900 593 1966 651 et
2012 581 2351 672 Paulum,
2396 581 2520 668 qui
2571 580 2721 652 heri
2770 603 3095 672 persecu-

527 687 656 756 tor,
708 673 915 743 hodie
961 670 1186 741 factus
1232 683 1338 742 est
1383 668 1907 760 evangelizator.
1948 674 2259 760 Superne
2305 681 2371 740 et
2417 671 2568 762 ipse
2606 683 2914 752 vocatuS,
2954 693 3094 741 non

525 764 613 834 ab
661 761 1074 831 hominibus
1139 781 1364 861 neque
1413 781 1537 850 per
1596 758 1958 839 homineS,
2022 757 2319 828 credidit
2364 759 2438 828 in
2489 759 2769 828 nomine
2818 758 3097 829 Domini

520 858 693 922 Jesu
740 849 1013 920 Christi.
1085 854 1520 938 Baptismum
1569 848 1917 938 suscepit,
1986 868 2124 916 non
2175 848 2263 917 ab
2325 846 2497 929 ullo,
2552 846 2670 915 sed
2721 869 2763 916 a
2811 849 3098 939 propria

523 939 685 1010 fide:
733 959 869 1007 non
918 938 992 1006 in
1044 958 1249 1024 aqua,
1304 935 1424 1006 sed
1473 936 1546 1010 in
1598 936 1880 1027 proprio
1930 935 2297 1027 sanguine.
2354 940 2524 1005 Cum
2574 956 2732 1005 vero
2781 936 3095 1028 primum

525 1027 777 1107 illuxit,
831 1026 1061 1096 adhuc
1093 1025 1461 1116 spirantes,
1517 1023 1669 1113 igni
1708 1023 1942 1115 traditi
1990 1037 2176 1106 sunt,
2231 1045 2311 1094 ac
2358 1024 2628 1094 cineres
2677 1024 2745 1093 in
2800 1026 3094 1095 fluvium

527 1115 838 1209 projecti,
876 1125 953 1186 ut
1003 1136 1125 1205 per
1171 1134 1450 1183 omnem
1497 1124 1889 1182 creaturam
1938 1134 2179 1182 eorum
2231 1112 2555 1183 transiret
2601 1125 2980 1183 certamen.
3013 1118 3094 1184 In

527 1217 710 1274 terra
741 1205 1045 1293 primum
1079 1202 1398 1283 exerciti,
1435 1200 1689 1270 deinde
1725 1201 1798 1270 in
1833 1203 1990 1269 ae're
2019 1200 2152 1270 sub
2184 1201 2300 1271 dio
2332 1201 2666 1270 duravere
2695 1224 2710 1268 :
2747 1214 3099 1292 postremo

523 1292 687 1384 igne
730 1303 1071 1362 crematos
1103 1313 1285 1378 aqua
1313 1289 1603 1381 excepit.
1638 1293 1903 1357 Horum
1950 1301 2052 1359 est
2091 1312 2253 1381 ergo
2303 1312 2462 1359 vera
2494 1312 2620 1358 vox
2650 1288 2806 1359 illa:
2850 1296 3099 1361 Trans-

526 1384 775 1452 ivimus
802 1404 925 1472 per
955 1382 1187 1471 ignem,
1212 1391 1274 1449 et
1307 1401 1581 1471 aquam,
1622 1387 1687 1447 et
1716 1378 2023 1447 eduoet'sti
2048 1401 2163 1447 nos
2194 1380 2264 1447 in
2297 1381 2736 1469 refrz'yerz‘um
2782 1379 2924 1469 (Ps.
2953 1379 3095 1468 65).

613 1472 651 1557 ξ
699 1472 795 1539 9.
849 1468 934 1538 Ηί
983 1479 1170 1548 sunt,
1227 1467 1348 1555 qui
1397 1478 1705 1535 nostram
1756 1465 2144 1536 obtinentes
2202 1467 2577 1557 regionem,
2632 1467 2835 1555 quasi
2885 1489 3101 1554 quae-

525 1557 687 1627 dam
737 1570 964 1627 turres
1029 1566 1269 1625 contra
1315 1554 1871 1638 adversariorum
1920 1552 2287 1624 incursum
2337 1555 2686 1645 retugium
2734 1554 3093 1626 exhibent.

524 1651 659 1716 Nec
707 1667 849 1715 uno
903 1645 976 1714 in
1029 1644 1178 1715 loco
1227 1665 1376 1714 sese
1422 1643 1847 1722 clauserunt,
1899 1641 2125 1713 sedin
2160 1643 2404 1714 multis
2436 1642 2607 1713 locis
2648 1643 2956 1735 hospitio
2990 1666 3101 1714 re—

526 1733 756 1823 cepti,
813 1732 1192 1802 multorum
1261 1730 1521 1823 patrias
1581 1742 2051 1799 ornaverunt:
2106 1752 2232 1800 nec
2283 1744 2514 1801 tamen
2562 1733 2916 1822 separati,
2976 1732 3101 1802 sed

525 1822 705 1892 inter
753 1843 825 1891 se
872 1820 1252 1891 commixti:
1311 1819 1370 1890 si
1420 1818 1494 1888 in
1560 1816 1879 1908 singulos
1928 1817 2117 1908 ipsos
2163 1819 2506 1902 diviseris,
2560 1821 2924 1911 proprium
2963 1844 3101 1891 nu-

526 1932 797 1980 merum
842 1931 977 1978 non
1027 1908 1397 1978 excedunt:
1456 1908 1518 1977 si
1573 1928 1733 1976 vero
1780 1906 1853 1975 in
1913 1927 2138 1977 unum
2196 1909 2746 1999 congregaveris,
2790 1908 3105 1996 quadra-

577 1999 720 2068 inta
768 1997 1228 2067 nihilominus
1275 2008 1503 2078 erunt,
1560 2017 1640 2064 ac
1688 1995 1784 2064 ita
1830 2005 1908 2065 ut
1941 1992 2125 2085 ignis
2166 2008 2414 2067 natura
2446 2011 2878 2088 permanent.
2923 2003 3105 2068 Nam

525 2021 644 2157 file
680 2101 746 2157 et
795 2086 880 2156 ad
932 2085 1481 2176 progredientem
1521 2084 1790 2163 transit,
1846 2093 1912 2152 et
1960 2094 2140 2154 totus
2178 2097 2281 2157 est
2318 2085 2506 2176 apud
2557 2085 2957 2158 habentem:
2995 2085 3105 2157 sic

525 2176 599 2244 hi
648 2175 1112 2265 quadraginta
1160 2185 1324 2246 sunt
1370 2194 1620 2256 unum,
1675 2184 1741 2243 et
1787 2192 2027 2241 omnes
2066 2173 2255 2263 apud
2287 2172 2628 2265 singulos,
2667 2174 3103 2246 Beneficium

528 2263 743 2354 igitur
789 2262 954 2344 hoc,
1011 2262 1256 2333 fratres
1307 2261 1793 2341 dilectissimi,
1848 2260 2144 2348 gratiam
2193 2262 2376 2331 hanc
2426 2263 2719 2332 minime
2766 2263 3105 2334 deficien-

524 2364 714 2432 tem,
768 2374 850 2422 ex
896 2358 1029 2422 Deo
1077 2352 1497 2421 obtinemus.
1575 2355 1900 2419 Paratum
1950 2360 2053 2418 est
2100 2349 2214 2419 hic
2263 2350 2672 2423 Christianis
2722 2352 3098 2433 auxilium,

525 2439 829 2511 Ecclesia
875 2440 1193 2511 videlicet
1242 2451 1628 2530 martyrum
1660 2493 1676 2521 ,
1729 2436 2107 2508 exercitum
2158 2438 2785 2531 triumphantium,
2839 2441 3107 2512 chorus

524 2529 967 2600 laudantium
1012 2535 1252 2600 Deum.
1309 2533 1522 2619 Saepe
1571 2548 1853 2617 operam
1904 2524 2239 2609 dedistis,
2295 2550 2500 2620 saepe
2550 2529 2919 2600 laborastis
2949 2585 2965 2612 ,
3020 2542 3108 2601 ut

521 2640 745 2688 unuin
796 2640 920 2719 pro
968 2618 1163 2688 vobis
1201 2627 1513 2687 orantem
1562 2614 1987 2687 inveniretis:
2041 2616 2508 2708 quadraginta
2557 2629 2720 2688 sunt
2762 2618 2836 2687 hi
2872 2640 3100 2689 unam

523 2707 857 2777 orationis
919 2706 1308 2775 emittentes
1370 2725 1628 2773 vocem.
1711 2706 1833 2775 Ubi
1892 2703 2080 2775 enim
2129 2715 2287 2774 sant
2333 2707 2464 2775 duo
2512 2709 2625 2775 vel
2672 2718 2805 2777 tres
2854 2709 2926 2776 in
2972 2731 3102 2777 no-

517 2797 699 2865 mine
741 2795 1012 2867 Domini
1054 2795 1469 2893 conyreyati,
1507 2792 1602 2861 ibi
1641 2797 1811 2862 Deus
1849 2806 1944 2865 est
1981 2793 2491 2883 (Mactlt.xV111).
2535 2794 2663 2864 Ubi
2712 2817 2870 2865 vero
2918 2818 3103 2882 qua-

521 2883 842 2973 draginta
873 2880 1152 2961 suerint,
1190 2903 1350 2969 quis
1396 2880 1666 2950 dubitet
1708 2885 1919 2951 Deum
1961 2901 2111 2950 esse
2161 2885 2629 2971 praesentem?
2677 2884 2809 2964 Qui
2857 2883 3103 2971 aliqua

521 2971 862 3062 premitur
891 2969 1238 3126 angustia,
1277 2969 1366 3038 ad
1400 2968 1528 3040 hos
1556 2969 1934 3060 confugiat:
1969 2968 2088 3055 qui
2125 2992 2372 3041 rursus
2403 2970 2718 3052 laetatur,
2757 2972 2886 3041 hos
2914 2982 3094 3043 oret.

521 3060 650 3129 Hic
682 3070 760 3127 ut
791 3081 834 3127 a
867 3080 980 3128 ma
1014 3059 1070 3127 is
1113 3057 1464 3139 liberetur,
1513 3056 1632 3127 ille
1675 3068 1753 3127 ut
1797 3057 2000 3128 duret
2047 3057 2120 3125 in
2162 3058 2370 3128 rebus
2409 3058 2631 3128 laetiS.
2668 3058 2795 3129 Hic
2836 3059 3104 3131 mulier

522 3169 730 3217 orans
765 3168 890 3236 pro
921 3145 1086 3215 filiis
1123 3145 1431 3216 auditur:
1469 3145 1938 3237 peregrinanti
1972 3145 2115 3215 viro
2165 3146 2463 3216 reditum
2515 3146 2946 3219 incolumem
2983 3171 3105 3218 ae-

523 3235 822 3328 grotanti
871 3255 1025 3303 vero
1073 3233 1370 3304 salutem
1418 3233 1766 3323 implorat.
1806 3239 1974 3305 Cum
2007 3234 2119 3304 his
2157 3257 2321 3326 ergo
2355 3235 2783 3324 martyribus
2817 3249 3100 3307 nostras

519 3323 966 3394 effundamus
1015 3344 1274 3412 preces.
1311 3321 1812 3402 Adolescentes‚
1856 3344 2020 3393 suos
2068 3345 2356 3395 coaevos
2403 3324 2789 3394 imitentur:
2832 3336 3095 3417 patreS,

527 3412 770 3484 talium
819 3432 969 3481 esse
1016 3410 1323 3481 filiorum
1375 3420 1694 3502 parentes
1739 3423 2092 3502 exoptent:
2148 3424 2427 3494 matreS,
2492 3413 2893 3503 exemplum
2944 3436 3104 3484 ma—

522 3501 648 3571 tris
695 3500 1003 3590 optimae
1052 3511 1388 3591 spectent.

608 3590 644 3677 5
691 3593 851 3661 10.
906 3593 1074 3658 Nam
1123 3587 1339 3657 unius
1386 3585 1669 3656 illorum
1719 3600 1938 3658 mater
1989 3589 2162 3659 alios
2202 3588 2353 3689 jam
2404 3611 2578 3680 pene
2624 3588 2884 3681 frigore
2923 3610 3099 3659 con-

522 3688 836 3767 sumptos
875 3676 1248 3767 aspiciens,
1288 3698 1499 3745 suum
1545 3697 1705 3746 vero
1753 3676 1982 3746 filium
2031 3677 2118 3747 ob
2166 3699 2348 3749 vires
2396 3678 2920 3766 aliquantulum
2982 3700 3105 3748 va-

520 3765 827 3847 lidioreS,
865 3782 933 3836 et
970 3765 1306 3835 adversus
1353 3763 1532 3833 dura
1578 3765 2041 3835 constantiam
2068 3820 2084 3847 ,
2129 3764 2362 3835 adhuc
2411 3766 2645 3836 vivum
2685 3778 2753 3836 et
2801 3766 3101 3858 permit-

522 3854 827 3926 tentibus
874 3853 1260 3935 lictoribus,
1316 3852 1492 3924 vitae
1537 3854 1903 3924 consulere
1953 3853 2318 3925 valentem:
2359 3854 2596 3945 ipsum
2608 3854 2940 4013 dpropriis
2976 3877 3102 3926 ac-

519 3964 596 4013 ce
650 3942 701 4014 it
749 3943 1100 4024 manibus,
1157 3965 1238 4013 ac
1284 3941 1549 4025 currui,
1604 3942 1675 4012 in
1725 3963 1864 4030 quo
1913 3942 2164 4030 reliqui
2202 3943 2516 4033 jacentes
2564 3966 2605 4013 a
2757 3966 2963 4034 yram
2997 3944 3104 4013 fe-

518 3964 888 4113 rebantur,
942 4054 1030 4121 ap
1085 4031 1269 4101 osuit
1344 4030 1670 4120 martyris
1741 4052 1901 4100 vera
1948 4045 2190 4101 mater.
2255 4035 2401 4101 Non
2461 4030 2651 4102 enim
2736 4053 3099 4133 acrymam

521 4119 924 4190 indecbram
984 4141 1021 4190 e
1080 4120 1340 4191 undere
1373 4175 1391 4202 ,
1443 4131 1565 4191 aut
1628 4117 1897 4208 aliquid
1945 4118 2215 4189 humile
2262 4119 2496 4207 loqui,
2560 4120 2662 4191 vel
2719 4120 3106 4211 ind1gnum

523 4230 725 4367 agere
765 4209 911 4279 visa
954 4219 1079 4279 est.
1136 4209 1289 4291 Sed,
1342 4231 1383 4278 ο
1425 4221 1604 4290 nate,
1642 4208 1897 4296 inquit,
1951 4208 2205 4299 perfice
2250 4229 2415 4278 cum
2447 4209 2586 4280 tuis
2626 4209 3105 4280 contuberna-

522 4297 568 4366 li
627 4319 708 4365 us
754 4296 885 4366 iter
932 4297 1238 4380 beatum,
1293 4319 1379 4367 ne
1426 4319 1467 4366 a
1514 4296 1768 4367 chorea
1814 4297 2183 4380 deserariS,
2223 4319 2391 4367 neve
2441 4297 2727 4368 inferior
2770 4297 2935 4369 aliis
2969 4301 3103 4367 Do-

524 4386 719 4455 mino
793 4408 1157 4477 appareas
1238 4389 1288 4456 O
1363 4397 1653 4455 matrem
1720 4385 2041 4468 felicem,
2106 4406 2148 4456 o
2212 4386 2436 4456 bonae
2505 4385 2765 4458 radicis
2832 4387 3107 4457 bonum
