3327 4999
219 362 470 429 MART.
530 361 612 427 ⁴2
1190 380 1269 426 nr:
1317 380 1372 427 s.
1426 379 1800 428 renormat:
2549 367 2676 433 257

213 459 783 552 expectationem.
838 463 925 528 Ac
975 458 1279 548 primum
1330 460 1611 547 quidem
1645 459 1843 532 humi
1893 471 2295 552 prostratuS,
2380 463 2586 537 ratias
2625 465 2765 555 egit

179 549 538 619 ·Creatori:
594 548 842 616 deinde
892 547 1166 617 laetiore
1214 547 1409 619 vultu
1455 550 1820 641 conjugem
1871 549 2192 632 intuitum
2245 553 2592 641 policitus
2622 567 2747 635 est,

212 660 290 708 se
336 638 527 707 illam
581 637 886 705 honestis
938 638 1264 707 omnibus
1312 637 1381 706 in
1452 640 1657 708 rebus
1723 638 1980 708 sociam
2055 638 2498 720 habiturum,
2565 654 2641 711 ut
2689 642 2762 711 in

218 727 452 798 seculo
484 737 768 795 venturo
806 725 1137 816 praeclari
1184 726 1493 797 muneris
1541 726 1750 796 simul
1783 750 1944 797 cum
1995 728 2144 818 ipsa
2180 730 2562 819 praemium
2615 751 2765 822 per-

220 816 496 907 ciperet.
534 822 623 884 Ac
664 815 1003 906 principio
1048 815 1327 902 quidem
1366 816 1653 906 sejuncti
1715 830 1780 885 et
1826 817 2182 886 coelestem
2226 832 2506 908 agentes
2554 819 2762 888 vitam

222 904 292 973 in
343 903 602 973 mundo
676 903 1007 994 conjuges
1057 904 1517 987 sanctissimi,
1571 917 1775 991 atque
1840 906 2231 975 animorum
2301 906 2529 977 sulcos
2579 908 2764 978 scin-

222 993 458 1063 dentes
504 1005 569 1061 et
615 992 685 1061 in
735 991 1145 1063 coelestibus
1194 993 1456 1063 horreis
1514 993 1815 1062 triticum
1870 994 2334 1075 recondentes,
2389 995 2757 1078 Christum,

219 1082 445 1152 bonus
479 1080 700 1171 ipsius
744 1081 913 1151 odor
958 1081 1201 1163 effecti,
1255 1082 1705 1163 delectabant,
1741 1094 1806 1151 et
1853 1082 2114 1152 bonum
2171 1084 2322 1173 ejus
2370 1096 2762 1175 unguento-

218 1194 375 1241 rum
424 1171 703 1239 odorem
756 1170 1230 1260 percipientes,
1286 1170 1476 1240 illius
1524 1171 1912 1272 praesentia
1959 1172 2385 1241 fruebantur.

305 1264 341 1347 ξ
403 1266 497 1331 8.
552 1264 716 1327 Cum
767 1259 979 1347 igitur
1028 1273 1295 1329 noctem
1359 1260 1456 1329 sic
1522 1273 1701 1330 inter
1747 1282 1820 1329 se
1869 1261 2398 1350 transegissent,
2455 1273 2590 1332 toto
2638 1262 2763 1332 do-

222 1369 375 1418 mus
434 1347 599 1417 boni
646 1347 877 1420 odoris
942 1347 1318 1439 fragrantia
1378 1348 1633 1439 repleta
1695 1362 1837 1420 est:
1890 1370 2067 1436 quae
2141 1348 2345 1440 longo
2410 1350 2764 1421 intervallo

220 1458 504 1506 omnem
552 1436 834 1505 modum
908 1458 1270 1527 superans,
1354 1438 1623 1506 Domini
1677 1438 2132 1528 praesentiam
2206 1438 2600 1510 indicabat:
2643 1441 2764 1527 qui

215 1525 483 1595 bonum
535 1526 841 1614 ipsorum
921 1526 1351 1616 propositum
1423 1527 1932 1617 comprobans,
1985 1526 2283 1597 adventu
2348 1549 2474 1597 suo
2532 1528 2761 1599 locum

216 1614 451 1705 ipsum
502 1613 780 1704 gaudi0‚
837 1614 1227 1702 laetitiaque
1292 1615 1685 1706 repleverat.
1751 1620 1907 1685 Sese
1955 1616 2165 1705 igitur
2223 1616 2417 1685 humi
2466 1629 2764 1707 proster-

218 1716 484 1773 nentes.
541 1715 618 1771 ut
664 1702 799 1772 sibi
833 1703 1343 1773 misericordiae
1389 1704 1608 1774 fontes
1642 1704 1958 1795 aperiret,
2003 1705 2477 1775 obsecrabant.
2529 1712 2618 1776 Ac
2663 1706 2768 1776 di-

217 1793 415 1861 vinae
463 1790 744 1877 quidem
788 1792 1213 1881 praesentiae
1269 1793 1548 1883 signum
1599 1793 1670 1862 id
1720 1792 1848 1862 fuit
1907 1793 2091 1880 quod
2138 1815 2220 1863 ea
2266 1815 2337 1862 re
2391 1804 2757 1876 transacta,

220 1881 462 1950 inanes
509 1880 785 1949 divitias
835 1902 1218 1970 pauperum
1254 1882 1577 1953 manibus
1607 1882 2121 1964 distribuenteS,
2159 1882 2242 1951 ad
2292 1883 2501 1952 vitam
2550 1884 2618 1951 in
2657 1907 2765 1952 so-

222 1968 513 2039 litudine
572 1968 951 2058 degendam
1004 1991 1075 2038 se
1128 1971 1481 2059 parabant.
1560 1971 1688 2039 Sed
1756 1971 2147 2040 communis
2218 1970 2432 2041 hostis
2504 1971 2764 2042 invidia.

216 2080 425 2146 quam
468 2058 489 2126 i
547 2078 616 2127 se
669 2079 749 2126 ex
808 2059 1014 2127 rebus
1060 2058 1385 2128 omnibus
1434 2058 1740 2129 honestis
1810 2059 2316 2148 praeclarisque
2362 2060 2754 2142 contrahit,

211 2148 502 2217 adversa
555 2157 731 2215 atur.
775 2152 941 2216 Nam
991 2169 1184 2216 socer
1210 2148 1359 2237 ejus
1388 2147 1509 2234 qui
1540 2168 1819 2218 omnem
1851 2148 1918 2215 in
1969 2148 2140 2237 ipsis
2190 2147 2353 2218 solis
2402 2168 2591 2238 spem
2635 2171 2753 2239 po-

215 2236 424 2304 sitam
470 2235 786 2314 habehat,
839 2258 990 2305 eam
1033 2257 1175 2304 rem
1225 2236 1323 2306 sic
1371 2257 1572 2325 aegre
1604 2236 1781 2316 tulit,
1820 2247 1894 2304 ut
1921 2236 2148 2336 ipsum
2201 2258 2474 2323 quoque
2523 2242 2753 2327 Impe-

217 2336 510 2392 ratorem
562 2323 631 2392 in
684 2346 1006 2413 magnam
1057 2325 1600 2415 indignationem
1649 2323 2026 2414 impulerit.
2081 2330 2208 2394 Leo
2243 2325 2355 2394 hic
2403 2324 2553 2406 suit,
2610 2348 2760 2396 sor-

218 2413 369 2481 didi
418 2413 627 2503 patris
684 2412 871 2482 filius
916 2426 1119 2501 atque
1168 2435 1523 2484 successor
1559 2414 1681 2502 qui
1750 2425 1814 2482 et
1866 2415 1887 2481 i
1942 2435 2176 2482 sorum
2223 2413 2755 2485 adolescentiam

219 2503 742 2573 commiseratus
788 2515 851 2572 et
884 2525 1004 2593 pro
1060 2503 1238 2572 rium
1270 2504 1571 2573 amicum
1608 2514 1871 2594 patrem
1921 2525 2269 2584 ionorans‚
2299 2503 2758 2594 jurejurando

214 2591 681 2661 comminatus
727 2603 828 2660 est
881 2591 1011 2661 ado
1041 2592 1318 2672 escenti,
1376 2614 1448 2661 se
1496 2592 1643 2672 illi,
1702 2591 1836 2661 nisi
1884 2614 1923 2660 a
1977 2591 2324 2683 proposito
2370 2592 2747 2672 desisteret,

218 2679 459 2749 oculos
507 2681 946 2750 effossurum.
999 2686 1077 2749 Et
1123 2681 1438 2770 Cyzicum
1491 2680 1680 2751 misit
1743 2702 1942 2759 eum,
2002 2702 2392 2768 munusque
2458 2682 2766 2771 praecla-

220 2790 379 2837 rum
427 2769 797 2848 commisit,
853 2780 930 2838 ut
962 2771 1168 2840 rebus
1200 2770 1530 2838 inanibus
1575 2782 1779 2855 atque
1823 2769 2108 2839 caducis
2165 2769 2762 2850 administrandiS,

219 2879 459 2926 earum
510 2878 687 2943 quae
756 2879 1032 2948 semper
1102 2869 1548 2948 permanent,
1604 2858 2041 2947 splendorem
2101 2857 2637 2930 oblivisceretur.
2691 2865 2768 2929 At

219 2945 359 3027 ille,
418 2958 746 3031 tanquam
815 2969 1082 3029 murus,
1148 2947 1217 3016 in
1269 2968 1394 3016 suo
1442 2946 1756 3016 instituto
1821 2946 2090 3016 stabilis
2148 2969 2457 3029 manens,
2528 2948 2770 3017 libenti

216 3035 457 3104 animo
498 3034 622 3103 iter
668 3035 1047 3125 ingressus,
1119 3035 1305 3126 apud
1369 3035 1750 3126 Sigrianem
1798 3035 2096 3105 oecurrit
2140 3035 2549 3106 admirando
2616 3036 2766 3105 seni

217 3123 338 3211 qui
388 3123 758 3214 Gregorius
804 3123 1304 3214 appellabatur,
1356 3138 1422 3194 et
1469 3137 1615 3193 tum
1675 3123 1831 3194 aliis
1864 3123 2103 3204 donis,
2158 3136 2303 3194 tum
2369 3125 2767 3216 prophetiae

218 3212 443 3303 gratia
491 3214 898 3301 praestabat.
953 3212 1183 3283 Multis
1251 3213 1433 3282 enim
1502 3212 1874 3282 sudoribus
1932 3211 2249 3282 animum
2297 3236 2336 3282 a
2399 3216 2763 3303 perturba-

217 3301 530 3371 tionibus
570 3300 889 3382 liberum,
925 3322 1135 3388 seque
1183 3313 1327 3371 tum
1376 3300 1461 3369 ad
1520 3301 2166 3390 contemplationem
2216 3323 2447 3371 rerum
2495 3303 2763 3371 divina—

222 3411 408 3469 rum,
465 3400 609 3458 tum
661 3388 746 3458 ad
793 3411 1032 3460 eorum
1081 3411 1257 3476 quae
1315 3402 1542 3461 essent
1602 3401 1962 3471 eventura,
2013 3390 2472 3479 cognitionem
2525 3403 2764 3481 aptum

216 3477 634 3548 reddiderat.
689 3479 865 3548 Huic
898 3479 1344 3569 Theophanes
1389 3478 1607 3547 animi
1656 3478 1766 3549 sui
1815 3478 2239 3569 propositum
2291 3483 2533 3570 aperit,
2595 3479 2765 3550 sibi-

216 3589 354 3655 que
402 3579 668 3635 certum
693 3567 840 3657 jam
888 3590 1039 3638 esse
1084 3567 1292 3648 dicit,
1344 3567 1629 3637 exilium
1682 3566 1932 3657 eligere
1981 3566 2472 3638 voluntarium.
2527 3571 2604 3636 At
2650 3568 2767 3638 ille

221 3661 470 3726 Sancto
520 3654 813 3745 Spiritu,
867 3670 944 3725 ut
1001 3669 1145 3727 erat
1191 3656 1459 3739 solituS,
1512 3655 1920 3726 illustratus:
1955 3655 2191 3725 «Nihil
2239 3668 2364 3737 est,
2420 3656 2668 3743 inquit,
2727 3679 2767 3726 o

202 3743 516 3835 juveniS,
568 3744 1018 3830 quamobrem
1067 3746 1152 3814 de
1212 3744 1414 3815 exilio
1478 3767 1558 3815 co
1610 3744 1773 3824 ites;
1847 3743 2050 3834 paulo
2101 3755 2254 3834 post
2301 3744 2486 3813 enim
2537 3744 2771 3815 licebit

219 3834 368 3908 tibi.
419 3833 696 3902 nemine
746 3833 1170 3924 prohibente,
1210 3834 1296 3903 ad
1330 3832 1537 3904 solitu
1593 3834 1773 3902 inem
1819 3843 1881 3902 te
1926 3832 2255 3902 conferre.
2303 3838 2546 3904 Socero
2578 3834 2767 3903 enim

219 3935 338 3992 tuo
368 3935 434 3992 et
468 3926 886 4011 Imperatore
932 3921 1298 4002 defunctis,
1353 3923 1439 3992 ad
1492 3923 1701 3991 vitam
1747 3921 2115 4021 pristinam
2171 3922 2668 3992 revocaberis.»
2693 3928 2772 3992 Et

218 4009 389 4080 haec
440 4009 724 4090 dicenS,
793 4011 992 4081 solito
1042 4032 1400 4081 murmure
1470 4010 1674 4080 labiis
1740 4010 2119 4089 intonabat,
2174 4010 2768 4098 quemadmodum

221 4099 370 4189 ipse
393 4099 675 4189 juvenis
727 4112 1027 4191 tempore
1075 4122 1201 4171 suo
1233 4100 1602 4170 comitibus
1650 4098 1842 4180 dixit,
1896 4120 2054 4168 cum
2104 4098 2255 4188 ejus
2302 4099 2807 4172 testimonium‘

232 4200 566 4258 narraret.

311 4278 347 4362 ξ
389 4281 466 4349 ⁵2.
522 4277 716 4346 Senis
764 4288 993 4348 autem
1033 4277 1350 4368 jumento
1387 4300 1560 4349 usus
1607 4289 1735 4360 est,
1787 4298 2002 4363 eoque
2051 4277 2273 4367 magis
2322 4300 2532 4365 quam
2584 4277 2771 4367 regio

233 4371 561 4448 equorum
612 4365 996 4436 ministerio
1058 4389 1197 4455 quo
1244 4381 1388 4437 erat
1435 4379 1744 4448 ornatus,
1801 4365 2249 4457 gloriabatur.
2314 4367 2510 4436 Senis
2563 4367 2779 4456 igitur

226 4455 495 4526 monitu
568 4466 633 4526 et
706 4455 1000 4526 aliorum
1058 4467 1334 4546 patrum
1402 4455 1694 4527 consilio
1770 4455 2222 4529 confirmatus
2256 4509 2274 4539 ,
2348 4455 2651 4526 reditum
2701 4453 2776 4522 in

382 4575 629 4634 surius
655 4602 681 4619 -
726 4570 879 4635 Vitae
900 4574 1010 4639 88.
1038 4603 1062 4619 ·
1089 4574 1216 4635 Vol.
1258 4574 1359 4633 111.
2545 4574 2618 4630 17
