3327 4999
670 378 795 443 ⁴46
1469 391 1549 436 nn:
1597 390 1653 438 s.
1707 388 2016 438 eancomo
2065 389 2228 437 rArA
2734 368 2963 434 MART.
3013 367 3083 431 42

665 478 701 562 ξ
770 479 847 545 2.
902 478 1252 543 Caeterum
1302 468 1887 560 prudentissimus
1921 479 2138 538 rector
2168 466 2559 557 Gregorius,
2615 466 3086 535 remotisasuo

575 562 899 633 cubiculo
928 558 1380 639 secularibuS,
1408 557 1693 627 clericos
1715 557 1846 626 sibi
1868 557 2446 648 prudentissimos
2465 555 2890 626 consiliarios
2912 553 3087 622 sami-

578 653 922 738 liaresque
953 648 1226 737 delegit.
1260 652 1444 716 Inter
1487 669 1661 734 quos
1688 651 1959 715 Petrum
2011 647 2379 715 diaconum
2410 657 2848 714 coaetaneum
2878 663 3083 721 suum,

579 764 740 810 cum
790 761 928 825 quo
977 749 1209 828 postea
1248 735 1635 826 disputans,
1673 746 1967 822 quatuor
1999 734 2434 824 Dialogorum
2469 733 2684 803 libros
2708 729 3087 822 composuit:

580 827 1038 898 Aemilianum
1088 846 1359 912 quoque
1407 822 1753 893 notarium
1800 824 1919 910 qui
1951 823 2410 913 quadraginta
2459 821 2794 891 Homilias
2837 839 3099 909 evange-

580 917 658 986 lii
707 937 868 985 cum
909 914 1112 983 sociis
1161 914 1306 984 suis
1336 913 1629 1003 excepit:
1684 913 2029 982 Paterium
2078 934 2292 997 aeque
2354 911 2698 980 notarium
2748 910 2865 996 qui
2910 908 2989 977 ab
3035 926 3106 975 eo

582 1003 1101 1075 secundicerius
1148 1000 1392 1079 factus,
1426 1023 1506 1071 ex
1550 1000 1742 1070 libris
1790 1001 2014 1092 ipsius
2043 1001 2275 1087 aliqua
2326 1000 2697 1070 utilissima
2747 995 3095 1067 defloravit.

584 1100 663 1163 Et
691 1099 1028 1162 Joannem
1061 1089 1485 1159 defensorem
1534 1090 1654 1176 qui
1696 1089 1845 1180 ejus
1883 1091 2090 1180 jussu
2138 1090 2208 1157 in
2250 1088 2624 1178 Hispanias
2671 1088 2976 1177 cognitor
3015 1091 3099 1152 est

583 1182 987 1252 destinatus.
1024 1177 1435 1250 Januarium
1481 1179 1883 1269 episcopum
1932 1177 2223 1247 civitatis
2255 1176 2704 1258 Malalitanae,
2741 1179 2828 1246 ab
2861 1175 3098 1266 episco-

586 1272 696 1362 pis
743 1270 889 1339 suis
936 1267 1405 1358 compatriotis
1451 1266 1864 1357 depositum,
1919 1267 2065 1336 sedi
2099 1267 2412 1358 propriae
2444 1266 2876 1345 restauravit,
2918 1274 2979 1334 et
3005 1261 3100 1330 de-

587 1359 921 1451 positores
966 1357 1116 1447 ejus
1162 1378 1324 1424 cum
1354 1377 1432 1425 eo
1471 1355 1590 1443 qui
1623 1355 1691 1424 in
1724 1354 1947 1424 locum
1980 1357 2129 1445 ejus
2155 1356 2571 1445 obrepserat,
2608 1355 2759 1445 pari
2793 1349 3099 1422 sententia

587 1445 1092 1517 condemnavit.
1133 1444 1620 1514 Monachorum
1670 1466 1826 1513 vero
1867 1445 2337 1515 sanctissimos
2386 1443 2519 1512 sibi
2568 1442 2941 1511 familiares
2984 1439 3101 1508 ele-

588 1538 710 1628 git.
764 1540 949 1604 Inter
993 1554 1167 1621 quos
1215 1532 1704 1603 Maximianum
1755 1533 2150 1602 monasterii
2201 1533 2310 1601 sui
2349 1531 2698 1612 Abbatem,
2750 1553 2955 1619 quem
3004 1533 3106 1615 Sy-

586 1624 852 1694 racusis
886 1622 1285 1713 episcopum
1338 1621 1517 1704 fecit,
1571 1622 1770 1708 eique
1819 1643 1939 1711 per
1972 1620 2272 1691 Siciliam
2322 1620 2506 1690 vices
2547 1642 2709 1690 suas
2747 1618 3097 1689 commisit.

589 1712 1051 1803 Augustinum
1113 1709 1422 1799 ejusdem
1474 1711 1869 1779 monasterii
1922 1710 2029 1779 sui
2083 1709 2576 1800 praepositum,
2640 1719 2705 1777 et
2773 1707 3107 1786 Mellitum,

588 1824 712 1893 per
758 1822 932 1887 quos
981 1799 1352 1888 Anglorum
1403 1812 1639 1890 gentes
1687 1798 1771 1867 ad
1816 1798 2328 1869 ⁴Christianismi
2376 1798 2665 1888 gratiam
2708 1795 3104 1867 convocavit.

592 1889 1052 1959 Marinianum
1114 1887 1424 1977 ejusdem
1490 1888 1890 1956 monasterii
1948 1887 2058 1957 sui
2126 1887 2569 1967 monachum,
2621 1907 2830 1972 quem
2883 1887 2950 1953 in
3000 1890 3111 1952 Ra-

588 1978 866 2047 vennati
909 1975 1266 2066 metropoli
1315 1976 1721 2067 episcopum
1768 1973 2212 2046 consecravit.
2275 1975 2594 2054 Probum,
2649 1996 2859 2060 quem
2911 1972 3113 2042 subito

592 2067 912 2136 Abbatem
968 2065 1216 2155 spiritu
1258 2064 1593 2156 revelante
1639 2065 2086 2144 constituens,
2141 2085 2265 2154 pro
2312 2063 2775 2132 construendo
2828 2060 3112 2132 Xenodo-

589 2155 746 2224 chio
791 2154 1240 2242 Jerosolymis
1288 2152 1693 2224 destinavit:
1749 2153 2098 2240 simulque
2145 2151 2506 2221 Claudium
2572 2150 2989 2221 classitanae
3030 2148 3112 2218 ci-

586 2243 815 2313 vitatis
886 2242 1209 2312 Abbatem
1272 2242 1393 2328 qui
1457 2241 1541 2310 de
1606 2241 2010 2322 Proverbiis,
2063 2240 2148 2310 de
2196 2240 2491 2309 Canticis
2538 2241 2993 2321 canticorum,
3041 2237 3113 2305 de

585 2337 713 2402 Pro
768 2331 965 2411 betis,
1021 2329 1104 2400 de
1154 2329 1351 2399 libris
1401 2335 1688 2419 Regum,
1721 2342 1786 2398 et
1831 2330 1916 2399 de
1963 2329 2448 2420 Heptateuch0‚
2495 2334 2583 2398 Pa
2638 2332 2677 2398 a
2707 2329 3103 2422 disputante,

586 2444 709 2491 mu
743 2435 828 2502 ta,
878 2419 1033 2488 licet
1082 2441 1215 2488 non
1263 2417 1501 2487 eodem
1543 2439 1776 2497 sensu,
1814 2418 2224 2509 composuit.
2265 2423 2429 2487 Cum
2464 2419 2582 2504 qui
2636 2441 2720 2488 us
2757 2417 3105 2510 Gregorius

585 2511 696 2580 die
749 2521 1089 2596 noctuque
1142 2521 1473 2586 versatuS‚
1530 2506 1704 2575 nihil
1759 2508 2176 2577 monasticae
2238 2507 2671 2599 perfectionis
2720 2508 2794 2576 in
2849 2507 3107 2599 palatio,

587 2598 763 2668 nihil
815 2596 1229 2689 pontificalis
1287 2595 1737 2665 institutionis
1787 2596 1855 2664 in
1907 2596 2207 2667 Ecclesia
2268 2595 2654 2682 dereliquit.
2708 2597 3116 2666 Videbantur

586 2688 847 2779 passim
896 2709 1055 2756 cum
1112 2683 1602 2754 eruditissimis
1649 2684 1920 2754 clericis
1966 2685 2336 2755 adhaerere
2393 2684 2700 2753 Pontifici
2756 2683 3117 2776 religiosis-

587 2776 748 2847 simi
782 2772 1126 2852 monachi,
1173 2786 1238 2841 et
1284 2773 1354 2840 in
1394 2772 1683 2842 diversis
1740 2774 2282 2864 professionibus
2328 2774 2713 2843 habebatur
2760 2776 2902 2845 vita
2948 2794 3120 2843 com-

589 2865 865 2933 munis:
920 2863 1014 2930 ita
1060 2874 1136 2929 ut
1184 2860 1339 2932 talis
1387 2871 1562 2931 esset
1603 2873 1767 2931 tunc
1817 2864 1946 2932 sub
1996 2862 2319 2953 Gregorio
2352 2884 2559 2952 penes
2609 2864 2857 2933 urbem
2892 2869 3121 2932 Roma-

586 2975 747 3021 nam
798 2949 1122 3030 Ecclesia,
1177 2950 1452 3035 qualem
1505 2951 1684 3019 hanc
1733 2952 1947 3022 fuisse
2014 2954 2144 3022 sub
2191 2956 2239 3019 Α
2292 2950 2528 3021 ostolis
2588 2956 2831 3030 Lucas,
2896 2966 2962 3021 et
3008 2950 3121 3019 sub

585 3046 811 3109 Marco
863 3037 1294 3128 Evangelista
1345 3061 1552 3129 penes
1599 3038 2080 3109 Alexandriam
2131 3040 2321 3109 Phio
2369 3051 2891 3109 commemorat.

673 3131 709 3215 ἓ
775 3132 857 3199 S.
913 3132 1100 3195 Tunc
1150 3148 1384 3196 rerum
1449 3128 1788 3217 sapientia
1855 3134 2108 3197 Romae
2164 3128 2297 3198 sibi
2369 3127 2701 3217 templum
2772 3126 3125 3199 visibiliter

586 3214 1099 3304 quodammodo
1148 3213 1546 3303 fabricabat,
1599 3228 1663 3286 et
1714 3239 1785 3286 se
1847 3216 2286 3307 templicibus
2333 3216 2598 3286 artibus
2629 3216 2844 3288 veluti
2872 3216 3124 3287 colum-

587 3306 720 3385 nis,
792 3303 1387 3374 nobilissimorum
1458 3305 1734 3374 totidem
1827 3305 2117 3395 apidum
2175 3304 2595 3395 Apostolicae
2644 3306 2831 3376 sedis
2881 3304 3121 3376 atrium

589 3391 937 3464 fulciebat.
991 3391 1238 3461 Nullus
1286 3393 1594 3483 pontifici
1626 3393 2114 3462 famulantium
2147 3417 2193 3463 a·
2236 3393 2525 3463 minimo
2569 3416 2790 3481 usque
2840 3394 2929 3464 ad
2991 3413 3125 3460 ma-

586 3483 876 3563 ximum,
914 3480 1286 3550 barbarum
1337 3481 1692 3569 quodlibet
1741 3481 1811 3549 in
1873 3503 2187 3552 sermone
2232 3482 2331 3551 vel
2387 3481 2628 3551 habitu
2677 3482 3121 3573 praeferebat,

591 3570 710 3642 sed
761 3580 988 3660 togata
1036 3570 1376 3652 Quiritum
1429 3591 1616 3639 more
1668 3592 1788 3640 seu
1850 3571 2153 3640 trabeata
2192 3570 2541 3651 Latinitas,
2595 3594 2800 3639 suum
2865 3572 3123 3641 Latium

587 3659 659 3728 in
711 3659 860 3750 ipso
893 3659 1129 3728 Latiali
1163 3658 1416 3749 palatio
1447 3657 1888 3748 singulariter
1934 3659 2303 3729 obtinebat.
2359 3660 2835 3729 Ressoruerant
2884 3660 2984 3730 ibi
3028 3655 3125 3725 di-

587 3769 940 3819 versarum
990 3748 1244 3816 artium
1309 3744 1579 3828 studia,
1643 3757 1709 3815 et
1753 3747 1874 3833 qui
1919 3746 2022 3817 vel
2073 3748 2530 3818 sanctimonia
2593 3747 2693 3817 vel
2763 3746 3129 3839 prudentia

584 3836 754 3907 forte
801 3836 1095 3917 carebat,
1158 3857 1285 3905 suo
1333 3834 1556 3924 ipsius
1610 3832 1881 3923 judicio
1931 3837 2352 3906 subsistendi
2404 3858 2634 3906 coram
2684 3837 3018 3906 Pontifice
3052 3835 3127 3901 fi-

584 3924 864 3995 duciam
916 3947 1051 3993 non
1103 3922 1420 3993 habebat.
1456 3924 1991 3994 Arcessebantur
2041 3925 2553 4015 pontificalibus
2580 3925 2953 4015 profundis
2980 3944 3133 3994 con-

585 4014 763 4085 siliis
812 4014 1185 4105 prudentes
1235 4011 1386 4093 viri,
1439 4032 1612 4098 quos
1680 4013 2043 4103 perhibui,
2114 4014 2344 4105 potius
2408 4036 2618 4101 quam
2686 4027 3021 4114 potentes,
3072 4020 3132 4078 et

581 4125 889 4195 paupere
924 4100 1365 4192 philosophia
1412 4099 1856 4184 intrinsecuS,
1910 4101 2075 4189 quid
2129 4103 2357 4194 potius
2406 4114 2524 4172 aut
2571 4103 3014 4193 potissimum
3064 4098 3128 4167 in

584 4211 1009 4278 unoquoque
1079 4189 1348 4280 negotio
1409 4190 1837 4278 sequendum
1888 4202 2270 4282 putaretur,
2323 4191 2712 4265 artificiosis
2759 4210 3132 4282 argumen-

586 4279 967 4352 tationibus
1015 4278 1513 4350 rationabiliter
1559 4280 1971 4367 inquirente,
2024 4280 2212 4352 dives
2260 4282 2501 4350 inertia
2616 4302 2745 4350 uae
2809 4279 3018 4349 modo
3064 4297 3132 4345 se

588 4370 673 4439 de
723 4366 1152 4458 sapientibus
1207 4368 1356 4458 pari
1408 4381 1586 4439 sorte
1624 4368 2008 4449 ulciscitur,
2063 4391 2186 4459 pro
2233 4370 2538 4439 cubiculi
2613 4370 2851 4439 oribus
2901 4365 3127 4456 despi-

587 4456 831 4527 cabilis
881 4457 1297 4526 remanebat.
1355 4457 1514 4527 Sola·
1555 4457 1787 4527 deerat
1818 4457 2315 4547 interpretandi
2361 4457 2696 4548 bilinguis
2747 4457 3016 4548 peritia,
3065 4465 3127 4523 et
