3327 4999
638 322 764 389 384
1164 343 1242 388 nn
1289 343 1346 391 s.
1398 340 1761 390 cumanum
1808 342 2005 392 Episc.
2060 342 2460 391 LINDISFARN.
2706 324 2950 389 MART.
3003 325 3091 390 20

550 431 753 507 atque
785 421 1067 501 eisdem,
1121 422 1378 507 quibus
1426 435 1624 491 antea
1660 423 1956 506 MaierS,
1996 423 2326 493 institutis
2372 422 2781 513 disciplinae
2815 420 3092 511 regula,

550 509 649 580 ris
695 510 967 580 imbuit:
1022 510 1143 578 ubi
1191 510 1496 581 famulus
1546 513 1814 581 Domini
1865 513 2273 582 Cuthbertus
2338 510 2943 601 suscipiendorum
2991 510 3093 580 of-

551 598 709 668 ficio
760 600 1190 690 praepositus
1267 600 1653 690 hospitum,
1725 601 2119 691 probandae
2175 624 2339 670 suae
2388 601 2608 691 gratia
2654 599 3035 669 devotionis
3070 654 3086 681 ,

552 687 879 778 angelum
911 687 1180 757 Domini
1213 710 1337 758 suo
1367 690 1754 780 suscepisse
1783 690 1999 761 fertur
2024 690 2341 781 hospitio.
2377 689 2623 758 Exiens
2647 689 2830 758 enim
2865 688 3091 777 primo

552 798 754 845 mane
801 776 887 844 de
918 777 1362 846 interioribus
1411 779 1804 848 monasterii
1854 779 2142 849 aedibus
2196 779 2279 848 ad
2332 778 2681 869 hospitum
2735 777 3086 859 cellulam,

550 865 1013 934 invenitinibi
1060 865 1429 951 quemdam
1495 868 1841 937 sedentem
1889 869 2258 956 juvenem:
2311 889 2515 954 quem
2576 866 2924 934 hominem
2975 888 3093 935 ae-

554 954 889 1035 stimanS,
945 954 1140 1024 solito
1192 977 1345 1024 mox
1416 954 1869 1027 humanitatis
1920 979 2106 1026 more
2154 957 2477 1047 suscepit.
2548 960 2713 1024 Nam
2777 954 3093 1024 lavandis

552 1043 882 1112 manibus
920 1065 1170 1130 aquam
1224 1043 1433 1125 dedit,
1506 1045 1713 1136 pedes
1763 1046 1906 1135 ipse
1952 1045 2192 1125 abluit,
2246 1044 2454 1114 linteo
2501 1043 2796 1124 extersit,
2861 1042 3095 1113 foven-

553 1131 678 1201 dos
708 1132 1066 1201 humiliter
1114 1134 1437 1202 manibus
1476 1156 1600 1203 suo
1649 1135 1719 1203 in
1772 1135 1930 1205 sinu
1994 1134 2418 1225 composuit,
2472 1146 2674 1219 atque
2720 1144 2798 1201 ut
2843 1132 3092 1200 horam

553 1219 690 1288 diei
740 1220 1007 1289 tertiam
1056 1221 1261 1289 etiam
1311 1221 1463 1291 cibo
1513 1222 1926 1294 reficiendus
1957 1236 2359 1314 expectaret,
2421 1244 2494 1290 ro
2546 1223 2704 1291 avit:
2760 1243 2844 1288 ne
2891 1221 2951 1289 si
2988 1221 3096 1310 je-

553 1309 775 1399 junus
825 1310 971 1390 iret,
1044 1309 1221 1378 fame
1270 1311 1523 1400 pariter
1576 1325 1640 1381 et
1687 1312 1936 1412 frigore
1986 1312 2354 1381 lassaretur
2414 1311 2499 1398 hy
2554 1331 2740 1379 erno.
2795 1311 3091 1378 Putabat

554 1419 853 1484 namque
913 1398 1263 1467 bominem
1315 1412 1650 1469 nocturno
1721 1402 1963 1470 itincre
2033 1400 2239 1470 simul
2289 1412 2354 1468 et
2400 1400 2681 1469 flatibus
2739 1396 3090 1467 defessum

552 1487 794 1566 niveis,
842 1486 959 1555 illo
1007 1488 1481 1574 requiescendi
1529 1489 1748 1579 gratia
1782 1488 2092 1560 diluculo
2139 1488 2515 1560 divertisse.
2559 1487 2838 1578 Negavit
2882 1485 3000 1555 ille
3029 1500 3100 1556 et

556 1596 627 1643 se
675 1575 808 1643 cito
859 1576 1144 1657 iturum,
1198 1578 1361 1663 quia
1411 1576 1685 1667 longius
1731 1591 1906 1648 esset
1953 1578 2241 1659 mansi0‚
2280 1578 2367 1646 ad
2399 1599 2606 1664 quam
2662 1588 3083 1666 properaret,
3162 1619 3167 1623 -

552 1663 931 1765 respondit.
995 1669 1069 1733 At
1117 1665 1526 1736 cuthbertus
1572 1665 1695 1735 diu
1755 1667 2190 1753 multumque
2241 1688 2511 1757 roganS,
2566 1665 3098 1755 tandemadju-

555 1765 819 1821 ratione
867 1753 1100 1821 addita
1147 1754 1360 1822 divini
1413 1756 1756 1835 nominiS,
1807 1756 1894 1824 ad
1944 1755 2363 1824 manendum
2413 1754 2671 1843 coegit:
2726 1753 3100 1839 statimque

553 1854 633 1911 ut
679 1841 966 1931 expletis
1018 1842 1219 1911 borae
1268 1843 1500 1911 tertiae
1551 1844 1907 1933 precibuS,
1965 1843 2281 1914 vescendi
2330 1856 2601 1934 tempus
2647 1841 2906 1921 aderat,
2969 1863 3100 1930 ap-

603 1930 784 2000 osuit
832 1953 1138 1999 mensam
1169 1986 1184 2002 .
1233 1932 1607 2001 sumendas
1666 1933 2153 2011 obtulitescas,
2206 1945 2292 2012 et,
2345 1933 2639 2001 Obsecro
2685 1942 2772 2012 te,
2824 1931 3090 2016 inquit,

589 2032 765 2088 rater
813 2020 1104 2100 reficias,
1159 2019 1327 2088 dum
1377 2021 1650 2089 rediens
1697 2021 1997 2090 calidum
2049 2042 2293 2111 panem
2340 2021 2569 2089 affero.
2633 2024 2843 2109 Spero
2906 2019 3098 2088 enim

557 2109 723 2195 quia
765 2108 910 2195 jam
962 2108 1129 2178 cocti
1183 2109 1341 2177 sint.
1395 2115 1471 2178 At
1514 2110 1634 2179 ubi
1688 2110 1930 2191 rediit,
1985 2130 2118 2178 non
2173 2109 2429 2178 invenit
2488 2107 2824 2198 hospitem
2885 2129 3098 2194 quem

556 2197 867 2265 edentem
920 2198 1310 2283 reliquerat.
1347 2198 1667 2289 Explorat
1698 2199 1978 2290 vestigia
2010 2202 2150 2284 qua
2198 2198 2386 2277 ierat,
2428 2197 2545 2266 sed
2578 2197 2769 2266 nulla
2815 2196 3099 2286 uspiam

506 2285 838 2385 ‚invenit
895 2292 1154 2356 Recens
1200 2299 1426 2357 autem
1489 2289 1604 2355 nix
1653 2300 1900 2356 terram
1962 2299 2212 2355 texerat
2267 2308 2443 2373 quae
2499 2285 2797 2354 facilime
2843 2284 3099 2355 viantis

554 2373 683 2443 iter
732 2375 1064 2466 proderet,
1117 2388 1181 2444 et
1234 2397 1370 2462 quo
1399 2375 1828 2457 declinasset,
1867 2388 2292 2444 monstraret.
2335 2375 2763 2464 stupefactus
2799 2395 2962 2464 ergo
2995 2375 3103 2442 vir

555 2463 676 2533 Dei
742 2477 808 2534 et
856 2485 1088 2534 secum
1138 2485 1476 2551 quaerens
1521 2464 1606 2535 de
1653 2465 1850 2546 facte,
1912 2464 2215 2553 reposuit
2271 2486 2577 2534 mensam
2631 2464 2701 2532 in
2751 2463 3092 2533 conclavi.

558 2554 751 2636 Quod
785 2555 1164 2643 ingressus,
1211 2555 1537 2623 continuo
1567 2555 1838 2624 obviam
1889 2553 2128 2622 habuit
2168 2553 2325 2622 miri
2358 2553 2586 2622 odoris
2616 2552 3096 2642 fragrantiam.

556 2642 1132 2732 circumspiciens
1207 2655 1431 2711 autem
1472 2697 1487 2722 ,
1549 2642 1734 2711 unde
1781 2655 1955 2711 esset
2001 2654 2146 2711 orta
2196 2653 2380 2711 tanta
2437 2642 2700 2711 nidoris
2761 2641 3095 2723 suavitaS‚

558 2731 729 2801 vidit
752 2733 947 2821 juxta
988 2731 1243 2820 positos
1275 2742 1409 2802 tres
1459 2751 1669 2820 panes
1715 2731 1974 2800 calidos
2028 2731 2284 2800 insoliti
2332 2730 2650 2800 candoris
2697 2742 2763 2798 et
2808 2730 3097 2820 gratiae,

553 2841 967 2911 pavensque,
1010 2819 1171 2888 talia
1220 2840 1453 2888 secum
1507 2819 1845 2905 loquitur:
1901 2824 2112 2889 Cerno
2159 2819 2341 2906 quod
2390 2818 2677 2909 angelus
2740 2820 2855 2887 Dei
2917 2830 3091 2900 erat,

554 2931 758 2995 quem
813 2908 1119 2998 suscepi:
1175 2930 1451 2998 pascere
1485 2963 1499 2989 ,
1555 2931 1689 2977 non
1769 2908 1997 2998 pasci,
2051 2908 2353 2977 veniens,
2416 2912 2512 2975 En
2574 2928 2790 2997 panes
2836 2906 3092 2988 attulit,

556 2997 797 3083 quales
829 3009 1007 3066 terra
1056 2997 1338 3086 gignere
1386 2998 1643 3083 nequit.
1689 3002 1852 3066 Nam
1904 3008 1968 3065 et
2015 2996 2160 3066 lilia
2206 2995 2501 3065 candore
2547 3009 2611 3064 et
2649 3018 2838 3068 rosas
2887 2996 3102 3066 odore

556 3096 620 3155 et
683 3084 887 3154 mella
936 3085 1354 3175 praecedunt
1402 3108 1665 3176 sapore.
1721 3084 1911 3154 Unde
1967 3096 2233 3155 constat
2294 3085 2460 3172 quia
2528 3105 2663 3153 non
2713 3084 2799 3153 de
2860 3097 3096 3154 nostra

560 3173 803 3243 tellure
852 3175 1004 3255 orti,
1068 3174 1182 3243 sed
1234 3174 1318 3242 de
1369 3175 1688 3263 paradiso
1748 3172 2114 3264 voluptatis
2171 3186 2332 3243 sunt
2364 3172 2576 3241 allati.
2647 3178 2779 3242 Nec
2838 3174 3096 3242 mirum

557 3263 738 3349 quod
804 3262 1045 3352 epulas
1095 3264 1165 3331 in
1241 3263 1436 3332 terris
1506 3285 1777 3334 sumere
1844 3263 2177 3354 respuerit
2224 3262 2567 3332 humanas
2614 3262 2736 3348 qui
2783 3275 3100 3330 aeternae

558 3352 734 3421 vitae
784 3373 959 3440 pane
1000 3352 1250 3420 fruitur
1289 3352 1358 3421 in
1390 3352 1620 3421 coelis,

645 3443 681 3528 ξ
747 3445 827 3512 S.
883 3446 1115 3527 Itaque
1163 3442 1265 3509 vir
1324 3441 1593 3510 Domini
1646 3440 1730 3508 de
1778 3453 2048 3512 ostensa
2102 3438 2416 3507 miraculi
2465 3440 2715 3509 virtute
2759 3460 3099 3530 compun-

558 3540 732 3610 ctus,
790 3531 1113 3620 majorem
1165 3553 1244 3599 ex
1277 3551 1354 3599 eo
1386 3530 1713 3600 virtutum
1771 3529 2096 3619 operibus
2134 3531 2370 3596 cura'm
2421 3528 2887 3619 impendebat.
2944 3534 3100 3597 Cre-

559 3617 909 3688 scentibus
970 3632 1197 3687 autem
1249 3619 1665 3698 virtutibus,
1730 3619 1939 3687 crevit
1985 3631 2050 3687 et
2097 3617 2315 3708 gratia
2379 3617 2713 3687 coelestis.
2795 3617 3099 3704 Denique

558 3708 837 3807 saepius
870 3730 950 3775 ex
996 3730 1074 3776 eo
1111 3720 1413 3798 tempore
1458 3707 1741 3798 angelos
1787 3707 2116 3792 viderexet
2147 3705 2427 3792 alloqui,
2481 3706 2598 3775 sed
2638 3719 2701 3774 et
2747 3706 3089 3782 esuriens,

558 3796 756 3876 cibis,
797 3796 1072 3884 speciali
1128 3817 1481 3866 munerea
1532 3796 1816 3864 Domino
1867 3797 2308 3886 praeparatis,
2359 3795 2608 3865 meruit
2654 3793 2867 3863 refici.
2931 3799 3102 3863 Nam

555 3886 719 3972 quia
766 3885 1061 3954 affabilis
1092 3897 1157 3954 et
1172 3885 1532 3975 jucundus
1561 3896 1704 3954 erat
1743 3884 2076 3956 moribus,
2121 3883 2528 3973 plerumque
2556 3883 2724 3953 dum
2758 3882 2840 3950 ad
2875 3904 3106 3951 exem-

559 3973 752 4064 plum
802 3974 1068 4043 vivendi
1122 3974 1598 4074 praesentibus
1646 3985 1918 4063 patrum
1960 3972 2511 4063 praecedentium
2557 3985 2744 4062 gesta
2794 3969 3099 4052 referret,

559 4063 762 4132 etiam
799 4062 964 4149 quid
1016 4063 1147 4132 sibi
1178 4063 1342 4131 doni
1390 4062 1770 4153 spiritualis
1817 4083 2115 4152 superna
2165 4061 2380 4161 pietas
2425 4060 2813 4130 contulerit.
2867 4060 3105 4128 humi-

558 4151 713 4220 liter
758 4151 1161 4220 interserere
1195 4152 1475 4222 solebat.
1531 4157 1607 4220 Et
1654 4151 2028 4237 aliquando
2074 4149 2355 4237 quidem
2453 4150 2659 4230 alam,
2724 4148 3104 4235 aliquando

557 4252 783 4309 autem
844 4240 1056 4309 velate
1130 4241 1327 4328 quasi
1400 4240 1531 4309 sub
1604 4262 1896 4330 persona
1961 4238 2283 4318 alterius,
2362 4171 2449 4306 id)
2503 4238 2725 4307 facere
2782 4237 3096 4306 curabat.

559 4328 750 4411 Quod
805 4340 1030 4398 tamen
1094 4330 1217 4416 qui
1264 4329 1544 4398 audiere
1591 4330 1757 4415 quia
1815 4328 1898 4398 de
1965 4327 2191 4419 seipso
2239 4326 2528 4407 dixerit,
2584 4324 3095 4416 intelligebant,

548 4421 745 4510 juxta
793 4419 1184 4509 exemplum
1222 4418 1532 4508 magistri
1576 4418 1895 4509 gentium
1945 4416 2065 4504 qui
2114 4416 2316 4486 modo
2356 4426 2585 4507 aperte
2619 4437 2783 4485 suas
2818 4415 3102 4483 virtutes
