3327 4999
188 312 410 379 MART.
469 313 545 377 ¹2
1051 333 1131 380 ns
1180 333 1236 382 s.
1291 331 1606 382 caesonio
1654 331 1818 383 rara
2507 319 2635 386 t79

184 415 440 483 omnino
486 426 630 485 esto
680 415 1229 505 circumspectus
1278 429 1485 503 atque
1533 416 1870 498 solicituS,
1903 431 1969 488 et
2017 416 2179 488 talia
2228 419 2557 508 cuiquam
2595 444 2721 512 pro

182 501 546 572 defensione
596 503 895 591 inJ'uriae
944 517 1101 575 tuae
1149 503 1406 574 inferre
1462 504 1692 575 denuo
1760 527 1895 576 non
1950 528 2382 596 praesumas,
2436 515 2605 580 Nam
2656 511 2720 581 si

183 592 298 660 tale
339 591 595 678 aliquid
643 591 910 674 feceris,
962 592 1034 662 in
1087 603 1149 662 te
1199 593 1380 664 scias
1423 606 1656 682 postea
1708 594 2298 664 vindicandum.»

203 703 208 706 ’
256 682 290 767 ξ
355 685 519 752 80.
574 680 609 715 '⁶
643 684 897 751 Omnes
944 681 1231 751 omnino
1274 680 1635 772 pontifices
1685 704 1722 750 a
1773 681 2063 752 lectione
2113 682 2448 754 librorum
2501 686 2723 775 genti-

183 768 328 836 lium
380 772 507 838 Gre
558 769 754 840 orius
806 768 1181 839 inhibebat.
1246 775 1682 869 Quapropter
1729 771 2076 842 Desiderio
2133 771 2516 843 Galliarum
2571 797 2607 842 e
2663 775 2722 843 i-

185 876 381 946 scopo,
420 878 501 946 pa
542 858 714 928 lium
771 857 1146 946 postulanti
1199 858 1460 937 scribit,
1519 857 1889 945 inquiens:
1945 864 2175 928 «Cum
2230 861 2448 930 multa
2516 883 2606 932 no
2660 863 2719 932 is

181 943 333 1012 bona
376 945 459 1014 de
509 945 757 1016 vestris
797 946 1092 1015 fuissent
1139 946 1392 1014 studiis
1427 947 1780 1027 nunciata,
1821 947 1914 1017 ita
1943 947 2138 1017 cordi
2165 961 2398 1019 nostro
2424 961 2526 1018 est
2558 964 2722 1022 nata

182 1030 424 1113 laetitia,
465 1047 547 1104 ut
595 1055 849 1133 negare
880 1055 959 1104 ea
1006 1055 1185 1121 quae
1234 1034 1366 1104 sibi
1417 1033 1811 1104 fraternitas
1846 1049 2068 1106 vestra
2109 1037 2551 1107 concedenda
2600 1039 2723 1109 de-

177 1133 479 1210 posceret,
539 1122 831 1191 minime
880 1135 1297 1212 pateremur.
1337 1123 1464 1191 Sed
1518 1136 1672 1213 post
1721 1124 1851 1193 hoc
1901 1124 2213 1214 pervenit
2251 1125 2339 1194 ad
2378 1148 2500 1195 nos
2530 1128 2719 1213 quod

177 1208 302 1278 sine
347 1210 764 1280 verecundia
833 1231 1215 1280 memorare
1265 1233 1402 1280 non
1466 1233 1870 1301 possumuS‚
1931 1212 2451 1283 Fraternitatem
2525 1229 2714 1285 tuam

177 1300 679 1386 grammaticam
727 1297 1146 1385 quibusdam
1197 1321 1560 1389 exponere.
1633 1305 1854 1381 Quam
1923 1323 2068 1370 rem
2130 1300 2224 1369 ita
2274 1303 2558 1372 moleste
2607 1326 2724 1374 su-

174 1387 520 1474 scepimus,
569 1409 651 1456 ac
701 1408 949 1458 sumus
1000 1387 1472 1457 vehementius
1506 1388 1881 1477 aspernati,
1926 1403 2000 1458 ut
2029 1411 2131 1465 ea.
2177 1412 2356 1477 quae
2391 1391 2585 1480 prius
2616 1391 2730 1461 di-.

171 1486 258 1541 cta
302 1473 595 1553 fuerant,
638 1474 709 1542 in
759 1473 1095 1566 gemitum
1144 1488 1210 1544 et
1262 1475 1608 1545 tristitiam
1645 1488 2103 1546 verteremus:
2158 1478 2325 1564 quia
2358 1479 2425 1546 in
2469 1501 2612 1548 uno
2648 1501 2723 1551 se

169 1583 286 1643 ore,
344 1584 500 1632 cum
556 1563 747 1634 Jovis
807 1563 1158 1643 laudibuS‚
1221 1563 1472 1633 Christi
1532 1563 1776 1634 laudes
1826 1586 1963 1634 non
2016 1567 2326 1654 capiunt.
2377 1571 2455 1635 Et
2503 1589 2718 1654 quam

168 1671 350 1740 grave
397 1651 922 1738 nefandumque
972 1651 1059 1720 sit
1105 1651 1453 1742 episcopis
1500 1674 1747 1722 canere
1778 1653 1964 1739 quod
2017 1676 2143 1723 nec
2174 1654 2348 1723 laico
2400 1654 2721 1746 religioso

169 1743 529 1820 conveniat,
588 1739 738 1829 ipse
784 1739 1171 1808 considera.
1227 1745 1393 1809 Nam
1446 1741 1766 1825 quamvis
1814 1741 2314 1814 dilectissimus
2360 1743 2550 1812 filius
2600 1766 2722 1813 no-

167 1837 288 1895 ster
332 1828 687 1897 Candidus
740 1829 1098 1918 presbyter
1134 1827 1576 1918 postmodum
1626 1828 1911 1898 veniens
1946 1829 2087 1912 hac„
2124 1831 2210 1900 de
2262 1854 2334 1901 re
2374 1832 2723 1902 subtiliter

169 1913 532 2000 inquisitus
567 1916 941 2006 negaverit,
978 1930 1185 2002 atque
1231 1939 1348 1986 vos
1397 1929 1687 1986 conatus
1718 1915 1923 1988 suerit
1954 1940 2305 1998 excusare,
2340 1920 2423 1988 de
2465 1921 2721 1992 nostris

173 2013 378 2074 tamen
428 2004 666 2074 adhuc
714 2004 972 2076 animis
1020 2026 1154 2073 non
1208 2005 1512 2074 recessit.
1550 2005 1724 2086 Quia
1753 2020 2012 2091 quanto
2045 2006 2428 2077 execrabile
2461 2021 2561 2077 est
2592 2010 2721 2078 hoc

167 2089 242 2160 de
286 2093 641 2162 sacerdote
690 2093 984 2180 narrari,
1024 2105 1209 2162 tanto
1258 2104 1494 2166 utrum
1547 2092 1639 2161 ita
1691 2114 1907 2162 necne
1954 2094 2065 2175 sit,
2135 2096 2448 2165 districta
2497 2110 2562 2165 et
2608 2119 2722 2165 ve·

168 2180 292 2248 raci
338 2193 609 2271 oportet
677 2180 1144 2251 satisfactione
1206 2180 1556 2271 cognosci.
1623 2180 1815 2250 Unde
1876 2181 1934 2250 si
1987 2195 2139 2271 post
2188 2182 2316 2252 hoc
2369 2184 2721 2253 evidenter

169 2266 320 2337 haec
367 2291 552 2357 quae
599 2269 685 2338 ad
740 2291 867 2338 nos
915 2268 1175 2359 perlata
1219 2282 1405 2347 sunt,
1444 2266 1617 2338 salsa
1675 2289 1825 2339 esse
1882 2268 2286 2351 claruerint,
2329 2293 2553 2358 neque
2601 2295 2721 2342 vos

165 2357 354 2446 nugis
400 2373 468 2427 et
520 2357 955 2430 secularibus
988 2358 1202 2426 literis
1251 2356 1528 2426 studere
1576 2356 1982 2437 constiterit,
2026 2371 2091 2426 et
2121 2362 2253 2427 Deo
2303 2373 2534 2428 nostro
2565 2383 2721 2450 gra-

165 2443 280 2516 tias
317 2468 611 2533 agemus
657 2446 779 2534 qui
829 2467 949 2516 cor
1013 2459 1314 2520 vestrum
1370 2443 1709 2515 maculari
1774 2444 2205 2536 blasphemis
2256 2446 2717 2519 nefandorum

163 2532 473 2605 laudibus
524 2558 663 2604 non
717 2535 1051 2636 permisit.
1106 2546 1172 2604 et
1217 2534 1302 2603 de
1350 2533 1814 2603 concedendis
1869 2556 2050 2621 quae
2119 2535 2425 2626 poscitis,
2483 2539 2712 2608 securi

153 2619 284 2709 jam
329 2637 393 2692 et
442 2624 597 2693 sine
646 2624 885 2710 aliqua
931 2623 1362 2693 dubitatione
1396 2622 1873 2692 tractabimus
1905 2647 1940 2691 »

230 2712 262 2796 ξ
323 2718 466 2784 21.
522 2712 595 2747 ⁴*
651 2710 1119 2782 Nihilominus
1173 2709 1393 2781 Natali
1450 2710 1849 2780 Salonitano
1897 2711 2226 2802 episcopo
2275 2712 2542 2794 scribit,
2604 2712 2717 2782 di-

156 2818 337 2867 cens:
389 2823 426 2866 «
473 2799 709 2869 Multis
754 2802 843 2869 ab
890 2801 1061 2869 urbe
1112 2812 1228 2868 tua
1276 2798 1714 2870 venientibus
1745 2854 1760 2880 ,
1826 2799 2037 2869 frater
2101 2800 2702 2883 reverendi-sime,

155 2884 366 2970 didici,
420 2889 754 2979 pastorali
784 2891 953 2958 cura
991 2887 1338 2965 derelicta,
1372 2885 1538 2956 solis
1571 2899 1632 2956 te
1660 2887 1995 2959 conviviis
2036 2902 2479 2979 occupatum.
2516 2895 2707 2972 Quae

156 2975 364 3046 audita
416 2999 558 3046 non
607 2977 992 3057 crederem,
1056 2976 1190 3046 nisi
1241 2976 1409 3044 haec
1458 2975 1812 3046 actionum
1874 2989 2156 3047 tuarum
2205 2977 2705 3068 experimentis

156 3068 622 3152 approbarem.
666 3070 830 3135 Nam
883 3064 1048 3150 quia
1101 3063 1373 3139 lectioni
1422 3085 1863 3150 nequaquam
1909 3064 2215 3138 studeas.
2261 3088 2727 3154 nequaquam.

153 3152 587 3224 exhortationi
638 3152 981 3243 invigiles,
1038 3152 1154 3224 sed
1206 3152 1435 3241 ipsum
1487 3173 1767 3239 quoque
1822 3174 2030 3222 usum
2093 3153 2546 3225 ecclesiastici
2595 3178 2707 3226 or-

154 3236 316 3311 dinis
363 3243 670 3332 ignoreS‚
734 3242 863 3311 hoc
911 3254 1011 3311 est
1059 3241 1130 3309 in
1181 3240 1653 3311 testimonium
1709 3240 1897 3398 guod
1948 3241 2071 3321 eis,
2127 3242 2261 3311 sub
2312 3242 2573 3329 quibus
2631 3265 2705 3313 es

155 3330 419 3414 positus,
461 3352 735 3399 servare
769 3329 1241 3408 reverentiam,
1280 3330 1528 3399 nescis,
1557 3352 1592 3395 »
1623 3332 1706 3398 Se
1788 3351 1947 3398 cum
1982 3329 2240 3399 Natalis
2275 3352 2397 3420 per
2423 3331 2706 3400 inanem

153 3415 650 3510 philosophiam
701 3417 978 3508 scriptis
1013 3417 1310 3507 propriis
1359 3439 1431 3486 se
1481 3418 1814 3486 niteretur
1863 3417 2360 3506 inculpabilem
2413 3419 2705 3488 demon-

154 3516 367 3585 strare,
426 3506 845 3576 mitissimus
892 3505 1131 3576 doctor
1177 3506 1548 3593 Gregorius
1581 3505 1674 3575 ita
1712 3505 2101 3596 rescripsit:
2158 3512 2298 3576 «ln
2348 3507 2700 3577 convivio-

155 3611 287 3661 rum
335 3594 736 3665 defensione
785 3606 1006 3664 vestra
1056 3593 1445 3662 frat·›rnitas
1509 3593 1820 3662 Abrahae
1884 3593 2278 3663 convivium
2334 3606 2692 3674 memorat,

152 3677 210 3746 in
253 3705 409 3767 que,
482 3695 650 3752 teste
696 3705 893 3752 sacro
939 3682 1235 3769 eloquio,
1302 3694 1435 3751 tres
1485 3681 1772 3771 angelos
1822 3682 2215 3771 suscepisse
2268 3682 2693 3771 perhibetur.

156 3768 265 3836 Sed
314 3772 438 3840 hoc
487 3771 885 3861 exemplum
924 3792 1144 3857 neque
1179 3792 1304 3839 nos
1353 3769 1854 3839 beatitudinem
1901 3782 2198 3839 vestram
2252 3771 2712 3860 reprehendi-

156 3875 313 3940 mus,
385 3860 445 3929 si
496 3861 678 3929 hanc
727 3858 915 3928 susci
970 3881 1082 3928 ere
1129 3858 1416 3948 angelos
1466 3858 1536 3926 in
1589 3857 2129 3948 hospitalitatem
2181 3859 2701 3949 cognoscimus.

159 3944 433 4017 Rursum
469 3960 704 4017 narrat
739 3960 859 4017 tua
931 3948 1291 4016 raternitas
1343 3952 1535 4015 Isaac
1585 3946 1939 4027 satiatum,
1980 3946 2124 4015 filio
2154 3946 2708 4017 benedictionem

159 4028 424 4105 dedisse.
471 4042 672 4118 Quae
708 4038 1001 4122 utraque
1044 4035 1290 4105 veteris
1324 4035 1762 4115 Testamenti,
1809 4035 1975 4120 quia
2010 4035 2105 4103 ita
2133 4047 2295 4105 sunt
2343 4049 2534 4126 gesta
2590 4057 2711 4126 per

159 4115 517 4205 historiam,
583 4137 662 4194 ut
712 4135 937 4193 tamen
1005 4124 1363 4214 signarent
1410 4121 1679 4208 aliquid
1750 4144 1874 4211 per
1936 4123 2337 4214 allegoriam
2368 4146 2390 4196 :¹
2438 4124 2708 4193 utinam

163 4208 487 4282 valeamus
545 4212 645 4284 sic
694 4234 806 4282 res
853 4223 1082 4303 gestas
1149 4210 1442 4301 legendo
1491 4232 1919 4302 percurrere,
1976 4224 2056 4282 ut
2102 4215 2457 4304 posslmus
2502 4212 2710 4282 etiam

201 4368 524 4447 :yma-opum
544 4374 805 4415 Galliarum
823 4375 882 4415 de
900 4375 1104 4414 lectione
1123 4374 1358 4415 librorum
1380 4373 1644 4436 §sutilium
1665 4372 1879 4424 corripit.

273 4427 425 4471 Altum
446 4429 730 4479 zptscopum
747 4428 807 4469 de
828 4429 1118 4479 negligentia
1135 4430 1185 4468 et
1205 4428 1438 4469 conviviis
1458 4427 1780 4477 reprehendit.
