3327 4999
155 344 396 410 MART.
451 343 538 410 ⁴2
1047 361 1131 412 nii·
1178 365 1237 412 s.
1289 362 1604 414 caesonio
1650 361 1815 411 rarii
2496 343 2623 409 427

157 447 268 533 qui
309 445 399 515 ad
447 467 570 516 ora
616 457 1021 547 cryptarum
1072 449 1442 539 compositi
1489 447 1811 528 fuerant,
1876 445 2342 537 deponentes,
2413 443 2716 537 ingressi

159 545 346 633 sant,
397 555 659 621 eosque
705 556 778 602 in
827 535 1088 604 eisdem
1140 536 1525 607 tenebrosis
1575 534 1887 606 latibulis
1950 544 2428 605 consternatos
2496 546 2729 603 terrae¹

160 633 584 691 invenerunt.
640 622 774 704 Qui
819 623 906 691 ad
956 625 1458 695 monasterium
1508 623 1799 705 reducti,
1855 635 1998 692 tam
2048 634 2330 713 stupore
2363 621 2710 702 miraculi,

157 731 352 810 quam
402 710 882 782 exhortatione
919 712 1333 782 venerabilis
1372 713 1589 804 patris
1627 711 1960 802 Gregorii,
2002 710 2103 780 sic
2144 709 2487 780 meliorati
2525 720 2713 790 sunt,

158 810 228 868 ut
267 821 366 899 eis
412 798 726 868 multum
774 798 1109 890 profuerit
1155 800 1243 870 ad
1293 821 1589 892 parvum
1639 812 1918 890 tempus
1971 799 2059 868 de
2125 798 2544 870 monasterio
2609 818 2720 867 re-

157 907 463 959 cessisse.

231 978 266 1062 ξ
306 979 387 1046 ⁸2.
443 974 595 1044 Alio
641 996 922 1062 quoque
968 986 1277 1068 tempore
1323 975 1615 1064 quidam
1665 975 2081 1056 inonachuS,
2126 980 2373 1045 Justus
2405 973 2711 1055 nomine,

151 1062 549 1164 medici-nali
596 1075 742 1163 arte
793 1064 1131 1146 imbutus,
1185 1065 1382 1135 beato
1433 1065 1761 1155 Gregorio
1811 1063 2052 1134 sedule
2083 1062 2376 1150 obsequi
2408 1073 2612 1150 atque
2640 1062 2716 1131 in

147 1151 451 1224 assiduis
477 1151 1038 1242 aegritudinibus
1068 1153 1222 1241 ejus
1253 1153 1595 1224 excubare
1623 1162 2097 1222 consueverat.
2137 1151 2264 1220 Hic
2298 1151 2531 1237 itaque
2560 1171 2717 1220 cor-

147 1240 323 1330 poris
375 1240 496 1309 lan
603 1261 720 1310 ore
768 1252 1204 1331 praeventuS,
1263 1241 1346 1310 ad
1400 1254 1704 1312 extrema
1751 1240 2094 1309 deductus
2141 1250 2266 1308 est.
2303 1238 2425 1308 Cui
2455 1238 2525 1306 in
2561 1238 2717 1328 ipsa

145 1328 461 1399 molestia
536 1340 717 1397 rater
762 1350 1163 1419 germanuS,
1219 1334 1305 1400 Co
1359 1330 1551 1401 iosus
1586 1329 1893 1409 nomine,
1936 1325 2297 1397 serviebat.
2353 1326 2482 1395 Sed
2515 1347 2718 1415 prae-

143 1416 367 1487 dictus
415 1422 667 1486 Justus
712 1438 874 1486 cum
914 1418 1063 1508 jam
1115 1438 1187 1489 se
1234 1441 1276 1488 a
1364 1429 1669 1488 extrema
1703 1417 2098 1507 pervenisse
2136 1426 2582 1505 cognosceret
2612 1413 2714 1483 ei·-

142 1504 293 1575 dem
344 1505 640 1605 Copioso
671 1503 863 1574 fratri
896 1527 1023 1576 suo
1051 1506 1219 1593 quia
1247 1506 1553 1578 occult‘os
1587 1518 1723 1577 tres
1757 1526 2004 1574 aureos
2034 1503 2318 1573 haberet
2346 1502 2620 1592 aperuit
2650 1501 2709 1571 *.

141 1592 329 1675 Quod
382 1592 725 1662 nimirum
757 1592 1086 1664 fratribus
1118 1593 1326 1664 celari
1362 1617 1498 1665 non
1531 1594 1774 1695 potuit.
1811 1593 1943 1675 Qui
1975 1591 2323 1664 subtiliter
2362 1591 2711 1680 indagan-

141 1693 258 1762 teS‚
311 1693 527 1781 atque
573 1680 764 1751 illius
812 1682 1315 1753 medicamenta
1363 1705 1600 1752 omnia
1648 1691 2187 1773 perscrutantes,
2240 1679 2520 1750 eosdem
2573 1691 2708 1748 tres

139 1791 382 1840 aureos
415 1782 832 1839 invenerunt
860 1770 930 1839 in
960 1770 1419 1840 medicamine
1443 1770 1909 1841 absconditos.
1946 1768 2139 1852 Quod
2194 1789 2352 1837 mox
2399 1787 2714 1837 commu·-

142 1858 316 1928 niter
340 1868 428 1926 ut
460 1856 786 1948 Gregorio
816 1860 1225 1929 nunciatum
1257 1871 1381 1942 est,
1420 1871 1690 1930 tantum
1725 1854 1986 1928 malum
2021 1857 2108 1926 de
2150 1855 2380 1936 fratre,
2437 1854 2560 1942 qui
2609 1875 2714 1925 se-

141 1967 296 2016 cum
331 1947 621 2027 vixerat,
657 1947 1159 2032 aequanimiter
1189 1947 1366 2017 ferre
1395 1969 1531 2017 non
1566 1946 1808 2016 valuit.
1845 1947 2115 2037 Quippe
2141 1945 2266 2032 qui
2297 1944 2525 2013 eidem
2561 1964 2712 2011 mo-

143 2034 447 2104 nasterio
493 2034 643 2122 jam
701 2034 971 2104 dudum
1021 2035 1333 2126 regulam
1383 2035 1857 2115 constituerat,
1912 2046 1989 2103 ut
2034 2033 2270 2104 cuncti
2317 2032 2563 2101 fratres
2614 2030 2709 2099 ita

141 2123 613 2192 communiter
658 2122 982 2203 viverent,
1034 2136 1379 2211 quatenus
1424 2123 1525 2192 eis
1573 2121 1874 2211 singulis
1906 2120 2101 2190 nulla
2140 2120 2393 2190 habere
2428 2118 2710 2209 propria

141 2209 396 2280 liceret.
455 2216 646 2279 Tune
694 2212 1063 2300 Gregorius
1094 2211 1311 2280 nimio
1344 2231 1652 2281 moerore
1686 2208 2074 2300 perculsus,
2118 2209 2421 2298 cogitare
2453 2205 2702 2294 coepit,

144 2299 243 2368 vel
289 2298 468 2386 quid
506 2298 597 2367 ad
641 2319 774 2386 pur
822 2299 1120 2368 ationem
1156 2299 1514 2370 morientis
1542 2298 1819 2378 faceret,
1857 2297 1960 2365 vel
2042 2295 2164 2365 uid
2196 2296 2281 2364 ad
2317 2293 2714 2384 exemplum

147 2388 536 2487 viventibus
577 2322 985 2476 provigeret.
1027 2388 1348 2477 Specioso
1379 2388 1594 2477 igitur
1621 2384 1935 2475 ejusdem
1978 2318 2380 2455 gonasterii
2422 2403 2712 2472 praepo-

148 2486 268 2546 sito
315 2475 408 2546 ad
459 2496 536 2545 se
582 2476 937 2558 accersito,
990 2475 1198 2545 dixit:
1253 2498 1289 2542 «
1341 2475 1506 2545 Vide
1553 2486 1629 2545 ut
1679 2473 1920 2545 nullus
1966 2493 2047 2542 ex
2095 2471 2427 2543 fratribus
2489 2492 2563 2540 se
2618 2468 2707 2539 ad

145 2584 294 2633 eum
333 2565 747 2634 morientem
771 2565 1048 2664 jungat,
1097 2585 1222 2633 nec
1262 2585 1649 2634 sermonem
1686 2561 2181 2632 consolationis
2213 2582 2295 2630 ex
2336 2558 2714 2647 cujuslibet

145 2672 381 2723 eorum
435 2675 553 2721 ore
601 2653 972 2742 percipiat:
1029 2651 1144 2722 sed
1196 2653 1466 2722 cum-in
1503 2662 1721 2721 morte
1758 2648 2177 2719 constitutus
2218 2647 2462 2718 fratres
2495 2667 2709 2734 quae-
2769 2650 2775 2655 ’

147 2742 370 2823 sierit,
427 2741 491 2810 ei
541 2762 714 2810 suus
761 2739 971 2810 frater
1015 2739 1319 2809 earnalis
1368 2740 1572 2819 dicat,
1625 2738 1793 2826 quia
1842 2759 1967 2829 pro
2016 2736 2303 2818 solidis,
2359 2757 2535 2823 quos
2583 2755 2702 2803 oc—

145 2828 318 2899 culte
369 2828 660 2908 habuit,
714 2849 755 2897 a
799 2828 1073 2898 cunctis
1119 2827 1450 2898 fratribus
1497 2827 1942 2897 abominatus
1989 2825 2119 2895 sit:
2184 2837 2263 2895 ut
2328 2824 2571 2895 saltem
2632 2821 2706 2891 in

147 2930 356 2987 morte
406 2916 495 2985 de
540 2916 750 3006 culpa
798 2938 928 2986 sua
963 2916 1275 2986 'mentem
1324 2916 1516 2985 illius
1562 2913 1956 2984 amaritudo
2018 2912 2556 2991 transverberet,
2610 2921 2710 2980 at·-

188 3028 272 3075 ue
318 3029 362 3075 a
413 3018 719 3095 peccato,
771 3006 954 3091 quod
1010 3016 1538 3095 perpetraverat,
1595 3014 1868 3094 purget.
1909 3024 1946 3068 »
1988 3006 2157 3071 Cum
2192 3021 2347 3070 vero
2388 3010 2709 3069 mortuus

217 3094 372 3174 erit,
432 3114 689 3183 corpus
737 3092 928 3162 illius
976 3115 1138 3162 cum
1187 3092 1480 3162 fratrum
1529 3090 1939 3181 corporibus
1988 3110 2125 3158 non
2169 3097 2507 3179 ponatur:
2591 3085 2711 3157 sed

146 3181 525 3267 quamlibet
588 3180 841 3252 fossam
903 3182 974 3249 in
1027 3180 1465 3268 sterquilinio
1512 3179 1756 3260 facite,
1812 3177 2050 3264 ibique
2098 3198 2310 3267 super
2356 3198 2518 3247 euin
2570 3185 2707 3243 tres

147 3290 414 3352 aui-eost„
467 3291 645 3357 quos
693 3268 993 3356 reliquit,
1039 3270 1295 3358 jactate
1343 3267 1553 3338 simul
1587 3288 1831 3336 omnes
1863 3266 2286 3336 clamantes:
2333 3287 2369 3331 «
2406 3262 2710 3334 Pecunia

148 3370 260 3429 tua
304 3370 542 3429 tecum
592 3357 680 3428 sit
726 3358 799 3426 in
851 3357 1259 3447 perditione;
1311 3356 1508 3426 etsie
1541 3377 1702 3425 eum
1741 3354 1922 3425 terra
1952 3354 2318 3445 cooperite.
2361 3375 2397 3419 »
2438 3356 2518 3420 In
2552 3350 2713 3437 qui-

147 3444 271 3518 bus
313 3447 637 3533 utrisque
685 3446 894 3516 rebus
941 3445 1440 3515 solertissimus
1473 3456 1668 3535 pater
1701 3442 2073 3533 Gregorius
2103 3463 2317 3512 unam
2354 3437 2701 3519 morienti,

149 3534 430 3605 alteram
481 3556 640 3605 vero
687 3534 1077 3606 viventibus
1125 3533 1457 3604 fratribus
1505 3529 1833 3623 prodesse
1880 3528 2218 3600 decrevit:
2272 3540 2350 3599 ut
2394 3539 2461 3598 et
2507 3526 2711 3596 illum

151 3623 539 3694 amaritudo
589 3623 830 3694 mortis
877 3645 920 3692 a
963 3622 1172 3713 eulpa
1221 3620 1591 3691 solubilem
1651 3620 1951 3699 faceret,
2021 3629 2088 3688 et
2152 3618 2320 3687 istos
2385 3614 2714 3685 avaritiae

154 3722 336 3782 tanta
384 3711 746 3782 damnatio
793 3710 1070 3781 misceri
1118 3710 1376 3780 talibus
1424 3708 1843 3801 prohiberet.
1899 3706 2094 3790 Quod
2143 3706 2240 3776 ita
2286 3704 2545 3774 factum
2581 3712 2706 3802 est.

153 3803 315 3870 Nam
363 3822 531 3871 cum
580 3799 763 3870 idem
814 3799 1199 3869 monachus
1248 3798 1672 3890 pervenisset
1717 3796 1804 3866 ad
1854 3807 2146 3865 mortem
2178 3849 2194 3876 ,
2247 3805 2453 3880 atque
2511 3811 2715 3890 anxie

155 3907 219 3956 se
264 3899 628 3976 quaereret
674 3888 1005 3958 fratribus
1052 3885 1563 3966 commendare,
1619 3884 2001 3971 nullusque
2047 3882 2340 3952 fratrum
2382 3881 2445 3950 ei
2483 3901 2571 3969 ap
2626 3877 2712 3946 li-

156 3996 300 4046 (ιω-ε
346 3977 448 4047 vel
499 3976 692 4063 loqui
744 3986 1052 4057 tentaret,
1106 3976 1170 4044 ei
1218 3997 1392 4045 suus
1438 3973 1742 4044 carnalis
1789 3972 2021 4052 frater,
2074 3993 2202 4041 cur
2247 3970 2335 4039 ab
2384 3968 2574 4039 omni
2625 3987 2713 4035 us

161 4077 326 4136 esset
372 4067 843 4146 abominatu3,
897 4065 1189 4155 aperuit.
1243 4063 1369 4133 Ille
1417 4062 1759 4154 protinus,
1811 4073 1890 4131 ut
1928 4059 2215 4141 audivit,
2252 4059 2339 4127 de
2368 4067 2714 4156 reato-suo

165 4153 588 4225 veliementer
636 4154 1016 4244 ingemuit,
1077 4163 1283 4240 atque
1329 4152 1403 4221 in
1451 4152 1607 4242 ipsa
1653 4149 1931 4220 tristitia
1981 4148 2067 4219 de
2128 4168 2414 4238 corpore
2478 4154 2706 4214 exivit.

164 4242 278 4320 Qui
325 4244 418 4312 ita
465 4256 570 4312 est
618 4241 980 4333 sepultuS,
1034 4255 1112 4312 ut
1159 4240 1529 4332 Gregorius
1567 4240 1920 4330 jusserat:
1974 4237 2093 4307 sed
2163 4236 2409 4305 fratres
2464 4252 2708 4302 omnes

165 4329 382 4399 eadem
415 4332 571 4422 ejus
594 4329 932 4400 sententia
963 4329 1327 4420 pei-territi,
1363 4338 1743 4419 coeperunt
1772 4325 2034 4418 singuli
2059 4337 2364 4396 extrema
2392 4338 2708 4409 quaeque

211 4449 236 4477 ⁸
260 4452 411 4495 Poena
424 4452 657 4496 monacho
675 4452 860 4494 inmota
875 4452 934 4493 ob
952 4452 1200 4502 pecuniam
1220 4451 1407 4494 occulte
1427 4450 1680 4492 retentam.
