3327 4999
2658 163 2690 187 Ο

737 305 868 370 438
1318 324 1397 370 nr.
1445 325 1503 371 s.
1557 323 1919 371 (mimmii
1965 322 2137 371 vmo.
2189 324 2266 372 nr
2311 323 2508 371 vmnA
2819 302 3076 368 MART.
3133 302 3220 368 22

648 407 976 477 brevibus
1042 418 1108 476 et
1163 406 1449 476 caducis
1507 420 1786 476 aeterna
1835 407 2229 490 succedant,
2280 418 2346 477 et
2390 428 2552 478 cum
2583 404 2889 494 quotidie
2923 406 3221 494 (secun-

648 494 818 564 dum
869 517 1123 595 corpus
1172 494 1446 583 loquor)
1508 497 2081 595 praemoriamur,
2144 496 2216 564 in
2263 495 2551 596 caeteris
2597 517 2735 567 non
2791 516 2919 565 nos
2968 514 3221 585 perpe-

649 593 805 655 tuos
850 596 1350 665 ex1st1memuS,
1402 593 1480 654 ut
1527 605 1882 674 possimus
1926 605 2078 655 esse
2124 598 2463 675 perpetui.

860 882 1111 961 VITA
1163 882 1292 965 ss,
1355 883 1823 963 v1RG1N1s
1875 884 2349 964 PARITER
2399 884 2536 963 ET
2590 883 3000 964 VIDUAE

996 1087 1658 1191 CATHARINAE
1725 1089 2076 1190 FlLlAE
2141 1091 2223 1192 S.
2291 1090 2851 1192 BIRGlTTAE

649 1328 843 1377 CUJUS
891 1328 969 1376 ΟΒ
1008 1329 1263 1377 nlleAs
1301 1329 1773 1378 REVELATIONES
1821 1330 1936 1377 EST
1982 1330 2050 1377 IN
2086 1328 2338 1377 CHRISTI
2383 1328 2681 1378 ECCLRSIA
2728 1329 3212 1377 cumulatur-1111!

733 1417 982 1475 noum,
1036 1417 1325 1466 AUCTORE
1371 1419 1611 1474 omnm!
1655 1418 1786 1465 NON
1834 1417 2116 1465 intonsus
2163 1417 2403 1477 CERTO,
2458 1419 2572 1465 SED
2619 1419 2830 1465 TAMEN
2878 1394 3248 1465 FmEerssa'

740 1503 1157 1554 CONSCRIPTA:
1228 1506 1432 1553 Pontio
1480 1505 1557 1552 ΟΒ
1606 1507 1928 1553 ῪΙΤΑΝΒΑΠ
1995 1503 2494 1564 ΡΒΟΙᾸΧΙΤΑΤΕΠ,
2547 1506 2625 1553 ΕΤ
2669 1507 2750 1553 ΝΕ
2799 1507 3036 1554 STYLUS
3091 1506 3207 1554 RU-

733 1594 883 1641 mon
931 1593 1252 1641 LECTonEu
1320 1594 1644 1641 Ennnrrmt
1709 1594 2116 1641 OFFENDERET
2147 1626 2162 1654 ‚
2218 1595 2336 1642 mm
2399 1595 2711 1643 LAURRNT.
2780 1595 3025 1642 summ!
3070 1596 3207 1642 Au-

734 1682 987 1741 QUANTO
1034 1681 1552 1731 COHPREHENSIUS
1599 1683 1894 1729 Rssnmn.

1323 1802 1512 1859 Obiit
1552 1817 1734 1859 anno
1772 1805 1924 1857 1381
1968 1832 2044 1845 —
2083 1803 2243 1860 Nat.
2291 1804 2522 1861 Sveca.

732 1930 781 2083 ἰ
831 1931 904 1997 ί.
959 1925 1383 1995 Venerabilis
1430 1938 1495 1995 et
1543 1931 1677 1995 Deo
1724 1926 1977 1996 dilecta
2023 1926 2412 2006 Catharina,
2467 1936 2660 2015 patre
2708 1924 3019 2014 Ulphone
3066 1924 3208 1993 viro

644 2038 735 2086 no
788 2014 861 2083 ili
907 2025 973 2084 et
1021 2028 1238 2083 matre
1271 2015 1553 2104 Birgitta
1601 2037 1814 2101 quam
1864 2014 2095 2083 omnis
2140 2014 2441 2083 celebrat
2471 2010 2771 2084 Ecclesia
2805 2013 2861 2091 ⁴⁸,
2916 2012 2988 2080 in
3027 2012 3204 2081 hanc

646 2104 875 2173 lucem
934 2102 1118 2171 edita
1168 2114 1295 2172 est.
1348 2108 1536 2185 Quae
1583 2125 1746 2172 cum
1803 2102 2034 2171 adhuc
2082 2102 2152 2169 in
2215 2102 2416 2172 cunis
2462 2114 2873 2180 versaretur,
2939 2100 3214 2169 futurae

646 2190 1031 2261 sanctitatis
1069 2191 1221 2281 ejus
1261 2190 1519 2261 indicia
1576 2213 1711 2259 non
1762 2191 2058 2261 obscura
2105 2190 2442 2259 divinitus
2479 2202 2754 2259 ostensa
2801 2201 2998 2281 sunt.
3044 2194 3214 2258 Nam

644 2278 958 2348 adhibita
1007 2278 1108 2348 illi
1149 2280 1458 2361 nutrice,
1510 2280 1663 2368 ejus
1718 2280 1934 2349 ubera
1981 2300 2229 2367 sugere
2276 2278 2520 2358 noluit,
2573 2276 2859 2348 lascivia
2906 2290 2975 2346 et
3035 2277 3212 2346 vitae

642 2367 795 2455 ejus
843 2367 1297 2456 turpitudine,
1352 2380 1430 2437 ut
1486 2366 1868 2466 probabilis
1925 2380 2027 2436 est
2073 2366 2494 2456 conjectura,
2546 2364 2933 2435 absterrita.
3003 2369 3210 2433 Porro

644 2465 923 2525 sanctae
970 2456 1212 2525 matris
1260 2477 1425 2525 suae
1472 2468 1537 2526 et
1584 2456 1882 2525 aliarum
1934 2454 2350 2546 pudicarum
2411 2453 2786 2523 mulierum
2836 2454 3055 2523 ubera
3113 2453 3211 2522 ci-

641 2554 748 2612 tra
786 2544 1141 2612 horrorem
1191 2546 1504 2633 sugebat,
1537 2545 1625 2613 ab
1675 2544 2269 2615 incontinentibus
2316 2542 2637 2612 foeminis
2663 2563 2824 2611 cum
2874 2540 3208 2631 lacrymis

639 2642 704 2701 et
753 2631 987 2721 vagitu
1019 2653 1303 2721 prorsus
1350 2632 1756 2701 abhorrens.
1812 2637 2181 2718 Postquam
2230 2643 2461 2701 autem
2495 2630 2834 2699 ablactata
2873 2642 2998 2710 est,
3042 2652 3203 2699 san-

639 2732 749 2789 cta
797 2730 1017 2788 mater
1074 2719 1227 2819 ejus
1290 2719 1572 2788 tradidit
1628 2719 1819 2788 illam
1883 2719 2201 2819 religiose
2261 2717 2753 2790 instituendam
2806 2717 3209 2788 Abbatissae

640 2807 1151 2895 Risabergens1,
1192 2807 1396 2896 cujus
1443 2818 1599 2876 erat.
1635 2818 1939 2896 spectata
1987 2820 2164 2876 vitae
2197 2807 2579 2898 integritas,
2621 2806 2879 2876 Accidit
2912 2807 3202 2888 interea,

638 2907 718 2964 ut
764 2894 1121 2964 Abbatissa
1170 2906 1546 2963 nocturnas
1577 2900 1710 2964 Deo
1746 2918 1982 2985 preces
2025 2897 2370 2977 offerente,
2411 2895 2714 2985 puellam
2764 2895 3211 2964 Catharinam

639 2981 1124 3061 dormientem,
1181 2982 1409 3051 malus
1458 2983 1778 3064 daemon,
1834 2995 2112 3071 sumpta
2161 2983 2355 3054 bovis
2408 2995 2824 3071 cornupetae
2872 2983 3129 3071 specie,
3174 3006 3213 3053 e

639 3069 892 3139 lectulo
941 3069 1272 3139 cornibus
1320 3083 1662 3141 excuteret
1709 3083 1774 3140 et
1807 3072 2207 3141 semivivam
2260 3083 2717 3161 prosterneret
2748 3071 2817 3138 in
2848 3071 3213 3160 pavimen-

640 3169 813 3225 tum.
854 3161 974 3225 Dat
1022 3157 1141 3225 illa
1175 3158 1476 3248 gemitus
1508 3159 1962 3239 miserabileS,
2017 3171 2083 3228 et
2117 3170 2392 3249 repente
2426 3180 2799 3227 accurrens
2846 3158 3213 3229 Abbatissa

638 3244 1161 3315 semimortuam
1212 3247 1282 3314 in
1323 3268 1449 3316 suo
1490 3247 1761 3337 reponit
1810 3248 2007 3316 sinu:
2061 3258 2347 3338 apparet
2393 3246 2538 3348 illip
2604 3247 2999 3316 teterrimus
3047 3245 3211 3315 dae·

637 3354 826 3413 mon,
865 3343 953 3412 et,
1009 3336 1060 3402 0
1093 3355 1303 3419 quam
1352 3335 1601 3417 libens,
1656 3336 1905 3422 inquit,
1962 3335 2158 3405 illam
2196 3335 2659 3425 jugulassem,
2716 3334 2852 3403 nisi
2884 3333 3133 3404 fuisset
3168 3356 3212 3403 a

637 3424 772 3490 Deo
809 3433 1051 3511 negata
1084 3421 1399 3492 facultas,

727 3511 765 3595 ξ
822 3515 909 3579 2.
965 3513 1133 3578 Cum
1184 3510 1559 3666 secptimum
1609 3510 1849 3580 aetatis
1897 3532 2163 3579 annum
2205 3522 2457 3600 ageret,
2502 3531 2834 3600 persuasa
2864 3531 2906 3577 a
2952 3509 3212 3599 puellis

636 3597 1046 3678 coaetaneis,
1100 3620 1238 3684 qua
1291 3621 1403 3667 am
1453 3598 1597 3668 vice
1644 3621 1806 3668 cum
1856 3599 1998 3669 illis
2045 3598 2270 3687 coepit
2320 3620 2667 3688 puparum
2702 3597 2867 3667 ludo
2918 3618 3207 3687 operam

636 3684 826 3753 dare.
883 3684 1011 3754 Sed
1073 3686 1238 3772 quia
1285 3685 1371 3754 ad
1415 3687 1678 3775 majora
1725 3709 1765 3755 a
1835 3686 2125 3757 Domino
2184 3687 2581 3776 parabatur,
2638 3684 2833 3754 illam
2898 3685 3214 3755 tantillae

636 3773 877 3842 aetatis
928 3774 1264 3863 puerilem
1316 3774 1685 3844 vanitatem
1737 3797 1873 3844 non
1926 3796 2173 3864 passus
2220 3784 2323 3843 est
2369 3774 2560 3842 abire
2608 3772 3069 3863 impunitam,
3125 3793 3212 3841 ne

637 3861 951 3929 animum
1010 3862 1163 3948 ejus
1218 3862 1386 3932 tales
1434 3862 1889 3952 ineptiae,„ut
1955 3863 2364 3951 plerumque
2414 3861 2657 3941 solent,
2724 3860 3204 3931 dissolverent.

635 3948 955 4018 Permisit
1003 3949 1237 4039 igitur,
1290 3963 1368 4019 ut
1412 3950 1730 4050 proxima
1780 3963 1975 4020 nocte
2026 3950 2223 4020 valde
2271 3949 2556 4019 infestos
2602 3949 2886 4018 sentiret
2924 3950 3210 4018 daemo-

636 4057 785 4107 nes.
839 4037 1122 4106 Videbat
1169 4038 1355 4106 enim
1406 4060 1474 4106 1n
1529 4039 1794 4109 somnis
1842 4038 2097 4108 multos
2138 4039 2457 4128 impuros
2503 4036 2797 4126 spiritus
2846 4037 2916 4105 in
2982 4059 3211 4126 pupa-

635 4145 796 4193 rum
846 4126 1076 4214 specie
1123 4125 1208 4193 ad
1261 4148 1468 4197 suum
1519 4127 1754 4196 venire
1799 4126 2235 4196 cubiculum.
2292 4131 2602 4211 Cumque
2640 4123 2728 4194 ad
2774 4145 2928 4194 eam
2978 4146 3215 4195 acces-

637 4212 910 4293 sissent,
964 4234 1000 4282 e
1048 4213 1300 4283 lectulo
1333 4226 1706 4284 extractam
1757 4214 2076 4283 atrociter
2108 4213 2574 4304 flagellarunt,
2615 4213 2711 4282 ita
2748 4225 2826 4283 ut
2873 4223 3013 4282 toto
3063 4235 3211 4283 cor-

635 4321 802 4391 pore
835 4299 1047 4370 livida
1093 4314 1513 4373 cerneretur.
1553 4308 1703 4372 Mox
1749 4302 1966 4393 igitur
2003 4302 2409 4394 hujusmodi
2456 4301 2643 4371 ludis
2672 4313 2739 4371 et
2782 4301 3210 4372 vanitatibus

686 4408 713 4436 ’
745 4418 867 4450 xxm
888 4409 983 4451 Jul.
1009 4412 1058 4451 et
1080 4418 1164 4450 vm
1187 4409 1293 4453 Oct.
