3327 4999
185 331 394 398 MART.
446 334 525 398 ⁴2
1022 354 1101 400 nn
1149 353 1208 400 s.
1259 351 1570 402 cassoomo
1620 353 1782 402 mm
2467 339 2583 404 ’161

179 430 486 501 indicante
515 433 1005 522 comperimus,
1043 432 1301 503 multos
1338 433 1763 504 ,ludaeorum
1813 432 1899 503 ad
1952 433 2408 505 Christianam
2445 435 2678 519 fidem,

177 519 377 588 divina
419 521 633 611 gratia
681 522 1088 612 inspirante,
1133 522 1306 591 velle
1344 523 1672 593 converti:
1713 522 1830 593 sed
1879 545 2031 592 esse
2081 523 2572 602 necessarium,
2609 537 2686 596 ut

178 608 392 695 aliquis
436 608 599 679 illu'c
645 632 726 679 ex
773 625 1006 681 nostro
1056 611 1380 681 mandato
1429 612 1673 682 debeat
1724 612 2090 702 proficisci.
2146 613 2438 682 Proinde
2470 613 2682 704 hujus

180 696 289 765 tibi
318 699 720 768 auctoritatis
769 712 1000 770 tenore
1050 701 1560 790 praecipimuS,
1628 713 1707 770 ut
1752 701 1941 771 omni
1991 702 2432 772 excusatione
2495 724 2687 773 sum-

183 791 352 865 mota,
381 787 456 855 ad
511 788 935 877 praedictum
999 790 1224 858 locum
1279 812 1581 881 pergere,
1636 802 1702 859 et
1749 789 2172 860 desiderium
2225 813 2462 860 eorum
2518 792 2679 873 tuiS,

185 876 296 942 Deo
324 876 623 966 propitio,
661 878 1257 947 adhortationibus
1305 879 1635 970 adjuvare
1683 877 1987 949 festines.
2026 879 2293 962 Quibus
2343 891 2569 949 tamen
2623 881 2685 950 si

186 961 416 1053 longum
467 966 569 1035 vel
625 967 810 1036 triste
858 967 1126 1036 videtur
1184 967 1687 1037 solemnitatem
1740 968 2084 1037 sustinere
2133 968 2561 1046 Paschalem,
2617 980 2683 1039 et

183 1071 272 1121 eos
311 1075 476 1122 nunc
524 1055 612 1124 ad
663 1055 1006 1146 baptisma
1053 1054 1377 1126 festinare
1423 1056 1807 1147 cognosciS,
1846 1078 1954 1138 ne,
2000 1057 2184 1143 quod
2236 1056 2439 1138 absit,
2476 1057 2683 1148 longa

177 1138 370 1211 dilatio
412 1164 653 1212 eorum
705 1158 881 1214 retro
933 1145 1148 1234 possit
1194 1146 1466 1217 animos
1515 1167 1876 1226 revocare,
1947 1168 2108 1215 cum
2172 1146 2498 1236 episcopo
2552 1144 2683 1216 loci

177 1227 354 1317 ipsius
398 1230 701 1319 loquere,
755 1246 831 1304 ut
882 1234 1299 1324 poenitentia
1346 1257 1424 1304 ac
1473 1234 1889 1304 abstinentia
1931 1234 2392 1325 quadraginta
2426 1234 2676 1305 diebus

174 1317 407 1400 indicta,
460 1336 585 1391 aut
630 1322 741 1391 die
789 1323 1164 1403 DominicO,
1222 1335 1340 1393 aut
1389 1323 1448 1394 si
1495 1324 1943 1393 celeberrima
1993 1323 2320 1393 festivitas
2370 1324 2682 1394 fortassis

170 1409 543 1492 occurrerit,
601 1432 715 1480 eos
761 1412 1253 1500 omnipotentis
1303 1412 1417 1481 Dei
1469 1412 1942 1482 misericordia
2004 1423 2401 1503 protegente
2452 1412 2681 1503 bapti-

165 1509 311 1566 zet...
348 1502 832 1587 Quoscumque
879 1522 1033 1571 vero
1080 1523 1158 1570 ex
1205 1501 1304 1571 eis
1355 1524 1690 1592 pauperes
1737 1513 1803 1570 et
1849 1500 1933 1570 ad
1987 1514 2237 1571 vestem
2276 1501 2676 1572 sibiemen-

162 1584 294 1655 dam
339 1608 469 1656 non
520 1588 845 1659 sufficere
893 1611 1094 1679 posse
1139 1591 1520 1681 cognoscis,
1578 1604 1639 1660 te
1693 1590 1793 1661 eis
1836 1602 2113 1672 vestem,
2158 1613 2369 1677 quam
2419 1590 2504 1660 ad
2556 1592 2677 1661 ba-

159 1674 375 1763 ptisma
421 1677 750 1758 habeant,
820 1701 1220 1768 comparare
1268 1679 1590 1749 volumus
1637 1702 1717 1749 ac
1766 1680 2113 1770 praebere.
2191 1680 2256 1749 Si
2310 1701 2464 1749 vero
2514 1703 2676 1749 san-

159 1774 314 1832 ctum
359 1767 628 1835 Pascha
674 1767 1001 1857 elegerint
1046 1782 1425 1860 expectare,
1473 1769 1633 1837 item
1685 1791 1847 1837 cum
1896 1768 2220 1858 episcopo
2260 1768 2561 1856 loquere,
2596 1780 2677 1838 nt

161 1852 328 1921 modo
372 1855 662 1941 quidem
712 1858 1187 1926 catechumeni
1238 1857 1405 1926 siant
1435 1912 1450 1937 ‚
1503 1870 1707 1944 atque
1756 1856 1841 1926 ad
1891 1879 2005 1926 eos
2047 1857 2439 1944 frequenter
2488 1880 2681 1927 acce-

162 1939 268 2021 dat,
314 1958 652 2034 geratque
697 1945 1231 2025 solicitudinem,
1276 1958 1341 2015 et
1388 1947 1658 2016 animos
1706 1968 1947 2015 eorum
1998 1946 2470 2016 admonitione
2511 1968 2682 2016 suae

159 2029 633 2104 adhortationis
679 2034 1032 2104 accendat:
1073 2047 1147 2104 ut
1194 2048 1451 2122 quanto
1491 2058 1669 2122 quae
1716 2046 2132 2122 expectatur,
2185 2034 2550 2125 elongatur
2584 2034 2681 2104 fe-

161 2118 420 2221 stivitas,
479 2137 676 2194 tanto
743 2145 815 2194 se
881 2146 1288 2215 praeparare
1347 2137 1411 2193 et
1457 2145 1610 2192 eam
1658 2122 2004 2194 desiderio
2052 2123 2338 2193 ferventi
2388 2123 2684 2194 debeant

167 2224 491 2283 sustinere.
537 2235 581 2278 >>

229 2300 258 2385 ἐ
301 2308 458 2373 29.
514 2300 746 2372 Nihilo
794 2301 1029 2371 minus
1078 2323 1202 2391 pro
1251 2299 1652 2369 Arianorum
1706 2298 2037 2389 parvuliS‚
2092 2300 2254 2369 fidei
2301 2300 2682 2371 catholicae

169 2387 516 2473 sociandis,
573 2391 939 2482 Gregorius
993 2389 1353 2478 pastoralis
1406 2411 1614 2459 curae
1662 2388 2173 2458 solicitudinem
2226 2411 2513 2480 prorsus
2561 2411 2677 2460 ex-

168 2477 361 2550 tendit.
399 2487 835 2572 Quapropter
865 2480 1207 2550 universis
1239 2478 1856 2637 episcopisltaliae
1896 2479 2229 2561 scribens,
2271 2479 2387 2549 ait:
2425 2503 2460 2545 «
2493 2484 2679 2563 Quo-

167 2564 314 2637 niam
384 2569 935 2640 nefandissimus
1004 2569 1311 2638 Antarith
1364 2570 1432 2637 in
1532 2591 1652 2646 ac,
1706 2589 1884 2654 quae
1937 2588 2160 2656 nuper
2233 2568 2500 2658 expleta
2546 2581 2671 2648 est,

167 2654 435 2729 Paschali
498 2659 896 2740 festivitate,
974 2658 1579 2749 Longobardorum
1631 2657 1812 2726 filios
1863 2657 1931 2724 in
1984 2655 2119 2725 fide
2166 2657 2505 2726 catholica
2558 2658 2675 2726 ba-

170 2742 365 2827 ptizari
415 2747 820 2839 prohibuit:
878 2768 997 2838 pro
1044 2770 1179 2833 qua
1229 2746 1438 2836 culpa
1502 2768 1675 2815 eum·
1712 2744 1947 2814 divina
1995 2746 2317 2833 majestas
2364 2745 2674 2828 extinxit,

167 2841 224 2898 ut
260 2835 753 2906 solemnitatem
805 2836 1106 2905 Paschae
1158 2835 1446 2905 ulterius
1495 2857 1629 2903 non
1685 2833 1964 2914 videret,
2021 2848 2314 2903 vestram
2364 2833 2679 2903 fraterni-

164 2929 332 2992 tatem
380 2925 422 2994 d
453 2938 579 2996 ‘cet
625 2937 912 2995 cunctos
960 2946 1082 3014 per
1129 2924 1276 2993 loca
1328 2936 1546 2993 vestra
1596 2923 2081 3014 Longobardos
2128 2925 2535 3003 admonere,
2605 2934 2683 2993 ut

164 3009 296 3091 quia
339 3016 573 3104 gravis
638 3014 1015 3083 mortalitas
1075 3013 1440 3093 imminet,
1514 3012 1791 3082 eosdem
1870 3012 2051 3080 filios
2099 3034 2263 3083 suos
2313 3013 2380 3082 in
2433 3013 2685 3082 Ariana

161 3092 390 3171 haeresi
444 3102 846 3195 baptizatos,
884 3102 966 3171 ad
1004 3101 1411 3171 catholicam
1458 3101 1661 3171 tidem
1699 3101 2089 3181 concilient,
2127 3105 2471 3188 quatenus
2507 3102 2681 3171 iram

160 3204 338 3277 super
380 3213 499 3262 eos
551 3191 663 3262 Dei
716 3191 1204 3282 omnipotentis
1255 3191 1546 3281 placent.
1593 3196 1831 3259 »Item
1883 3189 2309 3290 Praejectitio
2356 3190 2683 3280 episcopo

157 3276 524 3351 Narniensi:
565 3306 602 3347 «
633 3281 941 3350 Pervenit
989 3280 1076 3349 ad
1131 3302 1278 3351 nos,
1334 3278 1628 3370 peccatis
1679 3278 2229 3359 imminentibuS,
2287 3279 2356 3347 in
2409 3279 2682 3348 civitate

158 3381 350 3437 vestra
400 3369 881 3440 inf-rtatimtem
924 3370 1211 3438 omnino
1250 3368 1573 3459 grassari,
1619 3390 1796 3454 quae
1837 3389 1943 3437 res
1979 3390 2103 3437 nos
2146 3368 2357 3436 nimis
2386 3367 2671 3437 addixit.

157 3454 594 3532 Quamobrem
645 3458 1017 3528 salutantes
1069 3458 1579 3527 Fraternitatem
1631 3469 1949 3536 vestram,
1988 3456 2488 3526 instantissime
2521 3478 2685 3527 sua-

158 3538 401 3624 demus
470 3560 551 3616 ut
617 3570 657 3617 a
704 3547 1314 3638 Longobardorum
1385 3547 1527 3616 sive
1576 3551 2042 3615 Romanorum
2082 3600 2097 3626 ,
2151 3545 2271 3632 qui
2320 3546 2392 3613 in
2441 3544 2683 3615 eodem

157 3624 283 3701 loco
326 3634 638 3725 degunt,
692 3635 1161 3705 admonitione
1191 3691 1206 3718 ,
1262 3634 1453 3704 nulla
1503 3636 1766 3704 ratione
1812 3632 2135 3714 cessetis,
2188 3646 2255 3703 et
2304 3634 2598 3703 maxime
2643 3656 2686 3703 a

230 3722 496 3792 utilium
549 3738 615 3792 et
653 3724 1176 3805 haereticorum,
1230 3736 1308 3793 ut
1346 3723 1427 3792 ad
1482 3746 1707 3793 veram
1746 3735 2141 3809 rectamque
2188 3722 2395 3791 fidem
2453 3723 2686 3793 catho-

183 3805 337 3878 icam
390 3825 903 3883 convertantur.
959 3814 1067 3883 Sic
1115 3812 1298 3882 enim
1352 3824 1471 3882 aut
1534 3811 1772 3883 divina
1820 3810 2320 3884 misericordia.
2375 3833 2498 3901 pro
2561 3833 2690 3881 sua

161 3891 362 3971 forsan
402 3902 508 3971 eis
556 3904 1001 3972 conversione
1047 3916 1112 3972 et
1160 3902 1229 3970 in
1281 3901 1410 3970 hac
1459 3901 1594 3971 vita
1642 3900 2036 3982 subveniet,
2091 3914 2210 3970 aut
2257 3901 2319 3970 si
2378 3922 2496 3971 eos
2556 3900 2691 3968 mi-

167 4003 331 4140 ffar-e
377 3992 768 4082 contigerit,
821 4015 862 4060 a
908 3992 1079 4073 suis,
1132 3990 1316 4079 quod
1358 4004 1423 4059 et
1470 3990 1695 4081 magis
1754 3989 2133 4081 optandum
2175 4003 2298 4071 est,
2353 3988 2691 4060 transient

221 4076 564 4150 cineribus
605 4080 924 4149 absoluti.
965 4104 1001 4147 »
1386 4138 1390 4142 ,

208 4166 267 4258 ,ξ
308 4172 481 4240 80.
542 4170 760 4259 Igitur
812 4168 1397 4259 prud>³ntissimus
1447 4167 1944 4259 paterfamilias
1994 4168 2239 4238 Christi
2289 4167 2685 4260 GregoriuS,

180 4257 436 4348 singulis
485 4257 826 4327 diaconiis
875 4258 974 4327 vel
1017 4257 1463 4327 xenodochiis
1514 4258 1695 4328 viros
1744 4257 2025 4327 idoneos
2073 4257 2451 4347 deputavit.
2507 4263 2693 4340 Quos

182 4348 367 4423 etiam,
418 4358 500 4415 ut
559 4347 895 4427 securius,
941 4347 1154 4415 immo
1215 4347 1536 4437 sagacius
1601 4346 1668 4414 in
1720 4369 1922 4437 opere
1973 4346 2241 4438 pietatis
2290 4369 2368 4416 ac
2421 4345 2691 4414 miseri-

182 4430 410 4505 cordiae
437 4434 849 4518 laborarent,
891 4436 1285 4523 hujusmodi
1326 4434 1704 4528 privilegiis
1737 4436 2148 4509 muniendos
2180 4457 2328 4506 esse
2360 4434 2682 4504 decrevit:

306 4542 543 4601 surius
571 4570 599 4588 ·
653 4539 807 4604 Vitae
832 4540 940 4605 SS.
972 4571 1000 4589 ·
1029 4541 1155 4603 Vol.
1199 4540 1301 4603 111.
2378 4542 2450 4599 11
