3327 4999
162 338 272 403 EX
316 337 507 403 JUL.-
542 338 583 404 4
920 374 923 377 Α
1001 357 1082 403 nz
1128 356 1187 404 s.
1240 356 1551 406 umuuco
1596 338 1897 411 nmscoeo
2503 338 2624 403 592¹

162 457 438 526 semper
492 435 827 527 virginem
903 459 1031 539 pro
1100 459 1228 508 sua
1283 437 1631 527 ereptione
1678 436 2164 517 clamantibus»,
2227 436 2541 536 Hungari
2598 434 2720 522 qui

98 558 101 559 ⁷
160 535 358 595 erant
389 525 628 596 civitas
660 524 943 607 diaboli,
981 526 1403 596 ceciderunt.
1443 531 1803 617 Comperto
1850 547 2149 612 namque
2180 528 2445 596 Ottonls
2473 524 2721 615 glorio·

164 613 427 685 sissimi
462 619 559 681 Im
617 615 903 684 cratoris
936 615 1258 696 adventu,
1313 619 1603 685 retracta
1650 615 2030 685 obsidione.
2069 615 2340 685 obviam
2394 624 2713 704 pergunt,

160 703 514 789 armisque
596 718 897 773 ecertare
928 704 1380 775 contendunt.
1432 705 1611 773 Inito
1647 704 1936 805 praelio,
1978 710 2132 785 Deo,
2176 704 2377 794 juxta
2435 701 2564 770 viri
2602 701 2717 771 Dei

160 792 629 882 praesagium,
678 793 1031 863 victoriam
1101 793 1358 885 populo
1418 793 1804 862 Christiano
1857 794 2181 873 donante,
2233 791 2452 878 multa
2493 789 2748 879 millia,

159 884 653 970 Hungarorum
689 882 1120 952 ceciderunt:
1185 882 1433 952 caeteri
1487 881 1727 972 fugam
1778 882 2246 973 arripuerunt.
2287 885 2472 964 Quos
2520 879 2717 950 Chri-

162 969 547 1039 stianorum
583 971 921 1040 exercitus
953 971 1193 1039 tandiu
1241 970 1589 1041 caedendo
1640 985 2041 1061 persecutus
2078 982 2203 1051 est,
2268 968 2487 1038 donec
2528 968 2720 1060 prin-

160 1058 352 1148 cipes
380 1079 621 1128 eorum
656 1081 812 1127 cum
856 1059 1014 1130 aliis
1062 1060 1301 1130 multis
1343 1081 1485 1129 una
1539 1072 1971 1150 caperentur,
2026 1062 2231 1147 atque
2264 1058 2718 1148 Ratisponam

157 1147 725 1237 perducerentur,
765 1148 886 1216 ubi
918 1148 1006 1217 ad
1063 1148 1519 1241 ignominiam
1582 1170 1749 1218 suae
1807 1149 2032 1240 gentis
2094 1146 2536 1238 postmodum
2597 1169 2715 1216 su·-

157 1236 589 1326 spensisunt
644 1236 714 1305 in
773 1237 1055 1307 eculeis.
1118 1237 1238 1307 His
1291 1238 1384 1307 ita
1441 1236 1675 1328 gestis,
1741 1236 2016 1326 praesul
2078 1235 2515 1306 venerandus
2579 1239 2713 1305 Deo

158 1324 232 1393 in
296 1324 624 1394 omnibus
683 1326 940 1415 gratias
992 1347 1229 1417 agens,
1289 1325 1474 1395 velut
1518 1346 1598 1394 ex
1653 1347 1810 1395 arce
1840 1325 2140 1413 quadam
2203 1325 2455 1395 mentis
2487 1325 2716 1415 coepit

161 1413 525 1503 dispicere,
584 1435 665 1483 ac
724 1415 1162 1485 subditorum
1216 1414 1655 1487 necessitates
1714 1427 2164 1502 pertractare,
2226 1434 2363 1483 non
2415 1412 2552 1484 sibi
2603 1435 2718 1484 ra-

159 1513 307 1572 tum
361 1501 773 1583 aestimans,
827 1503 886 1572 si
935 1503 1371 1574 solummodo
1434 1525 1516 1573 ea
1570 1524 1751 1591 quae
1797 1525 1926 1574 sua
1971 1511 2248 1583 essent,
2304 1512 2708 1589 quaereret,

157 1609 586 1676 suorumque
632 1611 879 1660 causas
928 1592 1340 1682 negligeret,
1386 1591 1583 1681 juxta
1639 1590 1817 1661 ill'ud
1865 1590 2203 1683 Apostoli:
2259 1593 2393 1673 Qui
2437 1613 2716 1660 suorum

158 1689 221 1748 et
267 1682 571 1748 maoez'me
623 1681 1162 1761 domesticorum,
1223 1704 1459 1751 curam
1504 1703 1636 1751 non
1684 1680 1902 1762 habet,
1953 1681 2154 1770 fidem
2195 1681 2471 1769 neqavt't
2519 1689 2584 1748 et
2616 1689 2712 1748 est

158 1768 448 1837 deterior
498 1770 760 1856 infideli
808 1769 868 1858 (t
919 1772 1078 1838 Tim.
1123 1769 1213 1859 v).
1275 1770 1460 1853 Unde
1498 1791 1786 1839 suorum
1826 1769 2393 1859 congregationes
2427 1767 2713 1837 clerico-

156 1877 314 1925 rum
364 1878 542 1943 quae
578 1856 877 1926 hostium
924 1858 1453 1947 depraedatione
1499 1858 1586 1927 ad
1621 1870 1877 1927 tantam
1929 1856 2212 1927 suerunt
2245 1855 2554 1947 inopiam
2609 1878 2712 1925 re-

155 1944 416 2018 dactae.
469 1955 547 2015 ut
593 1945 677 2013 ad
736 1946 1175 2032 quotidianae
1225 1946 1611 2017 refectionis
1659 1968 1869 2017 usum
1922 1946 2016 2015 nil
2081 1958 2357 2036 possent
2406 1945 2700 2025 habere,

155 2055 388 2104 secum
440 2034 741 2111 retinuit,
778 2056 859 2103 ac
895 2036 1302 2122 inquantum
1358 2036 1597 2126 potuit,
1636 2056 1901 2126 pauper
1931 2035 2079 2125 ipse
2172 2034 2502 2105 raesentis
2529 2034 2707 2103 vitae

152 2122 543 2191 necessaria
594 2124 1018 2212 pauperibus
1049 2124 1482 2194 ministravit:
1535 2137 1600 2193 et
1627 2146 1764 2193 non
1793 2123 2015 2193 solum
2068 2058 2231 2205 iliis,
2271 2123 2388 2193 sed
2438 2135 2505 2193 et
2552 2144 2704 2191 om-

154 2210 365 2280 nibus
397 2232 469 2280 se
517 2212 940 2300 petentibuS,
996 2226 1199 2303 prout
1258 2213 1519 2293 habuit,
1574 2211 2086 2282 misericordiae
2131 2234 2420 2282 ‘manum
2473 2232 2709 2303 porre-

149 2299 273 2477 ἔιίι,
301 2300 498 2476 juxt)a
535 2300 710 2369 illud
768 2301 1205 2371 Dominicum
1247 2314 1731 2393 praeceptum:
1796 2302 1994 2371 Omni
2030 2304 2290 2392 petenti
2338 2311 2425 2384 te,
2490 2301 2708 2370 tribue

182 2393 338 2457 Luc.
380 2410 440 2456 vi
482 2443 495 2456 .

245 2478 282 2563 ξ
329 2481 479 2548 16.
532 2481 625 2547 Eo
672 2489 975 2569 tempore
1049 2478 1460 2549 admonetur
1514 2478 1584 2548 in
1634 2476 1918 2558 visione,
1973 2488 2050 2548 ut
2105 2477 2466 2549 ecclesiam
2538 2499 2702 2547 san-

152 2577 302 2635 ctae
360 2565 553 2636 Afrae
597 2567 674 2649 ⁴,
726 2589 903 2653 quae
960 2590 999 2637 a
1049 2570 1339 2669 paganis
1400 2566 1621 2638 fuerat
1679 2580 2150 2647 concremata,
2202 2589 2341 2636 non
2402 2567 2703 2637 tardaret

150 2676 495 2744 reparare,
577 2677 841 2727 necnon
890 2669 956 2727 et
1004 2658 1323 2747 Simperti
1399 2656 1718 2748 Episcopi
1793 2655 2189 2746 sepulcrum
2238 2656 2421 2742 quod
2481 2657 2693 2726 situm

148 2757 294 2812 erat
330 2745 527 2833 juxta
602 2745 861 2835 gradus
932 2745 1001 2814 in
1051 2747 1261 2816 choro
1294 2801 1310 2827 ,
1362 2767 1670 2836 congruo
1734 2758 2131 2835 procuraret
2178 2757 2373 2814 tecto.
2428 2749 2518 2814 Ex
2570 2745 2699 2814 hoc

149 2833 375 2922 coepit
425 2835 534 2904 Dei
567 2833 870 2904 famulus
910 2835 975 2902 in
1018 2835 1306 2925 jejuniis
1344 2847 1407 2904 et
1442 2834 1765 2925 precibus
1797 2856 1956 2904 cum
1991 2833 2218 2904 cordis
2252 2834 2685 2914 contritione,

151 2920 308 2992 aliis
354 2944 630 3010 qnoque
668 2924 833 2992 viris
894 2923 1233 3014 religiosis
1279 2946 1515 2994 secum
1565 2923 1980 3013 assumptiS,
2032 2944 2105 2992 se
2155 2928 2285 2992 Deo
2335 2935 2683 3002 mactare,

150 3010 559 3100 supplicans
608 3011 864 3090 devote,
911 3026 1251 3098 quatenus
1289 3014 1728 3102 omnipotens
1763 3016 1938 3082 Deus
1981 3033 2102 3102 per
2143 3010 2690 3081 misericordiam

151 3119 351 3168 suam
403 3099 809 3188 dignaretur
841 3100 974 3170 sibi
1024 3101 1458 3170 manifestare
1510 3101 1765 3181 locum,
1809 3100 1930 3169 ubi
1978 3101 2453 3172 sanctissimae
2510 3120 2695 3168 mar-

149 3188 318 3274 tyris
367 3210 530 3257 suae
563 3209 815 3277 corpus
840 3201 1016 3258 esset
1056 3189 1508 3270 reconditum,
1546 3190 1650 3258 vel
1681 3190 1739 3259 si
1773 3188 1843 3257 in
1880 3201 2068 3279 parte
2101 3189 2414 3259 orientali
2452 3200 2697 3278 crypta

143 3296 226 3343 eo
262 3274 393 3342 loci
424 3289 600 3344 esset
646 3274 1097 3358 aedificanda,
1149 3277 1272 3347 ubi
1322 3278 1653 3347 suadebat
1709 3278 1772 3346 ei
1829 3278 2141 3348 voluntas
2181 3287 2330 3348 sua.
2385 3283 2471 3346 Er
2519 3299 2559 3346 o
2620 3288 2696 3346 ut

149 3361 488 3432 Dominus
557 3386 791 3433 verum
862 3365 1338 3455 comprobaret
1390 3367 1569 3451 quod
1608 3379 1755 3456 ‘per
1801 3387 1878 3435 os
1940 3367 2160 3437 sancti
2209 3367 2415 3436 David
2518 3366 2691 3435 ixit:

124 3456 316 3520 —Ecce
372 3454 556 3519 oculi
582 3456 847 3521 Domini
872 3477 1074 3545 super
1119 3456 1339 3544 justos
1372 3465 1432 3523 et
1466 3477 1666 3523 aures
1715 3456 1859 3544 ejus
1908 3455 1980 3523 in
2024 3478 2254 3546 preces
2288 3478 2517 3524 eorum
2547 3456 2688 3544 (Pa.

150 3539 293 3628 33):
344 3552 412 3608 et
458 3540 526 3608 in
560 3541 695 3610 alio
728 3541 898 3622 locO,
963 3546 1378 3612 Voluntatem
1427 3545 1803 3611 timentium
1842 3565 1910 3611 se
1953 3545 2159 3632 faciet
2192 3555 2253 3612 et
2287 3545 2693 3633 deprecatio-

146 3651 297 3698 nem
353 3653 581 3698 eorum
620 3633 940 3700 emaudiet
987 3631 1125 3720 (Ps.
1173 3631 1357 3720 ¹44):
1409 3631 1710 3716 quadam
1761 3643 1956 3699 nocte
2004 3631 2073 3699 in
2125 3630 2278 3700 visu
2332 3631 2392 3700 ei
2454 3645 2695 3700 sancta

145 3717 300 3787 Afra
375 3719 702 3809 apparuit
746 3732 812 3788 et
874 3719 1099 3789 locum
1168 3720 1275 3790 sui
1324 3720 1630 3809 corporis
1676 3719 1748 3787 in
1811 3718 2102 3789 ecclesia
2166 3719 2683 3788 demonstravit.

145 3810 464 3898 Cryptam
500 3830 657 3876 vero
688 3807 908 3877 illoin
963 3807 1108 3878 loco
1158 3808 1305 3877 fieri
1356 3808 1710 3898 prohibuit
1740 3819 2016 3898 propter
2050 3807 2378 3895 reliquias
2417 3821 2692 3878 sancto-

141 3918 326 3977 rum,
369 3897 491 3984 qui
542 3897 683 3967 illic
731 3897 802 3966 in
857 3920 1021 3989 pace
1056 3897 1505 3984 quiescenteS,
1556 3897 1926 3966 adventum
1966 3897 2139 3987 justi
2178 3896 2439 3986 judicis
2486 3918 2691 3986 expe-

145 3997 355 4054 ctant.
402 3992 540 4056 Hac
591 3986 998 4057 revelatione
1042 3987 1425 4078 perdoctus.
1467 3987 1691 4076 coepit
1727 3985 2065 4055 destinato
2104 3987 2295 4075 operi
2327 3985 2691 4076 vigilanter

140 4072 479 4157 insistere,
534 4076 861 4146 ecclesiae
895 4098 1130 4146 muros
1178 4076 1584 4157 instaurare,
1620 4086 1931 4165 cryptam
1966 4074 2035 4143 in
2062 4074 2469 4144 occidentali
2502 4087 2692 4164 parte

142 4177 586 4233 construere:
627 4188 751 4235 nec
800 4178 998 4235 antea
1046 4189 1084 4234 a
1136 4164 1366 4235 labore
1398 4165 1710 4245 cessavit,
1754 4164 1973 4233 donec
2021 4164 2211 4234 brevi
2257 4165 2490 4234 omnia
2541 4185 2691 4254 per-

142 4250 313 4323 fecto
360 4253 605 4324 decore
654 4254 1188 4325 consummavit.

192 4417 219 4442 ’⁸¹
248 4417 372 4457 Haec
388 4419 462 4458 est
481 4420 524 4459 S.
544 4420 654 4460 Afra
674 4421 957 4469 martyrium
978 4430 1117 4468 passa
1136 4419 1186 4459 in
1206 4420 1558 4471 Augsburgenei
1576 4418 1695 4464 urbe
1716 4429 1838 4461 auno
1860 4427 2003 4466 ccciv,
2021 4419 2183 4471 ibique
2214 4419 2270 4458 ut
2298 4417 2502 4459 Patrona
2518 4414 2691 4456 colitur

135 4468 186 4511 et
204 4469 255 4509 ln
274 4471 404 4512 Rom.
426 4474 668 4524 martyrol.
688 4477 976 4517 memoratur
996 4475 1071 4516 die
1094 4485 1122 4514 v
1145 4474 1349 4524 augusti.
