3327 4999
506 319 517 331 ‘
632 344 633 347 ¹
722 313 851 380 300
1397 328 1502 375 ,mr
1548 328 1604 376 s.
1658 325 1942 375 Annnno
1988 325 2383 383 com-assona
2784 309 3028 376 MART.
3087 312 3178 377 16

634 423 700 481 et
748 421 1080 483 remotam
1145 408 1232 479 ab
1279 408 1473 478 omni
1534 407 2035 479 consuetudine
2098 421 2163 477 et
2225 406 2591 477 societate:
2661 407 2967 479 dolerent
3012 431 3182 481 vero

638 511 916 591 propter
977 496 1281 569 Abramii
1342 496 1687 587 jacturam
1723 550 1739 578 ,
1814 496 1996 584 quod
2071 495 2225 567 talis
2289 494 2550 565 scilicet
2610 496 3007 568 adolescens
3070 498 3180 571 sic

631 602 804 690 ante·
839 601 1111 679 tempus
1156 609 1228 656 se
1276 608 1317 655 a
1361 586 1626 656 mundo
1661 584 2080 668 removisset,
2114 597 2181 655 et
2225 584 2432 656 rebus
2459 607 2635 671 quae
2681 586 2767 655 ad
2816 587 3174 657 mundum

681 689 1001 748 ertment.

634 700 678 770 p
721 770 760 854 ἓ
807 771 894 837 5.
947 764 1072 834 Ille
1115 776 1343 835 autem
1393 785 1553 833 cum
1603 784 1720 834 eos
1767 761 1868 833 sic
1913 761 2196 833 vidisset
2240 761 2556 842 affectos,
2610 760 2880 853 placide
2939 775 3004 835 et
3049 764 3181 835 be-

633 854 846 945 nigne
891 875 1007 924 eos
1053 852 1436 940 alloquens:
1483 856 1772 938 «Neque
1819 850 2116 932 tristitia,
2170 848 2417 938 inquit,
2469 849 2650 920 affici
2700 873 2739 921 o
2790 864 2984 933 ortet,
3039 875 3177 924 nec

632 942 1011 1013 admirari:
1066 942 1181 1012 sed
1224 946 1356 1011 Deo
1406 940 1634 1031 potius
1681 961 1882 1031 agere
1928 939 2185 1031 gratias
2215 994 2230 1021 ,
2282 950 2348 1009 et
2392 939 2543 1029 ejus
2590 939 2701 1010 ine
2756 940 2923 1011 abili
2971 941 3177 1012 beni-

684 1032 876 1102 nitati
922 1043 1004 1105 et.
1032 1029 1459 1109 clementiae,
1509 1029 1630 1116 qui
1680 1052 1789 1099 me
1836 1028 2131 1119 sapienti
2179 1028 2476 1116 quadam
2527 1039 2890 1099 et·arcana
2940 1031 3175 1121 provi-

630 1054 866 1191 genua
911 1143 951 1190 a
998 1118 1246 1190 mundi
1284 1118 1614 1189 subduxit
1660 1117 1987 1206 nequitia.
2041 1121 2237 1188 Orate
2284 1139 2468 1206 erg0,
2504 1117 2751 1204 inquit,
2793 1118 2997 1188 amici
3032 1120 3177 1189 mei

628 1220 694 1279 et
748 1209 1014 1290 fratreS,
1066 1207 1392 1298 deinceps
1430 1220 1638 1288 orate,
1699 1220 1776 1277 ut
1820 1208 2081 1277 bonum
2130 1207 2280 1296 ejus
2319 1206 2569 1296 jugum
2623 1220 2879 1296 portem
2934 1229 3162 1295 usque

630 1297 714 1367 ad
765 1298 999 1379 finem,
1057 1310 1122 1367 et
1172 1318 1306 1366 non
1376 1318 1552 1367 onus
1597 1296 1752 1383 ejus
1801 1295 1944 1365 leve
2011 1294 2373 1384 abjiciam:
2427 1293 2547 1367 sed
2595 1316 2866 1386 semper
2916 1318 3176 1384 sequar

629 1385 877 1477 legem,
919 1399 985 1456 et
1032 1385 1221 1455 illius
1269 1398 1625 1475 praecepta
1654 1396 1720 1453 et
1742 1383 2233 1453 voluntatem.»
2271 1382 2522 1453 Deinde
2559 1383 2760 1452 etiam
2794 1385 3169 1455 vehemen-

632 1487 731 1546 ter
779 1475 1060 1566 rogavit,
1117 1496 1200 1543 ne
1259 1473 1428 1545 illuc
1474 1473 1754 1544 assidue
1811 1473 2201 1554 venienteS,
2259 1494 2466 1543 suum
2529 1471 2993 1542 desideratum
3044 1475 3169 1545 ob·

631 1565 991 1635 turbarent
1036 1562 1387 1633 silentium
1427 1575 1492 1631 et
1524 1561 1937 1652 impedirent
2021 1560 2346 1631 refectum
2381 1561 2531 1650 ejus
2562 1559 2649 1629 ad
2692 1562 3000 1632 meliora.
3055 1562 3169 1633 Illi

628 1653 909 1739 quidem
943 1674 1099 1723 cum
1143 1651 1310 1721 haec
1348 1650 1734 1720 audiissent
1776 1661 1843 1720 et
1886 1650 1952 1717 vi
2006 1651 2239 1731 issent,
2295 1663 2460 1720 sunt
2505 1651 2780 1719 reversi.
2839 1649 2964 1720 Ille
3011 1672 3170 1722 vero

627 1743 977 1812 obstructo
1024 1739 1216 1810 aditu
1261 1739 1746 1821 domunculae,
1810 1749 1876 1809 et
1935 1738 2170 1809 relicta
2217 1742 2428 1829 parva
2481 1739 2782 1825 quadam
2833 1738 3156 1821 fenestre,

631 1852 754 1921 per
797 1851 1005 1917 quam
1057 1829 1258 1920 panis
1296 1828 1518 1899 solum
1558 1839 1625 1897 et
1669 1849 1845 1915 aqua
1877 1826 1940 1897 ei
1974 1828 2433 1918 praeberetur,
2472 1826 2600 1896 soli
2631 1827 2980 1897 decaetero
3011 1850 3166 1899 ora-

632 1918 802 1991 tioni
836 1918 1118 1989 vacabat
1147 1930 1213 1987 et
1230 1917 1522 2008 jejunio.
1555 1920 1720 1986 Cum
1753 1917 1823 1985 in
1858 1915 1966 1987 his
1994 1929 2223 1986 autem
2257 1928 2434 1987 esset
2462 1914 2847 1997 Abramius‚
2883 1930 2949 1986 et
2978 1916 3160 1987 hanc

628 2006 1177 2107 philosophicam
1212 2017 1547 2075 exerceret
1570 2005 1840 2074 vivendi
1876 2006 2232 2086 rationem,
2271 2005 2357 2074 de
2388 2026 2466 2074 eo
2501 2004 2953 2097 spargebatur
2977 2005 3165 2077 fama

626 2117 700 2165 111
765 2117 1008 2166 omnes
1057 2107 1321 2185 parteS,
1391 2107 1457 2165 et
1503 2115 1756 2185 magna
1805 2095 2167 2163 hominum
2216 2092 2587 2163 multitudo
2633 2094 3024 2165 confluebat
3069 2095 3159 2165 ad

627 2183 827 2254 illum
879 2184 1355 2276 spectandum,
1408 2183 1810 2254 desiderans
1846 2183 1933 2253 ab
1984 2183 2103 2255 illo
2149 2182 2453 2269 aliquam
2504 2183 2833 2269 consequi
2881 2184 3167 2254 benedi-

627 2274 950 2344 ctionem.
1002 2272 1274 2343 Decimo
1302 2286 1532 2342 autem
1570 2294 1754 2341 anno
1796 2284 2156 2362 postquam
2192 2271 2605 2351 secessisset,
2640 2271 2981 2343 decedunt
3009 2272 3169 2360 qui-

629 2360 786 2431 dem
835 2363 982 2450 ejus
1030 2375 1368 2452 parentes:
1407 2361 1490 2430 ad
1536 2383 1693 2430 eum
1736 2373 1961 2430 autem
2015 2359 2414 2430 deferuntur
2449 2359 2725 2430 illorum
2761 2360 3062 2444 divitiae,
3099 2373 3166 2433 et

626 2449 943 2532 omnium
995 2463 1436 2542 paternarum
1483 2448 1885 2519 facultatum
1935 2448 2012 2519 fit
2060 2449 2298 2521 haeres
2343 2449 2730 2520 AbramiuS.
2784 2448 2909 2519 Ille
2957 2471 3156 2534 vere,

629 2561 793 2610 curn
833 2541 980 2630 jam
1029 2539 1194 2610 olim
1245 2539 1412 2610 tales
1457 2560 1660 2608 curas
1698 2538 2019 2628 jussisset
2068 2537 2310 2620 valere,
2355 2537 2629 2609 cuidam
2675 2561 2756 2609 ex
2803 2540 2951 2609 suis
2985 2541 3167 2610 ami-

626 2627 730 2699 cis
777 2629 1184 2709 committit,
1237 2639 1313 2697 ut
1359 2647 1597 2697 curam
1647 2638 1837 2727 gerat
1884 2626 2362 2708 haereditatis,
2418 2627 2802 2709 mandans,
2869 2641 2946 2698 ut
3005 2651 3168 2719 pars

625 2717 778 2807 ejus
826 2717 1126 2786 maxima
1173 2725 1623 2787 consumatur
1670 2738 1738 2784 ιη
1797 2716 2074 2806 egenos.
2118 2716 2312 2798 Quod
2355 2715 2637 2802 quidem
2686 2739 2847 2786 cum
2901 2716 3164 2788 sactum

621 2805 886 2887 fuisset,
938 2817 1017 2874 ut
1050 2806 1375 2894 jusserat,
1419 2813 1485 2873 et
1532 2803 1821 2892 pulchre
1869 2803 2142 2894 profuse
2200 2803 2493 2876 fuissent
2536 2804 2688 2894 ejus
2735 2804 3034 2882 divitiae.
3093 2819 3161 2876 et

622 2915 823 2984 opem
873 2893 1141 2964 tulisset
1188 2892 1423 2961 multis
1488 2891 1931 2983 pauperibus,
1987 2892 2254 2963 solutus
2299 2892 2490 2962 omni
2547 2898 2715 2964 cura
2772 2894 2903 2964 fuit
2949 2895 3152 2964 Abra-

625 2982 834 3051 mius.
888 2986 1053 3050 Nam
1105 2980 1175 3050 in
1219 2980 1345 3051 hoc
1394 2980 1509 3050 ille
1559 2993 1887 3071 perpetuo
1917 2981 2380 3058 incumbebat.
2418 2994 2495 3051 ut
2539 2982 2690 3072 ejus
2730 2982 3009 3052 animus
3040 3003 3158 3052 oc-

624 3082 998 3159 cuparetur
1045 3067 1117 3138 in
1164 3068 1360 3138 nulla
1405 3091 1479 3138 re
1528 3069 1882 3139 mundana
1928 3082 2218 3151 terrena,
2259 3069 2373 3142 sed
2410 3091 2569 3140 eum
2610 3082 2826 3141 totum
2879 3072 3164 3142 haberet

622 3158 707 3228 ad
758 3157 1028 3228 coelum
1076 3169 1458 3239 extensum,
1497 3179 1904 3248 semperque
1933 3158 2147 3229 levem
2179 3171 2245 3229 et
2272 3158 2638 3229 sublimem
2673 3159 2759 3228 ad
2792 3159 3160 3249 spiritalia.

712 3248 749 3334 ξ
797 3253 891 3318 θ.
944 3250 1110 3315 Cum
1173 3268 1336 3337 ergo
1384 3259 1734 3334 tamquam
1791 3248 2288 3337 possessionem
2341 3246 2913 3338 pretiosissimam
2983 3248 3172 3321 desi-

621 3335 929 3406 derasset
984 3333 1081 3404 nil
1130 3335 1503 3424 possidere,
1576 3335 1753 3405 nihil
1800 3335 1990 3406 aliud
2050 3336 2301 3406 habere
2347 3337 2726 3419 sustinuit,
2772 3349 3046 3426 praeter
3090 3360 3172 3409 ea

624 3423 794 3505 sola,
857 3444 1036 3512 quae
1082 3437 1246 3493 sunt
1302 3423 1573 3514 corpori
1625 3425 2033 3496 necessaria.
2073 3431 2166 3494 Ea
2211 3439 2439 3495 autem
2488 3440 2708 3507 erant,
2764 3425 3055 3515 pallium
3108 3439 3174 3498 et

618 3511 928 3582 cilicium
977 3513 1234 3600 quibus
1297 3527 1441 3583 erat
1478 3512 1790 3594 indutuS,
1842 3525 1908 3583 et
1952 3525 2174 3583 storea
2220 3514 2305 3583 ad
2357 3513 2627 3583 brevem
2679 3515 2989 3604 corporis
3044 3537 3161 3586 ac-

614 3602 962 3681 cubitum,
1015 3613 1081 3670 et
1126 3601 1480 3691 poculum,
1528 3624 1666 3689 quo
1728 3602 2072 3672 modicam
2123 3602 2439 3673 sumebat
2487 3624 2764 3689 aquam.
2830 3603 2955 3673 Sed
3025 3626 3168 3690 quo

620 3690 846 3781 magis
892 3691 1136 3781 egebat
1181 3689 1270 3759 iis
1314 3712 1491 3777 quae
1539 3691 1971 3782 pertinebant
2019 3691 2105 3760 ad
2162 3713 2373 3762 usum
2421 3691 2752 3782 corporiS,
2811 3710 2891 3760 eo
2943 3693 3171 3761 maris

617 3778 1022 3849 abundabat
1070 3779 1269 3849 bonis
1319 3780 1614 3860 animae,
1669 3780 1740 3848 in
1792 3779 1955 3851 orbe
1992 3779 2346 3860 virtutum,
2393 3779 2515 3868 qui
2561 3801 2719 3848 eum
2768 3778 3032 3850 circum
3091 3804 3170 3851 a·

618 3867 766 3949 bat,
820 3889 1092 3959 semper
1138 3889 1246 3939 res
1297 3867 1684 3938 lendentem
1737 3868 2196 3939 humilitatem
2268 3868 2551 3949 habens,
2602 3880 2668 3937 et
2726 3868 3160 3951 charitatem,

664 3979 790 4026 uas
835 3957 1208 4047 cujuslibet
1302 3957 1417 4026 oni
1470 3968 1720 4027 matres
1760 3979 1908 4027 esse
1956 3956 2322 4027 definiunt.
2375 3958 2552 4027 Hinc
2600 3956 2953 4043 aequalem
3002 3959 3165 4044 qui-

667 4067 773 4115 em
847 4046 1309 4117 communiter
1353 4046 1424 4114 in
1473 4067 1715 4118 omnes
1760 4045 2165 4116 ostendebat
2207 4046 2635 4116 charitatem.
2689 4045 2987 4115 Proximi
3035 4069 3168 4117 au-

618 4145 749 4204 tem
822 4133 1109 4205 salutem
1162 4156 1434 4226 semper
1481 4156 1645 4205 suae
1694 4133 2177 4225 praeponebat.
2256 4139 2442 4219 Quae
2489 4156 2644 4204 vero
2689 4157 2769 4203 ex
2837 4134 2994 4220 ejus
3058 4135 3166 4205 la-

615 4222 759 4294 bris
833 4223 1292 4313 procedebant
1363 4244 1570 4310 quam
1632 4244 1770 4292 non
1844 4235 2155 4315 poterant
2223 4224 2525 4294 animam
2593 4222 3025 4304 demulcere,
3101 4234 3171 4294 et

608 4311 947 4383 attrahere
993 4311 1078 4381 ad
1140 4311 1503 4382 virtutem?
1564 4315 1734 4381 Nam
1785 4312 1979 4381 valde
2024 4312 2307 4400 quidem
2355 4312 2549 4382 docte
2595 4311 3154 4382 adhortabatur:

612 4399 1152 4491 reprehendebat
1217 4410 1443 4471 autem
1523 4412 1802 4492 paterne
1866 4411 1931 4471 et
1995 4412 2341 4471 amanter:
2414 4400 3014 4487 mansuetudoque
3084 4411 3157 4472 et
