3327 4999
160 338 414 404 MART.
474 338 499 401 l
1045 354 1125 400 nn
1174 355 1232 401 5.
1286 353 1582 403 5ῑνιΑιιι10
1631 354 1874 402 Annua
2568 338 2650 403 ⁴7

158 439 233 508 in
280 462 364 508 eo
414 438 683 527 liquide
731 436 966 527 fulgor
1010 436 1327 507 coelestis
1374 439 1657 529 gratiae.
1733 444 1890 508 Erat
1951 438 2166 528 igitur
2228 449 2516 511 ornatus
2576 439 2740 508 uni-

159 529 383 598 versis
457 525 878 605 virtutibu3‚
954 526 1154 611 quasi
1228 527 1807 617 praeclarissimis
1856 526 2177 617 gemmis.
2245 526 2432 597 Fidei
2487 527 2742 598 etenim

157 616 415 685 virtute
463 615 822 692 robustus,
874 628 940 681 et
987 636 1200 704 super
1248 627 1509 704 petram
1564 613 1885 695 solidam,
1940 612 2009 683 id
2059 627 2185 694 est,
2229 615 2580 687 Christum
2616 615 2737 685 fir·-

157 716 420 784 matuS,
478 701 853 793 prudentia
903 700 1079 771 mira
1127 701 1384 783 solerS,
1430 702 1708 793 justitia
1756 714 2031 784 rectuS,
2088 702 2488 773 humilitate
2538 726 2741 795 prae-

158 791 423 882 cipuus
470 804 537 861 et
583 789 984 876 eloquentia
1030 790 1286 860 clarus.
1342 795 1417 860 In
1473 790 1952 861 misericordia
1992 803 2380 882 promptuS,
2421 804 2629 879 atque
2667 792 2736 860 in

157 879 471 949 fraterna
523 877 895 948 dilectione
943 899 1217 968 semper
1264 890 1572 969 paratus:
1629 885 1973 950 Honorem
2024 878 2455 968 condignum
2507 880 2738 949 senio-

156 968 360 1037 ribus
437 966 859 1045 exhibebat,
913 980 980 1035 et
1025 967 1520 1053 coaequalibus
1571 967 1842 1057 pietatis
1892 967 2213 1037 affectum
2255 990 2269 1032 ε
2331 968 2740 1058 junioribus

158 1079 319 1125 vero
371 1056 675 1145 rigorem
728 1053 1142 1143 disciplinae
1189 1077 1353 1124 cum
1404 1055 1902 1145 temperantiae
1951 1054 2452 1125 moderamine.
2530 1061 2735 1125 Prae-

159 1144 369 1234 cipue
398 1164 682 1229 quoque
711 1142 1046 1212 castitatis
1079 1154 1144 1211 et
1179 1142 1557 1232 pudicitiae
1589 1143 1812 1234 gratia
1845 1144 1931 1213 ab
1971 1143 2266 1214 infantia
2297 1143 2428 1213 fuit
2461 1165 2742 1234 semper

158 1230 685 1301 mundissimus
751 1241 816 1298 et
865 1229 937 1298 in
982 1230 1342 1301 locutione
1390 1243 1662 1300 cautus.
1732 1232 2068 1302 Assiduus
2117 1232 2406 1322 insuper
2453 1232 2527 1300 in
2576 1254 2736 1301 ora-

165 1322 358 1389 tione
407 1340 573 1388 cum
624 1318 980 1407 lacrymis,
1037 1332 1104 1388 et
1159 1318 1231 1386 in
1284 1319 1538 1409 vigiliis
1587 1320 1847 1389 sanctis
1896 1331 2334 1410 pernoctans,
2388 1319 2459 1387 in
2532 1319 2746 1389 absti-

157 1407 403 1478 nentia
456 1428 615 1475 vero
654 1428 912 1496 corpus
962 1428 1172 1475 suum
1242 1407 1627 1498 castigabat
1675 1408 1998 1498 saepius:
2041 1420 2107 1478 et
2157 1430 2242 1477 ne
2297 1406 2467 1495 quid
2526 1408 2742 1476 nimis

156 1497 382 1575 fieret,
432 1496 502 1563 in
556 1494 753 1563 omni
801 1493 1067 1563 actione
1111 1506 1256 1564 erat
1297 1497 1583 1565 omnino
1613 1496 1957 1566 discretus
2002 1507 2070 1567 et
2117 1496 2416 1566 sobrius.
2473 1495 2741 1565 Miseris

157 1608 238 1653 ac
292 1582 699 1653 dolentibus
753 1603 874 1670 per
921 1582 1242 1671 pietatem
1292 1584 1748 1675 compatiens,
1805 1594 1872 1654 et
1917 1585 2287 1656 consolans
2335 1584 2728 1654 destitutos,

157 1671 512 1773 Diligebat
560 1682 916 1761 praeterea
961 1672 1361 1760 peregrinos
1410 1672 1593 1742 velut
1633 1694 1756 1763 pro
1811 1672 1974 1754 rios,
2010 1684 2292 1760 eratque
2339 1673 2578 1763 largus
2618 1673 2741 1741 ho·

157 1762 495 1852 spitihus,
548 1772 614 1828 et
661 1759 1100 1848 dispensator
1148 1758 1414 1840 hilariS‚
1475 1761 1766 1850 pauperi
1822 1783 1903 1830 us
1952 1760 2188 1830 cibum
2241 1760 2556 1832 tribuens
2587 1815 2602 1840 ,
2668 1770 2741 1830 et

160 1849 396 1919 nudos
455 1846 871 1916 indumento
944 1857 1316 1937 contegens
1350 1903 1365 1929 ,
1419 1870 1499 1918 ac
1554 1848 1871 1919 infirmos
1919 1849 2308 1918 visitatione
2356 1848 2738 1919 consolans

163 1948 373 2024 atque
422 1934 848 2005 confortans.
903 1935 1028 2003 Hic
1090 1947 1270 2004 certe
1328 1936 1432 2005 vir
1474 1936 1591 2005 Dei
1639 1935 1861 2006 forma
1908 1937 2168 2027 optima
2226 1949 2291 2008 et
2337 1936 2736 2027 exemplum

165 2026 299 2095 suit
345 2036 511 2094 ante
559 2022 800 2092 oculos
848 2022 1187 2092 fidelium.

250 2116 291 2200 ξ
335 2119 430 2185 5.
485 2117 643 2181 Post
690 2110 1020 2200 genitoris
1068 2111 1178 2180 sui
1227 2111 1449 2180 sancti
1499 2111 1855 2202 Sigiranni
1902 2111 2290 2193 decessum,
2345 2112 2592 2182 fratres
2652 2133 2734 2181 ex

164 2199 561 2271 Anisolensi
611 2198 1026 2268 monasterio
1055 2197 1411 2289 elegerunt
1443 2199 1579 2271 sibi
1620 2221 1938 2290 praeesse
1976 2199 2318 2288 optimum
2354 2213 2730 2289 pastorem.

166 2291 296 2371 Qui
347 2309 489 2356 non
526 2286 754 2356 solum
792 2299 1084 2368 terrene,
1125 2286 1243 2357 sed
1293 2286 1512 2356 multo
1565 2288 1788 2377 magis
1835 2286 2113 2357 coelesti
2147 2300 2211 2356 et
2245 2288 2542 2377 spiritali
2578 2287 2733 2357 cibo

163 2400 281 2447 eos
329 2376 618 2466 saepius
669 2374 1039 2456 reficiebat,
1078 2386 1144 2444 et
1176 2375 1402 2465 ipsam
1453 2375 1569 2445 Dei
1619 2376 1932 2455 domum,
1971 2386 2050 2444 ut
2083 2374 2188 2442 vir
2223 2376 2554 2475 prudenS,
2593 2388 2734 2443 tam

166 2466 237 2535 in
297 2476 655 2537 structura
691 2517 706 2542 ,
759 2484 970 2549 quam
1025 2473 1091 2532 et
1143 2462 1214 2532 in
1264 2464 1562 2553 spiritali
1611 2465 1838 2555 rigore
1889 2462 2357 2554 pulcherrime
2405 2462 2733 2533 aedifica-

166 2554 284 2634 vit,
318 2567 387 2622 et
431 2552 606 2622 inibi
647 2550 916 2620 felicem
956 2574 1242 2621 cursum
1279 2553 1454 2621 vitae
1503 2575 1671 2622 suae
1719 2553 1897 2622 miro
1941 2551 2146 2622 modo
2193 2552 2729 2626 consummavit.

170 2642 482 2711 Similem
533 2661 730 2730 pene,
771 2651 848 2708 ut
895 2639 1258 2729 Apostolus
1303 2646 1626 2723 4000005,
1665 2641 1814 2730 ipse
1852 2639 2098 2709 habuit
2145 2639 2523 2709 vocationis
2570 2659 2737 2708 suae

166 2730 405 2799 finem.
464 2734 697 2815 Neque
744 2727 1002 2798 etenim
1051 2727 1318 2797 audivit
1363 2728 1623 2815 aliquis
1673 2729 2002 2818 plangere
2048 2749 2208 2798 eum
2238 2782 2253 2809 ,
2309 2737 2429 2796 aut
2477 2726 2735 2796 contri-

168 2819 335 2888 stari
384 2830 547 2886 ante
592 2815 864 2885 obitum
912 2837 1149 2884 suum.
1188 2821 1263 2884 Et
1312 2815 1384 2884 in
1434 2816 1585 2916 ejus
1634 2827 1912 2885 sanctae
1944 2816 2219 2884 animae
2260 2837 2568 2907 egressu,
2607 2814 2734 2883 uni

170 2918 333 2976 tunc
380 2927 467 2975 ex
514 2903 850 2973 fratribus
896 2916 1171 2974 ostensa
1216 2917 1318 2975 est
1363 2904 1536 2974 vislo
1567 2959 1582 2986 ‚
1651 2905 1746 2973 ita
1793 2916 1871 2973 ut
1920 2903 2396 2973 ostenderetur
2463 2903 2735 2973 cunctis

169 2995 428 3084 palam,
464 3005 727 3079 quanto
776 2990 927 3091 ipse
973 2991 1079 3060 vir
1117 2992 1234 3060 Dei
1280 3005 1460 3062 esset
1505 2992 1815 3061 culmine
1864 2991 2247 3062 sanctitatis
2281 2991 2727 3083 praecipuus.

169 3088 334 3153 Nam
385 3081 619 3150 visum
669 3092 774 3150 est
812 3078 938 3160 illi,
977 3092 1055 3150 ut
1085 3078 1273 3159 dixit,
1316 3080 1554 3149 lumen
1591 3101 1907 3152 summae
1938 3080 2305 3149 claritatis:
2345 3081 2554 3166 idque
2599 3079 2733 3147 sibi

165 3169 469 3239 vicinius
536 3166 1125 3324 appropinquare.
1204 3173 1283 3237 Et
1328 3167 1499 3237 dum
1550 3169 1732 3237 hanc
1780 3167 2268 3242 admirabilem
2318 3168 2464 3258 ipse
2525 3166 2734 3236 visio-

169 3281 324 3327 nem
356 3257 557 3326 consi
611 3266 859 3336 eraret,
911 3255 1278 3326 astiterunt
1334 3256 1397 3324 ei
1437 3256 1816 3325 beatissimi
1854 3260 1902 3324 A
1954 3256 2155 3325 ostoli
2194 3262 2432 3324 Petrus
2463 3269 2531 3324 et
2561 3261 2735 3324 Pau-

168 3347 300 3427 105,
353 3359 422 3414 et
453 3345 530 3413 in
581 3343 812 3414 medio
858 3365 1102 3413 eorum
1150 3345 1386 3412 anima
1435 3344 1561 3413 illa
1609 3355 1848 3413 sancta
1930 3344 2149 3412 omini
2185 3342 2480 3412 Siviardi
2515 3342 2732 3413 nimio

166 3434 436 3524 fulgore
485 3432 853 3501 candebat.
933 3431 1066 3514 Qui
1136 3432 1413 3519 utrique
1462 3432 1763 3522 Apostoli
1827 3444 2195 3518 utramque
2241 3432 2394 3522 ejus
2442 3452 2727 3500 manum

172 3535 397 3592 tenere
445 3520 887 3589 videbantur.
950 3525 1028 3588 Et
1074 3518 1293 3590 fertur
1338 3520 1425 3590 ad
1474 3543 1636 3589 eum
1685 3519 1805 3588 ille
1851 3519 2144 3590 dixisse:
2212 3543 2248 3585 «
2308 3526 2569 3599 Frater,
2607 3540 2734 3608 ego

168 3611 437 3681 Christo
487 3631 621 3698 ago
671 3609 952 3698 gratias,
995 3608 1118 3694 qui
1156 3629 1266 3677 me
1297 3608 1627 3708 dignatus
1659 3620 1763 3678 est
1800 3628 1991 3677 nunc
2039 3608 2110 3675 in
2161 3609 2399 3695 requie
2445 3629 2574 3676 sua
2621 3629 2739 3675 su-

165 3701 459 3789 scipere.
518 3697 706 3766 Vado
738 3718 895 3766 0000
928 3717 1090 3766 cum
1132 3694 1438 3765 dominis
1473 3697 1647 3766 meis
1698 3694 2200 3786 praesentibus:
2240 3718 2360 3766 vos
2407 3715 2566 3764 vero
2613 3716 2738 3764 eu·-

168 3787 412 3878 logiaS,
505 3807 636 3853 uas
683 3805 811 3874 ego
860 3784 1119 3874 paravi,
1158 3783 1326 3854 ferte
1374 3806 1748 3874 germanae
1798 3805 1990 3853 meae
2036 3796 2104 3855 et
2149 3785 2302 3876 ejus
2351 3784 2731 3854 sororibus.

166 3880 215 3946 Ο
246 3808 691 3945 500013οῑ001
722 3894 986 3955 verum,
1022 3872 1146 3959 qui
1194 3894 1320 3942 000
1370 3884 1523 3963 post
1562 3872 1935 3943 transitum
1969 3873 2228 3943 oblitus
2266 3885 2370 3943 est
2399 3872 2742 3942 fraternae

170 3963 612 4034 dilectionis:
670 3959 791 4029 sed
844 3960 1068 4051 magis
1115 3983 1196 4030 ac
1246 3982 1359 4030 ma
1413 3961 1472 4031 is
1520 3983 1796 4052 semper
1842 3960 1914 4029 in
1964 3983 2042 4031 00
2091 3961 2475 4030 flammavit
2520 3960 2743 4029 servor

169 4051 528 4121 charitatis
596 4048 1072 4139 plenissimae.
1134 4053 1303 4119 Nam
1423 4049 1544 4118 des
1605 4063 1672 4119 et
1720 4071 1880 4141 spes
1923 4061 2200 4120 cessant
2246 4048 2622 4136 aliquando
2669 4048 2743 4116 in

171 4141 473 4219 sanctis,
546 4150 618 4207 et
666 4136 815 4206 sola
862 4136 934 4206 in
980 4137 1081 4206 eis
1178 4148 1284 4207 ost
1331 4138 1599 4208 obitum
1649 4138 1978 4207 excrescit
2025 4139 2312 4207 flamma
2357 4136 2739 4207 charitatis.

176 4232 266 4297 Ita
314 4241 381 4299 et
427 4229 507 4298 in
562 4226 785 4315 hujus
832 4226 1054 4295 sancti
1100 4247 1136 4295 0
1166 4248 1284 4295 are
1315 4227 1642 4317 apparuit
1677 4226 2110 4295 revelatione.
2151 4230 2321 4295 Ecce
2358 4225 2537 4295 inter
2569 4230 2744 4316 Apo-

177 4317 375 4387 stolos
414 4317 619 4387 visus
669 4325 776 4383 est
823 4312 940 4382 ille
988 4327 1295 4395 sanctuS,
1348 4316 1471 4402 qui
1518 4337 1640 4405 per
1687 4314 2105 4384 munditiam
2156 4315 2512 4394 castitatis,
2553 4326 2621 4382 et
2669 4334 2745 4381 o-

184 4427 335 4494 pera
384 4403 858 4497 plenissimae
903 4401 1301 4484 charitatiS,
1356 4426 1435 4472 ac
1486 4402 2039 4475 mortificationis
2086 4402 2626 4483 continentiam,
2681 4411 2747 4471 et

318 4517 577 4576 Bul-ius
611 4542 638 4558 -
694 4508 857 4572 Vitae
882 4510 988 4573 SS.
1025 4543 1050 4557 -
1077 4512 1203 4573 Vol.
1249 4511 1352 4572 111.
2548 4513 2584 4567 2
