3327 4999
226 346 475 411 MART.
533 347 614 412 ⁴2
1111 366 1190 412 nn
1238 366 1295 412 s.
1347 363 1657 412 eanoomo
1706 365 1864 411 PAPA
2543 352 2668 417 ⁴95

216 444 646 515 consuetudo
702 465 838 514 non
892 456 1014 527 est,
1053 445 1332 532 quando
1381 456 1778 516 sanctorum
1828 443 2155 532 reliquias
2193 446 2381 529 dant,
2433 459 2512 518 ut
2555 450 2754 537 quic-

217 554 430 622 quam
481 545 594 603 tan
648 556 760 604 ere
824 547 1268 624 praesumant
1313 534 1399 603 de
1443 554 1749 624 corpore,
1803 532 1918 602 sed
1980 536 2452 606 tantummodo
2500 537 2569 606 in
2623 560 2752 630 py-

216 622 372 692 xide
418 622 588 692 bran
645 644 801 692 eum
840 623 1152 706 mittitur,
1188 636 1391 710 atque
1420 623 1507 691 ad
1540 621 2002 693 sacratissima
2041 638 2431 694 sanctorum
2462 647 2752 717 corpora

211 712 520 802 ponitur.
583 711 775 794 Quod
828 711 1122 782 levatum
1172 712 1242 781 in
1290 711 1579 781 ecclesia
1626 732 1803 798 quae
1857 724 1957 781 est
2023 712 2448 791 dedicanda,
2517 714 2752 787 debita

213 822 376 870 cum
436 800 865 869 veneratione
924 800 1341 870 reconditur.
1408 805 1484 870 Et
1534 811 1757 870 tantae
1813 820 1935 890 ‘per
1981 801 2109 870 hoc
2160 801 2415 871 ibidem
2465 802 2749 876 virtutes

210 890 413 970 fiunt,
451 910 532 958 ac
579 888 636 958 si
683 888 828 958 illic
856 888 1242 978 specialiter
1286 910 1523 959 eorum
1571 910 1859 979 corpora
1892 888 2307 960 deferantur.
2349 892 2540 961 Unde
2571 915 2742 962 con-

216 977 389 1069 tigit,
444 990 524 1047 ut
568 977 805 1046 beatae
853 977 1341 1047 recordationis
1390 978 1628 1049 Leonis
1678 983 1896 1066 Papae
1946 989 2270 1070 tempore,
2318 978 2496 1051 sicut
2529 1004 2568 1051 a
2607 986 2748 1052 Ma-

200 1066 479 1157 joribus
530 1066 845 1146 traditur,
908 1065 1074 1136 dum
1174 1066 1408 1136 uidam
1458 1065 1697 1136 Graeci
1732 1066 1820 1136 de
1866 1065 2120 1139 talibus
2167 1067 2481 1154 reliquiis
2539 1069 2748 1141 dubi-

213 1167 456 1235 tarent,
496 1154 888 1246 praedictus
936 1089 1235 1245 pontillex
1280 1156 1410 1225 hoc
1457 1155 1689 1245 ipsum
1716 1154 2100 1225 brandeum
2132 1156 2358 1227 allatis
2387 1156 2748 1232 forficibus

207 1242 477 1323 incidit,
517 1256 583 1314 et
626 1265 707 1313 ex
753 1244 905 1333 ipsa
951 1245 1286 1315 incisione
1331 1244 1618 1336 sanguis
1647 1243 1927 1313 effluxit.
1961 1249 2037 1313 ln
2067 1246 2395 1315 Romanis
2445 1269 2746 1335 namque

209 1332 310 1401 vel
359 1332 572 1402 totius
626 1332 1011 1405 Occidentis
1061 1334 1372 1424 partibus
1416 1334 1701 1402 omnino
1748 1332 2176 1403 intolerabile
2223 1348 2323 1404 est
2382 1347 2586 1423 atque
2633 1359 2745 1406 sa·

207 1420 574 1511 crilegum,
612 1421 673 1490 si
719 1433 1111 1492 sanctorum
1152 1444 1437 1514 corpora
1473 1422 1846 1508 quisquam
1880 1435 1990 1491 tan
2044 1444 2155 1492 ere
2186 1423 2469 1494 sortasse
2519 1423 2747 1494 volue-

204 1511 317 1579 rit.
350 1509 549 1592 Quod
599 1509 658 1578 si
705 1512 1266 1601 praesumpserit,
1318 1523 1582 1581 certum
1629 1524 1753 1590 est,
1791 1511 1956 1598 quia
2053 1533 2170 1581 aec
2217 1513 2563 1582 temeritas
2612 1513 2750 1583 im—

206 1600 451 1689 punita
502 1597 694 1667 nullo
744 1599 944 1669 modo
1003 1601 1403 1670 remanebit.
1475 1604 1602 1669 Pro
1658 1621 1799 1686 qua
1852 1621 1925 1669 re
1982 1599 2066 1668 de
2116 1605 2530 1672 Graecorum
2578 1624 2744 1671 con-

207 1688 581 1757 suetudine
642 1687 763 1773 qui
826 1709 980 1757 ossa
1038 1687 1260 1759 levare
1316 1700 1708 1760 sanctorum
1775 1710 1847 1758 se
1907 1701 2256 1770 asserunt,
2313 1690 2749 1760 vehementer

211 1775 580 1856 miramur,
614 1789 679 1845 et
716 1775 822 1844 vix
871 1777 1239 1849 credimus.
1277 1783 1440 1846 Nam
1473 1777 1755 1864 quidam
1793 1779 2027 1847 Graeci
2065 1778 2382 1848 monachi
2410 1778 2547 1849 huc
2589 1792 2749 1850 ante

202 1864 573 1935 biennium
625 1865 968 1936 venientes
1017 1877 1348 1936 nocturno
1396 1864 1666 1935 silentio
1687 1866 1884 1955 juxta
1912 1866 2273 1936 ecclesiam
2301 1868 2522 1938 sancti
2553 1868 2749 1938 Pauli

209 1975 503 2043 corpora
553 1967 976 2023 mortuorum
1027 1954 1100 2024 in
1147 1976 1391 2045 campo
1430 1954 1732 2043 jacentia
1776 1955 2207 2037 effodiebant,
2253 1968 2457 2043 atque
2502 1978 2744 2026 eorum

204 2063 366 2115 ossa
416 2042 896 2123 recondebant,
951 2056 1292 2114 servantes
1341 2042 1666 2111 sibidum
1708 2043 2118 2112 recederent.
2156 2044 2287 2126 Qui
2334 2066 2495 2114 cum
2547 2045 2734 2126 tenti,

209 2144 277 2200 et
323 2153 451 2201 cur
508 2132 637 2200 hoc
685 2131 1003 2212 facerent,
1065 2132 1429 2223 diligenter
1476 2129 1766 2200 fuissent
1822 2131 2144 2212 discussi,
2209 2132 2506 2203 confessi
2553 2146 2738 2216 sunt,

204 2220 394 2307 quod
437 2219 555 2288 illa
601 2242 755 2290 ossa
802 2220 886 2289 ad
939 2221 1286 2291 Graeciam
1336 2231 1563 2291 essent
1608 2229 1936 2305 tanquam
1987 2234 2383 2290 sanctorum
2419 2221 2746 2308 reliquias

210 2309 575 2399 portaturi.
621 2314 712 2377 Ex
748 2330 1042 2395 quorum
1076 2308 1634 2398 exemplo,·sicut
1663 2307 2090 2397 praedictum
2121 2321 2244 2391 est,
2281 2309 2505 2398 maJor
2547 2311 2745 2383 nobis

209 2396 531 2468 dubietas
589 2410 745 2467 nata
789 2410 912 2479 est,
952 2411 1183 2469 utrum
1235 2419 1470 2467 verum
1521 2396 1608 2467 sit
1652 2396 1837 2482 quod
1896 2396 2104 2466 levari
2151 2420 2307 2467 ossa
2345 2413 2742 2469 sanctorum

206 2485 573 2557 dicuntur:
628 2492 774 2556 «De
817 2486 1225 2578 corporibus
1268 2509 1426 2557 vero
1474 2485 1828 2570 beatorum
1875 2485 2347 2578 Apostolorum
2396 2487 2565 2576 quid
2613 2510 2739 2579 ego

203 2574 526 2647 dicturus
574 2598 756 2657 sum,
807 2575 974 2646 dum
1023 2587 1304 2657 constet,
1357 2575 1521 2662 quia
1552 2597 1631 2645 eo
1681 2588 2005 2666 tempore,
2057 2598 2196 2663 quo
2229 2577 2412 2666 passi
2443 2588 2629 2658 sunt,
2662 2599 2740 2646 ex

201 2666 475 2735 Oriente
522 2663 757 2736 fideles
802 2678 1132 2734 venerunt
1176 2664 1295 2751 qui
1330 2685 1566 2734 eorum
1614 2686 1904 2755 corpora
1942 2666 2119 2735 sicut
2166 2665 2420 2734 civium
2450 2687 2738 2735 suorum

202 2757 630 2844 repeterent?
675 2759 861 2836 Quae
906 2754 1111 2823 ducta
1176 2775 1394 2841 usque
1453 2753 1539 2822 ad
1601 2752 1985 2824 secundum
2047 2754 2245 2823 Urbis
2302 2753 2734 2836 milliarium,

201 2842 269 2911 in
327 2842 472 2912 loco
505 2842 625 2928 qui
651 2841 907 2911 dicitur
934 2843 1404 2921 catacumbas,
1441 2841 1768 2911 collocata
1804 2856 1986 2912 sunt.
2025 2843 2151 2912 Sed
2184 2843 2352 2912 dum
2381 2866 2461 2914 ea
2490 2842 2739 2913 exinde

202 2929 424 3000 levare
476 2929 704 2999 omnis
749 2951 987 2999 eorum
1038 2930 1405 3000 multitudo
1442 2931 1858 3000 conveniens
1920 2931 2271 3010 niteretur,
2331 2931 2422 3002 ita
2468 2954 2586 3002 eos
2634 2931 2740 3001 vis

202 3019 487 3088 tonitrui
533 3032 737 3105 atque
783 3018 1080 3111 fulguris
1129 3020 1363 3089 terruit
1396 3041 1474 3088 ac
1523 3018 1870 3109 dispersit,
1908 3033 1985 3089 ut
2033 3020 2198 3090 talia
2229 3020 2457 3090 denuo
2506 3020 2739 3089 nulla-

203 3119 401 3178 tenus
449 3118 707 3177 tentare
772 3119 1307 3197 praesumerent.
1352 3113 1539 3177 Tunc
1594 3120 1826 3177 autem
1874 3121 2197 3180 exeuntes
2245 3110 2561 3189 Romani,
2622 3130 2738 3181 eo-

198 3218 356 3265 rum
403 3215 688 3285 corpora
735 3196 858 3282 qui
903 3197 1033 3266 hoc
1064 3217 1144 3265 ex
1193 3196 1459 3265 Domini
1509 3195 1753 3296 pietate
1804 3207 2248 3277 meruerunt,
2289 3197 2618 3277 levavere,
2674 3208 2741 3266 et

196 3285 265 3354 in
322 3285 515 3365 locis,
569 3284 824 3370 quibus
872 3307 1057 3355 nunc
1111 3295 1273 3354 sunt
1327 3283 1623 3365 condita,
1673 3299 2072 3375 posuerunt.
2113 3285 2278 3367 Quis
2326 3307 2511 3377 ergo,
2554 3307 2741 3355 sere-

195 3374 489 3443 nissima
539 3373 845 3454 Domina,
881 3386 1020 3442 tam
1070 3373 1472 3443 temerarius
1520 3374 1735 3464 possit
1780 3375 2084 3463 existere,
2140 3386 2218 3442 ut
2266 3375 2432 3445 haec
2481 3374 2736 3455 sciens,

197 3483 436 3531 eorum
484 3483 774 3551 corpora
821 3483 956 3531 non
1006 3462 1158 3531 dico
1208 3475 1505 3551 tangere,
1545 3461 1663 3531 sed
1697 3461 1797 3530 vel
1848 3462 2289 3549 aliquatenus
2345 3476 2741 3553 praesumat

194 3550 585 3640 inspicere?
632 3555 803 3619 Dum
854 3551 1065 3641 igitur
1104 3549 1265 3620 talia
1314 3550 1486 3619 mihi
1523 3572 1564 3619 a
1609 3551 1802 3620 vobis
1850 3562 2212 3642 praecepta
2241 3563 2425 3634 sunt,
2465 3551 2551 3621 de
2581 3553 2738 3639 qui-

194 3639 332 3709 bus
377 3640 618 3729 parere
665 3638 1060 3712 nullatenus
1108 3638 1506 3730 potuissem,
1537 3651 1878 3726 quantum
1925 3640 2224 3721 inveni0‚
2261 3662 2399 3710 non
2431 3653 2733 3711 vestrum

192 3741 321 3808 est,
384 3727 504 3797 sed
552 3726 837 3814 quidam
900 3728 1215 3799 homines
1279 3739 1515 3797 contra
1565 3750 1674 3798 me
1723 3727 2040 3818 pietatem
2093 3740 2388 3799 vestram
2440 3729 2734 3799 excitare

191 3816 585 3896 voluerunt,
623 3828 702 3885 ut
747 3816 918 3885 mihi
965 3815 1145 3903 quod
1197 3816 1397 3896 absit,
1435 3816 1803 3886 voluntatis
1830 3832 2087 3889 vestrae
2135 3818 2426 3907 gratiam
2463 3820 2736 3888 subtra-

191 3905 477 3975 herent:
531 3917 600 3974 et
631 3917 984 3996 propterea
1020 3905 1506 3992 quaesiverunt
1553 3904 1963 3995 capitulum,
2004 3905 2088 3974 de
2120 3928 2256 3993 quo
2291 3906 2482 3976 vobis
2530 3906 2732 3994 quasi

191 3994 602 4065 inobediens
648 3993 1010 4064 invenirer.
1067 3994 1194 4065 Sed
1244 3993 1315 4063 in
1364 3995 1816 4083 omnipotenti
1867 3995 2153 4064 Domino
2212 3994 2509 4074 confido,
2567 3994 2740 4082 quia

194 4082 388 4153 nullo
435 4081 642 4152 modo
673 4082 1206 4173 benignissimae
1231 4082 1564 4153 voluntati
1595 4083 2002 4173 subripitur,
2040 4095 2104 4153 et
2129 4095 2525 4153 sanctorum
2562 4088 2744 4174 Apo-

192 4171 527 4241 stolorum
583 4170 925 4243 virtutem.
977 4194 1151 4259 quos
1215 4183 1347 4241 toto
1411 4172 1615 4241 corde
1674 4184 1740 4240 et
1798 4185 2022 4241 mente
2083 4172 2398 4264 diligitis,
2458 4194 2596 4243 non
2655 4194 2738 4241 ex

190 4259 534 4350 corporali
583 4262 987 4351 praesentia,
1026 4260 1144 4330 sed
1191 4282 1272 4330 ex
1323 4260 1736 4351 protectione
1782 4281 2053 4350 semper
2104 4261 2471 4338 habebitis.
2520 4260 2743 4331 Suda-

191 4350 374 4419 rium
424 4370 578 4417 vero
624 4348 808 4435 quod
857 4348 1175 4418 similiter
1220 4350 1590 4419 transmitti
1629 4349 1987 4440 jussistis,
2043 4371 2208 4419 cum
2254 4371 2539 4440 corpore
2590 4350 2745 4437 ejus

185 4451 321 4509 est:
373 4437 560 4525 quod
596 4437 689 4508 ita
730 4436 915 4529 tangi
966 4458 1101 4507 non
1152 4448 1390 4527 potest,
1425 4440 1604 4508 sicut
1653 4460 1778 4507 nec
1825 4438 1911 4507 ad
1961 4460 2213 4530 corpus
2241 4439 2432 4509 illius
2462 4436 2726 4508 accedi.
