3327 4999
185 320 434 388 MART.
492 322 576 387 ⁴6
903 342 982 389 na
1029 343 1087 390 s.
1141 344 1492 392 arnimaro
1538 343 1762 395 conon.
1815 345 2016 395 nmsc.
2526 329 2641 392 32⁴

190 418 625 518 hujusmodi,
666 431 756 520 'ut
802 422 1133 507 quoniam
1177 423 1314 493 vita
1370 423 1764 493 mortalium
1817 427 2078 494 incerta
2124 434 2247 504 est,
2304 425 2362 494 si
2409 447 2616 511 quem
2665 448 2746 495 ex

191 528 365 605 lpsis
418 519 790 578 necessitas
841 511 1081 581 mortis
1132 526 1688 603 praeoccuparet,
1723 512 1894 583 alter
1925 514 2353 600 quicumque
2398 526 2749 604 superstes

187 607 547 693 einsteret,
603 609 834 665 votum
889 598 1264 686 perficeret.
1336 605 1501 670 Cum
1554 623 1718 692 ergo
1766 603 2007 672 beatus
2055 601 2453 673 Heribertus
2503 624 2752 692 propo-

186 696 405 751 sltum
453 684 788 784 electOUin
841 685 989 755 loco
1037 701 1435 757 construere
1482 702 1747 779 optaret
1793 691 2231 770 coenobium,
2287 702 2351 758 et
2399 712 2749 776 nusquam
2803 686 2810 695 ’

185 770 421 840 locum
475 785 825 861 reperiret,
879 796 1086 860 quem
1135 789 1372 866 aptum
1435 790 1704 868 putaret
1745 780 1910 848 satis
1948 789 2012 847 et
2062 778 2414 847 idoneum:
2467 800 2750 848 conver-

189 871 531 959 tens-sese
578 860 663 928 ad
708 862 1080 931 Dominum
1130 877 1578 952 sanctamque
1625 866 1776 954 ejus
1825 867 2236 936 Genitricem
2272 866 2340 934 in
2367 866 2656 956 jejuniis
2686 877 2753 935 et

190 951 651 1048 orationibuS,
694 949 1086 1038 postulabat
1134 953 1265 1023 sibi
1316 953 1540 1042 ipsius
1587 955 1876 1023 revelari
1925 955 2371 1023 voluntatem.
2409 954 2591 1022 Fecit
2621 955 2752 1023 hoc

187 1048 558 1118 lnstanter,
594 1050 659 1104 et
690 1059 827 1105 non
876 1050 1034 1107 ante
1081 1039 1364 1122 destitit,
1416 1042 1635 1110 donec
1667 1044 1816 1111 suis
1853 1043 2280 1131 condignum
2334 1042 2597 1110 meritis
2644 1064 2752 1110 re·-

193 1125 872 1223 sponsumroelitus
920 1129 1204 1217 accepit.
1269 1131 1575 1216 Denique
1622 1144 1820 1200 nocte
1865 1131 2193 1216 quadam,
2232 1130 2401 1199 dum
2456 1142 2608 1220 post
2653 1129 2753 1198 vi-

187 1212 399 1369 ἓιίιειε
446 1212 728 1302 fatigata
777 1216 1008 1304 sopori
1059 1218 1371 1287 membra
1418 1218 1743 1299 dedisset,
1781 1240 1936 1287 ecce
1983 1218 2176 1289 adest
2210 1241 2332 1308 per
2365 1218 2590 1286 visum
2630 1217 2753 1286 illa

238 1312 391 1369 eata
465 1302 872 1400 angelorum
941 1316 1006 1372 et
1060 1305 1372 1373 omnium
1425 1307 1689 1396 Regina
1738 1312 2196 1376 Sanctorum:
2251 1328 2429 1393 quae
2477 1305 2748 1375 stellato

187 1389 443 1457 sedens
505 1390 712 1470 solio,
767 1389 983 1459 latum
1048 1404 1112 1461 et
1173 1394 1486 1483 amplum
1522 1395 1874 1464 coelorum
1911 1417 2082 1479 ‚cum
2135 1393 2303 1462 Filio
2352 1416 2478 1462 suo
2577 1393 2753 1463 ossi-

189 1476 366 1576 dens
414 1498 733 1576 regnum,
779 1500 917 1577 non
968 1482 1510 1571 parvipendebat
1559 1483 1764 1551 etiarn
1819 1483 1947 1552 hoc
1997 1503 2313 1569 parvum.
2367 1503 2504 1568 quo
2616 1480 2751 1550 sibi

189 1587 264 1633 ιιι
331 1577 570 1665 terr1s·
606 1565 796 1634 fideli
844 1567 1201 1638 devotione
1268 1571 1682 1640 offerebatur
1750 1571 2211 1640 domicilium.
2266 1575 2343 1641 Et
2389 1570 2747 1653 assistenS,

191 1676 229 1718 «
286 1655 802 1753 Sciasnlnquit,
856 1677 895 1723 o
944 1658 1319 1745 Heriberte‚
1362 1659 1721 1728 exauditas
1767 1680 1918 1728 esse
1966 1658 2310 1728 orationes
2358 1670 2556 1739 tuas:
2602 1659 2753 1748 jam

190 1762 353 1810 ecce
391 1763 586 1810 venio
633 1743 716 1810 ad
770 1756 855 1822 te,
901 1756 978 1813 ut
1023 1745 1323 1815 indicem
1373 1747 1523 1828 tibi,
1561 1760 1820 1827 votum,
1859 1747 2044 1833 quod
2097 1757 2323 1816 mente
2371 1747 2579 1837 geris,
2614 1766 2754 1832 quo

198 1830 271 1897 in
325 1828 475 1897 loco
536 1830 874 1929 perficias,
942 1837 1080 1921 Ego
1140 1834 1325 1902 enim
1391 1855 1546 1903 sum
1618 1835 1830 1903 Maria
1897 1841 2104 1904 Mater
2165 1834 2462 1904 Domini.
2538 1839 2755 1923 Surge

195 1939 387 2016 ergo,
425 1929 492 1985 et
523 1919 862 2017 Divitense
894 1933 1198 1991 castrum
1236 1934 1472 2011 petens
1500 1923 1789 2011 (nuicz),
1855 1922 2082 1991 locum
2133 1921 2204 1990 in
2254 1922 2491 1991 eodem
2545 1943 2754 1988 mun-

200 2006 357 2073 dari
404 2027 746 2095 praecipe:
801 2008 1035 2094 ibique
1096 2011 1592 2079 monasterium
1660 2016 1816 2088 Deo,
1873 2011 2047 2079 mihi
2093 2023 2160 2078 et
2204 2009 2533 2078 omnibus
2583 2013 2751 2077 San-

198 2094 333 2162 ctis
399 2094 786 2163 constitue:
843 2108 921 2165 ut
982 2098 1105 2166 ubi
1170 2097 1523 2185 quondam
1574 2098 1954 2167 abundavit
2004 2111 2359 2185 peccatum
2408 2110 2475 2165 et
2520 2095 2753 2166 cultus

201 2182 650 2280 daemonum,
689 2182 783 2251 ibi
813 2184 1085 2273 justitia
1120 2197 1354 2277 regnet
1386 2186 1456 2255 in
1494 2186 1943 2259 multitudine
1975 2191 2458 2255 Sanctorum.»
2492 2184 2613 2252 His
2645 2184 2754 2251 di-

200 2282 360 2346 ctis,
416 2271 928 2369 misericordiae
978 2279 1186 2342 Mater
1232 2274 1600 2364 disparuit,
1655 2275 1854 2343 beato
1903 2273 2163 2342 scilicet
2210 2273 2356 2342 viro
2390 2272 2758 2362 evigilante

201 2368 412 2441 atque
476 2371 568 2427 ita
624 2358 972 2429 relabente
1017 2384 1058 2430 a
1105 2361 1473 2431 dulcedine
1535 2374 1762 2432 tantae
1827 2362 2134 2430 visionis
2188 2365 2347 2430 Erat
2395 2372 2626 2429 autem
2675 2360 2750 2427 in

197 2444 439 2547 eodem
465 2458 686 2518 castro
713 2447 841 2518 sita
880 2450 1109 2532 chors,
1152 2451 1501 2541 pertinens
1530 2451 1615 2520 ad
1652 2450 2008 2520 servitium
2051 2449 2409 2540 episcopii.
2450 2454 2755 2538 Surgens

197 2547 438 2625 1g1tur,
495 2548 559 2604 et
606 2537 863 2626 gratias
912 2543 1045 2608 Deo
1093 2539 1300 2608 corde
1345 2552 1410 2609 et
1456 2561 1573 2609 ore
1620 2540 2063 2609 devotissime
2109 2560 2346 2628 agenS,
2394 2537 2757 2606 confestim

194 2623 594 2780 praedictae
641 2625 900 2695 chortis
949 2628 1473 2697 ministerialem
1521 2628 1905 2708 accersivit,
1940 2627 2290 2717 jussitque
2320 2637 2757 2712 quantocyus

226 2733 431 2779 ocum
482 2713 873 2812 emundari,
924 2716 1258 2800 quoniam
1308 2716 1513 2806 Regis
1559 2715 1912 2785 coelorum
1943 2727 2008 2784 et
2039 2714 2405 2784 Genitricis
2435 2714 2586 2803 eius
2607 2713 2759 2812 jam

196 2799 477 2869 deberet
523 2823 720 2870 curia
773 2801 946 2871 fieri.
1002 2808 1426 2891 Factumque
1464 2817 1587 2885 est,
1641 2816 1706 2873 et
1756 2814 2108 2893 exportata
2151 2824 2383 2872 rerum
2437 2821 2754 2870 omnium

196 2909 380 2974 quae
419 2888 638 2958 multa
671 2904 838 2974 erat,
874 2891 1098 2980 copia,
1135 2892 1340 2961 citius
1388 2914 1596 2979 quam
1650 2893 1915 2982 sperari
1967 2901 2249 2981 poterat,
2291 2890 2484 2960 locus
2514 2909 2762 2957 emun—

203 2978 410 3045 datus
438 2989 563 3046 est.
600 2977 787 3078 Quid·
810 2979 1062 3047 multa?
1088 2981 1303 3050 sactis
1333 2979 1832 3062 fundamentis,
1869 2979 2188 3049 alacriter
2217 2990 2421 3065 atque
2450 2976 2764 3046 celeriter

197 3077 557 3135 structura
605 3087 917 3156 speciosa
966 3068 1285 3138 surrexit.

288 3154 326 3239 ξ
372 3159 506 3225 11.
561 3156 907 3243 Operandi
954 3156 1239 3225 virtutes
1287 3156 1398 3224 hic
1427 3157 1672 3225 beatus
1718 3178 1758 3224 a
1793 3154 2056 3245 Spiritu
2089 3159 2357 3234 Sanct0,
2411 3152 2764 3221 dividente

201 3240 506 3330 singulis
555 3254 759 3332 prout
814 3244 982 3324 vult,
1036 3244 1331 3334 gratiam
1365 3243 1631 3324 habuit,
1687 3243 1806 3313 sed
1865 3241 2159 3332 gloriam
2210 3261 2482 3330 semper
2536 3240 2760 3328 fugit:

199 3329 466 3419 quippe
511 3331 635 3416 qui
694 3352 854 3421 egre
908 3332 968 3400 ie
1018 3345 1249 3401 custos
1314 3331 1764 3412 humilitatis,
1820 3330 2133 3409 nolebat,
2188 3330 2402 3398 immo
2460 3327 2769 3418 fugiebat

193 3418 543 3508 justitiam
587 3441 789 3488 suam
823 3443 861 3488 a
951 3420 1356 3490 hominibus
1396 3419 1637 3488 videri.
1702 3418 2005 3504 Denique
2054 3417 2295 3486 talium
2353 3415 2654 3485 maxime
2693 3438 2771 3485 o-

201 3527 451 3597 perum
487 3506 664 3587 luce,
720 3520 1120 3577 sanctorum
1170 3508 1307 3576 vita
1350 3529 1584 3576 coram
1648 3506 2057 3576 hominibus
2103 3505 2490 3574 innotescit.
2544 3504 2770 3594 Hujus

203 3593 308 3663 rei
355 3592 625 3664 clarum
674 3597 842 3666 satis
888 3609 955 3666 et
991 3596 1274 3666 evidens
1309 3595 1650 3665 indicium
1700 3606 1803 3664 est
1840 3593 2023 3681 quod
2065 3616 2226 3663 cum
2262 3592 2556 3682 gratiam
2587 3592 2770 3661 hanc

202 3683 512 3761 haberet,
558 3695 635 3752 ut
676 3684 829 3772 jam
868 3684 1133 3753 dictum
1181 3696 1306 3765 est,
1385 3705 1776 3769 numquam
1833 3696 2062 3752 tamen
2099 3702 2370 3771 precem
2405 3680 2492 3750 ad
2536 3680 2771 3749 Domi-

202 3793 383 3862 num
422 3769 685 3842 fudisse
731 3775 1073 3861 reperitur
1111 3794 1234 3862 pro
1272 3771 1648 3842 cu'uslibet
1684 3770 2080 3860 operatione
2132 3768 2444 3839 virtutis:
2491 3768 2612 3838 sed
2663 3768 2771 3836 ni-

201 3858 592 3932 hilominus
628 3881 749 3949 per
780 3881 942 3930 eum
974 3859 1312 3931 nonnulla
1379 3872 1531 3929 acta
1576 3870 1741 3929 sunt
1789 3857 2128 3928 miracula
2173 3857 2539 3947 ejusmodi,
2595 3877 2774 3925 non-

202 3969 598 4034 numquam
639 3948 874 4029 invito,
930 3970 1460 4035 nonnumquam
1492 3961 1559 4018 et
1596 3947 1945 4016 nesciente
2002 3946 2178 4036 ipso,
2236 3945 2415 4014 sicut
2478 3966 2774 4031 sequens

206 4057 440 4110 sermo
486 4035 888 4106 declarabit.
943 4041 1424 4107 Verumtamen
1458 4036 1530 4104 in
1583 4035 1713 4104 hac
1755 4034 2154 4103 laudatione
2201 4032 2615 4102 humilitatis
2646 4034 2777 4102 hu-

191 4127 346 4217 juS,
387 4125 562 4193 nihil
614 4147 1030 4215 magnorum
1074 4130 1483 4194 Sanctorum
1513 4122 1904 4193 auctoritati
1955 4122 2056 4190 vel
2098 4121 2359 4214 gloriae
2421 4122 2778 4212 derogavit

202 4214 333 4304 qui
366 4234 406 4281 o
459 4236 542 4285 us
581 4213 791 4303 hujus
839 4213 1099 4304 gratiae
1138 4212 1313 4283 susis
1353 4233 1684 4303 persaepe
1774 4211 2047 4280 recibus
2088 4212 2499 4311 impetrasse
2526 4210 2774 4298 legun-

203 4317 345 4374 tur.
458 4301 650 4371 mnia
697 4323 998 4389 namque
1045 4314 1321 4391 tempus
1370 4302 1648 4380 habent,
1766 4298 1883 4369 icit
1951 4299 2415 4369 Ecclesiastes.
2473 4298 2778 4383 Denique

203 4392 393 4464 sicut
424 4389 509 4459 de
557 4390 928 4481 generibus
963 4389 1366 4482 linguarum
1400 4411 1577 4479 quae
1597 4388 1686 4459 ab
1724 4388 1965 4460 eodem
2003 4388 2255 4480 spiritu
2285 4388 2564 4467 dantur,
2609 4384 2778 4455 dicit

373 4515 662 4574 surius·
689 4513 852 4576 Vicae
876 4514 986 4577 SS.
1010 4543 1035 4559 -
1056 4512 1182 4573 Vol.
1224 4511 1331 4571 111.
2541 4509 2615 4565 21
