3327 4999
400 356 411 451 l

410 466 427 551 l

628 347 759 414 238
1436 362 1515 410 nn
1561 362 1615 409 s.
1671 359 1984 410 caracam
2032 360 2193 409 PAPA
2701 344 2947 412 MART.
3003 347 3090 411 ⁴2

535 456 802 518 constat
848 443 1180 515 nimirum
1220 443 1384 530 quia
1414 443 1646 532 plures
1681 442 1892 513 libros
1920 463 2129 529 quam
2158 462 2345 510 nunc
2374 440 2783 520 habeantur,
2809 465 3093 534 compo-

537 536 700 606 suit.
754 540 1058 618 Quorum
1107 532 1511 601 memoriam
1552 531 1837 618 quidam
1875 530 1948 598 in
1982 530 2370 621 Episcopali
2418 552 2545 599 suo
2587 532 3084 624 perstringens,

535 625 672 695 ait:
732 624 902 705 Job,
957 620 1286 703 Ezechiel,
1341 620 1706 711 Evangelia
1753 633 1818 689 et
1870 619 2282 689 Pastoralem
2355 620 2671 709 exposuit
2735 633 2800 690 et
2869 622 3096 693 multa

538 713 704 783 alia:
754 725 832 782 ut
878 709 1258 781 subaudias
1302 709 1652 799 quaejam
1701 708 1997 778 inveniri
2035 729 2170 778 non
2224 721 2532 795 possunt.
2588 709 2925 791 Quoniam
2979 733 3094 780 re·-

535 824 696 872 vera
728 813 884 871 ante
931 820 1266 869 succensa
1314 811 1477 868 sunt
1523 819 1731 886 quam
1782 797 1964 867 edita
1996 852 2012 879 ,
2066 798 2245 866 sicut
2293 796 2559 884 reliqua
2609 798 2831 887 ipsius
2878 821 3094 890 opera

538 912 715 978 quae
762 909 951 958 nunc
998 888 1069 956 in
1121 898 1357 957 sancta
1405 892 1713 957 Romana
1762 886 2144 956 retinentur
2173 885 2471 955 Ecclesia
2516 884 2745 957 adhuc
2794 888 2924 959 sub
2971 912 3098 957 cu-

536 979 780 1060 stodia,
837 976 1238 1067 neaepenitus
1286 975 1755 1067 vulgarentur.
1813 998 1849 1041 »

625 1069 662 1155 ἓ
736 1072 887 1139 61.
942 1072 1178 1152 Itaque
1225 1065 1285 1134 si
1333 1065 1680 1135 curiosius
1756 1064 2257 1154 perpendatur,
2324 1085 2528 1133 omne
2575 1065 2883 1167 Gregorii
2949 1078 3095 1135 tra·

538 1155 772 1227 ctandi
820 1166 1095 1245 tempus
1140 1177 1278 1241 quo
1320 1154 1552 1233 libros,
1603 1155 1725 1241 qui
1772 1175 1961 1222 nunc
2010 1153 2387 1234 habentur,
2443 1167 2794 1243 exposuit,
2847 1177 2884 1223 a
2936 1154 3093 1224 dia-

536 1267 710 1315 cono
742 1266 868 1313 suo
898 1264 1120 1330 usque
1144 1243 1231 1311 ad
1273 1242 1735 1332 penultimum
1769 1242 1879 1313 sui
1913 1242 2351 1332 pontificatus
2377 1264 2640 1313 annum
2672 1244 3084 1313 extenditur.

536 1340 615 1404 Et
664 1333 820 1403 licet
867 1332 1474 1422 Longobardorum
1533 1331 1825 1421 perfidia
1876 1332 2253 1411 saeviente,
2311 1342 2460 1419 post
2506 1332 2878 1403 Ezechielis
2925 1338 3088 1401 Tra-

537 1435 762 1492 ctatus
810 1422 897 1491 ab
945 1421 1365 1511 expositione
1430 1420 1767 1490 librorum
1821 1419 2176 1501 destiterit,
2241 1421 2328 1489 ab
2384 1420 2808 1508 exponendis
2856 1433 3085 1491 tamen

535 1510 870 1603 epistoliS‚
910 1510 1247 1597 quamdiu
1295 1509 1516 1578 vivere
1546 1508 1790 1600 potuit,
1828 1530 2208 1595 numquam
2259 1508 2544 1578 omnino
2572 1510 2879 1580 cessavit.
2908 1515 3091 1593 Qua-

532 1623 692 1670 rum
743 1599 1057 1668 videlicet
1104 1611 1199 1667 tot
1248 1598 1457 1667 libros
1505 1598 1576 1666 in
1628 1597 1883 1668 scrinio
1904 1597 2291 1684 dereliquit,
2327 1609 2494 1685 quot
2535 1620 2756 1668 annos
2803 1599 3085 1668 advixit.

534 1688 727 1758 Unde
766 1687 1401 1758 tertiumdecimum
1468 1686 1915 1777 epistolarum
1984 1685 2242 1756 librum
2293 1708 2364 1755 se
2420 1688 2623 1756 timae
2689 1686 3091 1758 indictionis
3153 1770 3160 1777 .

531 1776 1010 1868 imperfectum
1062 1775 1360 1862 reliquit,
1414 1774 1743 1862 quoniam
1794 1775 1877 1844 ad
1929 1775 2237 1864 ejusdem
2272 1775 2339 1843 in
2402 1776 2670 1844 ictionis
2702 1779 3079 1847 terminum

532 1888 671 1936 non
722 1867 1019 1956 pertigit.
1074 1870 1165 1933 Ex
1212 1886 1509 1952 quarum
1562 1862 2007 1934 multitudine
2056 1864 2263 1955 primi
2311 1864 2589 1933 Adriani
2637 1869 2858 1955 Papae
2909 1878 3084 1935 tem-

535 1955 822 2046 poribus
886 1954 1225 2041 quaedam
1288 1952 1616 2043 epistolae
1677 1953 2049 2022 decretales
2097 1975 2220 2044 per
2282 1953 2596 2044 singulas
2673 1953 3084 2025 indictiones

534 2055 890 2134 excerptae
938 2055 1124 2123 sunt,
1176 2054 1241 2112 et
1289 2043 1357 2111 in
1389 2041 1667 2111 duobus
1694 2041 2189 2124 voluminibuS,
2244 2042 2446 2112 sicuti
2497 2040 2700 2112 modo
2747 2044 3078 2125 cernitur,

532 2142 1007 2224 congregatae.
1062 2137 1139 2200 Et
1193 2130 1560 2222 Gregorius
1598 2131 2020 2221 jamdudum
2074 2131 2142 2198 in
2181 2130 2594 2200 monasterio
2635 2132 2925 2220 posituS,
2963 2133 3085 2203 ubi

531 2244 692 2291 eum
727 2221 1017 2312 angelus
1071 2221 1336 2289 Domini
1387 2220 1517 2291 sub
1569 2220 1810 2290 habitu
1857 2218 2172 2310 naufragi
2243 2220 2654 2290 scribentem
2705 2234 3071 2310 repererat,

531 2310 864 2380 nimirum
914 2310 1253 2397 quaedam
1303 2309 1696 2388 dictaverat,
1749 2322 1826 2376 ut
1854 2308 1940 2376 ad
1988 2308 2480 2398 expositionem
2521 2320 2744 2378 tantae
2794 2310 3083 2400 profun-

531 2399 787 2480 ditatis,
840 2420 1049 2486 quam
1099 2398 1169 2467 in
1222 2398 1396 2466 libro
1441 2397 1572 2467 ‚lob
1624 2409 1977 2487 penetrare
2027 2397 2268 2498 potuit,
2325 2419 2403 2466 eo
2461 2397 2762 2487 paratior
2811 2421 2950 2486 quo
3000 2420 3081 2469 ex

531 2487 840 2558 dictandi
886 2486 1390 2558 consuetudine
1436 2485 1721 2567 doctior,
1767 2498 2171 2576 perveniret.

627 2579 664 2666 ξ
707 2581 845 2647 62
896 2577 952 2646 ²⁶.
1012 2582 1188 2667 Ergo
1236 2575 1603 2667 Gregorius
1647 2575 1716 2642 in
1771 2575 2088 2645 diaconio
2139 2597 2288 2657 suu,
2328 2575 2493 2644 dum
2546 2574 2743 2644 illum
2796 2577 2866 2645 in
2911 2582 3081 2646 Con-

534 2665 1146 2822 stantinoffolitana
1206 2665 1377 2733 urbe
1424 2663 1607 2734 sedis
1654 2663 2075 2753 Apostolicae
2121 2686 2454 2754 responsa
2499 2665 2802 2736 constrin
2857 2677 3071 2747 erent,

531 2766 597 2824 et
643 2759 818 2823 Lean
879 2776 1029 2823 rum
1081 2753 1469 2843 Hispanum
1516 2774 1552 2820 e
1608 2752 1920 2842 iscopum
1972 2753 2286 2840 injuncta
2321 2775 2443 2843 pro
2486 2755 2715 2823 causis
2747 2754 2792 2822 fi
2845 2756 2906 2823 ei
2941 2755 3077 2824 wi-

532 2843 963 2934 sigothorum
997 2842 1094 2911 ibi
1129 2841 1378 2933 legatio
1413 2864 1533 2931 per
1586 2841 1864 2922 uxisset,
1900 2842 2137 2911 eodem
2173 2842 2500 2922 Leandro,
2537 2843 2720 2912 sicut
2750 2843 2818 2911 in
2856 2843 3076 2934 primo

531 2931 707 3000 libro
758 2931 1014 2999 dixisse
1063 2953 1172 3000 me
1220 2930 1466 3011 recole,
1518 2952 1679 2999 cum
1728 2930 2079 3010 fratribus,
2124 2942 2288 3000 tunc
2336 2930 2660 3022 Gregorio
2693 2931 3072 3001 adhaeren-

532 3019 756 3100 tibus,
811 3019 1404 3110 importunissime
1449 3019 1924 3108 compellente,
1977 3019 2234 3089 librum
2284 3019 2461 3090 beati
2509 3020 2640 3088 Job
2688 3021 2910 3111 coepit
2955 3041 3074 3089 ex-

528 3130 807 3200 ponere.
860 3108 1128 3190 Quibus
1174 3129 1406 3178 coram
1457 3107 1743 3198 positis,
1799 3108 2030 3198 priora
2079 3108 2236 3176 libri
2286 3110 2417 3179 sub
2471 3107 2694 3180 oculis
2742 3110 2950 3179 dixit:
3008 3120 3078 3179 et

529 3197 695 3284 quia
743 3209 1016 3287 tempus
1051 3198 1256 3286 paulo
1295 3196 1649 3268 vacantius
1699 3197 1971 3287 reperit,
2039 3197 2414 3287 posteriora
2466 3198 2823 3267 tractando
2855 3199 3075 3268 dicta-

523 3287 643 3356 vit.
681 3290 987 3372 Cumque
1034 3286 1097 3356 ei
1138 3286 1359 3377 spatia
1404 3286 1704 3386 largiora
1750 3298 2213 3377 suppeterent,
2255 3286 2475 3356 multa
2522 3308 2809 3387 augens,
2853 3309 3079 3376 pauca

527 3375 965 3456 subtrahenS‚
1003 3387 1207 3462 atque
1249 3376 1362 3457 ita,
1400 3387 1477 3445 ut
1515 3386 1791 3443 inventa
1839 3388 2032 3457 sunt,
2070 3375 2406 3445 nonnulla
2442 3375 2955 3463 derelinquens.
2994 3398 3078 3445 ea

522 3485 699 3553 quae
732 3486 802 3535 se
834 3462 1153 3551 loquente
1180 3475 1461 3555 excepta
1493 3464 1623 3536 sub
1655 3463 1877 3534 oculis
1909 3463 2202 3540 fuerant,
2240 3486 2362 3554 per
2395 3464 2608 3535 libros
2638 3465 3076 3535 emendando

524 3554 938 3642 composuit.
994 3553 1124 3636 Qui
1170 3576 1332 3623 cum
1373 3554 1521 3645 jam
1571 3552 1793 3623 factus
1839 3554 2232 3643 episcopus,
2287 3559 2541 3623 Romae
2590 3567 2936 3643 postrema
2961 3554 3070 3622 di-

524 3654 760 3724 ctaret,
799 3664 936 3729 quo
969 3643 1147 3732 stylo
1183 3644 1406 3733 prima
1435 3642 1720 3715 dixerat.
1757 3641 2021 3712 solicite
2052 3641 2412 3712 attendens
2444 3644 2604 3734 egit,
2649 3654 2726 3713 ut
2756 3665 2859 3717 ea.
2894 3664 3076 3729 quae

522 3731 796 3801 locutus
843 3730 1084 3805 fuerat.
1140 3731 1450 3802 studiosa
1507 3731 1989 3801 emendatione
2037 3742 2542 3801 transcurrens.
2595 3731 2795 3818 quasi
2835 3731 2922 3800 ad
2973 3733 3071 3801 si·-

522 3819 990 3890 militudinem
1040 3820 1366 3891 dictantis
1414 3820 1728 3921 erigeret,
1782 3832 1848 3889 et
1892 3842 1973 3890 ea
2017 3841 2194 3907 quae
2245 3819 2642 3891 dictaverat.
2682 3841 2820 3889 non
2863 3820 3070 3911 longe

521 3931 561 3977 a
598 3909 1054 3996 colloquentis
1101 3931 1417 3982 sermone
1464 3910 1959 3996 discreparent:
1998 3920 2340 3995 quatenus
2371 3909 2536 3978 dum
2575 3909 2703 3979 hoc
2739 3909 3070 3988 tenditur,

522 3996 699 4068 illud
736 3999 1127 4078 attrahitur,
1164 3999 1344 4069 edita
1394 3998 1600 4068 modo
1647 3997 1998 4072 dissimili.
2054 4019 2162 4067 res
2216 4020 2350 4068 non
2404 3997 2772 4067 dissimilis
2819 3997 3078 4068 sorma-

531 4099 730 4157 retur.
800 4089 1128 4171 Quamvis
1193 4089 1457 4159 tertiam
1519 4087 1741 4177 ipsius
1799 4087 2026 4177 operis
2088 4099 2396 4177 partem,
2462 4099 2538 4157 ut
2612 4086 3073 4174 colloquendo

536 4177 838 4265 protulit,
882 4198 1055 4268 pene
1087 4177 1178 4246 ita
1218 4176 1608 4264 dereliquit:
1651 4177 1812 4264 quia
1848 4176 2016 4245 dum
2056 4198 2215 4245 eum
2261 4176 2505 4245 fratres
2545 4175 2629 4245 ad
2679 4175 2818 4245 alia
2864 4197 3075 4265 expo-

535 4266 753 4335 nenda
801 4266 1292 4356 pertraherent,
1344 4267 1520 4335 hanc
1573 4266 1900 4335 subtilius
1946 4264 2302 4335 emendari
2353 4265 2749 4334 noluerunt.
2803 4264 3074 4347 Quibus

577 4385 602 4412 '¹‘
632 4384 828 4433 Quando
849 4386 898 4424 et
913 4393 1009 4433 quo
1026 4384 1208 4429 ordine.
1227 4385 1276 4424 et
1295 4385 1466 4433 quibus
1489 4384 1547 4423 de
1567 4384 1752 4423 caussis
1777 4385 1927 4432 Opera
1954 4393 2042 4424 sua
2070 4383 2328 4432 scripserit,
2358 4381 2452 4433 qua
2480 4384 2579 4424 sint
2611 4380 2906 4427 excellentia.
2933 4392 3079 4432 quam

531 4436 1156 4534 {uffinggegtgledffhtnclytus
1181 4439 1356 4478 Auctor
1374 4437 1587 4483 sentiret,
1604 4438 1662 4478 ad
1683 4437 1798 4487 quid
1816 4440 2006 4479 demum
2027 4437 2274 4479 scribendo
2292 4438 2575 4484 intenderet,
2603 4437 2652 4477 in
2683 4447 2762 4477 sex
2793 4446 2923 4487 seqq.
2950 4437 3080 4486 capi·
