3327 4999
703 315 788 380 32
1359 328 1440 374 ηε
1489 327 1546 373 s.
1602 324 2029 373 cucusenam
2075 325 2210 372 mr.
2264 327 2438 375 vmc.
2838 309 3082 375 MART.
3133 309 3170 376 3

619 414 881 508 placuit
928 413 1391 502 subjungere,
1443 431 1525 480 ex
1569 431 1710 495 quo
1783 408 2001 476 animi
2050 408 2240 481 illius
2299 411 2762 481 constantiam
2822 422 2888 481 et
2935 411 3176 512 rigoris

614 504 1041 575 severitatem
1091 500 1358 569 discere
1425 496 1704 588 poteris,
1759 495 2015 566 Habuit
2080 519 2318 566 secum
2388 499 2643 569 sororis
2699 521 2867 569 suae
2919 500 3172 580 filiam,

614 598 876 662 Juttam
913 589 1191 659 nomine
1238 608 1447 673 quam
1498 609 1538 655 a
1569 584 1817 675 primis
1865 585 2069 653 annis
2115 584 2504 669 educatam,
2557 588 2748 657 omni
2780 588 3170 680 disciplina,

613 678 1038 750 secularium
1084 697 1361 763 quoque
1409 674 1768 745 literarum
1816 673 2104 742 scientia
2178 674 2617 745 instruxerat.
2685 680 2866 746 Haec
2928 690 3173 746 mater-

614 782 856 847 teram,
895 787 1031 834 non
1067 764 1302 835 minus
1333 761 1689 852 religionis
1720 782 1932 848 quam
1981 761 2371 831 dilectionis
2418 784 2674 845 amore,
2724 764 2796 832 in
2834 777 3175 836 monaste-

615 857 720 926 rio
754 868 989 924 secuta
1038 866 1103 922 et
1149 864 1548 921 consecrata
1593 849 1747 919 fuit.
1805 854 1995 920 Hanc
2029 850 2099 918 in
2136 851 2466 921 omnibus
2508 852 2708 942 plene
2740 852 3171 933 instructam,

614 957 695 1015 ut
725 944 877 1033 ejus
913 943 981 1011 in
1043 940 1497 1019 orationibuS‚
1550 936 1810 1038 vigiliis
1857 958 1954 1037 ac·
1985 938 2281 1028 jejuniis
2348 941 2932 1029 perseverantiam
2989 955 3055 1011 et
3097 941 3177 1011 ad

619 1031 856 1102 omnia
892 1029 1292 1121 patientiam
1343 1038 1710 1118 perspexn,
1769 1047 2083 1094 omnium
2133 1048 2426 1096 assensu
2473 1041 2538 1097 et
2595 1040 2837 1119 rogatu
2887 1029 3179 1119 primam
3267 1036 3272 1043 '

616 1120 689 1189 in
725 1121 876 1209 ipso
906 1117 1235 1187 coenobio
1282 1139 1432 1185 eam
1484 1115 1908 1184 abbatissam
1973 1114 2320 1203 praefecit.
2375 1121 2548 1185 'sum
2599 1117 2790 1206 virgo
2853 1129 3074 1187 mater
3102 1116 3178 1186 fi-

616 1208 781 1277 liam
834 1206 1247 1296 suscipiens,
1295 1205 1498 1292 juxta
1548 1202 2162 1273 commonitionem
2218 1216 2555 1285 sanctam,
2585 1204 3016 1293 jamdudum
3064 1206 3179 1275 ha-

614 1296 858 1375 bitam,
902 1291 1459 1385 praecedentium
1515 1303 1790 1380 patrum
1826 1302 2138 1379 repetens
2187 1291 2514 1378 alloquia,
2555 1304 2787 1361 monet
2817 1294 2904 1362 ob
2941 1294 3178 1363 salutis

617 1385 939 1454 affectum
989 1381 1203 1451 utilia.
1234 1403 1311 1449 ac
1378 1384 1510 1449 Deo
1568 1378 1820 1470 placita
1869 1400 2072 1467 saepe
2119 1377 2370 1461 dicere,
2425 1379 2818 1467 frequenter
2890 1383 3170 1462 audire,

619 1472 857 1541 solitas
907 1469 1210 1560 religiosi
1258 1468 1528 1538 itineris
1577 1468 1722 1537 vias
1768 1488 1904 1534 non
1955 1465 2291 1547 deserere,
2332 1469 2553 1558 magis
2589 1468 2956 1558 magisque
3007 1491 3179 1539 erro-

617 1582 777 1629 rum
814 1558 1012 1627 devia
1060 1580 1140 1626 ac
1173 1555 1433 1627 diaboli
1479 1555 1745 1625 calcare
1791 1554 2142 1654 figmenta,
2204 1554 2469 1630 nullam
2524 1556 2662 1626 luci
2724 1578 2804 1625 ac
2857 1558 3174 1638 tenebriS,
3287 1558 3290 1569 ¹

616 1647 883 1717 veritati
941 1660 1145 1733 atque
1201 1643 1561 1714 mendacio
1596 1698 1611 1724 ,
1682 1642 2102 1732 turpitudini
2166 1655 2371 1729 atque
2419 1644 2758 1714 honestati
2830 1646 3024 1736 apud
3075 1646 3181 1715 Dei

620 1758 851 1806 servos
884 1734 1082 1803 docet
1105 1754 1254 1802 esse
1283 1730 1886 1802 communionem:
1921 1730 2185 1799 solicite
2217 1753 2479 1811 cavere,
2517 1754 2602 1801 ne
2637 1755 2811 1802 vana
2860 1734 3180 1805 sectando

618 1822 963 1892 desineret
995 1843 1143 1892 esse
1178 1819 1514 1909 templum
1549 1818 1689 1899 Dei,
1729 1839 1814 1885 ne
1846 1817 2038 1887 fieret
2076 1818 2404 1888 habitatio
2440 1821 2906 1903 tenebrarum,
2951 1845 3038 1892 ne
3067 1823 3180 1892 fie-

618 1923 723 1981 ret
768 1910 1129 1979 daemonis
1170 1919 1725 1986 monumentum,
1765 1905 2034 1976 lumina
2082 1928 2212 1977 sua
2254 1907 2464 1998 figere
2505 1909 2573 1978 in
2608 1909 2724 1978 Dei
2766 1925 3170 2001 aspectum:

620 1999 927 2100 primum
976 2019 1254 2085 quoque
1289 1995 1484 2065 docet
1516 1993 1761 2074 facere,
1799 2006 1875 2063 ut
1924 1993 2228 2064 fructum
2277 1995 2630 2066 doctrinae
2679 2019 2844 2067 suae
2906 1998 3068 2100 ipsa
3114 1999 3180 2067 in

620 2087 784 2167 ulis,
823 2092 954 2155 Deo
1002 2086 1395 2175 adjuvante,
1458 2083 1675 2173 possit
1723 2082 2054 2151 invenire.
2109 2088 2288 2153 Haec
2354 2098 2419 2152 et
2475 2085 2882 2173 hujusmodi
2936 2100 3180 2156 iterum
3289 2102 3290 2139 l

621 2188 826 2261 atque
859 2175 1109 2243 iterum
1145 2186 1452 2243 materno
1500 2170 1732 2241 studio
1777 2170 1840 2239 ei
1881 2170 2267 2252 inculcans,
2307 2172 2506 2258 quasi
2549 2173 2617 2242 in
2666 2174 3002 2244 omnibus
3040 2176 3181 2264 jam

620 2262 990 2353 perfectam
1042 2274 1104 2331 et
1155 2263 1303 2353 ipsa
1355 2259 1756 2349 magistram
1799 2259 2110 2328 venerari
2161 2263 2407 2350 coepit.
2463 2260 2593 2330 Illa
2639 2261 2761 2330 ubi
2813 2262 2880 2331 in
2936 2264 3180 2332 imma·

623 2364 777 2420 tura
825 2351 1135 2420 libertate
1171 2349 1391 2441 posita
1422 2360 1546 2428 est,
1584 2347 1920 2438 paulatim
1954 2370 1996 2417 a
2025 2348 2248 2416 riom-e
2275 2370 2402 2418 suo
2450 2349 2768 2430 deficere,
2824 2351 3176 2420 meliorem

622 2438 913 2521 cultum,
969 2438 1333 2509 lautiorem
1375 2435 1636 2518 cibum,
1690 2436 2010 2506 vitiorum
2065 2401 2392 2507 alimenta
2440 2436 2872 2509 desiderare:
2937 2439 3183 2510 ultima

622 2529 695 2597 in
728 2529 961 2608 choro,
1021 2529 1244 2619 prima
1295 2526 1363 2593 in
1424 2525 1776 2606 convivio,
1820 2524 2225 2625 ‚puellarum
2289 2524 2545 2596 fabulis
2608 2528 2937 2597 interesse
2994 2541 3062 2597 et
3116 2527 3180 2595 in

625 2617 954 2686 omnibus
1005 2615 1229 2685 laxius
1262 2634 1332 2682 se
1363 2635 1597 2703 gerere
1642 2626 1888 2702 coepit.
1943 2619 2069 2683 Pro
2117 2612 2522 2702 hujusmodi
2572 2613 2968 2685 levitatibus
3019 2615 3182 2685 dum
3287 2623 3288 2634 ³

621 2727 769 2774 eam
816 2715 1053 2774 sancta
1104 2703 1220 2771 Dei
1267 2701 1586 2791 privatim
1621 2702 1803 2770 inter
1830 2723 1926 2781 se,
1975 2701 2248 2791 publice
2286 2724 2519 2772 coram
2551 2704 2880 2774 omnibus
2931 2725 3178 2796 argue·

622 2806 745 2872 ret,
787 2792 1066 2882 saepius
1098 2791 1508 2870 obsecraret,
1564 2789 1973 2879 increparet,
2032 2812 2154 2859 nec
2196 2788 2334 2870 illa,
2373 2790 2558 2861 velut
2608 2803 3016 2862 materterae
3068 2814 3182 2878 pa-

625 2880 915 2950 trocinio
949 2890 1069 2947 aut
1120 2877 1579 2946 familiaritate
1628 2900 1798 2947 vane
1845 2877 2132 2958 confisa,
2171 2878 2656 2948 emendaretur
2687 2879 2993 2967 quadam
3046 2880 3175 2960 die,

622 2989 783 3037 cum
833 2967 985 3058 ipsa
1017 2988 1177 3035 cum
1227 2979 1568 3035 conventu
1618 2987 1898 3035 crucem
1950 2967 2142 3054 (nam
2194 2965 2342 3034 dies
2398 2967 2799 3036 Dominicus
2854 2969 3035 3057 erat)
3082 2990 3184 3038 se-

622 3055 882 3142 quitur,
923 3054 1280 3123 Abbatissa
1332 3053 1573 3124 defuit.
1627 3058 1848 3136 Quam
1892 3054 2014 3124 illa
2061 3054 2420 3141 inquirens
2475 3068 2540 3125 et
2576 3055 2981 3145 epulantem
3023 3080 3184 3127 cum

623 3143 893 3213 coaevis
945 3143 1011 3212 in
1078 3142 1387 3211 conclavi
1442 3143 1833 3233 reperiens,
1897 3142 2040 3211 zelo
2090 3143 2359 3234 pietatis
2424 3157 2713 3224 armata,
2767 3165 2930 3212 cum
2981 3146 3185 3215 verbo
3285 3151 3286 3172 ¹

624 3232 1077 3322 correptionis
1125 3231 1430 3300 dextram
1484 3230 1834 3300 maxillam
1886 3231 2037 3321 ejus
2091 3231 2466 3321 percussit:
2530 3253 2708 3317 quae
2740 3233 2942 3319 quasi
2997 3233 3186 3324 sigil-

624 3319 769 3388 lum
825 3318 1175 3407 quoddam
1209 3318 1503 3388 formam
1536 3319 1911 3419 digitorum
1962 3320 2227 3410 accepit
2257 3341 2396 3406 qua
2434 3320 2961 3411 omnitempore
3011 3325 3185 3391 vitae

625 3430 792 3477 suae
842 3429 977 3477 non
1011 3407 1256 3476 caruit.
1295 3412 1383 3476 De
1414 3429 1553 3495 quo
1585 3407 1917 3476 nimirum
1970 3406 2145 3476 facto
2177 3419 2443 3476 constat
2485 3407 2668 3493 quod
2721 3429 2855 3478 non
2913 3422 3183 3479 tantum

623 3518 749 3586 pro
783 3519 878 3576 se,
925 3495 1040 3564 sed
1073 3517 1196 3595 pro
1225 3494 1519 3565 aliorum
1549 3516 1826 3582 quoque
1855 3495 2334 3565 emendatione
2360 3495 2488 3564 hoc
2571 3496 2826 3577 ertulit‚
2862 3510 2940 3565 ut
2973 3497 3184 3589 hujus

621 3584 719 3652 rei
769 3584 942 3654 visio
975 3584 1131 3654 aliis
1166 3584 1526 3673 proficeret
1571 3595 1637 3652 et
1669 3582 1758 3653 ad
1809 3583 2112 3654 melioris
2161 3585 2335 3653 vitae
2382 3596 2493 3652 stu
2549 3585 2694 3653 ium
2746 3607 2787 3654 a
2817 3584 3005 3654 vitiis
3039 3586 3185 3657 suis

620 3684 992 3742 revocaret.

711 3761 748 3847 ἓ
796 3764 876 3831 8.
933 3765 1126 3829 Forte
1173 3770 1238 3829 et
1286 3758 1462 3828 illud
1512 3758 2016 3830 detractoribus
2062 3758 2485 3840 fabulosum,
2527 3772 2593 3829 et
2643 3759 3053 3831 infidelibus
3096 3760 3188 3831 ri-

621 3846 937 3917 diculum
991 3846 1361 3928 videbitur,
1417 3847 1602 3934 quod
1654 3848 2089 3918 sanctitatem
2139 3847 2355 3929 illius,
2409 3870 2621 3934 quarn
2674 3850 2895 3940 gratia
2945 3850 3185 3920 humi-

628 3935 838 4004 litatis
888 3935 1040 4026 ipsa
1090 3935 1407 4004 homines
1458 3937 1670 4006 latere
1718 3935 1955 4017 voluit,
2009 3935 2349 4006 elementa
2396 3935 2801 4023 loquuntur.
2882 3940 3192 4024 Denique

626 4045 788 4092 cum
842 4035 995 4114 post
1042 4023 1404 4093 lectionem
1454 4024 1796 4116 evangelii
1845 4046 1970 4095 suo
2015 4025 2306 4094 solemni
2368 4046 2557 4094 more
2612 4025 2699 4094 ad
2740 4025 2955 4094 altare
2987 4027 3192 4116 quip-

618 4112 806 4202 piam
856 4112 1175 4181 oblatura
1220 4112 1620 4193 accederet,
1678 4112 1994 4182 dexterae
2051 4135 2305 4183 manus
2354 4135 2521 4182 suae
2568 4113 3041 4183 chirothecam
3075 4113 3190 4182 de-

617 4200 922 4284 trahens,
976 4222 1138 4270 cum
1184 4200 1445 4284 nullus,
1499 4201 1623 4289 qui
1674 4201 2028 4291 reciperet,
2085 4200 2390 4282 adesset,
2444 4224 2484 4271 a
2534 4223 2604 4272 se
2654 4202 2910 4292 rejecit:
2969 4223 3186 4289 quarn

619 4288 860 4359 radius
893 4288 1059 4360 solis
1083 4310 1204 4380 per
1230 4289 1566 4360 fenestrae
1597 4289 1891 4360 rimulas
1920 4289 2192 4359 intrans
2226 4290 2551 4389 suscepit,
2588 4301 2653 4360 et
2686 4288 2956 4360 tamdiu
2983 4288 3188 4378 quasi

620 4376 1028 4447 famulando
1076 4378 1459 4461 sustinuit,
1544 4378 1764 4449 donec
1836 4377 1956 4447 illa
2022 4376 2200 4447 facta
2245 4378 2590 4448 oblatione
2639 4378 2912 4448 rediens
2948 4432 2963 4460 ,
3027 4401 3186 4449 eam
