3327 4999
148 390 151 393 -
211 345 460 412 MART.
516 341 599 413 48
888 366 967 413 nn
1015 366 1070 413 s.
1123 366 1416 414 anuarino
1464 365 1623 414 anon
1671 368 1746 414 ET
1794 368 2084 418 unarrnss
2541 354 2669 420 353

210 464 636 524 concursus,
684 444 1161 534 plangentium
1211 446 1475 516 obitum
1526 446 1825 536 piissimi
1873 449 2054 539 regis
2112 460 2178 518 et
2225 449 2550 521 fidissimi
2598 475 2757 543 pro-

216 532 491 602 tectoris
538 534 688 602 sui:
764 533 1300 623 deportaturque
1373 557 1531 605 cum
1586 536 1803 605 multo
1855 537 2117 626 gemitu
2176 540 2563 612 venerabile
2613 563 2765 612 cor-

210 644 350 711 pus
399 622 482 691 ad
548 636 677 692 tem
737 621 883 692 lum
948 622 1388 695 beatissimae
1436 623 1685 693 Mariae
1740 624 2055 716 Virginis,
2108 638 2174 701 et
2220 627 2288 695 in
2339 629 2488 719 ejus
2537 631 2763 701 orien-

204 708 336 780 tali
382 720 573 800 parte
635 733 673 780 o
726 710 1136 782 1ciosissime
1198 712 1531 804 sepelitur
1585 714 1828 783 Idibus
1893 715 2286 784 Februarii:
2354 718 2474 787 ubi
2527 717 2765 810 lignea

206 798 532 869 aedicula
580 822 621 869 a
666 799 831 867 viris
888 798 1227 891 religiosis
1281 801 1662 883 aedificata,
1734 801 2073 890 hodieque
2121 805 2450 885 cernitur,
2495 820 2560 876 et
2607 807 2765 880 fons

205 909 295 957 eo
345 887 514 969 loen,
569 887 694 958 ubi
743 888 936 979 prius
973 889 1308 979 jacuerat,
1349 889 1587 959 dulces
1619 904 1685 959 et
1716 892 2120 981 perspicuas
2136 893 2282 982 jam
2324 894 2486 964 inde
2522 897 2762 966 abillo

202 989 519 1067 tempore
574 980 850 1046 emanat
896 1000 1156 1064 aquas,
1218 979 1610 1066 diciturque
1682 979 1832 1047 fons
1896 986 1960 1049 S.
2019 981 2344 1064 Eduardi,
2409 984 2533 1054 ubi
2588 1007 2764 1056 sane

202 1065 436 1223 mbulta
481 1065 707 1156 aegris
737 1066 1045 1153 quotidie
1106 1080 1541 1158 praestantur
1586 1068 1924 1138 beneficia
1956 1070 2027 1139 in
2055 1070 2328 1140 laudem
2360 1085 2425 1141 et
2454 1072 2757 1164 gloriam

207 1160 258 1224 C
320 1155 492 1226 risti.

305 1247 343 1331 ξ
407 1251 495 1316 ὅ.
545 1249 697 1313 Jam
730 1265 883 1313 vero
929 1242 1112 1315 sama
1159 1244 1575 1335 divulgante,
1631 1267 1754 1335 per
1800 1245 2221 1317 Britanniam
2259 1249 2536 1339 reginae
2562 1249 2753 1320 fraus

205 1344 280 1402 et
326 1333 644 1422 impietas
693 1332 1113 1423 propalatur,
1161 1356 1275 1403 rex
1320 1335 1651 1403 innocens
1691 1335 2018 1407 laudibus
2049 1338 2118 1404 in
2151 1336 2418 1406 coelum
2455 1338 2741 1421 tollitur,

202 1422 499 1492 virtutes
544 1433 610 1489 et
637 1422 877 1490 merita
922 1423 1073 1512 ejus
1121 1423 1377 1510 ubique
1423 1423 1880 1494 celebrantur.
1918 1426 2225 1494 Pervenit
2257 1426 2461 1496 etiam
2513 1427 2598 1497 ad
2632 1451 2754 1498 au-

206 1533 325 1581 res
371 1509 642 1580 comitis
688 1509 913 1588 Alferi,
943 1534 1217 1581 sacrum
1265 1534 1383 1581 cor
1436 1535 1518 1583 us
1567 1513 1746 1603 regis
1773 1511 2048 1584 coelesti
2082 1514 2337 1584 indicio
2370 1530 2744 1606 repertum:

207 1600 412 1686 isque
461 1598 748 1667 mirifice
794 1598 1235 1682 exhilaratus,
1275 1611 1339 1670 et
1416 1600 1648 1670 omino
1698 1624 1823 1672 suo
1860 1614 2187 1689 tanquam
2235 1603 2464 1674 adhuc
2513 1629 2598 1676 su
2649 1628 2754 1675 er-

210 1689 357 1760 stiti
403 1686 677 1756 fidelem
718 1688 1004 1777 cupiens
1044 1711 1292 1759 navare
1322 1710 1623 1790 operam,
1665 1691 1749 1759 ad
1802 1691 2030 1760 locum
2081 1691 2528 1782 insigniorem
2575 1694 2749 1764 ilud

211 1777 584 1847 transferre
632 1776 949 1847 decrevit.
988 1783 1224 1866 Itaque
1269 1800 1651 1869 episcopos,
1706 1781 1986 1849 abbates
2046 1793 2111 1850 et
2160 1781 2355 1871 regni
2405 1785 2744 1871 procereS,

213 1877 544 1952 quotquot
591 1864 725 1934 sibi
764 1866 1139 1957 adjungere
1168 1868 1406 1958 potuit,
1448 1868 1758 1937 hortatur
1783 1870 1956 1939 utin
1986 1870 2296 1938 eamdem
2338 1893 2578 1941 curam
2608 1895 2753 1943 una

222 1975 460 2024 secum
509 1953 935 2024 incumbant.
998 1956 1178 2026 Misit
1223 1956 1426 2026 etiam
1484 1958 1820 2027 nuncium
1870 1957 1954 2027 ad
2005 1957 2397 2028 Wilfredam
2447 1961 2751 2031 abbatis-

222 2064 375 2110 sam
422 2043 728 2111 coenobii
780 2044 1263 2127 WiltonienSiS,
1327 2057 1661 2129 orans‘ut
1725 2068 1885 2115 cum
1949 2047 2336 2137 virginibus
2387 2049 2532 2118 suis
2580 2051 2752 2119 tanti

221 2130 410 2219 regis
440 2131 738 2218 exequiis
786 2154 923 2204 non
970 2134 1168 2204 desit.
1212 2140 1289 2202 In
1348 2156 1426 2203 eo
1483 2146 1712 2203 autern
1776 2136 2188 2205 monasterio
2249 2149 2393 2205 erat
2449 2138 2630 2228 regis
2667 2144 2753 2207 E·-

218 2218 473 2287 duardi
518 2242 729 2301 soror,
763 2222 953 2312 virgo
1000 2223 1375 2292 admodum
1421 2223 1854 2305 venerabilis,
1894 2224 2110 2293 multa
2143 2225 2317 2294 vitae
2362 2237 2427 2293 et
2474 2249 2749 2297 morum

215 2308 605 2399 integritate
654 2309 943 2399 pollenS.
990 2310 1560 2381 convenientibus
1609 2311 1820 2401 igitur
1865 2312 2242 2403 Episcopis,
2276 2314 2650 2384 Abbatibus
2687 2327 2754 2386 et

214 2396 378 2466 aliis
427 2398 785 2487 permultis
832 2421 993 2469 cum
1043 2400 1261 2470 multa
1309 2400 1738 2469 veneratione
1786 2414 1849 2470 et
1897 2401 2148 2482 studi0,
2211 2424 2440 2473 comes
2489 2402 2753 2475 Alferus

212 2509 252 2555 e
302 2491 582 2557 Dorsata
630 2487 882 2559 multos
929 2489 1291 2577 utriusque
1338 2512 1541 2559 sexus
1590 2490 1906 2560 homines
1952 2490 2265 2582 collegit,
2336 2505 2401 2561 et
2458 2493 2542 2562 ad
2591 2516 2751 2563 eum

214 2575 473 2657 locum,
518 2576 640 2646 ubi
690 2579 906 2648 sancti
941 2579 1120 2668 regis
1168 2601 1421 2668 corpus
1470 2579 1833 2648 humatum
1875 2579 2116 2661 fuerat,
2150 2603 2306 2649 curn
2359 2603 2611 2673 magna
2637 2583 2752 2652 de-

214 2664 487 2734 votione
550 2666 878 2754 pervenit.
917 2668 1019 2736 Ibi
1068 2679 1215 2737 tum
1265 2690 1542 2737 sacrum
1591 2668 1764 2739 illud
1822 2690 2072 2759 corpus
2118 2669 2188 2738 in
2240 2681 2466 2739 tantae
2516 2670 2751 2741 multi-

216 2753 482 2822 tudinis
529 2756 913 2843 praesentia
959 2756 1324 2837 detectum,
1378 2756 1545 2825 adeo
1579 2756 1666 2826 ab
1697 2758 1885 2826 omni
1935 2758 2372 2848 corruptione
2404 2773 2751 2860 repertum

212 2853 318 2911 est
361 2842 693 2924 alienum,
746 2866 824 2912 ac
873 2845 933 2913 si
979 2845 1089 2915 die
1135 2844 1255 2914 illo
1302 2845 1721 2915 tumulatum
1772 2844 2035 2916 suisset.
2068 2846 2260 2928 Quod
2311 2860 2384 2917 ut
2432 2847 2753 2917 viderunt

209 2930 523 3021 episcopi
572 2944 635 3000 et
690 2932 809 3001 alii
856 2955 1118 3015 omnes,
1164 2938 1374 3002 Deum
1424 2934 1706 3023 hymnis
1755 2948 1820 3004 et
1871 2935 2196 3005 laudibus
2243 2935 2745 3026 glorificarunt,

209 3019 338 3105 qui
386 3021 604 3089 sancti
656 3023 978 3110 martyris
1025 3022 1488 3092 innocentiam
1545 3034 1682 3092 tarn
1732 3024 2027 3093 evidenti
2084 3024 2284 3114 signo
2345 3025 2746 3095 declararet.

209 3112 420 3177 Porro
468 3130 661 3177 soror
705 3111 852 3198 ejus
899 3111 1239 3180 antedicta
1297 3111 1381 3180 ad
1449 3134 1724 3181 sacrum
1786 3135 2039 3201 corpus
2104 3135 2516 3197 accurrenS,
2570 3114 2752 3185 illud

211 3197 492 3286 stringit
538 3197 991 3287 amplexibuS,
1031 3199 1348 3289 religiose
1375 3200 1830 3283 exosculatur,
1864 3201 1967 3270 lar
2019 3202 2076 3272 is
2126 3202 2588 3291 lacrymarum
2619 3205 2750 3273 im-

209 3285 457 3354 bribus
505 3287 679 3376 rigat
706 3286 975 3368 faciem,
1019 3310 1144 3357 nec
1193 3288 1425 3364 satiari
1475 3301 1692 3379 potest
1728 3293 1910 3359 tanta
1987 3290 2187 3362 ratris
2216 3292 2325 3360 sui
2405 3292 2597 3361 loria.
2633 3297 2753 3362 Ac-

212 3373 469 3443 cedunt
517 3375 675 3443 inde
723 3376 850 3444 viri
900 3375 1343 3457 venerabileS,
1396 3389 1461 3446 et
1491 3400 1647 3446 cum
1702 3379 1960 3468 ingenti
1991 3378 2157 3448 cleri
2188 3403 2374 3471 popu
2410 3381 2564 3467 ique
2591 3404 2751 3471 gra-

212 3461 547 3532 tulatione
592 3462 765 3533 illud
818 3477 1130 3535 sanctum
1180 3488 1432 3556 corpus
1461 3466 1547 3536 ad
1578 3466 2102 3537 celeberrimum
2151 3471 2563 3540 coenobium
2590 3474 2747 3540 Sce-

214 3550 572 3641 phtoniam
639 3552 990 3624 deferunt:
1061 3555 1242 3642 quod
1305 3554 1467 3624 olim
1531 3555 1726 3625 divae
1793 3556 2162 3626 memoriae
2226 3557 2540 3628 Elsredus
2600 3580 2742 3643 rex,

213 3644 283 3710 S.
322 3641 623 3710 Eduardi
687 3645 948 3722 ataVUS,
990 3643 1411 3723 condiderat,
1446 3655 1512 3712 et
1550 3667 1674 3744 pro
1724 3667 1956 3715 amore
2003 3645 2187 3714 filiae
2235 3669 2400 3716 suae
2445 3646 2740 3731 Ailenae,

207 3751 424 3815 quam
457 3729 731 3800 coelesti
780 3753 1033 3821 sponso
1071 3732 1509 3823 desponsam,
1553 3755 1623 3801 1n
1681 3732 1853 3803 illud
1908 3734 2397 3803 monasterium
2451 3735 2750 3807 tradide—

213 3830 347 3898 rat,
386 3818 839 3909 amplissimis
872 3833 1168 3898 ¹auxerat
1214 3821 1413 3891 donis
1461 3831 1526 3890 et
1575 3822 2053 3912 possessionis.

300 3909 338 3993 ἓ
401 3912 494 3978 θ.
547 3908 1007 3996 Accurrebant
1067 3911 1324 3979 interea
1371 3910 1697 4000 permulti
1745 3933 1946 3981 sexus
1994 3911 2356 3999 utriusque
2403 3914 2746 3997 homineS,

206 4008 273 4064 et
313 3996 385 4064 in
439 3996 528 4067 iis
576 3996 715 4067 duo
750 4020 1085 4089 pauperes
1132 3999 1302 4069 adeo
1347 4000 1700 4081 contracti,
1738 4013 1813 4070 ut
1844 4001 1950 4069 vix
1985 4001 2310 4071 manibus
2333 4013 2398 4072 et
2426 4005 2752 4075 cruribus

206 4105 332 4172 per
380 4097 629 4155 terram
708 4100 938 4158 ossent
987 4090 1244 4179 repere,
1294 4093 1506 4157 Deum
1556 4101 1622 4158 et
1671 4093 1734 4158 S.
1776 4089 2173 4159 Eduardum
2216 4113 2338 4181 pro
2386 4093 2752 4163 incolumi-

209 4183 342 4241 tate
388 4174 644 4243 redden
698 4198 740 4244 a
794 4178 1170 4246 exoraturi:
1226 4199 1526 4264 cumque
1571 4177 1817 4247 feretro
1866 4179 2468 4269 propinquassent,
2522 4195 2588 4251 et
2646 4181 2752 4252 illi

210 4261 333 4346 qui
362 4283 635 4332 sacrum
684 4264 991 4335 ferebant
1036 4288 1311 4357 corpus,
1356 4267 1455 4335 eis
1483 4265 1806 4336 feretrum
1834 4268 2347 4358 imposuissent,
2388 4270 2751 4341 confestim

207 4352 474 4421 cunctis
520 4355 1030 4442 aspectantibus
1077 4355 1353 4427 sanitati
1400 4367 1560 4426 sunt
1619 4355 1936 4427 restituti.
1989 4358 2089 4428 Fit
2156 4372 2433 4449 repente
2481 4358 2749 4429 clamor

204 4439 496 4529 populi,
570 4445 635 4510 S.
704 4443 1003 4513 Eduardi
1068 4444 1310 4515 merita
1372 4445 1883 4535 praedicantur.
1946 4448 2038 4517 Ad
2098 4450 2408 4541 reginam
2473 4471 2752 4536 quoque

364 4567 605 4623 surius
634 4596 655 4607 -
702 4564 852 4626 Vitae
877 4567 980 4662 SS.
1014 4601 1035 4611 -
1064 4568 1187 4626 Vol.
1232 4567 1330 4625 111.
2509 4573 2587 4629 23
