3327 4999
541 305 670 370 444
1138 320 1219 368 nn
1267 319 1324 367 s.
1377 319 1739 368 cunnum
1784 318 1956 366 vute.
2009 316 2087 366 ιτ
2132 319 2327 366 νιυυΑ
2619 298 2863 366 MART.
2920 302 3012 366 22

539 408 576 493 ἓ
623 411 756 479 11.
810 405 986 474 Vixit
1032 415 1263 474 autem
1315 404 1446 474 suh
1494 404 1737 488 matris
1784 426 1952 474 cura
1998 403 2186 472 haud
2236 423 2436 472 secus
2483 412 2685 490 atque
2737 403 2809 471 in
2858 425 3017 473 mo-

450 493 775 573 nasterio,
828 494 1116 593 ejusque
1163 492 1374 561 vitam
1424 502 1490 561 et
1537 514 1765 563 mores
1811 493 1900 562 ob
1949 492 2186 560 oculos
2220 491 2584 583 statuebat,
2626 490 3020 578 didicitque

450 583 538 651 ab
584 603 667 652 ea
713 594 919 651 cerus
967 581 1397 670 temporibus
1445 592 1673 650 tenere
1722 601 1794 649 se
1841 580 2022 650 intra
2056 579 2438 659 silentium,
2475 601 2611 648 non
2647 580 3009 668 ignoranS,

448 682 620 758 quot
667 670 850 738 bona
897 690 977 737 ex
1026 668 1322 749 silentio,
1375 690 1585 755 quam
1636 669 2007 738 innumera
2056 668 2237 737 mala
2285 690 2366 737 ex
2414 668 2827 754 loquacitate
2873 690 3011 737 na-

450 769 759 828 scantur.
816 757 885 825 Si
933 757 1190 827 interro
1242 769 1352 826 ata
1398 755 1663 838 fuisset,
1718 779 1940 846 pauca
1986 767 2052 826 et
2100 756 2350 825 rationi
2402 769 2863 825 consentanea
2905 778 3017 825 re-

450 845 858 936 spondebat:
913 865 1116 935 porro
1225 867 1261 915 e
1311 845 1421 926 iis,
1479 867 1658 932 quae
1720 845 2063 935 pertinent
2111 845 2197 913 ad
2250 843 2677 933 implendam
2729 844 2847 912 Dei
2895 866 3018 913 vo-

452 934 789 1003 luntatem
837 945 903 1001 et
949 931 1035 1001 ad
1085 932 1235 1019 ejus
1285 933 1684 1020 exequenda
1732 944 2138 1023 praecepta,
2192 933 2543 1012 omnibus,
2601 932 3015 1020 praesertim

451 1022 785 1111 inopibus
830 1032 895 1089 et
942 1022 1349 1111 peregriniS,
1393 1021 1755 1091 humiliter
1802 1021 2233 1107 loquebatur,
2268 1021 2643 1090 observans
2691 1020 2865 1088 illud
2902 1042 3017 1089 sa·-

454 1109 708 1199 pientis
754 1108 1119 1199 cujusdam
1152 1133 1165 1177 :
1200 1112 1425 1179 Omnis
1467 1112 1813 1179 enarratio
1862 1121 1981 1178 tua
2027 1112 2114 1178 sit
2151 1113 2220 1178 in
2253 1110 2635 1200 praeceptis
2676 1110 3022 1177 Altzssz’mi

454 1200 690 1283 (Ecclt'.
725 1208 883 1279 xix).
920 1203 1176 1266 Romae
1223 1198 1501 1288 degens,
1559 1219 1900 1288 pauperes
1928 1211 1993 1266 et
2028 1199 2427 1287 peregrinos
2477 1196 2875 1265 humaniter
2904 1196 3011 1266 fo·-

454 1286 677 1367 vebat,
733 1285 1110 1374 permultos
1156 1307 1192 1354 e
1241 1287 1462 1375 patria
1509 1307 1587 1355 eo
1635 1287 2103 1367 adventantes,
2140 1298 2285 1354 tum
2337 1284 2816 1372 eleemosynis,
2857 1297 3010 1353 tum

457 1373 654 1443 suavi
700 1385 766 1441 et
813 1373 1138 1441 familiari
1189 1394 1504 1442 sermone
1552 1374 1923 1455 recreabat,
1959 1374 2245 1445 hortans
2299 1395 2415 1443 eos
2463 1372 2547 1440 ad
2600 1372 3011 1461 patientiam

455 1474 521 1530 et
570 1461 817 1531 Christi
862 1466 1027 1530 Jesu
1076 1483 1406 1530 amorem:
1459 1461 1700 1530 crebro
1750 1461 1814 1530 id
1867 1462 2252 1541 inculcanS‚
2293 1473 2371 1530 ut
2417 1460 2696 1529 assidue
2746 1481 3011 1529 inemo-

456 1570 567 1619 res
616 1559 846 1619 essent
891 1549 1380 1619 acerbissimae
1429 1549 1776 1638 passionis
1845 1551 1995 1637 ejus
2026 1605 2041 1631 ‚
2094 1563 2159 1619 et
2205 1571 2245 1617 a
2297 1549 2410 1617 Dei
2460 1549 2844 1639 praeceptis
2894 1570 3015 1617 ne·-
3091 1587 3097 1591 ·

455 1658 805 1725 quaquam
858 1636 1318 1706 deflecterent.
1391 1641 1469 1706 In
1536 1637 1623 1706 iis
1687 1640 1875 1707 unus
1933 1649 2077 1707 erat
2126 1659 2390 1728 pauper
2457 1650 2522 1706 et
2573 1636 3009 1727 peregrinuS‚

455 1747 663 1812 quem
713 1725 952 1793 crebro
1000 1725 1087 1793 ad
1138 1746 1208 1794 se
1255 1726 1478 1795 accire
1528 1725 1810 1800 solebat.
1866 1726 2131 1816 praeele
2183 1748 2306 1794 ens
2345 1725 2409 1794 ei
2456 1724 2721 1812 aliquid
2771 1747 2851 1794 ex
2899 1746 3014 1793 sa—

456 1812 596 1883 cris
643 1813 1039 1902 evangeliis.
1095 1814 1235 1882 sive
1305 1815 1389 1882 de
1434 1814 1592 1882 vitis
1642 1818 2074 1895 Sanctorum,
2180 1816 2363 1883 ivina
2404 1835 2678 1899 quoque
2729 1834 3010 1901 praece-

456 1912 574 1991 pta
607 1900 670 1968 ei
708 1922 1079 2000 exponens,
1116 1913 1181 1970 et
1211 1901 1296 1970 ad
1340 1902 1616 1971 vitanda
1651 1914 1910 1991 septem
1949 1902 2068 1971 illa
2105 1901 2452 1970 mortifera
2492 1911 2766 1989 peccata
2816 1922 3014 1969 sum-

457 2011 737 2077 mopere
784 1988 983 2057 lllum
1035 1989 1357 2058 invitans.
1389 1993 1455 2058 Is
1488 2001 1721 2078 postea
1777 2012 1936 2058 cum
1985 2012 2065 2059 ca
2115 2012 2429 2060 reversus
2460 1990 2530 2058 in
2577 1990 2900 2079 patriam,
2935 1988 3011 2057 in

458 2078 874 2146 monasterio
922 2081 1266 2146 Watstcna
1313 2076 1521 2146 frater
1570 2083 1972 2153 Conversus,
2025 2091 2102 2160 ut
2154 2089 2415 2159 vocant,
2469 2077 2713 2159 factus,
2754 2079 3012 2146 bonam

460 2164 725 2233 Christo
777 2164 1094 2234 militiam
1148 2165 1490 2245 militavit,
1548 2165 1904 2252 multaque
1951 2166 2155 2234 laude
2186 2166 2399 2256 digna
2437 2166 2523 2234 de
2560 2166 2712 2255 ejus
2753 2166 3013 2235 sancti-

457 2264 592 2322 tate
640 2252 971 2322 frau·ibus
1022 2253 1269 2322 referre
1316 2253 1689 2323 consuevit.

552 2342 589 2427 ἓ
646 2346 796 2412 12.
852 2345 1017 2409 Cum
1069 2341 1298 2410 adhuc
1333 2347 1587 2409 Romae
1636 2352 1886 2431 ageret,
1921 2341 2185 2411 vivente
2234 2353 2472 2420 matre,
2518 2340 2724 2410 etiam
2777 2342 2847 2409 in
2898 2361 3013 2409 ae-

459 2438 595 2496 tate
632 2428 960 2519 juvenili,
1016 2441 1180 2520 puta
1231 2451 1449 2499 annos
1517 2429 1783 2499 habens
1835 2450 1968 2497 non
2031 2428 2336 2520 amplius
2384 2429 2670 2520 viginti,
2734 2448 3012 2496 morum

459 2515 589 2586 fuit
637 2519 965 2606 gravitate
1014 2519 1433 2606 spectabilis,
1488 2529 1554 2587 et
1601 2539 1850 2603 sensus
1898 2540 2108 2587 canos
2157 2539 2320 2608 prae
2370 2540 2442 2588 se
2490 2519 2737 2586 serens,
2811 2521 3012 2585 Acce-

460 2604 664 2673 debat
711 2626 790 2674 eo
837 2607 1145 2694 corporis
1193 2606 1531 2694 elegantia
1565 2627 1743 2692 quae
1789 2606 2102 2675 omnium
2165 2604 2387 2675 oculis
2435 2628 2586 2674 eam
2637 2604 3006 2673 amabilem

458 2692 810 2773 reddebat,
855 2693 1024 2761 adeo
1065 2704 1141 2761 ut
1187 2715 1321 2761 non
1358 2694 1560 2781 pauci
1601 2707 1955 2783 magnates
1990 2693 2176 2762 illam
2211 2705 2527 2782 optarent
2564 2693 2814 2762 habere
2841 2714 3007 2761 con-

451 2780 719 2870 jugem,
765 2794 1138 2866 votumque
1187 2801 1420 2859 suum,
1466 2793 1611 2848 tum
1663 2803 1786 2871 per
1833 2781 2120 2870 seipSOS,
2167 2792 2310 2850 tum
2365 2803 2486 2871 per
2534 2781 2704 2850 alios
2751 2781 2812 2849 ei
2847 2801 3010 2869 ape-

456 2869 717 2942 rirent.
787 2868 1005 2936 multa
1053 2870 1269 2954 eaque
1314 2867 1750 2956 amplissima
1797 2871 2119 2938 offerrent
2169 2891 2481 2938 munera.
2549 2874 2625 2937 At
2672 2868 2792 2937 illa
2850 2889 3015 2936 con-

459 2967 719 3025 stanter
764 2956 1092 3024 omnibus
1141 2955 1517 3046 respondit,
1584 2978 1655 3025 se
1705 2958 1967 3026 Christo
2035 2970 2434 3047 perpetuam
2484 2957 2749 3026 vovisse
2796 2956 3010 3025 conti-

458 3045 790 3121 nentiam,
837 3065 962 3111 nec
1010 3043 1180 3111 velle
1231 3042 1540 3113 mortalis
1589 3044 1716 3113 viri
1765 3046 1998 3114 subire
2049 3058 2298 3114 torum.
2346 3044 2670 3114 Dolebant
2700 3044 2801 3112 illi
2835 3042 3006 3112 nihil

459 3153 531 3199 se
580 3131 885 3220 potuisse
933 3129 1209 3202 blandis
1240 3131 1509 3200 efficere
1560 3132 2211 3221 pollicitationibus:
2268 3133 2496 3219 itaque
2544 3133 2629 3201 ad
2682 3132 2908 3200 minas
2946 3140 3011 3200 et

458 3219 597 3286 vim
648 3218 1075 3287 inferendam
1110 3232 1636 3288 convertuntur:
1693 3234 1962 3309 ponunt
2010 3221 2303 3290 insidias
2360 3221 2429 3289 in
2497 3221 2621 3290 viis
2674 3219 2996 3310 publiciS,

456 3318 536 3375 ut
582 3328 731 3374 eam
786 3306 1058 3396 rapiant
1102 3307 1205 3375 vel
1256 3307 1570 3377 invitam.
1605 3308 1865 3376 Accidit
1899 3321 2042 3377 tum
2079 3308 2430 3397 tempori5‚
2468 3321 2566 3390 ut,
2609 3321 2826 3377 matre
2854 3308 3005 3396 ejus

457 3393 616 3462 aliis
663 3407 1018 3484 occupata,
1058 3417 1216 3464 cum
1261 3395 1502 3464 multis
1543 3396 1895 3466 nobilibus
1929 3401 2275 3465 Romanae
2321 3397 2518 3466 urbis
2554 3396 2888 3466 matronis
2914 3394 3001 3463 ad

459 3486 525 3550 S.
565 3482 1042 3551 Sebastianum
1091 3496 1279 3552 extra
1326 3505 1586 3564 muros,
1627 3484 1715 3551 ob
1762 3484 2300 3554 condonationes
2349 3484 2488 3553 sive
2535 3483 3004 3574 indulgentias

458 3571 952 3726 promerendas
1018 3592 1090 3640 se
1149 3569 1510 3640 conferret.
1565 3576 1642 3639 Et
1688 3593 1844 3641 ecce
1893 3577 2129 3640 Comes
2191 3571 2476 3658 quidam
2525 3592 2686 3640 cum
2756 3592 3011 3658 magna

510 3658 824 3726 ominum
873 3670 1149 3727 caterva*
1188 3681 1337 3728 sese
1386 3659 1455 3726 in
1507 3659 1736 3746 sylvas
1784 3659 1998 3742 abdit,
2052 3671 2116 3728 et
2162 3673 2241 3729 ut
2286 3674 2470 3729 certo
2518 3659 2839 3749 cognovit
2887 3664 3008 3727 Ca-

459 3745 806 3815 tharinam
841 3746 1001 3816 illac
1049 3747 1523 3828 transituram,
1558 3747 1758 3836 jubet
1791 3769 1955 3817 suos
1993 3769 2144 3818 esse
2172 3762 2443 3837 paratos
2483 3747 2568 3815 ad
2605 3747 3009 3845 rapiendam

456 3832 677 3902 illam.
732 3840 809 3902 Et
842 3834 944 3902 illi
991 3834 1273 3921 quidem
1305 3856 1342 3903 e
1380 3834 1529 3903 suis
1577 3838 1923 3923 proruunt
1970 3835 2317 3905 latibulis:
2372 3834 2489 3904 sed
2542 3833 2770 3903 subito
2820 3834 3014 3903 offert

458 3941 535 3990 se
581 3921 723 3991 illis
771 3943 1037 4002 cervu3‚
1104 3923 1221 3991 cui
1282 3921 1620 4012 capiendo
1669 3922 1834 3991 dum
1888 3924 2138 3992 acriter
2184 3923 2577 4002 intendunt,
2646 3922 3012 3990 Catharina

457 4029 619 4079 cum
669 4009 957 4078 caeteris
1006 4009 1338 4080 matronis
1386 4009 1698 4079 celeriter
1729 4011 2015 4080 reditad
2069 4012 2339 4092 urbem,
2378 4014 2570 4081 eruta
2618 4009 2839 4078 instar
2867 4008 3013 4077 avis

456 4117 539 4166 ex
586 4096 863 4166 insidiis
911 4099 1230 4189 aucupis,
1267 4096 1539 4167 Viderat
1585 4100 1737 4188 ejus
1768 4111 1834 4166 et
1867 4099 2254 4186 periculum
2305 4112 2372 4168 et
2417 4098 2810 4167 evasionem
2849 4117 3014 4166 san-.-

456 4198 565 4254 cta
615 4198 834 4255 mater
878 4187 1030 4275 ejus
1077 4185 1146 4254 in
1199 4186 1487 4274 spiritu,
1552 4187 2049 4273 revertentique
2101 4200 2355 4256 tantam
2410 4186 2801 4255 felicitatem
2853 4205 3016 4274 gra·-

458 4273 833 4343 tulabatur.
870 4278 962 4341 Ex
1009 4274 1128 4342 illo
1178 4284 1483 4362 tempore
1517 4295 1652 4342 non
1706 4275 1848 4344 ibat
1896 4275 2124 4363 palam
2175 4275 2261 4343 ad
2312 4275 2661 4350 stationes,
2698 4272 2814 4342 sed
2851 4292 3014 4370 con-

458 4371 645 4431 tenta
691 4362 1007 4431 visitasse
1054 4361 1360 4429 vicinum
1427 4362 1766 4452 templum
1828 4363 2068 4432 domui
2128 4382 2563 4443 suae,·raro
2628 4361 2697 4428 in
2766 4359 3011 4450 plateis
