3327 4999
222 346 421 417 MART.
470 349 547 414 ⁴2
1042 369 1122 414 1111
1169 368 1226 415 3.
1278 365 1587 415 carisomo
1635 365 1795 413 PArA
2474 353 2600 418 ⁴95

212 446 578 517 consuetudo
632 469 769 517 non
823 459 944 530 est,
984 447 1264 535 quando
1312 458 1709 517 sanctorum
1759 445 2086 534 reliquias
2124 448 2313 531 dant,
2366 460 2443 520 ut
2487 451 2685 538 quic-

208 555 380 620 quam
425 547 527 605 tan
579 558 690 604 ere
757 549 1199 628 praesumant
1243 537 1330 606 de
1373 557 1680 626 corpore,
1734 534 1849 604 sed
1909 538 2384 609 tantummodo
2433 539 2501 607 in
2556 562 2684 631 py-

206 622 332 691 xide
370 623 521 693 bran
576 647 734 694 eum
771 625 1083 707 mittitur,
1119 637 1323 712 atque
1352 625 1437 693 ad
1471 624 1933 697 sacratissima
1972 639 2362 696 sanctorum
2393 649 2683 718 corpora

200 712 457 799 ponitur.
515 713 706 796 Quod
760 714 1053 784 levatum
1105 715 1173 783 in
1222 713 1511 784 ecclesia
1556 734 1735 800 quae
1787 726 1890 783 est
1954 714 2379 793 dedicanda,
2448 716 2683 788 debita

201 820 333 868 cum
381 803 797 872 veneratione
856 802 1273 873 reconditur.
1339 807 1416 872 Et
1466 815 1689 872 tantae
1750 823 1866 892 per
1912 803 2041 873 hoc
2090 803 2345 873 ibidem
2396 804 2680 877 virtutes

201 887 362 971 liunt,
393 912 466 959 ac
510 891 567 961 si
614 891 759 961 illic
787 891 1173 982 specialiter
1217 912 1455 962 eorum
1502 911 1790 980 corpora
1823 890 2238 962 deferantur.
2282 893 2471 963 Unde
2502 916 2672 964 con-

205 975 342 1065 tigit,
388 991 457 1048 ut
502 979 738 1050 beatae
783 981 1273 1050 recordationis
1321 980 1560 1052 Leonis
1608 985 1828 1069 Papae
1876 992 2201 1072 tempore,
2249 980 2427 1051 sicut
2459 1006 2497 1052 a
2538 988 2679 1053 Ma-

190 1063 417 1152 joribus
462 1069 776 1150 traditur,
840 1069 1006 1139 dum
1106 1069 1341 1139 uidam
1390 1068 1625 1139 Graeci
1662 1068 1751 1138 de
1798 1067 2051 1140 talibus
2101 1070 2412 1158 reliquiis
2470 1071 2680 1143 dubi·-

197 1164 395 1236 tarent,
431 1157 819 1248 praedictus
867 1092 1167 1248 pontiilex
1212 1158 1340 1227 hoc
1388 1158 1620 1248 ipsum
1648 1156 2033 1228 brandeum
2064 1158 2290 1228 allatis
2318 1158 2679 1234 forficibus

193 1239 415 1324 incidit,
450 1258 513 1317 et
557 1268 639 1316 ex
684 1247 836 1335 ipsa
882 1246 1218 1317 incisione
1263 1246 1550 1338 sanguis
1578 1245 1859 1315 effluxit.
1892 1252 1967 1316 In
1998 1249 2326 1318 Romanis
2377 1271 2677 1336 namque

192 1329 272 1399 vel
313 1334 503 1404 totius
557 1334 941 1407 Occidentis
991 1336 1304 1426 partibus
1348 1336 1632 1405 omnino
1679 1335 2108 1405 intolerabile
2154 1348 2256 1406 est
2313 1349 2517 1425 atque
2565 1360 2675 1408 sa-

190 1418 504 1514 crilegum,
540 1423 603 1493 si
650 1434 1044 1494 sanctorum
1083 1446 1369 1516 corpora
1406 1424 1777 1510 quisquam
1812 1437 1921 1493 tan
1976 1446 2087 1494 ere
2117 1424 2401 1495 sortasse
2450 1426 2678 1496 volue-

185 1505 273 1576 rit.
302 1512 478 1592 Quod
528 1512 590 1582 si
638 1514 1199 1604 praesumpserit,
1250 1525 1513 1583 certum
1561 1526 1685 1592 est,
1723 1513 1889 1599 quia
1985 1535 2101 1583 aec
2149 1514 2494 1585 temeritas
2544 1515 2681 1585 im-

185 1599 389 1683 punita
435 1600 626 1670 nullo
674 1601 875 1671 modo
934 1602 1335 1672 remanebit.
1406 1607 1533 1671 Pro
1591 1623 1731 1688 qua
1785 1623 1857 1670 re
1914 1601 1998 1670 de
2047 1607 2461 1672 Graecorum
2508 1625 2675 1673 con-

183 1689 510 1759 suetudine
573 1689 693 1776 qui
758 1712 912 1760 ossa
971 1690 1190 1761 levare
1248 1702 1639 1762 sanctorum
1707 1711 1780 1758 se
1839 1703 2188 1771 asserunt,
2246 1692 2682 1762 vehementer

185 1773 508 1871 miramur,
541 1790 611 1848 et
649 1779 754 1847 vix
802 1780 1172 1850 credimus.
1209 1785 1372 1848 Nam
1405 1779 1689 1866 quidam
1725 1780 1960 1848 Graeci
1997 1780 2314 1849 monachi
2341 1780 2480 1851 huc
2521 1793 2680 1851 ante

179 1858 500 1936 biennium
553 1867 900 1938 venientes
948 1880 1280 1938 nocturno
1329 1867 1598 1937 silentio
1618 1868 1817 1956 juxta
1845 1866 2205 1938 ecclesiam
2233 1870 2452 1939 sancti
2485 1869 2681 1940 Pauli

179 1970 432 2042 corpora
480 1969 908 2026 mortuorum
960 1956 1031 2026 in
1078 1978 1323 2047 campo
1362 1957 1661 2045 jacentia
1708 1957 2139 2037 effodiebant,
2185 1968 2388 2045 atque
2434 1978 2674 2028 eorum

176 2058 306 2111 ossa
351 2045 828 2125 recondebant,
882 2058 1224 2116 servantes
1273 2044 1595 2114 sibidum
1639 2044 2051 2114 recederent.
2088 2046 2218 2130 Qui
2266 2068 2428 2116 cum
2478 2046 2666 2127 tenti,

175 2138 229 2196 et
266 2152 381 2201 cur
435 2134 566 2204 hoc
617 2134 936 2214 facerent,
997 2134 1361 2225 diligenter
1409 2131 1699 2202 fuissent
1754 2133 2076 2215 discussi,
2141 2133 2436 2204 confessi
2485 2146 2669 2217 sunt,

172 2219 328 2300 quod
367 2221 481 2292 illa
527 2244 690 2291 ossa
735 2222 821 2291 ad
871 2223 1219 2293 Graeciam
1268 2234 1494 2293 essent
1545 2232 1869 2308 tanquam
1920 2236 2315 2292 sanctorum
2350 2222 2677 2310 reliquias

174 2311 500 2393 portaturi.
548 2316 645 2379 Ex
680 2332 972 2397 quorum
1009 2334 1194 2381 exem
1210 2310 1565 2401 plo‚·sicut
1597 2309 2022 2400 praedictum
2053 2324 2176 2392 est,
2212 2311 2437 2398 major
2477 2313 2677 2385 nobis

172 2391 456 2469 dubietas
513 2413 678 2469 nata
721 2412 844 2481 est,
884 2413 1116 2471 utrum
1166 2422 1404 2470 verum
1454 2399 1541 2468 sit
1585 2398 1770 2485 quod
1827 2398 2036 2469 levari
2083 2422 2240 2470 ossa
2277 2414 2675 2470 sanctorum

168 2478 498 2584 dicuntur:
556 2493 707 2558 «De
752 2489 1157 2580 corporibus
1203 2510 1359 2559 vero
1407 2487 1761 2572 beatorum
1807 2488 2280 2580 Apostolorum
2328 2489 2497 2577 quid
2545 2511 2673 2581 ego

168 2569 450 2649 dicturus
500 2600 688 2660 sum,
741 2577 907 2648 dum
955 2590 1237 2660 constet,
1291 2577 1454 2664 quia
1485 2600 1565 2647 eo
1612 2587 1937 2667 tempore,
1989 2599 2128 2664 quo
2161 2579 2344 2668 passi
2376 2589 2562 2659 sunt,
2594 2600 2672 2648 ex

167 2661 401 2735 Oriente
446 2666 692 2736 fideles
736 2680 1064 2736 venerunt
1109 2667 1228 2754 qui
1263 2688 1499 2736 eorum
1548 2688 1837 2757 corpora
1874 2667 2052 2737 sicut
2098 2667 2352 2736 civium
2381 2689 2671 2740 suorum

168 2760 559 2844 repeterent?
609 2761 794 2838 Quae
839 2757 1043 2826 ducta
1108 2777 1327 2843 usque
1386 2755 1472 2823 ad
1535 2754 1918 2825 secundum
1979 2755 2177 2824 Urbis
2234 2755 2666 2835 milliarium,

166 2856 219 2904 ln
262 2841 397 2913 loco
429 2844 555 2931 qui
583 2844 841 2913 dicitur
868 2844 1337 2923 catacumbas,
1375 2843 1703 2913 collocata
1737 2856 1919 2914 sunt.
1957 2845 2083 2913 Sed
2116 2844 2284 2914 dum
2314 2867 2395 2914 ea
2422 2843 2671 2914 exinde

163 2921 349 3001 levare
401 2932 638 3001 omnis
683 2952 920 3002 eorum
971 2932 1338 3003 multitudo
1377 2932 1791 3002 conveniens
1852 2932 2204 3013 niteretur,
2262 2932 2356 3004 ita
2401 2955 2517 3003 eos
2567 2933 2672 3002 vis

164 3017 411 3090 tonitrui
458 3034 671 3108 atque
715 3021 1013 3114 fulguris
1062 3022 1297 3091 terruit
1330 3042 1408 3089 ac
1456 3020 1802 3112 dispersit,
1841 3035 1918 3091 ut
1968 3021 2130 3092 talia
2162 3021 2390 3091 denuo
2440 3021 2672 3091 nulla-

161 3113 328 3178 tenus
375 3122 640 3180 tentare
707 3122 1241 3201 praesumerent.
1285 3115 1472 3179 Tunc
1528 3122 1759 3179 autem
1806 3123 2129 3181 exeuntes
2178 3112 2495 3192 Romani,
2555 3133 2670 3181 00-

156 3212 287 3289 mm
330 3219 623 3289 corpora
669 3198 791 3285 qui
837 3200 966 3268 hoc
996 3220 1076 3268 ex
1125 3197 1393 3268 Domini
1442 3197 1688 3298 pietate
1738 3209 2181 3279 meruerunt,'
2222 3199 2550 3279 levavere,
2607 3212 2673 3269 et

154 3300 208 3381 111
253 3283 438 3369 10013,
494 3287 756 3375 quibus
806 3310 989 3357 nunc
1042 3298 1206 3357 sunt
1259 3285 1557 3367 condita,
1605 3300 2005 3377 posuerunt.
2046 3287 2211 3370 Quis
2258 3309 2444 3380 erg0,
2486 3310 2674 3358 sere·

154 3375 415 3445 nissima
462 3377 778 3456 Domina,
814 3389 953 3446 tam
1002 3376 1405 3446 temerarius
1454 3376 1669 3466 possit
1715 3377 2017 3466 existere,
2073 3389 2151 3445 ut
2199 3377 2364 3447 haec
2413 3377 2668 3457 sciens,

151 3477 360 3556 eorum
408 3486 707 3556 corpora
756 3486 888 3534 non
938 3464 1091 3534 dico
1142 3478 1438 3554 tangere,
1479 3464 1595 3535 sed
1630 3463 1730 3533 vel
1782 3465 2221 3552 aliquatenus
2277 3477 2674 3555 praesumat

153 3551 511 3640 inspicere?
564 3559 736 3622 Dum
788 3554 998 3644 igitur
1037 3553 1199 3624 talia
1248 3552 1420 3622 1111111
1456 3575 1498 3621 a
1542 3553 1736 3624 vobis
1784 3564 2144 3644 praecepta
2175 3566 2357 3636 sunt,
2397 3554 2483 3623 de
2514 3554 2670 3641 qui-

149 3631 262 3707 hus
304 3644 548 3731 parere
599 3641 992 3716 nullatenus
1041 3642 1440 3733 potuissem,
1470 3655 1811 3729 quantum
1860 3642 2157 3723 invenie,
2194 3664 2332 3711 non
2363 3654 2666 3712 vestrum

149 3739 251 3807 est,
310 3731 427 3800 sed
476 3729 771 3819 quidam
831 3731 1149 3802 homines
1212 3743 1449 3800 contra
1496 3752 1606 3801 me
1655 3730 1972 3820 pietatem
2028 3743 2320 3801 vestram
2373 3731 2667 3801 excitare

150 3815 513 3901 voluerunt,
554 3831 635 3889 ut
679 3819 853 3888 mihi
897 3819 1080 3907 quod
1131 3820 1330 3900 absit,
1368 3819 1736 3889 voluntatis
1764 3833 2022 3890 vestrae
2068 3819 2360 3911 gratiam
2395 3821 2669 3890 subtra-

149 3899 400 3998 herent:
454 3921 529 3978 et
563 3920 917 3998 propterea
953 3908 1439 3996 quaesiverunt
1485 3907 1897 3998 capitulum,
1937 3908 2022 3977 de
2053 3930 2189 3996 quo
2223 3908 2415 3978 vobis
2463 3908 2666 3996 quasi

155 3993 532 4067 inobediens
582 3996 943 4066 invenirer.
1001 3996 1128 4067 Sed
1177 3996 1247 4066 in
1296 3997 1750 4085 omnipotenti
1801 3997 2086 4066 Domino
2145 3996 2442 4076 confido,
2500 3997 2672 4084 quia

156 4080 313 4153 nullo
362 4085 577 4155 modo
605 4085 1139 4176 benignissimae
1164 4085 1496 4155 voluntati
1528 4085 1936 4176 subripitur,
1974 4097 2038 4155 et
2063 4098 2459 4155 sanctorum
2497 4091 2674 4175 Apo-

155 4170 455 4243 stolorum
512 4173 859 4245 virtutem.
911 4196 1084 4261 quos
1147 4186 1279 4244 toto
1344 4174 1547 4243 corde
1606 4186 1671 4244 et
1731 4185 1955 4243 mente
2018 4173 2331 4266 diligitis,
2391 4195 2529 4244 non
2587 4195 2670 4243 ex

148 4262 460 4355 corporali
512 4263 923 4354 praesentia,
962 4264 1078 4332 sed
1124 4285 1205 4333 ex
1257 4263 1668 4353 protectione
1716 4284 1987 4353 semper
2038 4262 2404 4338 habebitis.
2453 4262 2675 4332 Suda-

147 4364 303 4419 rmm
350 4373 508 4420 vero
558 4351 743 4438 quod
792 4350 1109 4420 similiter
1155 4352 1522 4423 transmitti
1561 4351 1921 4442 jussistis,
1977 4373 2138 4422 cum
2188 4372 2471 4441 corpore
2522 4351 2677 4440 ejus

140 4445 255 4505 est:
302 4440 490 4527 quod
528 4440 625 4510 ita
664 4439 851 4532 tangi
902 4460 1037 4508 non
1086 4452 1323 4531 potest,
1359 4442 1537 4511 sicut
1587 4463 1710 4511 nec
1758 4441 1844 4510 ad
1895 4462 2147 4532 corpus
2175 4440 2365 4510 illius
2395 4437 2658 4509 accedi.
