3327 4999
155 338 263 404 Ex
312 337 487 405 OCT.
545 337 615 403 Μ
896 356 975 402 ΒΕ
1021 357 1078 403 s.
1133 354 1426 405 BRUNONE
1473 353 1695 404 coion.
1749 351 1948 403 muse.
2487 336 2615 402 673
2669 391 2672 396 .

156 436 496 507 hostibus,
550 440 790 504 Hostes
838 434 994 504 dico
1025 491 1040 516 ,
1103 448 1178 505 ut
1234 435 1373 505 sere
1421 457 1663 504 omnes
1711 435 2040 516 sentiunt,
2096 433 2395 505 nefarios
2441 435 2702 504 civium

156 524 560 615 praedones,
612 522 872 614 patriae
904 523 1307 614 proditoreS,
1362 523 1557 614 regni
1613 533 2009 604 vastatoreS,
2067 521 2354 593 militiae
2402 523 2702 594 deserto-

156 635 304 682 res:
354 612 479 700 qui
542 613 891 702 meipsum
954 613 1193 699 utique
1239 611 1577 703 sacrilega
1626 612 1921 683 audacia
1978 612 2123 682 suis
2168 611 2437 702 (credo)
2486 611 2706 681 mani-

158 702 292 772 bus
341 712 683 783 necatum,
738 712 857 770 aut
920 701 1163 787 quovis
1225 722 1437 787 quam
1491 701 1941 770 acerbissimo
1992 700 2230 772 mortis
2323 723 2525 771 enere
2586 721 2706 790 pe-

157 790 332 861 risse
378 788 652 870 vellent,
705 790 821 858 cui
863 788 1089 858 filium
1141 789 1600 868 sustulerunt,
1637 789 1918 859 fratrem
1952 810 2186 879 regno,
2221 788 2268 857 li
2321 790 2482 870 eris,
2515 789 2709 879 ipsa-

158 900 294 965 que
340 877 532 949 dulci
588 877 926 968 conjuge,
996 879 1136 947 vita
1197 878 1497 966 denique
1561 878 1714 967 ipsa
1772 878 2043 965 privare
2098 878 2550 947 contendunt.
2607 882 2706 945 Tu

159 966 352 1037 solus
401 966 573 1036 mihi
621 965 908 1035 demum
955 987 1028 1035 es
1076 965 1405 1046 solidum,
1461 966 1707 1046 fidum,
1762 966 2186 1052 firmumque
2218 966 2543 1037 solatium
2584 965 2708 1052 qui

161 1067 433 1126 tantum
473 1054 561 1124 ab
609 1053 893 1124 ineunte
939 1064 1156 1124 aetate
1202 1054 1274 1122 in
1325 1054 1526 1124 bonis
1575 1055 1845 1124 actibus
1888 1053 2257 1144 profecisti,
2295 1066 2371 1125 ut
2404 1055 2581 1124 bene
2609 1053 2710 1121 fa-

161 1165 338 1225 cere,
392 1145 807 1230 summaque
856 1143 1326 1213 benevolentia
1375 1143 1612 1212 omnia
1658 1141 2219 1232 circumspicere,
2273 1143 2397 1212 tibi
2429 1144 2577 1234 jam
2628 1163 2709 1210 ex

163 1230 666 1302 consuetudine
703 1231 774 1300 in
810 1242 1127 1301 naturam
1180 1231 1458 1300 venerit.
1515 1236 1601 1300 Te
1652 1231 1858 1322 plane
1906 1230 2162 1322 sospite
2200 1232 2260 1300 si
2313 1229 2613 1301 'ucunde
2644 1242 2711 1298 et

166 1320 517 1411 exintegro
554 1319 805 1390 fruitus
853 1318 1070 1401 suem,
1124 1330 1201 1389 ut
1235 1341 1430 1389 mens
1462 1341 1615 1389 mea
1653 1341 1928 1410 semper
1957 1319 2046 1388 ssa
2098 1320 2241 1401 itat‚
2287 1254 2709 1390 desiderium

166 1408 494 1500 postulat,
538 1408 818 1477 animus
857 1407 1216 1507 implorat:
1273 1421 1418 1477 tum
1454 1407 1781 1498 dignitaS‚
1821 1420 1968 1478 tum
2019 1430 2065 1499 g
2093 1407 2263 1488 oria,
2318 1420 2463 1479 tum
2500 1406 2712 1476 decus

168 1496 411 1568 aderit.
463 1495 797 1567 Praesidii
844 1508 1012 1566 satis
1060 1496 1473 1584 abundeque
1522 1497 1723 1567 nobis
1783 1506 1907 1577 est,
1970 1517 2055 1566 ne
2102 1497 2303 1566 nobis
2354 1518 2477 1567 nos
2526 1495 2710 1565 desi-

170 1608 354 1667 muS,
408 1586 540 1655 hoc
598 1605 757 1654 vero
824 1607 1265 1677 summopere
1332 1585 1533 1655 nobis
1580 1585 1972 1655 curandum
2030 1597 2155 1655 est.
2210 1591 2309 1654 Tu
2359 1584 2555 1664 mihi,
2612 1597 2709 1664 tu,

174 1673 484 1761 inquam,
540 1673 775 1754 testis,
849 1685 1110 1760 quanta
1171 1677 1363 1754 cura,
1428 1678 1823 1761 quantaque
1871 1672 2342 1743 benevolentia
2391 1672 2711 1753 foverem,

172 1774 423 1842 tuerer,
479 1762 933 1852 amplecterer
980 1760 1129 1842 hos,
1185 1783 1360 1848 quos
1428 1762 1633 1831 modo
1701 1774 1840 1832 tam
1889 1760 2204 1832 crudeles
2252 1761 2507 1851 patior:
2560 1760 2716 1846 qui-

172 1851 306 1921 bus
353 1861 581 1920 tamen
632 1848 863 1919 adhuc
909 1870 1120 1936 quam
1167 1849 1625 1921 libentissime
1676 1850 1936 1920 mederi
1983 1848 2253 1930 vellem,
2307 1849 2368 1918 si
2400 1849 2536 1918 sibi
2582 1848 2722 1937 ipsi

176 1960 458 2029 parcere
489 1937 758 2008 vellent.
811 1938 906 2007 Ah
956 1949 1215 2024 quanta
1254 1938 1775 2028 importunitate
1809 1937 2218 2028 praecipites
2267 1937 2489 2028 perire
2535 1935 2722 2006 festi-

177 2037 368 2108 nant,
429 2047 805 2114 secumque
864 2026 1127 2115 prolem
1175 2047 1401 2096 meam
1456 2026 1861 2096 innocenter
1919 2025 2311 2104 educatam,
2362 2026 2434 2094 in
2485 2025 2723 2095 omnia

179 2114 439 2185 scelera
488 2125 785 2186 versant.
840 2118 936 2183 Ita
982 2114 1054 2183 in
1135 2113 1539 2184 otestatibus
1588 2126 1971 2205 temperare
2020 2113 2154 2182 sibi
2200 2113 2370 2184 adeo
2401 2113 2540 2182 illis
2589 2111 2720 2180 dif-

180 2203 364 2275 ficile
409 2213 560 2283 est,
616 2203 738 2290 qui
805 2223 928 2302 per
973 2224 1084 2270 arn
1143 2202 1425 2272 itionem
1492 2203 1745 2293 probos
1795 2225 1865 2271 se
1916 2225 2052 2272 non
2101 2221 2273 2283 esse:
2327 2202 2444 2280 sed
2509 2199 2723 2271 videri

183 2303 614 2383 praeoptant.
651 2296 838 2360 Nosti
885 2289 1354 2372 dilectissime,
1415 2290 1598 2378 quod
1649 2290 1930 2378 quidem
1983 2313 2144 2359 cum
2185 2290 2419 2361 dolore
2467 2289 2716 2369 re0010‚

180 2402 298 2450 eos
345 2380 520 2449 mihi
568 2379 962 2479 frequenter
1008 2378 1323 2449 duriores
1370 2389 1435 2448 et
1492 2369 1714 2469 magis
1762 2379 2016 2448 infidos
2064 2378 2299 2461 fuisse,
2354 2401 2530 2466 quos
2576 2399 2726 2446 am·

183 2469 370 2561 plius
418 2468 577 2550 fovi,
607 2490 783 2557 quos
813 2489 882 2536 1n
921 2466 1161 2537 multis
1200 2466 1831 2539 necessitudinibus
1861 2466 2439 2538 foederatissimos
2470 2466 2721 2548 amavi,

235 2579 363 2628 uos
395 2557 694 2644 denique
721 2555 894 2626 mihi
921 2556 1529 2646 conjunctissimos
1557 2555 1939 2626 aestimavi.
1976 2560 2190 2625 Grave
2223 2555 2353 2625 hoc
2395 2577 2729 2646 perpessu

184 2581 339 2716 linit:
394 2645 651 2736 duplex
678 2643 979 2715 miseria.
1013 2644 1206 2728 Quod
1239 2656 1467 2714 autem
1518 2666 1626 2713 me
1676 2656 1895 2734 urget,
1929 2643 2114 2713 mala
2144 2644 2502 2735 superiora
2535 2664 2731 2734 prae-

185 2735 544 2827 ponderat,
599 2755 760 2825 cum
810 2732 948 2811 ille,
1002 2754 1210 2819 quem
1255 2733 1487 2824 genui,
1533 2745 1937 2823 praereptus
1984 2732 2182 2815 mihi,
2238 2744 2560 2822 paternae
2592 2732 2734 2822 pie-

185 2824 306 2894 tati
355 2821 598 2893 didicit
647 2820 988 2893 insidiari.
1030 2823 1298 2891 Enitere
1346 2821 1558 2911 igitur
1604 2822 1710 2890 vir
1755 2826 1889 2891 Deo
1921 2821 2170 2903 dedite,
2211 2843 2348 2890 non
2384 2819 2734 2909 quomodo

187 2912 520 3004 primum,
577 2909 695 2982 sed
747 2908 951 2980 modo
1004 2909 1443 2999 potissimum
1474 2909 1751 2991 enitere,
1790 2931 2078 2997 quaes0,
2110 2908 2400 2979 consilio
2430 2909 2551 2979 illo
2581 2921 2725 2988 tu0‚

186 3022 325 3159 guo
371 2997 581 3070 calles
628 2997 1040 3090 plurimum,
1096 3008 1172 3067 ut
1219 3019 1342 3087 pro
1382 2997 1531 3067 loco
1576 3009 1642 3067 et
1692 3009 1997 3089 tempore
2043 3008 2164 3067 aut
2208 3019 2403 3067 arma
2452 2997 2729 3067 dissua-

238 3111 376 3171 eaS,
430 3098 548 3158 aut
586 3108 863 3174 quoquo
912 3097 1108 3176 pacto
1156 3107 1306 3156 com
1363 3105 1577 3155 escas.
1623 3086 1884 3155 Absens
1917 3085 2041 3156 tibi
2070 3108 2188 3155 cor
2238 3107 2376 3167 ore,
2411 3086 2736 3155 ubicum-

188 3198 325 3264 que
371 3197 509 3257 er0,
563 3174 907 3264 gaudeam
940 3173 1087 3255 tibi,
1124 3177 1326 3264 gratu
1354 3195 1431 3243 er
1470 3174 1938 3263 providentiae
1967 3186 2032 3243 et
2066 3196 2178 3243 mo
2231 3174 2521 3244 erationi
2551 3186 2729 3243 tuae.

193 3264 271 3334 Id
324 3263 496 3332 mihi
527 3273 843 3354 reputare
877 3260 1042 3330 libet
1088 3261 1271 3348 quod
1315 3261 1602 3333 feceris:
1652 3262 1720 3331 id
1769 3262 1974 3332 etiam
2026 3262 2234 3332 libeat
2263 3262 2387 3332 tibi
2415 3262 2599 3351 quod
2640 3261 2737 3331 se-

193 3374 374 3424 cere.
413 3354 583 3441 Opto
630 3361 697 3420 et
740 3347 1093 3419 cumulate
1139 3348 1476 3431 desidero,
1531 3360 1607 3418 ut
1653 3372 1736 3419 ea
1785 3350 1983 3420 nobis
2022 3350 2110 3419 sit
2160 3362 2473 3421 votorum
2526 3364 2591 3422 et
2621 3350 2740 3419 ob-

195 3438 588 3510 lectamenti
634 3459 931 3517 summa,
986 3458 1122 3506 non
1175 3448 1441 3506 tantum
1492 3459 1724 3506 coram
1762 3442 1916 3519 Deo,
1952 3437 2072 3507 sed
2099 3438 2305 3509 etiarn
2355 3461 2588 3509 coram
2620 3439 2740 3506 ho-

194 3528 508 3599 minibus
540 3525 882 3617 provideri
927 3523 1111 3593 bona
1157 3523 1563 3595 alterutrum
1613 3547 1694 3595 ea
1740 3547 1917 3625 quae
1965 3538 2151 3607 sunt,
2203 3537 2269 3595 et
2309 3526 2369 3595 si
2416 3527 2568 3596 fieri
2618 3549 2740 3617 po·

198 3629 349 3697 test,
402 3635 560 3685 cum
594 3612 935 3683 *omnibus
981 3612 1234 3683 habere
1285 3634 1613 3702 pacem.»
1666 3614 1918 3683 Deinde
1953 3625 2315 3702 postquam
2347 3627 2640 3685 ruerunt
2670 3615 2739 3682 in

196 3704 474 3784 oscula,
531 3724 669 3772 non
728 3700 877 3769 sine
943 3699 1269 3788 lacrymis
1323 3699 1410 3770 ab
1470 3700 1766 3770 invicem
1816 3701 2301 3793 digredientes,
2365 3707 2746 3795 Imperator

199 3795 567 3873 Orientem,
620 3789 828 3859 frater
873 3788 1025 3878 ejus
1073 3787 1508 3859 Occidentem
1599 3789 1810 3858 etivit.

288 3884 325 3982 ς
371 3885 514 3953 u.
580 3884 866 3965 Moxque
912 3875 999 3946 ad
1047 3880 1270 3963 Aquas
1324 3877 1477 3945 rani
1608 3877 1848 3967 palatii
1897 3883 2127 3948 Bruno
2177 3879 2607 3969 properavit:
2650 3878 2750 3948 ibi

198 3968 549 4062 principes
598 3966 815 4057 regni,
868 3986 1166 4052 quorum
1228 3963 1246 4033 i
1353 3963 1701 4047 intererat,
1759 3966 2099 4046 convenit,
2141 3987 2256 4037 eos
2313 3967 2525 4037 variis
2566 3966 2747 4037 mul·

201 4059 425 4145 tisque
477 4054 701 4126 modis
748 4052 1095 4124 instruxit:
1149 4064 1355 4140 atque
1404 4053 1530 4123 hoc
1583 4075 1745 4123 cum
1790 4054 1890 4125 eis
1943 4054 2382 4144 potissimum
2443 4055 2607 4146 egit,
2667 4076 2752 4124 ne

200 4144 685 4217 seductoribus
748 4153 871 4211 aut
949 4141 1145 4210 vanis
1220 4163 1459 4211 eorum
1512 4141 1878 4232 promissis
1929 4143 2306 4225 crederent,
2378 4166 2464 4213 ne
2526 4144 2753 4214 minas

205 4235 562 4305 timerent:
640 4230 868 4323 regiae
922 4229 1264 4319 majestati
1329 4240 1394 4301 et
1470 4251 1637 4299 suae
1704 4229 2015 4321 ipsorum
2089 4231 2252 4301 fidei
2318 4231 2752 4321 pollicitatio-

208 4345 330 4394 nes
379 4321 605 4393 nullas
671 4330 1195 4412 praeponerent,
1278 4318 1628 4409 spondens
1679 4341 1751 4391 se
1800 4332 1958 4390 ante
2024 4330 2298 4412 tempus
2365 4332 2431 4391 et
2477 4342 2750 4410 semper

262 4446 287 4473 ‘¹
315 4448 690 4496 Aquae-granum
711 4445 759 4484 et
778 4443 1128 4493 aquisgranum
1148 4442 1263 4482 urbs
1281 4441 1331 4481 in
1350 4442 1654 4491 westphalia.

369 4526 611 4585 surius
652 4554 677 4572 -
726 4523 887 4587 Vitae
925 4521 1031 4585 SS.
1061 4554 1085 4569 -
1114 4521 1240 4583 Vol.
1269 4520 1373 4581 111.
2520 4522 2600 4592 43
