3327 4999
181 305 416 372 MART.
480 307 564 372 to
943 323 1023 369 mi
1071 322 1522 381 QnAnnAcmrA
1569 324 1973 372 inuramus
2529 308 2657 374 403

182 404 726 496 intempestivam
760 411 1046 472 mortem
1098 425 1260 475 cum
1292 402 1485 473 dulci
1523 404 1654 474 hac
1687 416 1751 474 et
1781 426 2074 475 amoena
2101 402 2239 473 vita
2280 416 2738 477 commutare.

182 494 569 563 Absurdum
621 512 921 578 namque
978 513 1093 562 eos
1141 492 1264 580 qui
1312 492 1385 561 in
1435 492 1637 562 bellis
1701 507 1866 562 sunt
1923 491 2180 562 assueti
2228 491 2431 564 fortia
2501 516 2740 585 gerere

183 579 382 662 facta,
441 591 665 650 morte
723 590 1109 671 'pravorum
1183 581 1550 651 hominum
1600 583 1899 673 perire.»
1944 586 2099 651 Post
2148 581 2317 651 haec
2366 584 2740 672 pecuniam

263 669 653 751 llicebatur,
708 668 1004 740 honores
1048 689 1130 738 ex
1161 673 1606 761 Imperatore,
1646 668 2157 760 dignitatesque
2191 692 2271 739 ac
2304 669 2586 741 ordines
2612 673 2744 740 mi-

208 758 351 828 itiae
432 759 706 850 primos
768 757 1117 827 offerebat.
1181 761 1349 827 Cum
1401 758 1512 827 his
1581 757 1792 828 rebus
1863 758 2037 827 nihil
2108 758 2492 849 proficeret,
2547 760 2745 830 aliud

260 870 384 917 nus
435 847 804 933 aliumque
871 846 1156 916 modum
1218 847 1536 916 tentavit:
1591 845 1873 938 plagaS‚
1931 858 2209 929 morteS,
2266 869 2525 938 poenas
2572 849 2751 920 into-

204 935 491 1005 erabiles
543 934 870 1005 ostendit.
922 940 1000 1003 Et
1044 934 1161 1004 hic
1208 934 1491 1022 quidem
1543 935 1746 1005 talia:
1802 941 2131 1027 Martyres
2172 958 2330 1005 vero
2419 936 2660 1006 ualia?

256 1025 290 1124 ᾗ
353 1031 445 1097 5.
504 1023 771 1107 «Quid,
819 1022 1183 1109 inquiunt,
1241 1024 1652 1095 muneribus
1701 1024 1841 1093 tuis
1889 1046 2015 1093 nos
2065 1023 2340 1094 demulc
2389 1033 2460 1094 re
2510 1025 2749 1096 studes

177 1115 286 1181 Dei
327 1113 581 1192 hostiS,
637 1123 717 1181 ut
763 1110 1209 1183 discedamus
1244 1133 1287 1180 a
1333 1117 1467 1182 Deo
1514 1114 1805 1195 vivente,
1871 1135 1949 1182 ac
2003 1112 2463 1183 daemonibus
2512 1115 2748 1205 perni-

176 1202 369 1271 ciosis
418 1201 861 1271 serviamus?
906 1204 1206 1271 Putasne
1256 1210 1525 1271 tantum
1585 1215 1648 1271 te
1699 1201 2051 1283 daturum,
2090 1213 2430 1288 quantum
2481 1204 2749 1294 eripere

175 1289 579 1359 contendis?
628 1295 774 1357 Tua
818 1310 1072 1379 respuo
1103 1288 1288 1358 dona
1334 1311 1512 1376 quae
1564 1300 2063 1360 nocumentum
2113 1289 2288 1358 mihi
2324 1292 2740 1361 conciliant:

177 1399 302 1446 non
353 1378 634 1469 accipio
682 1377 1042 1458 honorem,
1100 1377 1290 1446 unde
1322 1378 1497 1446 mihi
1534 1391 1859 1449 nascetur
1906 1378 2316 1469 ignominia.
2371 1380 2743 1449 Pecuniam

175 1466 256 1534 da
298 1489 481 1555 quae
535 1477 940 1557 permaneat
969 1488 1049 1535 ac
1098 1466 1428 1536 continuo
1476 1466 1721 1536 duret:
1754 1465 2048 1558 gloriam
2089 1489 2267 1554 quae
2316 1489 2590 1558 semper
2618 1469 2745 1538 flo-

178 1568 333 1625 reat.
387 1562 494 1626 Me
547 1554 959 1645 Imperatori
1021 1554 1125 1625 vis
1173 1553 1394 1624 facere
1441 1554 1897 1636 familiarem,
1952 1554 2070 1623 sed
2121 1578 2231 1624 me
2279 1578 2320 1624 a
2367 1578 2523 1626 vero
2587 1577 2748 1647 rege

175 1642 471 1713 alienare
505 1644 842 1731 quaeris?
889 1642 1067 1725 Quid
1102 1643 1290 1712 enim
1340 1644 1507 1712 haec
1557 1644 1852 1714 minima
1881 1665 2058 1731 quae
2108 1655 2184 1714 tu
2233 1665 2432 1714 vocas
2463 1667 2740 1745 magna,

176 1752 248 1800 ex
295 1733 563 1802 mundo
618 1731 1001 1823 polliceris,
1054 1754 1216 1802 cum
1268 1731 1578 1802 mundus
1629 1732 2001 1801 universus
2050 1754 2092 1801 a
2140 1731 2341 1802 nobis
2400 1733 2746 1823 despicia-

184 1824 336 1889 tur?
380 1826 527 1891 Non
575 1832 744 1890 sunt
789 1819 1024 1889 omnia
1069 1840 1248 1907 quae
1292 1819 1511 1888 videri
1546 1832 1862 1912 possunt,
1900 1820 2047 1912 spei
2080 1821 2295 1911 paria,
2388 1843 2551 1891 uam
2584 1843 2747 1892 con-

183 1908 364 1979 tinuo
422 1910 850 1979 retinemus„
890 1907 1094 1977 Vides
1167 1908 1298 1976 hoc
1357 1908 1682 1991 coelum,
1736 1920 1815 1980 ut
1861 1923 2147 2000 aspectu
2201 1908 2363 2001 pulc
2417 1933 2614 1992 rum,
2668 1919 2746 1979 ut

179 2017 528 2087 magnum,
589 2008 656 2067 et
704 2009 979 2077 terram,
1028 2008 1291 2083 quanta
1337 2007 1462 2077 est,
1500 2008 1749 2083 quotve
1798 1997 1869 2065 in
1909 1998 2064 2087 ipsa
2111 1997 2516 2067 mirabilia?
2562 1998 2742 2069 Nihil

183 2081 413 2155 horum
448 2087 814 2175 justorum
864 2083 1171 2154 felicitati
1211 2107 1291 2154 ac
1325 2084 1741 2154 beatitudini
1790 2086 2228 2175 aequiparari
2276 2087 2546 2175 poterit.
2617 2086 2745 2157 Illa

185 2193 467 2259 namque
518 2172 847 2242 velociter
879 2185 1262 2255 transeunt,
1298 2172 1468 2242 haec
1515 2173 1847 2243 continuo
1894 2173 2172 2243 durant.
2206 2179 2428 2243 Unam
2472 2186 2742 2245 tantum

178 2258 467 2348 justitiae
518 2261 833 2353 palmam
879 2273 1185 2351 expectO,
1230 2262 1417 2331 circa
1463 2283 1677 2332 unam
1715 2260 2009 2352 gloriam
2041 2283 2218 2349 quae
2265 2262 2336 2330 in
2387 2284 2601 2352 regno
2641 2276 2745 2334 est

188 2349 542 2438 coelorum,
603 2349 931 2419 solicitor.
968 2350 1268 2420 Honoris
1299 2351 1587 2441 superni
1627 2348 1931 2450 cupidus
1981 2371 2163 2431 sum,
2206 2370 2466 2440 poenas
2514 2351 2743 2424 varias

188 2436 518 2526 gehennae
571 2452 831 2509 metuo,
864 2437 1063 2509 Illius
1096 2438 1281 2530 ignis
1329 2439 1504 2510 mihi
1535 2436 2051 2509 formidolosus.
2080 2443 2247 2509 Nam
2299 2437 2533 2540 ignem
2572 2461 2737 2510 eum

189 2546 370 2611 quem
417 2552 542 2600 vos
595 2528 799 2598 nobis
854 2528 1252 2609 intentatis,
1324 2550 1698 2600 conservus
1761 2539 1887 2596 est.
1955 2527 2149 2598 Novit
2213 2538 2278 2597 et
2326 2550 2349 2596 1
2405 2550 2476 2599 se
2524 2529 2742 2598 vereri

187 2635 286 2684 eos
327 2618 446 2703 qui
477 2617 674 2687 idola
703 2627 1179 2686 contemnunt.
1220 2617 1516 2718 Sagittas
1563 2617 1964 2696 infantium,
2014 2628 2274 2687 vestras
2310 2638 2353 2707 p
2387 2638 2552 2706 agas
2600 2617 2743 2685 exi-

192 2702 566 2775 stimamus.
625 2710 884 2794 Corpus
914 2704 1102 2774 enim
1130 2705 1370 2774 caedis
1417 2705 1600 2793 quod
1638 2727 1717 2775 eo
1765 2704 2127 2775 clariorem
2172 2718 2581 2790 assequetur
2627 2725 2744 2774 co-

193 2811 410 2861 ronam
459 2815 609 2882 quo
659 2793 883 2884 magis
931 2793 1058 2864 tibi
1097 2793 1385 2865 resistet.
1443 2795 1512 2863 Si
1552 2815 1711 2863 vero
1763 2793 2109 2875 defecerit,
2163 2815 2243 2863 eo
2291 2793 2498 2862 citius
2548 2815 2589 2861 a
2642 2793 2744 2862 'u-

193 2877 444 2950 dicibus
483 2881 810 2951 violentis
857 2878 1166 2953 solutum
1214 2881 1579 2952 abscedet:
1633 2881 1755 2969 qui
1801 2882 2133 2968 quoniam
2193 2902 2563 2982 corporum
2670 2904 2747 2951 o·-

189 2967 462 3040 minium
497 2970 894 3062 accepistis,
947 2970 1154 3040 etiam
1188 2970 1558 3041 animabus
1605 2970 1955 3039 dominari
1987 2969 2444 3040 contenditis:
2500 2980 2565 3038 et
2606 2969 2746 3039 nisi

192 3057 308 3126 Deo
352 3070 587 3131 nostro
666 3058 1194 3150 praeferamini,
1251 3081 1390 3129 non
1468 3080 1670 3131 secus
1735 3058 2204 3128 indicrnamini
2283 3079 2491 3146 quam
2545 3057 2604 3128 si
2652 3058 2743 3127 ad

195 3155 556 3218 extremum
604 3170 830 3235 usque
868 3171 909 3217 a
957 3146 1160 3219 nobis
1197 3146 1727 3239 vituperemini:
1791 3159 1857 3216 et
1890 3110 2033 3216 bac
2082 3147 2346 3217 ratione
2394 3147 2747 3217 horrenda

197 3228 346 3304 haec
390 3236 745 3328 supplicia
799 3235 1178 3318 intentatiS,
1231 3247 1310 3305 ut
1367 3236 1688 3326 pietatem
1747 3248 2054 3304 nostram
2113 3234 2537 3336 culpabilem
2586 3236 2745 3304 red-

200 3317 380 3392 datis.
414 3328 492 3394 At
539 3325 729 3394 nacti
775 3325 939 3396 estis
969 3346 1110 3395 non
1161 3324 1603 3394 meticulosos
1658 3345 1880 3410 neque
1928 3324 2140 3413 hujus
2190 3336 2368 3393 vitae
2416 3323 2735 3414 cupidoS,

196 3428 305 3478 nec
331 3412 450 3499 qui
498 3411 704 3481 facile
736 3423 1287 3484 consternentur.
1341 3418 1469 3482 Pro
1515 3412 1868 3493 charitate,
1908 3433 2169 3502 proque
2215 3411 2353 3481 fide
2403 3411 2473 3479 in
2526 3417 2744 3481 Deum

198 3505 254 3562 et
293 3497 360 3566 in
406 3511 554 3570 rota
603 3500 769 3591 poni
799 3512 861 3571 et
885 3501 1082 3571 cruci
1113 3500 1306 3592 affigi
1335 3512 1401 3571 et
1446 3500 1752 3570 flammis
1799 3500 1935 3582 uri,
1971 3523 2052 3569 ac
2096 3501 2424 3571 omnibus
2455 3499 2741 3569 demum

202 3584 404 3656 modis
452 3588 757 3675 torqueri
788 3588 1009 3679 parati
1056 3611 1375 3660 sumus.»

275 3674 308 3758 ἓ
371 3680 461 3747 6.
518 3676 651 3747 Ubi
683 3698 838 3746 vero
884 3677 1056 3746 haec
1102 3676 1326 3747 audiit
1352 3676 1697 3747 barbarus
1741 3674 1859 3746 ille
1890 3698 1971 3746 ac
2021 3676 2350 3766 superbia
2398 3674 2737 3759 tumiduS,

203 3761 541 3834 audaciam
574 3787 654 3835 ac
684 3764 1015 3853 loquendi
1061 3764 1444 3836 libertatem
1496 3765 1787 3835 minime
1819 3765 2069 3845 ferenS,
2121 3763 2353 3834 surore
2402 3764 2736 3855 percituS,

206 3849 463 3922 modum
511 3853 953 3924 considerare
999 3854 1224 3945 coepit
1269 3876 1406 3943 quo
1455 3866 1748 3923 mortem
1795 3853 1896 3924 eis
1945 3852 2469 3923 acerbissimam
2533 3851 2747 3943 proli-

207 3953 473 4027 xamque
513 3954 828 4033 pararet:
879 3942 1141 4012 invenit
1176 3941 1478 4012 tandem.
1531 3940 1775 4011 Audite
1823 3943 2080 4028 itaque,
2150 3962 2297 4010 rem
2347 3961 2561 4028 quam
2611 3940 2748 4009 du-

213 4041 338 4093 ram
383 4028 468 4098 sit
513 4042 974 4101 commentus.
1027 4030 1520 4101 Animadverso
1554 4029 1671 4099 ille
1717 4029 2024 4121 regionis
2064 4039 2384 4098 naturam
2435 4027 2749 4098 salebro-

218 4128 339 4180 sam
401 4129 465 4186 et
509 4117 809 4190 collibus
871 4130 1317 4212 praeruptam
1365 4140 1557 4200 esse,
1610 4139 1691 4187 ac
1741 4118 2036 4187 brumae
2107 4129 2384 4208 tempus
2432 4117 2741 4187 instare:

216 4198 583 4288 observavit,
635 4208 710 4277 in
750 4228 889 4295 qua
936 4208 1236 4278 maxime
1266 4219 1459 4299 parte
1503 4205 1730 4299 frigus
1777 4206 2173 4288 vehemenS,
2226 4228 2308 4276 ac
2349 4206 2596 4276 boreae
2625 4205 2751 4274 ssa-

221 4294 309 4357 tus
349 4289 689 4365 horridior
729 4309 930 4365 esset.
980 4297 1209 4369 Jussit
1274 4317 1518 4367 omnes
1565 4294 1793 4366 nudos
1840 4294 1974 4365 sub
2013 4294 2128 4365 dio
2177 4294 2251 4363 in
2302 4294 2535 4364 media
2581 4293 2750 4363 civi-

224 4380 330 4445 tate
369 4382 829 4474 congelandos
895 4385 1094 4455 mori.
1146 4385 1371 4457 Nostis
1432 4396 1689 4467 autem,
1741 4383 1987 4456 fratres
2034 4382 2474 4453 dilectissimi
2504 4402 2749 4451 omnes
