3327 4999
158 357 374 424 MART.
428 360 471 423 7
1014 378 1091 424 na
1139 379 1196 425 s.
1250 378 1463 426 ‘raom
1509 378 1826 434 Aonium
2501 366 2572 429 81

156 460 265 529 hac
306 462 371 529 in
422 483 499 530 re
548 462 998 551 obtemperes,
1078 463 1424 531 Thematis
1489 474 1718 532 autem
1789 462 1936 533 loco
1998 463 2286 533 habebis
2353 465 2530 535 illud
2597 490 2679 537 ex

154 550 425 619 Psalmo:
482 553 741 639 Riqans
787 560 1033 619 montes
1082 552 1161 619 de
1207 553 1660 641 superioribus
1706 554 1870 633 suis,
1925 564 2046 621 etc.
2088 555 2304 643 (Psal.
2355 555 2514 643 403)
2540 555 2595 624 ⁴³.
2640 580 2676 623 »

153 640 254 706 His
296 639 525 716 dictis,
582 638 750 707 visio
798 637 1023 707 ablata
1069 652 1191 721 est,
1244 654 1309 709 et
1356 640 1649 710 Thomas
1697 641 2211 741 expergefactus
2253 648 2387 713 Deo
2418 646 2677 734 gratias

149 728 287 818 egit.
336 728 526 815 quod
581 740 715 797 tam
765 727 1135 797 clementer
1182 728 1404 817 ipsius
1455 751 1690 819 preces
1739 730 2153 801 admisisset.

223 819 253 902 ξ
295 823 383 887 9.
444 822 806 886 Promotus
854 816 1014 885 inde
1062 816 1133 885 in
1186 821 1250 886 S.
1305 818 1710 887 Theoloffiae
1759 825 2133 901 Doctorem‚
2191 819 2362 888 nihil
2398 820 2482 890 de
2527 832 2678 892 stu·-

151 904 245 974 dio
286 905 581 985 remisit,
638 905 752 975 sed
807 904 1055 975 multas
1106 906 1382 993 reliquit
1431 875 1768 975 Eccl’esiae
1816 908 2251 978 doctissimas
2290 922 2354 978 et
2389 910 2678 979 utilissi-

148 1018 272 1064 mas
321 995 866 1069 lucubrationes,
920 1016 1092 1081 quas
1144 1008 1397 1065 norunt
1445 996 1761 1066 studiosi.
1817 1001 1890 1065 In
1945 996 2029 1066 iis
2077 1010 2239 1067 sunt
2286 997 2388 1066 illi
2436 1000 2676 1068 erudi-

142 1085 369 1153 tissimi
406 1083 598 1161 libri,
638 1105 808 1170 quos
841 1084 1215 1174 inscripsit,
1263 1088 1616 1155 Summam
1649 1098 1886 1155 contra
1918 1086 2239 1155 Gentiles:
2280 1087 2350 1155 in
2382 1088 2668 1173 quibuS,

138 1175 297 1242 sicut
344 1185 425 1251 et„
464 1174 536 1240 in
588 1172 871 1242 caeteris
919 1174 1137 1242 sancti
1186 1173 1310 1241 viri
1362 1174 1678 1264 scriptis,
1735 1196 1868 1242 non
1919 1175 2251 1245 debemus
2299 1176 2673 1245 dictionem

139 1276 451 1352 spectare.
511 1284 688 1347 quae
738 1282 859 1351 pro
908 1261 1097 1332 illius
1146 1261 1360 1330 seculi
1410 1284 1596 1331 more
1645 1263 1935 1353 simplex
1982 1276 2083 1333 est
2127 1275 2192 1332 et
2231 1264 2668 1334 scholastica:

136 1351 239 1419 sed
290 1372 394 1420 res
445 1363 515 1418 et.
564 1350 959 1431 sententias,
1012 1372 1188 1437 quae
1235 1350 1794 1420 doctissimorum
1845 1352 2145 1421 virorum
2189 1352 2454 1434 judicio
2504 1365 2670 1423 sunt

137 1439 197 1507 in
242 1439 379 1509 illis
429 1438 905 1507 admirabiles,
965 1440 1111 1510 Fuit
1148 1461 1303 1508 vero
1337 1440 1541 1509 etiam
1578 1440 1645 1508 in
1690 1462 2004 1509 sermone
2038 1440 2361 1510 familiari
2397 1442 2480 1511 ad
2521 1464 2674 1532 per-

135 1528 566 1598 suadendum
618 1528 812 1596 valde
859 1527 1093 1596 efficax
1124 1583 1138 1607 ‚
1192 1528 1782 1615 quemadmodum
1832 1552 1938 1599 res
2001 1530 2307 1619 subjecta
2372 1531 2669 1600 docebit.

136 1619 311 1685 Venit
356 1616 782 1704 quandoque
830 1616 913 1685 ad
965 1617 1212 1686 Christi
1259 1617 1556 1687 natalem
1604 1618 1787 1687 diem
1839 1618 2259 1699 Mollariam,
2325 1620 2506 1706 quod
2570 1631 2674 1691 est

134 1726 213 1795 op
266 1706 455 1775 idum
516 1728 655 1774 non
707 1706 906 1796 longe
953 1708 1039 1776 ab
1087 1707 1258 1775 urbe
1308 1712 1521 1776 Roma
1552 1761 1567 1787 ,
1619 1708 1742 1776 ubi
1792 1718 1937 1777 tum
1991 1708 2388 1776 morabatur
2436 1708 2673 1777 Cardi-

140 1817 219 1862 na
250 1796 303 1864 is
332 1794 768 1864 Richardus:
812 1807 1143 1864 venerunt
1171 1807 1398 1864 autem
1433 1818 1512 1865 eo
1540 1797 1745 1865 etiam
1781 1795 1920 1866 duo
1955 1797 2362 1885 praedivites
2394 1797 2669 1879 Judaei,

149 1881 213 1949 in
258 1884 450 1952 rebus
500 1883 814 1952 Judaicis
860 1885 1129 1974 egregie
1179 1884 1517 1955 instructi.
1582 1884 1806 1954 Voluit
1854 1885 2065 1954 irritur
2113 1885 2544 1967 Cardinalis',
2598 1898 2676 1956 ut

152 1991 297 2037 cum
343 1972 473 2041 illis
523 1973 821 2041 Thomas
870 1994 1252 2042 sermonem
1304 1973 1660 2052 conferret,
1716 1986 1781 2043 et
1828 1940 1920 2042 ad
1965 1974 2214 2043 Christi
2263 1974 2670 2065 religionem

154 2080 262 2127 eos
304 2061 646 2130 traducere
697 2062 1046 2134 niteretur.
1102 2066 1429 2151 Suscepta
1475 2073 1576 2130 est
1623 2084 1781 2132 cum
1833 2062 1973 2131 illis
2020 2063 2433 2153 disputatio,
2489 2064 2671 2132 mul-

159 2147 363 2233 tisque
406 2150 577 2218 ultro
629 2150 932 2237 citroque
972 2150 1195 2219 allatis
1232 2151 1637 2232 rationibus,
1676 2150 1950 2219 tandem
1985 2152 2368 2242 scripturae
2398 2151 2673 2221 divinae

156 2236 536 2307 testimoniis
584 2239 879 2307 Thomas
925 2240 1164 2317 evicit,
1211 2239 1357 2328 jam
1402 2238 1742 2309 Christum
1796 2251 1861 2307 et
1907 2240 2221 2309 Messiam
2277 2240 2661 2323 advenisse,

148 2345 329 2410 quem
374 2327 688 2398 infelices
733 2328 979 2397 Judaei
1024 2328 1253 2398 adhuc
1301 2341 1666 2397 venturum
1718 2328 2087 2397 somniant.
2141 2333 2217 2396 Et
2252 2328 2353 2397 illi
2383 2329 2668 2416 quidem

148 2426 292 2484 tunc
336 2440 373 2484 a
420 2418 687 2485 Thoma
724 2439 801 2486 ea
830 2417 1221 2486 conditione
1251 2416 1521 2488 dimissi
1557 2429 1743 2498 sunt,
1787 2429 1862 2486 ut
1896 2416 1966 2484 in
2003 2416 2382 2486 crastinum
2428 2440 2664 2487 secum

144 2503 610 2585 deliberarent,
667 2518 731 2575 et
778 2506 833 2576 si
882 2529 1054 2593 quas
1102 2506 1451 2587 baberent,
1507 2509 1807 2578 rationes
1857 2507 2235 2576 contrarias
2283 2506 2669 2577 adferrent:

148 2592 391 2665 interim
448 2617 610 2663 vero
658 2594 774 2663 ille
822 2594 1105 2664 ferventi
1153 2596 1400 2686 spiritu
1451 2595 1735 2686 rogabat
1785 2618 1909 2686 pro
1957 2594 2097 2666 illis
2149 2596 2539 2675 Dominum,
2595 2607 2673 2664 ut

148 2702 247 2750 eos
276 2686 364 2753 ‘dd
416 2706 495 2753 se
544 2696 932 2753 convertere
978 2684 1403 2774 dignaretur,
1456 2685 1575 2772 qui
1627 2708 1750 2775 pro
1839 2685 2268 2755 eccatoribus
2317 2685 2508 2753 nasci
2557 2705 2672 2752 vo-

143 2769 347 2842 luerit.
403 2773 630 2842 Altero
680 2773 1115 2842 illucescente
1163 2774 1313 2852 die,
1366 2794 1567 2843 verus
1616 2774 1780 2844 Luci
1811 2797 1884 2843 er
1931 2774 2001 2842 in
2051 2795 2290 2843 eorum
2341 2771 2672 2844 cordibus

136 2874 309 2930 ortus
356 2874 510 2941 est,
564 2861 954 2948 reversique
1001 2861 1088 2930 ad
1140 2868 1204 2930 S.
1259 2862 1585 2931 Thomam
1625 2918 1640 2944 ,
1696 2862 1915 2953 posita
1961 2864 2291 2933 Judaicae
2343 2861 2672 2953 perfidiae

134 2949 608 3027 obstinatione,
663 2951 925 3020 Christo
974 2972 1225 3020 nomen
1274 2951 1543 3033 dedere,
1598 2964 1663 3021 et
1711 2973 1905 3021 sacro
1953 2952 2173 3022 abluti
2232 2951 2665 3042 baptismate,

136 3039 473 3109 Christum
530 3039 934 3108 induerunt.

208 3129 243 3215 ξ
288 3134 451 3201 10.
507 3127 926 3197 Admiranda
973 3127 1103 3196 suit
1150 3128 1371 3198 sancti
1418 3128 1544 3197 viri
1594 3130 1772 3199 inter
1818 3129 2158 3199 orandum
2194 3128 2412 3198 animi
2451 3128 2671 3230 pietas

130 3229 187 3284 et
228 3217 525 3296 devoti0‚
580 3230 643 3285 et
691 3239 850 3286 cum
894 3238 965 3286 se
1003 3217 1193 3286 daret
1228 3240 1455 3288 rerum
1489 3218 1886 3288 divinarum
1920 3217 2505 3308 contemplationi,
2545 3217 2669 3286 ad-

130 3326 201 3373 eo
250 3324 581 3396 persaepe
631 3307 818 3375 visus
863 3318 964 3374 est
1013 3317 1237 3375 mente
1286 3307 1354 3374 in
1407 3312 1617 3375 Deum
1669 3307 2059 3377 sublimiter
2112 3307 2484 3376 excessisse
2515 3360 2530 3386 ,
2595 3317 2672 3375 ut

133 3415 376 3495 corpus
413 3396 669 3486 pariter
702 3396 772 3463 in
808 3398 961 3464 aere
995 3416 1411 3482 suspensum
1455 3394 1822 3465 videretur.
1877 3394 2249 3485 Praecipua
2286 3407 2513 3464 autem
2551 3393 2669 3462 de·-

136 3497 394 3553 votione
444 3483 873 3554 afficiebatur
916 3506 1080 3574 erga
1127 3483 1301 3552 illud
1347 3483 2014 3584 praestantissimum
2053 3483 2522 3552 Eucharistiae
2555 3486 2672 3552 Sa-

136 3585 605 3652 cramentum,
660 3573 1051 3659 solebatque
1099 3571 1403 3660 quotidie
1453 3573 1696 3643 Missae
1741 3574 1982 3643 offerre
2031 3571 2477 3653 sacrificium,
2533 3571 2670 3640 nisi

134 3661 410 3731 adversa
466 3662 853 3730 valetudine
899 3674 1075 3732 esset
1109 3661 1201 3730 im
1259 3661 1524 3731 editus:
1579 3684 1703 3732 nec
1739 3663 1867 3732 hoc
1900 3673 2284 3742 contentuS,
2328 3662 2535 3730 etiam
2569 3660 2672 3729 al-

134 3751 341 3818 terius
392 3751 619 3819 fratris
669 3751 943 3819 Missam
992 3685 1448 3828 auscultabat,
1486 3752 1602 3820 cui
1639 3751 1844 3821 etiam
1882 3750 2340 3842 utplurimum
2377 3749 2524 3840 ipse
2567 3750 2674 3818 in-

138 3839 487 3908 serviebat.
557 3840 698 3908 Sub
750 3839 898 3929 ipso
946 3852 1176 3908 autem
1228 3839 1589 3921 sacrificiO,
1644 3841 1815 3910 tanti
1864 3839 2279 3910 sacramenti
2327 3860 2561 3908 amore
2608 3859 2676 3908 e-

138 3922 373 4008 brius,
425 3951 557 3997 non
614 3950 767 3998 raro
818 3929 884 3996 in
937 3933 1148 3997 Deum
1217 3929 1653 4019 rapiebatur,
1725 3941 1906 3999 totus
1972 3928 2301 4018 lacrymis
2369 3927 2668 3997 infusus.

143 4016 334 4086 Horis
381 4017 761 4096 nocturnis,
802 4029 949 4108 post
984 4016 1252 4087 brevem
1290 4040 1637 4100 somnum,
1676 4018 1972 4087 multum
2005 4018 2290 4088 vacabat
2323 4015 2670 4108 precibuS,

146 4113 210 4169 ut
253 4127 293 4172 a
342 4107 623 4177 Domino
672 4119 899 4198 posset
944 4106 1251 4177 obtinere
1298 4107 1591 4198 gratiam
1642 4106 1991 4177 scribendi
2039 4119 2104 4176 et
2135 4105 2452 4188 docendi,
2497 4127 2676 4193 quae

194 4275 219 4299 ‘
246 4277 404 4324 Bistam
429 4285 666 4319 moneam
702 4280 755 4318 de
773 4279 931 4325 fructu
970 4290 1149 4327 operum
1192 4283 1367 4317 tuorum
1387 4278 1626 4371 equabitur·
1641 4282 1783 4318 terra.
1812 4278 1958 4325 Quum
1980 4277 2259 4319 mirabiliter
2273 4278 2441 4326 jussus
2460 4277 2535 4314 ent
2562 4274 2682 4315 Tho·

158 4334 240 4367 uun
259 4332 485 4379 angelicae
506 4344 619 4372 suae
639 4332 881 4372 doctrinae
903 4334 1096 4380 copiam,
1117 4332 1303 4372 fructus
1324 4335 1371 4370 et
1392 4343 1419 4380 g
1441 4333 1587 4370 ortam
1608 4330 1879 4371 vaticinnrtt
1907 4334 1971 4372 Ex
1995 4333 2071 4370 his
2091 4332 2302 4379 profecto
2321 4339 2440 4379 quae
2468 4329 2525 4368 de
2553 4337 2683 4368 mon·

161 4379 267 4421 “hus
287 4384 459 4426 divinae
480 4386 823 4435 speculationis
847 4387 1040 4434 aceepit,
1060 4387 1208 4424 totam
1229 4387 1500 4428 Ecclesiam.
1519 4385 1655 4433 quast
1677 4395 1840 4434 agrum
1860 4386 2053 4425 coelesti
2070 4384 2256 4433 ingesto
2277 4384 2469 4426 somlne.
2497 4382 2681 4429 sapten-

165 4432 241 4473 tiae
257 4442 475 4479 recreavit
494 4451 614 4480 rore:
644 4439 913 4488 pluviisque
942 4439 1147 4478 satiavit.
1174 4440 1305 4478 Inter
1339 4439 1604 4479 catholicos
1636 4439 1762 4478 enim
1797 4440 2007 4494 ugiversi
2037 4439 2163 4477 orbis
2194 4438 2243 4477 in
2273 4436 2602 4484 Philosophia
2634 4436 2683 4475 et

161 4485 414 4540 ’theologica
433 4505 495 4539 re.
514 4494 629 4542 quid
651 4494 911 4533 solemnius
932 4493 1108 4541 legitur
1128 4502 1269 4541 quam
1287 4493 1413 4542 quod
1432 4494 1489 4533 de
1508 4492 1758 4542 aquinatis
1777 4494 1968 4542 scriptis
1991 4491 2211 4531 hauritur
2223 4493 2241 4530 ‘l

304 4567 572 4625 surius·
601 4565 766 4625 Vitae
790 4565 896 4626 SS.
923 4595 946 4608 ·
969 4562 1093 4623 Vol.
1135 4563 1241 4622 111.
2485 4562 2521 4618 6
