3327 4999
755 311 883 376 454
1212 328 1290 374 m:
1337 327 1429 374 ss‚
1482 327 1594 375 ιιι.
1646 325 1942 387 τιιοιΑο,
1993 325 2285 377 monrsm
2331 328 2407 375 m·
2452 327 2650 377 socns
2809 310 3057 376 MART.
3114 313 3201 379 21»

3315 314 3327 425 l

671 408 902 500 regnis
936 404 1246 486 suediae,
1304 406 1576 487 Daniae,
1633 408 2001 498 Norvegiae
2043 420 2110 478 et
2155 407 2484 478 Gotthiae.
2527 408 2770 479 Aderat
2813 408 3019 478 etiam
3053 411 3205 480 Eri·
3325 448 3327 475 t

672 518 797 567 cus
845 495 1032 566 filius
1079 495 1259 586 regis
1308 494 1595 565 Suediae
1640 518 1799 565 cum
1850 496 2087 566 multis
2133 496 2590 586 principibus,
2648 497 3092 587 magnatibus
3137 512 3205 569 et

671 584 1075 655 baronibus:
1127 597 1203 653 ut
1248 584 1644 655 omittamus
1692 584 2095 655 inferiorum
2134 585 2456 656 ordinum
2504 585 2791 656 clericos
2835 597 2902 655 et
2949 586 3191 668 laicos,

670 694 967 762 quorum
1038 671 1168 741 fuit
1223 672 1466 763 ingens
1511 673 1734 764 copia.
1790 677 2074 744 Sacrum
2124 686 2397 744 sanctae
2444 673 2731 765 virginis
2779 696 3037 765 corpus
3083 699 3202 746 ex-

673 760 985 853 portabat
1014 760 1254 831 Ericus
1289 783 1437 851 Jam
1486 761 1713 832 dictus
1761 785 1921 832 cum
1971 762 2164 854 regni
2213 762 2643 863 principibus
2671 775 2736 832 et
2768 765 3197 852 proceribus:

670 850 790 920 sed
839 848 1061 919 turbis
1108 849 1192 919 ad
1241 850 1732 939 contigendum
1782 851 1952 919 illud
2003 863 2310 921 certatim
2360 852 2806 933 irruentibuS,
2847 874 3054 943 aegre
3083 877 3200 944 po-

671 938 802 1008 tuit
846 938 933 1006 ad
992 938 1388 1027 sepulcrum
1458 938 1730 1009 deferri.
1787 939 2188 1030 Sepulturae
2231 939 2534 1010 officium
2587 962 2720 1010 non
2770 941 2921 1010 sine
2971 942 3191 1031 lacry-

669 1027 805 1096 mis
850 1025 1142 1117 explevit
1187 1041 1459 1097 sanctae
1509 1028 1877 1098 memoriae
1924 1029 2240 1099 Nicolaus
2288 1029 2729 1119 Lincopensis
2777 1030 3091 1109 antistes,
3125 1054 3187 1100 a·

669 1114 1011 1186 stantibus
1060 1115 1161 1184 illi
1206 1116 1773 1207 ArchiepiscopiS‚
1819 1118 2196 1208 Episcopis,
2235 1118 2608 1187 Abbatibus
2646 1132 2711 1187 et
2759 1117 2983 1189 multa
3029 1119 3180 1190 cleri

668 1203 1072 1291 frequentia,
1109 1208 1290 1275 Inter
1328 1206 1452 1275 hos
1496 1217 1641 1274 erat
1688 1206 1903 1275 Tot-do
1949 1206 2315 1297 episcopus
2363 1208 2903 1297 StrengenensiS.
2946 1231 3186 1297 magna

669 1304 818 1363 tum
865 1292 1271 1365 eruditione.
1325 1304 1467 1363 tum
1518 1296 1919 1364 auctoritate
1968 1294 2339 1385 praeditus.
2374 1301 2442 1364 Is
2490 1317 2613 1395 pro
2664 1295 3002 1386 singulari
3033 1319 3193 1387 erga

666 1382 859 1451 illam
906 1382 1286 1453 etiamnum
1330 1383 1403 1452 in
1452 1405 1736 1474 corpore
1784 1383 2141 1474 degentem
2190 1382 2649 1453 familiaritate
2686 1395 2749 1453 et
2797 1384 3177 1463 devotione,

666 1492 956 1540 manum
1002 1471 1154 1571 ejus
1199 1472 1760 1561 comprehendit,
1812 1473 1963 1562 ejus
2027 1495 2099 1542 se
2156 1472 2475 1573 precibus
2542 1473 3058 1543 commendans.
3112 1479 3196 1544 Et

665 1580 820 1628 ecce
870 1571 1084 1628 sensu
1120 1559 1236 1630 ille
1283 1560 1413 1629 sibi
1463 1582 1748 1630 manum
1782 1584 1976 1631 suam
2018 1561 2277 1631 fortiter
2321 1560 2685 1650 comprimi
2733 1583 2950 1631 manu
2979 1567 3043 1632 S.
3075 1568 3197 1631 Ca·

669 1647 1004 1728 marinae,
1053 1660 1127 1717 ut
1174 1649 1344 1718 solet
1373 1649 1521 1718 fieri
1570 1650 1961 1732 interillos,
2013 1651 2132 1738 qui
2182 1661 2421 1720 mutuo
2468 1650 2600 1721 sibi
2641 1648 2849 1720 fidem
2888 1652 3077 1720 dant.
3113 1656 3194 1720 Et

670 1736 950 1822 quidem
984 1758 1131 1806 non·
1167 1760 1417 1827 parum
1449 1739 1633 1838 apud
1672 1743 2054 1808 Romanum
2089 1739 2481 1828 pontificem
2527 1738 2813 1827 ejusque
2862 1740 3191 1809 Cardina-

673 1824 822 1904 les,
875 1838 941 1894 et
984 1847 1099 1895 eos
1144 1847 1316 1913 quos
1362 1848 1594 1896 curiae
1640 1828 1965 1897 officiales
2011 1845 2296 1903 vocant,
2341 1828 2487 1917 jam
2536 1827 2702 1896 olim
2765 1826 3193 1898 laboraverat

677 1912 1040 1983 Catharina
1086 1936 1209 2004 pro
1254 1914 1621 1984 obtinenda
1670 1915 1770 1985 illi
1818 1938 1982 1985 suae
2028 1915 2377 1986 electionis
2423 1916 2966 1995 confirmatione,
3023 1939 3189 1987 cum

671 2023 750 2071 ea
797 2004 1009 2071 causa
1056 2002 1114 2072 is
1161 2009 1443 2072 Romam
1481 2004 1796 2074 venisset.
1833 2005 2011 2075 Obiit
2059 2004 2271 2074 multa
2310 2005 2738 2073 veneratione
2777 2004 3196 2091 dignissima

675 2090 1038 2160 Catharina
1101 2092 1169 2159 in
1236 2093 1648 2163 monasterio
1713 2095 2157 2163 Watstenensi
2205 2116 2386 2164 anno
2433 2093 2681 2162 Christi
2731 2098 2886 2164 ⁴38⁴
2945 2118 3008 2163 xi
3069 2098 3195 2162 Ca-

672 2179 911 2249 lendas
955 2180 1225 2269 Aprilis,
1283 2180 1500 2270 pridie
1545 2182 2101 2252 Annuntiationis
2149 2182 2564 2252 Dominicae.
2616 2181 2708 2250 Ad
2758 2184 2908 2272 ejus
2957 2197 3200 2251 tumu-

671 2267 813 2336 lum
864 2280 929 2338 et
975 2280 1277 2338 sanctam
1331 2270 1735 2339 memoriam
1788 2272 2000 2340 multa
2037 2271 2144 2361 pie
2186 2270 2570 2361 petentibus
2608 2282 3042 2359 praestantur
3075 2272 3198 2340 be-

666 2356 934 2435 neficia,
975 2358 1302 2448 largiente
1334 2358 1475 2438 illo,
1518 2360 1638 2445 qui
1678 2359 1746 2428 in
1785 2359 2038 2430 sanctis
2069 2360 2215 2430 suis
2243 2371 2309 2429 et
2343 2359 2711 2429 laudabilis
2742 2373 2807 2429 et
2841 2359 3192 2431 mirabilis

660 2456 783 2517 est:
836 2445 950 2516 cui
997 2461 1098 2519 est
1144 2447 1364 2518 honor
1406 2459 1471 2518 et
1517 2447 1734 2540 gloria
1782 2459 1909 2518 etc.

654 2744 784 2846 DE
848 2745 985 2847 SS.
1053 2746 1530 2864 TlMOLAO,
1605 2745 2070 2849 DlONYSlO
2117 2747 2588 2856 ALllSQUE
2637 2748 2830 2849 SEX
2876 2747 3192 2849 MART.

1075 2999 1153 3047 Ex
1200 3000 1364 3046 msr.
1418 2999 1808 3048 Eccmsmsr.
1861 3001 2110 3049 Eusssnn
2158 3001 2278 3048 mn.
2334 2985 2397 3060 8,
2451 3000 2590 3049 cAr.
2648 2984 2752 3060 ⁴3,

1267 3107 1648 3155 mutarum
1685 3108 1926 3157 ,ιοΑΝΝΕ
1973 3107 2565 3156 cnmsroruoasono

1716 3302 1915 3356 Anno
1958 3303 2104 3356 305.

734 3513 770 3598 ἓ
829 3518 905 3584 1.
961 3516 1133 3582 Dum
1183 3512 1470 3603 gentiles
1519 3512 1800 3603 publica
1874 3512 2050 3581 inter
2089 3534 2161 3582 se
2209 3511 2399 3584 festa.
2422 3513 2858 3582 celebrabant
2904 3526 2970 3583 et
3024 3537 3190 3585 con-

648 3611 841 3670 sueta
887 3601 1179 3691 agebant
1225 3600 1650 3691 spectacula,
1706 3602 1881 3670 inter
1927 3601 2062 3670 alia
2095 3623 2270 3687 quae
2319 3623 2730 3692 magnopere
2769 3602 2941 3692 ipsis
2990 3603 3060 3672 in
3114 3628 3190 3674 o-

642 3690 850 3846 sstatis
896 3702 1088 3759 erant
1135 3690 1217 3759 ad
1253 3690 1888 3776 contemplandum,
1940 3691 2179 3759 crebro
2231 3690 2593 3760 hominum
2645 3712 2959 3761 sermone
3010 3691 3187 3763 fere-

693 3791 866 3860 atur‚
920 3779 1337 3849 Christianos
1360 3779 1477 3866 qui
1510 3778 1778 3848 dudum
1825 3792 2019 3848 erant
2047 3779 2132 3847 ad
2174 3778 2429 3849 bestias
2458 3777 2787 3848 damnati.
2830 3793 3184 3852 certamen

643 3865 1092 3938 confecturos.
1171 3873 1338 3938 Cum
1391 3888 1547 3936 vero
1595 3867 1805 3957 hujus
1853 3868 1949 3936 rei
2002 3866 2185 3936 fama
2230 3865 2439 3938 latius
2513 3879 2819 3937 manaret
2864 3880 2930 3938 et
2995 3871 3190 3960 apud

642 3976 882 4024 omnes
930 3957 1186 4046 passim
1239 3969 1616 4047 vagaretur,
1648 3956 2112 4025 adolescentes
2152 3977 2438 4025 numero
2488 3977 2626 4036 sex,
2662 3979 2959 4043 quorum
2993 3981 3183 4031 unus

639 4065 888 4133 genere
934 4046 1275 4127 Ponticus,
1333 4047 1608 4116 nomine
1658 4044 2046 4114 Timolaus:
2100 4044 2271 4113 alter
2328 4066 2409 4114 ex
2441 4045 2692 4134 Tripoli
2744 4046 2915 4115 urbe
2965 4048 3183 4117 Phoe-

638 4131 860 4202 niciae
906 4134 1026 4220 qui
1077 4133 1439 4236 Dionysius
1489 4145 1932 4222 nuncupatus
1981 4132 2145 4203 suit:
2184 4132 2424 4203 tertius
2473 4133 2799 4203 ecclesiae
2842 4135 3187 4225 Diospolis

641 4220 1108 4294 subdiaconus
1154 4245 1272 4310 qui
1307 4223 1644 4293 Romulus
1692 4221 1918 4291 dictus
1964 4233 2102 4291 est:
2156 4235 2446 4309 quartus
2496 4223 2734 4292 Pausis
2782 4235 2848 4292 et
2892 4225 3186 4310 quintus

639 4309 1034 4392 Alexander,
1089 4324 1375 4412 uterque
1420 4312 1824 4403 Aegyptius:
1864 4322 2094 4381 sextus
2137 4310 2348 4400 hujus
2387 4310 2662 4401 gentilis
2706 4310 3086 4394 Alexander
3112 4336 3194 4384 ex

624 4401 812 4498 ¹urbe
858 4406 1054 4483 Gaza,
1110 4423 1425 4492 proprias
1474 4421 1726 4472 manus
1775 4422 1911 4487 quo
1960 4399 2316 4470 ardentem
2381 4399 2692 4491 martyrii
2735 4400 3192 4491 cupiditatem
