3327 4999
236 334 474 402 MART.
526 332 613 400 13
973 356 1054 404 nn
1099 356 1156 404 s.
1208 355 1564 405 Nlcnruono
1627 298 2046 405 ranunculi=
2556 339 2688 407 287

231 434 440 524 igitur
488 432 934 523 magistratus
980 446 1046 505 et
1092 436 1161 504 in
1212 436 1284 505 di
1341 438 1548 507 nitate
1580 436 1934 507 constituti
1980 448 2047 505 et
2085 437 2470 506 sacerdotes
2514 448 2580 507 et
2629 459 2776 506 mo-

236 523 433 593 nachi
465 536 531 592 et
575 544 655 593 ex
694 523 961 611 reliqua
1009 524 1286 595 multitu
1341 525 1493 609 ine,
1550 526 1802 617 partim
1850 526 2257 616 imperantis
2316 526 2379 594 vi
2430 526 2777 617 pertracti,

236 611 336 680 illi
389 612 894 683 adhaerebant:
950 613 1200 703 partim
1260 628 1447 684 metu
1481 670 1496 696 ,
1566 615 1816 705 partim
1868 614 2183 704 ignavia,
2240 614 2486 705 partim
2540 614 2786 685 adula-

237 699 451 783 tione,
508 700 758 791 partim
828 701 1087 792 gloriae
1148 703 1525 793 cupiditate
1597 702 2430 793 corrumpebantur.,Sed
2481 704 2784 774 maxima

233 811 384 880 pars
431 789 710 861 stabiles
756 802 822 859 et
866 803 1259 861 constantes
1307 792 1377 860 in
1432 793 1565 861 fide
1612 792 1884 862 animos
1932 792 2402 861 conservabat.
2466 797 2656 861 Tunc
2703 793 2778 861 in

234 901 417 949 sacra
454 878 683 967 regiae
738 878 1032 950 civitatis
1100 880 1260 950 sede
1326 892 1462 950 tres
1512 881 1651 951 veri
1705 881 1998 972 pastoris
2072 879 2474 961 adversarii,
2535 880 2778 951 ordine

230 988 406 1036 unus
472 979 626 1056 post
671 966 928 1049 alium,
1012 969 1226 1060 impie
1272 970 1776 1051 consederunt,
1860 968 2281 1050 TheodoruS,
2335 970 2671 1039 Antonius
2719 981 2785 1040 et

227 1055 553 1126 Joannes:
604 1056 726 1142 qui
774 1068 1129 1145 tamquam
1203 1082 1443 1149 graves
1490 1059 1776 1146 quidam
1843 1057 2030 1148 lupi,
2089 1058 2348 1149 passim
2397 1059 2776 1128 Ecclesiam

226 1142 695 1215 laceraverunt
729 1166 810 1215 ac
857 1145 1293 1217 devorarunt.
1348 1152 1426 1217 Et
1464 1148 1620 1218 aliis
1653 1147 1723 1216 in
1775 1146 1944 1216 locis
1991 1159 2057 1216 et
2102 1147 2519 1227 civitatibus,
2581 1148 2774 1235 ejus-

224 1232 375 1303 dem
425 1232 777 1324 opinionis
824 1235 1231 1316 sacerdoteS,
1276 1259 1355 1306 ac
1402 1236 1615 1307 duces
1645 1234 1947 1326 imperiti
1994 1245 2060 1304 et
2092 1234 2358 1305 nullius
2409 1236 2609 1326 pretii
2655 1237 2779 1305 ho·-

222 1323 472 1403 mineS,
526 1321 845 1392 Ecclesiis
893 1323 1216 1413 praefecti
1276 1338 1479 1395 sunt:
1530 1326 1650 1413 qui
1698 1324 2075 1394 execrabile
2145 1347 2225 1395 ac
2284 1324 2773 1395 detestandum

219 1424 445 1482 sectae
493 1431 660 1480 suae
705 1411 1054 1482 decretum
1106 1414 1318 1503 impie
1362 1427 1429 1484 et
1476 1415 1681 1485 stulte
1726 1413 2241 1494 confirmantes,
2289 1413 2500 1483 variis
2547 1414 2774 1483 modis

215 1498 308 1569 ita
356 1500 591 1569 conati
652 1510 815 1569 sunt
861 1500 1248 1592 imaginum
1296 1526 1507 1573 usum
1555 1505 1912 1594 abrogare,
1965 1514 2044 1571 ut
2081 1513 2418 1589 quantum
2469 1502 2540 1570 in
2597 1502 2771 1592 ipsis

216 1588 370 1670 fuit,
430 1588 706 1659 nullum
755 1611 996 1659 earum
1046 1591 1409 1682 vestigium
1461 1592 1965 1679 relinqueretur
2026 1591 2209 1678 quod
2261 1591 2361 1659 vel
2414 1591 2530 1660 Dei
2577 1591 2780 1661 Verbi

212 1699 499 1767 carnem
550 1677 819 1759 induti,
875 1678 973 1747 vel
1055 1681 1534 1751 sanctissimae
1590 1681 1708 1751 Dei
1765 1679 2164 1760 Genitricis,
2221 1678 2325 1749 vel
2375 1680 2777 1750 coelestium

211 1767 661 1858 Angelorum,
715 1779 835 1836 aut
882 1767 1089 1837 totius
1137 1770 1388 1857 reliqui
1426 1782 1822 1840 sanctorum
1868 1781 2072 1857 atque
2109 1769 2460 1858 justorum
2510 1769 2777 1839 ordinis

213 1857 519 1947 speciem
575 1876 738 1945 prae
786 1877 857 1925 se
906 1856 1129 1927 ferret.

298 1948 335 2032 ἓ
384 1951 482 2016 6.
536 1949 694 2013 Erat
723 1955 953 2014 autem
1002 1945 1376 2015 admodum
1426 1948 1809 2017 absurdum
1850 1959 1914 2015 et
1955 1967 2181 2046 grave,
2227 1945 2457 2015 videre
2506 1947 2770 2036 passim

218 2045 661 2105 sacrosancta
717 2033 973 2124 templa
1020 2037 1107 2105 ab
1153 2035 1468 2107 obscuris
1514 2048 1579 2106 et
1630 2035 2031 2105 execrandis
2107 2034 2552 2115 hominibuS,
2612 2035 2769 2125 pul-

220 2121 618 2192 chritudine
665 2143 793 2191 sua
838 2136 905 2191 et
951 2123 1293 2192 veteribus
1339 2125 1765 2193 ornamentis
1812 2123 2118 2213 spoliari.
2182 2128 2392 2209 Atque
2439 2124 2572 2192 ista
2615 2123 2773 2210 qui-

220 2209 379 2280 dem
429 2210 595 2278 mali
644 2210 1022 2281 dominatio
1093 2212 1536 2303 gravissimas
1595 2213 2019 2283 calamitates
2079 2211 2334 2281 invexit
2392 2224 2457 2281 et
2516 2225 2771 2283 cuncta

223 2299 627 2387 permiscuit
672 2321 751 2368 ac
802 2300 1244 2390 perturbavit,
1300 2323 1437 2370 non
1483 2302 1729 2392 exiguo
1767 2313 1886 2370 aut
1931 2300 2120 2370 brevi
2169 2300 2498 2391 temporis
2557 2300 2772 2371 inter-

226 2384 403 2486 vallo
449 2390 888 2478 Imperatoris
936 2390 1177 2461 robore
1248 2390 1553 2472 munita,
1626 2390 1746 2459 sed
1810 2389 2091 2490 triginta
2151 2411 2367 2489 prope
2425 2411 2771 2460 annorum

208 2495 264 2570 ‘s
313 2488 467 2546 atio.
531 2482 831 2560 Quorum
897 2502 1056 2549 cum
1105 2479 1628 2567 quatuordecim
1701 2479 1772 2548 in
1821 2479 2022 2550 exilio
2096 2478 2295 2547 divus
2342 2490 2536 2568 pater
2583 2478 2774 2549 Nice-

231 2584 275 2653 p
324 2586 479 2637 orus
521 2568 986 2656 transegisset,
1023 2571 1110 2639 ab
1140 2568 1270 2638 ha'c
1320 2569 1592 2639 mortali
1622 2568 1759 2638 vita
1792 2567 2109 2658 migravit
2137 2567 2221 2637 ad
2272 2567 2762 2637 immortalem:

230 2663 293 2720 et
334 2654 647 2745 sepultus
693 2669 794 2725 est
829 2657 1024 2746 juxta
1080 2658 1414 2749 templum
1476 2658 1697 2728 sancti
1745 2657 2071 2747 martyris
2123 2656 2457 2726 Theodori
2507 2657 2580 2725 in
2632 2678 2771 2726 rno-

222 2745 537 2825 nasterio,
591 2744 774 2831 quod
848 2747 995 2835 ipse
1049 2769 1090 2816 a
1137 2746 1604 2818 fundamentis
1650 2756 2147 2817 construxerat.
2216 2751 2292 2814 In
2347 2745 2475 2814 hoc
2521 2745 2708 2815 enim
2745 2800 2761 2827 ,

217 2851 367 2900 cum
415 2845 601 2904 esset
648 2833 1021 2904 mulctatus
1094 2836 1332 2916 exilio,
1399 2836 1586 2925 piam
1634 2846 1700 2905 et
1748 2857 2016 2905 sacram
2069 2834 2280 2903 vitam
2349 2834 2651 2904 traduxit
2704 2845 2770 2904 et

212 2920 546 2992 virtutum
595 2921 822 2992 studio
892 2936 1188 2993 mentem
1238 2947 1437 2994 suam
1487 2925 1854 3024 diligenter
1899 2923 2196 2994 excoluit
2260 2934 2463 3011 atque
2510 2945 2766 3013 expur-

208 3011 409 3099 gavit,
464 3032 679 3096 seque
718 3033 971 3102 purum
1024 3013 1138 3082 Dei
1187 3035 1556 3100 rerumque
1585 3013 1979 3083 divinarum
2032 3011 2368 3101 templum
2411 3013 2749 3094 exhibuit,

206 3120 362 3168 cum
414 3099 673 3171 similis
709 3112 888 3169 esset
918 3101 1349 3192 angelorum:
1388 3115 1452 3171 et
1482 3102 1687 3171 simul
1730 3114 1871 3171 tum
1920 3101 2362 3181 monasticae,
2406 3112 2554 3172 tum
2593 3123 2761 3192 pon-

206 3187 456 3258 tificiae
515 3187 687 3257 vitae
732 3189 1140 3280 dignitatem
1189 3191 1557 3261 virtutibus
1605 3190 1754 3261 suis
1787 3190 2164 3259 exornavit.

288 3282 327 3366 §
383 3283 466 3349 θ.
526 3281 872 3347 Hactenus
903 3280 1624 3360 commemoravimuS,
1678 3278 2271 3366 quemadmodum
2319 3278 2764 3349 beatissimus

203 3365 660 3457 NicephoruS,
733 3379 810 3436 ut
856 3366 1161 3456 optimus
1227 3367 1668 3458 gubernator,
1724 3389 1984 3437 munus
2048 3367 2593 3437 ecclesiasticum
2655 3389 2766 3436 sa-

207 3455 476 3545 pienter
551 3454 1091 3526 administrarit:
1143 3469 1209 3527 et
1255 3470 1395 3527 tam
1442 3456 1619 3527 vitae
1679 3456 2033 3525 honestate
2091 3478 2301 3543 quam
2353 3455 2767 3546 cognitionis

204 3545 612 3615 excellentia
647 3557 713 3614 et
758 3567 1006 3616 sensus
1054 3567 1294 3618 omnes
1340 3558 1405 3614 et
1449 3545 1768 3615 animum
1825 3557 2004 3614 recte
2052 3545 2138 3614 ad
2197 3544 2516 3635 pietatem
2568 3544 2769 3613 insti-

209 3635 448 3704 tuerit:
505 3646 572 3704 et
617 3633 800 3719 quod
864 3634 952 3704 ad
1022 3633 1231 3705 fidem
1300 3634 1639 3723 pertinet,
1688 3633 2060 3721 tranquille
2137 3655 2411 3723 semper
2481 3654 2769 3703 cursum

202 3723 503 3793 tenuerit
557 3745 573 3790 :
625 3735 691 3792 et
764 3721 1109 3814 legitimas
1180 3724 1352 3793 vitae
1424 3722 1648 3793 civilis
1705 3722 2173 3792 institutiones
2223 3721 2650 3791 observarit:
2705 3732 2771 3791 et

204 3811 804 3898 quemadmodum
856 3811 1116 3882 invidia
1164 3833 1342 3900 quae
1381 3824 1561 3882 recte
1590 3811 1767 3881 facta
1812 3833 2094 3901 carpere
2146 3810 2522 3892 consuevit,
2561 3809 2770 3880 livore

204 3913 574 3982 commota,
627 3923 788 3971 cum
834 3900 1082 3971 Christi
1130 3923 1409 3992 gregem
1459 3900 1743 3992 optimis
1790 3900 2186 3987 quibusque
2234 3912 2515 3969 auctum
2564 3913 2769 3986 atque

202 4002 525 4061 ornatum
562 3988 896 4060 institutis
927 3990 1184 4060 intueri
1233 4012 1367 4060 non
1408 4000 1658 4081 posset,
1700 3994 1989 4058 Leonem
2041 3995 2557 4078 Imperatorem,
2614 4010 2769 4079 per-

209 4077 551 4150 niciosum
600 4079 874 4148 animae
922 4079 1243 4180 propriae
1294 4078 1689 4160 inimicum,
1733 4077 2113 4168 impulerit,
2157 4088 2233 4147 ut
2270 4099 2600 4147 novarum
2656 4099 2765 4146 re·-

207 4183 349 4237 rum
385 4167 458 4238 in
512 4167 846 4259 religione
893 4167 1125 4237 studio
1175 4169 1510 4238 adversus
1532 4173 1746 4237 Deum
1789 4166 2177 4257 insurgeret
2215 4179 2281 4236 et
2328 4188 2452 4258 pro
2501 4166 2766 4236 viribus

217 4271 319 4323 res
361 4270 643 4328 sanctas
690 4268 896 4343 atque
958 4256 1231 4329 divinas
1280 4255 1722 4327 contumeliis
1792 4255 2092 4326 afficeret
2135 4266 2202 4325 et
2271 4254 2769 4325 contaminaret

215 4346 397 4415 etad
460 4357 849 4418 extremum
888 4367 925 4414 e
972 4367 1166 4415 sacra
1236 4346 1397 4416 sede
1461 4345 1778 4415 divinum
1822 4345 2009 4414 bunc
2066 4344 2295 4414 virum
2372 4343 2764 4412 exturbaret

213 4437 404 4522 atque
459 4435 538 4505 in
612 4433 898 4504 exilium
944 4435 1262 4527 ejiceret:
1314 4435 1440 4505 ubi
1488 4434 1860 4505 virtutibus
1921 4445 1987 4504 et
2057 4431 2759 4524 contemplationibus
