3327 4999
692 302 822 369 592
1441 319 1520 366 na
1566 284 1645 368 s.
1679 316 1989 368 nmmum
2034 318 2331 369 nriscoro
2731 300 2837 368 EX
2865 302 3058 368 JtJL.
3115 303 3160 369 4

696 407 734 494 ἓ
780 408 912 477 12.
968 402 1262 495 Dignum
1311 414 1415 472 est
1460 425 1648 473 nunc
1696 402 2167 474 demonstrare
2228 425 2364 492 qua
2413 404 2844 473 veneratione
2888 404 2960 473 di
3019 427 3161 476 nus

604 494 695 564 sit
743 494 937 565 locus
982 492 1123 573 ille,
1176 491 1247 560 in
1296 513 1436 650 quo
1482 505 1721 563 sancta
1755 494 1869 562 Dei
1918 508 2176 581 martyr
2210 492 2562 584 prohibuit
2606 515 2724 583 cry
2785 506 2917 563 tam
2965 427 3154 562 ᾔει-ἰ.

606 588 764 653 Erat
798 582 1083 670 quidam
1110 582 1315 651 hortu
1345 603 1522 651 anus
1552 583 1675 668 qui
1724 581 1901 652 inter
1918 584 2236 674 gramina
2273 581 2371 651 ibi
2418 581 2716 651 deambu
2748 582 2955 662 ando,
2992 604 3161 673 spe-

608 672 888 743 luncam
943 670 1316 757 quamdam
1370 672 1642 761 reperit,
1696 670 1766 739 in
1817 691 1955 759 qua
2020 683 2086 741 et
2137 670 2689 740 transformatam
2754 671 3158 741 aediculam

606 762 742 843 sub
790 772 968 830 terra
1043 772 1384 828 muratam
1449 761 1826 850 conspexit.
1879 765 1957 829 Et
2002 760 2319 832 veniens,
2374 759 2708 850 Episcopo
2765 760 3154 841 nunciavit,

605 851 808 937 eique
851 849 1045 918 dixit:
1072 849 1183 917 «Si
1220 860 1376 918 tuae
1426 848 1690 939 placeat
1735 849 2103 929 sanctitati,
2145 850 2256 918 liic
2287 848 2471 917 olera
2516 870 2664 917 mea
2693 860 2760 917 et
2805 849 2942 918 alia
2972 870 3165 936 quae

607 938 779 1008 milii
830 951 995 1007 sunt
1035 936 1443 1018 necessaria,
1491 950 1780 1028 possunt
1829 937 2179 1007 recondi.»
2216 937 2335 1007 Cui
2368 936 2485 1005 ille
2533 936 2602 1005 in
2636 936 2889 1027 spiritu
2935 937 3158 1007 dixit:

615 1027 730 1095 «Si
778 1025 907 1096 hoc
955 1025 1217 1107 feceris,
1252 1048 1403 1096 mox
1438 1047 1646 1097 sensu
1690 1038 1757 1095 et
1786 1027 2253 1096 membrorum
2285 1025 2610 1116 sospitate
2654 1027 2997 1096 carebis»
3026 1026 3165 1096 Sed

613 1114 826 1186 miser
874 1115 1041 1185 haec
1092 1115 1616 1205 parvipendenS,
1660 1115 2155 1206 supellectilem
2185 1136 2383 1185 suam
2420 1116 2487 1183 in
2544 1114 2964 1205 praedictam
3001 1137 3166 1206 spe-

615 1204 893 1274 luncam
926 1226 1052 1274 con
1110 1204 1385 1294 regavit‚
1439 1204 1808 1291 statimque
1855 1226 2139 1273 sensum
2184 1225 2345 1272 cum
2398 1203 2547 1273 visu
2591 1215 2657 1272 et
2703 1204 2950 1273 auditu
3003 1226 3164 1294 per-

615 1292 814 1362 didit.
869 1293 1063 1375 Quia
1167 1305 1479 1362 sanctum
1542 1292 1655 1361 Dei
1717 1291 2110 1382 perductuS‚
2165 1304 2241 1362 ut
2273 1304 2538 1361 reatum
2589 1314 2795 1362 suum
2844 1294 3156 1382 agnovit,

617 1383 886 1451 veniam
926 1382 1137 1472 petiit,
1177 1402 1256 1450 ac
1303 1380 1807 1472 indulgentiam
1855 1403 2014 1451 cum
2050 1382 2340 1451 sanitate
2385 1381 2788 1471 promeruit.
2845 1383 3010 1450 Mira
3051 1381 3165 1451 di-

615 1482 856 1542 cturus
902 1492 1082 1540 sum.
1137 1475 1228 1539 Ex
1277 1470 1395 1538 illa
1444 1490 1743 1556 namque
1790 1471 1956 1539 hora
2005 1492 2362 1556 nunquam
2427 1471 2516 1539 ab
2579 1468 2945 1539 hortulano
3009 1472 3164 1560 ipsa

623 1559 911 1650 reperiri
962 1558 1181 1649 potuit
1226 1559 1580 1649 spelunca.
1632 1562 1727 1627 Ex
1780 1580 1860 1627 eo
1907 1571 2211 1649 ternpore
2255 1559 2480 1649 coepit
2524 1557 2628 1626 vir
2677 1558 2790 1627 Dei
2837 1571 3160 1628 sanctum

616 1648 817 1718 illum
851 1648 1077 1718 locum
1111 1648 1334 1738 magis
1363 1646 1814 1734 frequentare,
1854 1647 2121 1733 sibique
2165 1647 2563 1737 sepulcrum
2591 1646 2687 1715 ibi
2719 1669 3156 1737 praeparare.

621 1736 749 1807 Ubi
797 1736 988 1806 omni
1034 1739 1219 1805 sexta
1267 1735 1458 1816 ferie,
1512 1736 1571 1805 si
1618 1736 1809 1805 domi
1863 1747 2062 1817 esset,
2115 1736 2378 1806 solebat
2420 1735 2795 1805 salutarem
2859 1736 3161 1806 hostiam

620 1827 909 1895 Domino
956 1824 1337 1894 immolare.

705 1917 742 2002 ἓ
806 1919 943 1987 18.
989 1919 1253 1983 Interea
1301 1912 1630 1983 orationis
1676 1914 1888 1983 causa
1935 1918 2219 1983 Romam
2288 1913 2613 2003 perrexit,
2666 1914 2789 1982 ubi
2836 1926 2904 1983 et
2950 1924 3162 2004 caput

620 2007 685 2073 S.
730 2002 1027 2072 Abundii
1060 2002 1379 2092 martyris
1416 2002 1804 2087 acquisivit,
1845 2023 2217 2089 secumque
2257 2002 2576 2102 religiosa
2607 2024 2764 2070 cuin
2799 2002 3158 2073 devotione

616 2096 989 2182 Augustam
1052 2090 1439 2181 reportavit.
1494 2090 1764 2160 Solebat
1810 2090 1957 2160 loca
2013 2105 2249 2162 sancta
2296 2092 2601 2171 visitare,
2656 2113 2736 2159 ac
2788 2092 3160 2181 praecipue

621 2180 1115 2250 monasterium
1188 2178 1406 2249 sancti
1454 2178 1650 2261 Galli,
1719 2180 1840 2249 ubi
1889 2180 2191 2248 nutritus
2253 2191 2397 2250 erat
2458 2192 2524 2249 et
2585 2179 2925 2249 eruditus.
2994 2180 3161 2249 Inde

619 2291 779 2338 cum
828 2269 1126 2355 quodam
1164 2280 1467 2357 tempore
1514 2268 1598 2337 ad
1639 2267 1884 2337 cellam
1935 2273 2000 2337 S.
2056 2267 2409 2348 Meinardi‚
2454 2268 2538 2337 ad
2592 2268 2965 2336 videndum
3017 2290 3160 2337 ser·-

623 2380 786 2427 vum
844 2358 955 2427 Dei
999 2356 1463 2426 Everhardum
1526 2357 1858 2437 venisset,
1914 2370 2065 2447 post
2112 2379 2307 2427 sacra
2355 2357 2740 2426 orationum
2795 2357 3151 2436 libamina,

617 2459 771 2537 post
828 2445 1163 2517 fraternae
1211 2445 1597 2516 collationis
1656 2444 1888 2515 dulcia
1934 2446 2297 2534 colloquia,
2350 2467 2512 2517 cum
2559 2446 2706 2537 jam
2760 2445 3159 2535 praelibatis

621 2535 879 2607 osculis
927 2548 1207 2606 sanctus
1236 2535 1634 2626 Episcopus
1689 2535 2144 2625 disposuisset
2181 2536 2403 2604 redire
2443 2535 2514 2603 in
2565 2557 2713 2616 sua,
2775 2547 2841 2604 et
2887 2557 2970 2603 ea
3015 2536 3167 2604 vice

620 2637 924 2715 speraret
974 2625 1086 2693 Dei
1151 2624 1491 2694 famulum
1564 2645 1697 2692 non
1766 2624 2069 2714 amplius
2121 2646 2271 2694 esse
2333 2625 2684 2705 visurum,
2726 2624 3016 2714 jamque
3065 2623 3168 2693 ire

617 2714 975 2804 coepisset,
1020 2713 1335 2782 festinato
1381 2711 1674 2781 anhelus
1702 2712 2031 2794 cucurrit,
2084 2726 2287 2799 atque
2333 2713 2589 2782 iterans
2648 2713 2883 2782 oscula
2932 2713 3171 2782 chari-

617 2804 820 2882 tatis,
877 2804 945 2871 in
998 2803 1173 2871 hanc
1220 2822 1450 2870 vocem
1488 2800 2078 2890 lacrymabundus
2134 2801 2452 2892 erupitz«
2486 2807 2575 2870 Ex
2623 2802 2754 2870 bac
2804 2802 2973 2870 bora
3022 2823 3164 2870 non

624 2891 1012 2960 videbimus
1060 2912 1185 2960 nos
1242 2889 1534 2959 ulterius
1570 2890 1643 2957 in
1707 2889 1834 2957 hac
1886 2891 2051 2971 vita,
2106 2890 2322 2960 donec
2390 2891 2798 2980 corporibus
2835 2891 3160 2981 exempti,

618 2979 851 3049 videre
913 3001 1038 3048 nos
1112 2999 1502 3048 mereamur
1559 2977 1629 3046 in
1685 2979 2067 3068 praesentia
2117 2979 2303 3048 Dei.»
2338 2980 2459 3049 Cui
2509 2980 2890 3070 Episcopus
2928 2978 3156 3048 dixit:

627 3074 869 3137 «Pater
917 3066 1321 3149 venerande,
1375 3067 1511 3138 scis
1542 3087 1731 3137 nunc
1779 3089 1900 3158 pro
1930 3081 2111 3137 certo
2146 3080 2418 3158 tempus
2478 3090 2669 3138 meae
2719 3066 3168 3138 resolutionis

619 3157 876 3226 instare
930 3177 1068 3243 quo
1116 3155 1401 3226 debeam
1450 3177 1530 3224 ex
1578 3155 1707 3224 hac
1764 3155 1901 3225 vita
1953 3156 2361 3246 migrarem
2412 3157 2532 3227 Cui
2597 3156 2711 3226 ille
2749 3155 3163 3246 respondit:

625 3245 854 3316 «Finis
900 3245 1180 3331 quidem
1243 3244 1416 3313 vitae
1448 3256 1601 3313 tuae
1647 3243 1878 3314 adhuc
1919 3267 2054 3315 non
2103 3245 2287 3318 erit:
2322 3245 2441 3314 sed
2490 3267 2728 3315 verum
2776 3266 2928 3314 esse
2975 3244 3168 3331 quod

620 3333 798 3414 dico,
851 3334 1071 3404 exitus
1120 3332 1214 3401 rei
1263 3332 1809 3423 comprobabit.»
1837 3339 2026 3402 Tunc
2057 3333 2437 3403 discessum
2469 3346 2592 3403 est.
2627 3333 2752 3403 Sed
2786 3347 3161 3420 antequam

624 3423 1004 3514 Episcopus
1025 3422 1337 3492 eamdem
1372 3422 1615 3490 cellam
1650 3422 1897 3491 iterum
1938 3422 2261 3502 visitaret,
2301 3422 2415 3491 ille
2450 3424 2566 3492 Dei
2613 3421 2918 3491 famulus
2968 3426 3173 3491 Ever-

624 3511 886 3581 hardus
933 3511 1019 3581 de
1068 3513 1195 3581 hoc
1228 3510 1461 3580 seculo
1495 3510 1835 3600 migravit.
1891 3516 2218 3581 Processu
2251 3532 2524 3597 quoque
2573 3512 2898 3602 temporis
2934 3510 3173 3579 locum

623 3602 1163 3690 Agaunensium,
1216 3601 1337 3669 ubi
1400 3605 1465 3669 S.
1507 3599 1866 3669 Mauritius
1911 3622 2073 3669 cum
2140 3621 2332 3670 sacra
2395 3600 2661 3691 legione
2706 3600 3020 3687 quiescit,
3090 3621 3173 3667 o-

625 3689 827 3758 randi
876 3690 1096 3781 gratia
1143 3688 1375 3767 adivit,
1429 3709 1510 3757 ac
1560 3709 1696 3756 non
1751 3688 2058 3759 modicas
2106 3689 2573 3758 Thebaeorum
2626 3702 3008 3778 martyrum
3059 3709 3176 3756 re-

625 3778 880 3865 liquias
914 3777 1299 3866 acquisivit.
1339 3782 1523 3860 Quas
1569 3797 1732 3845 cum
1781 3799 2055 3847 summo
2089 3778 2347 3847 honore
2381 3783 2756 3868 Augustam
2806 3777 3057 3857 attulit,
3089 3798 3178 3846 ac

624 3865 697 3935 in
747 3868 1043 3937 oratorio
1076 3880 1348 3938 sanctae
1398 3866 1511 3935 Dei
1552 3865 1913 3935 Genitricis
1951 3888 2109 3934 cum
2171 3866 2450 3956 hymnis
2488 3879 2553 3934 et
2605 3865 3009 3955 psalmodiis
3061 3887 3176 3934 re—

626 3955 868 4045 ligiose
899 3955 1275 4027 collocavit.
1332 3955 1453 4025 His
1492 3975 1767 4041 quoque
1811 3954 2058 4024 diebus
2113 3955 2525 4025 venerabilis
2573 3954 2774 4025 heros
2806 3955 2892 4024 ad
2934 3975 3181 4024 mona-

628 4046 913 4114 sterium
949 4044 1402 4115 Insulanense
1448 4043 1631 4131 quod
1674 4043 1886 4133 Augia
1917 4043 2193 4126 dicitur,
2237 4044 2442 4124 venit,
2485 4044 2605 4113 ubi
2638 4058 2800 4113 tunc
2834 4043 3173 4132 temporis

626 4134 962 4204 Dominici
996 4133 1225 4226 gregis
1287 4132 1392 4203 vir
1436 4132 1893 4212 venerandus,
1948 4133 2228 4202 nomine
2265 4132 2614 4224 AluviguS‚
2649 4154 2888 4203 curam
2932 4131 3175 4221 gessit.

630 4221 758 4304 Qui
820 4245 979 4293 eum
1041 4222 1275 4312 digno,
1329 4234 1405 4292 ut
1455 4244 1580 4313 par
1642 4233 1822 4303 erat,
1874 4222 2131 4291 honore
2187 4221 2610 4312 suscipiens,
2667 4220 3184 4311 multiplicibus

630 4324 1022 4381 sanctarum
1073 4310 1548 4397 reliquiarum,
1600 4332 1895 4397 quarum
1921 4311 2141 4401 gratia
2176 4310 2293 4380 illo
2338 4311 2723 4394 advenerat,
2762 4310 3182 4402 pignoribus

628 4398 929 4483 donavit,
986 4400 1221 4487 sicque
1267 4399 1353 4468 ad
1403 4400 1684 4491 propria
1716 4399 1972 4471 laetum
2020 4400 2243 4470 redire
2277 4401 2610 4491 permisit.
