3327 4999
630 321 763 386 4212
1167 338 1245 383 nn
1294 338 1349 383 s,
1405 337 1769 385 eumaem-o
1818 338 2016 384 Ertsc.
2071 336 2471 384 tmmsmnN.
2706 319 2955 383 MART.
3011 321 3102 387 20

544 422 947 511 quiescendi
1026 422 1401 504 Dominu3‚
1472 444 1672 491 verae
1736 422 2185 492 beatitudinis
2244 433 2485 489 auctor
2531 432 2737 507 atque
2785 421 3098 512 largitor,

546 512 920 581 concedere
968 508 1317 599 dignatur.
1360 534 1395 576 <x
1429 515 1608 579 Haec
1666 511 1785 579 ubi
1840 510 2078 579 multis
2126 531 2288 579 cum
2350 508 2673 594 lacrymis
2722 531 2801 577 ac
2846 532 2957 577 ma
3014 533 3108 578 na

546 599 1081 690 compunctione
1139 598 1442 687 pontifex
1491 610 1823 667 tremente
1871 597 2112 688 lingua
2162 596 2554 686 complevit,
2610 595 2920 666 fecerunt
2963 533 3110 666 §ra-

550 699 685 756 tres
732 699 809 755 ut
846 687 1172 775 jusserat,
1218 698 1283 754 et
1345 687 1730 756 involutum
1785 708 1957 755 novo
2006 686 2268 754 amictu
2326 706 2626 783 corpus,
2698 684 2967 771 levique
3032 685 3107 753 in

550 776 745 844 theca
779 773 1234 853 reconditum,
1280 796 1494 864 supra
1551 775 2021 863 pavimentum
2086 773 2468 842 sanctuarii
2528 787 3100 862 composuerunt.

557 863 684 931 Ubi
736 884 922 930 nunc
970 884 1213 947 usque,
1270 862 1327 929 si
1386 862 1759 952 petentium
1815 862 1986 931 fides
2034 862 2282 951 exigat,
2355 860 2852 929 miraculorum
2905 861 3113 951 signa

549 949 700 1019 fieri
750 971 886 1018 non
936 949 1286 1018 desinunt.
1325 949 1451 1019 Sed
1492 962 1557 1018 et
1591 949 2021 1030 indumenta,
2062 971 2241 1034 quae
2294 949 2810 1019 sanctissimum
2849 971 3107 1039 corpus

555 1039 706 1127 ejus
762 1038 863 1105 vel
916 1037 1143 1106 vivum
1195 1037 1295 1105 vel
1369 1039 1720 1128 sepultum
1771 1038 2173 1117 vestierant,
2228 1059 2267 1106 a
2323 1037 2541 1126 gratia
2600 1036 2894 1105 curandi
2969 1059 3109 1106 non

552 1137 818 1194 vacant.

641 1216 678 1299 ξ
743 1216 889 1284 48.
943 1212 1248 1298 Denique
1297 1211 1671 1281 adveniens
1700 1212 2185 1281 transmarinis
2215 1234 2250 1280 e
2279 1211 2591 1300 partibus
2624 1212 2920 1281 clericus
2954 1211 3112 1298 quiss

552 1300 714 1369 dam
762 1300 1183 1370 sanctissimi
1236 1300 1665 1370 willebrordi
1695 1300 2083 1380 Clementis,
2121 1301 2483 1368 Frisonum
2515 1300 2739 1389 gentis
2766 1301 3100 1400 episcopi,

552 1389 721 1457 dum
771 1388 1033 1474 aliquot
1080 1388 1228 1457 dies
1277 1389 1535 1457 ibidem
1584 1388 1837 1477 hospes
1887 1400 2309 1468 moraretur,
2379 1388 2634 1456 decidit
2682 1388 2752 1457 in
2801 1389 3107 1457 infirmi-

553 1489 760 1545 tatem
811 1476 1317 1565 gravissimam,
1384 1477 1475 1544 ita
1523 1490 1599 1544 ut
1640 1476 2099 1544 invalescente
2148 1498 2269 1566 per
2328 1475 2611 1565 longum
2665 1488 2942 1565 tempus
2990 1498 3108 1545 ae·-

553 1563 927 1654 gritudine‚
972 1564 1117 1653 jam
1171 1564 1577 1664 desperatus
1615 1563 1903 1663 jaceret.
1945 1565 2074 1645 Qui
2122 1585 2283 1633 cum
2335 1563 2558 1632 victus
2605 1563 2863 1647 dolore,
2918 1562 3112 1633 vide-

549 1665 740 1720 retur
788 1651 922 1721 sibi
972 1673 1096 1720 nec
1145 1673 1343 1733 mori,
1404 1674 1528 1719 nec
1577 1674 1802 1720 v1vere
1851 1673 2072 1741 posse,
2142 1653 2417 1720 invento
2467 1651 2724 1721 salubri
2785 1652 3104 1734 consiliu,

550 1739 722 1807 dixit
771 1738 1084 1807 ministro
1127 1760 1290 1809 suo:
1346 1740 1728 1820 «Obsecro,
1767 1739 2109 1829 perducas
2143 1761 2251 1807 me
2293 1739 2495 1807 hodie
2523 1751 2675 1829 post
2723 1740 3108 1809 celebratas

551 1828 792 1897 Missas
839 1827 1125 1897 adorare
1173 1826 1258 1894 ad
1310 1848 1564 1917 corpus
1615 1828 2159 1897 sacratissimum
2208 1828 2333 1895 viri
2373 1827 2487 1895 Dei
2521 1838 2688 1902 <erat
2722 1828 2907 1895 enim
2954 1827 3108 1898 dies

551 1914 961 2002 Dominica)‚
1017 1936 1239 2004 sper0,
1298 1937 1419 2003 per
1467 1916 1757 2005 gratiam
1793 1915 2306 1987 intercessionis
2333 1916 2482 2003 ejus
2525 1915 2633 1984 his
2671 1915 3104 1985 cruciatibus

552 2003 831 2092 eripiar,
876 2016 941 2071 et
987 2003 1087 2071 vel
1141 2014 1425 2074 sanatus
1471 2002 1556 2071 ad
1606 2003 1813 2072 vitam
1866 2004 2139 2071 redeam
2193 2014 2646 2092 praesentem,
2703 2002 3110 2071 vel'defun-

553 2104 706 2159 ctus
737 2091 1129 2179 perveniam
1181 2091 1268 2158 ad
1318 2105 1753 2160 aeternam.»
1816 2093 1996 2160 Fecit
2044 2090 2181 2171 ille,
2235 2104 2314 2160 ut
2363 2102 2715 2181 rogaverat
2766 2091 2927 2159 iste:
2983 2091 3112 2160 ba-

553 2177 847 2263 culoque
896 2178 1301 2248 innitentem
1351 2191 1734 2267 aegrotum,
1788 2179 1859 2246 in
1907 2178 2265 2249 ecclesiam
2319 2201 2454 2247 non
2515 2200 2721 2267 parvo
2781 2200 2941 2247 cum
3007 2179 3114 2248 la·-

556 2268 721 2336 bore
769 2267 1107 2354 perduxit.
1146 2267 1276 2349 Qui
1324 2290 1482 2335 cum
1535 2267 1617 2335 ad
1658 2266 2077 2337 sanctissimi
2129 2290 2207 2336 ac
2260 2272 2388 2335 Deo
2449 2266 2682 2335 dilecti
2733 2268 2948 2356 patris
2998 2290 3112 2337 se·-

556 2353 878 2443 pulcrum
930 2377 1154 2443 genua
1218 2368 1574 2436 curvaret,
1646 2368 1856 2444 caput
1922 2356 1990 2423 in
2043 2366 2292 2423 terram
2346 2355 2739 2435 dimitteret,
2806 2377 2927 2443 pro
2978 2378 3112 2425 sua

555 2442 879 2530 sospitate
928 2453 1219 2532 rogaret,
1279 2455 1503 2514 tantas
1549 2442 1882 2513 continuo
1944 2443 2121 2512 vires
2172 2465 2375 2514 suum
2446 2465 2698 2532 corpus
2746 2442 2832 2512 de
2878 2443 3113 2514 incor-

554 2541 756 2620 rupto
808 2529 996 2601 illius
1044 2553 1329 2620 corpore
1376 2553 1535 2600 acce
1593 2531 1725 2602 isse
1774 2532 2152 2620 persensit,
2223 2541 2298 2600 ut
2365 2531 2626 2617 absque
2676 2530 2909 2599 labore
2958 2532 3108 2620 ipse

552 2617 639 2686 ab
686 2618 993 2686 oratione
1041 2632 1450 2708 resurgeret,
1489 2641 1528 2687 a
1582 2641 1749 2706 sque
1799 2618 2226 2687 adminiculo
2274 2619 2377 2687 vel
2429 2619 2731 2689 ministri
2785 2619 3109 2688 ducentis

551 2705 650 2774 vel
684 2705 912 2775 baculi
947 2706 1394 2776 sustentantis
1421 2707 1502 2775 ad
1542 2707 1920 2797 hospitium
1974 2707 2247 2775 rediret.
2294 2707 2423 2788 Qui
2457 2719 2606 2796 post
2635 2706 2783 2774 dies
2815 2728 3098 2795 paucOS,

551 2795 867 2863 roborata
914 2793 999 2860 ad
1051 2794 1393 2882 integrum
1437 2795 1708 2875 virtute,
1775 2795 1979 2875 viam,
2030 2816 2238 2880 quam
2291 2794 2749 2883 disposuerat,
2808 2796 3093 2884 peregit.

637 2884 673 2967 ἓ
739 2886 1111 2952 ⁴18.·Erat
1158 2881 1228 2948 in
1283 2883 1697 2952 monasterio
1745 2882 2072 2969 quodam,
2131 2903 2265 2949 non
2328 2883 2564 2971 procul
2619 2882 2780 2949 inde
2829 2884 3092 2971 posit0,

549 2968 950 3038 adolescens
997 2990 1098 3048 ea,
1151 2990 1359 3054 quam
1413 2971 1650 3039 Graeci
1719 2970 2068 3061 paralysin
2135 2984 2400 3049 vocant,
2458 2969 2859 3039 infirmitate
2905 2969 3099 3038 omni

552 3056 1019 3125 membrorum
1072 3055 1297 3124 officio
1346 3056 1739 3126 destitutus.
1781 3058 1971 3127 Unde
2003 3058 2226 3126 Abbas
2275 3057 2521 3156 ipsius,
2561 3058 2787 3127 sciens
2827 3058 2900 3125 in
2952 3079 3099 3126 mo·-

550 3143 848 3212 nasterio
898 3142 1439 3213 Lindisfarnensi
1490 3145 1794 3214 medicos
1841 3168 1989 3214 esse
2027 3145 2503 3236 peritissimos
2545 3145 2732 3214 misit
2763 3167 2923 3213 eum
2953 3145 3094 3224 illo,

549 3252 826 3320 rogans,
880 3230 1302 3313 infirmanti,
1361 3233 1420 3300 si
1467 3233 1637 3319 quid
1689 3246 1968 3323 possent
2014 3232 2418 3312 curationiS,
2483 3232 2897 3301 conferrent.
2967 3235 3095 3314 Qui

548 3340 734 3398 cum,
797 3340 923 3387 suo
970 3340 1245 3405 quoque
1291 3319 1545 3389 Abbate
1592 3334 1657 3390 et
1727 3322 2052 3410 episcopo
2091 3320 2525 3410 jubentibus
2580 3320 2948 3409 diligenter
2995 3320 3095 3388 illi

548 3406 968 3486 assisterent,
1007 3419 1071 3475 et
1109 3407 1441 3493 quicquid
1491 3421 1795 3485 nossent.
1832 3430 1993 3499 erga
2041 3429 2199 3476 eum
2250 3408 2634 3476 industriae
2665 3408 3101 3478 medicinalis

547 3493 1049 3582 impenderent,
1105 3494 1278 3563 nihil
1339 3496 1626 3565 omnino
1675 3496 2009 3585 proficere
2058 3495 2410 3565 valebant:
2464 3496 2634 3582 quin
2678 3495 2909 3584 potius
2958 3517 3102 3564 cre-

546 3581 777 3650 scebat
809 3584 1092 3651 morbus
1140 3581 1470 3668 quotidie,
1505 3595 1572 3652 et
1619 3584 1955 3673 paulatim
2006 3584 2079 3652 in
2130 3584 2468 3652 deteriora
2532 3583 2876 3672 vergebat,
2932 3583 3100 3652 adeo

544 3679 643 3749 ut,
676 3684 954 3759 excepto
986 3693 1131 3751 ore,
1166 3670 1438 3748 nullum
1478 3693 1653 3760 pene
1688 3671 2076 3740 membrum
2171 3684 2353 3742 osset
2381 3671 2528 3739 loeo
2567 3692 2860 3739 movere.
2896 3676 3102 3741 Cum-

543 3778 678 3842 que
726 3779 766 3824 a
820 3757 1221 3826 carnalibus
1273 3758 1586 3838 medicis,
1653 3759 1776 3827 diu
1825 3759 2081 3830 frustra
2157 3758 2629 3840 aborantibus,
2692 3758 3100 3848 desperatus

544 3867 623 3913 ac
670 3845 984 3916 desertus
1022 3846 1306 3934 jaceret,
1372 3845 1685 3936 confugit
1731 3846 1814 3915 ad
1868 3847 2181 3917 divinum
2231 3846 2545 3917 coelestis
2609 3846 2859 3915 medici
2910 3846 3102 3915 auxi-

546 3931 717 4000 lium
760 3933 986 4019 quiin
1041 3933 1318 4003 veritate
1368 3935 1672 4022 peritus,>
1708 3934 2051 4024 propitius
2104 3934 2181 4003 fit
2237 3934 2564 4003 omnibus
2614 3934 3102 4020 iniquitatibus

544 4020 799 4090 nostris
828 4020 949 4107 qui
1000 4033 1197 4091 sanat
1243 4043 1484 4091 omnes
1523 4022 1892 4111 languores
1939 4034 2230 4091 nostros.
2277 4022 2563 4112 Rogavit
2611 4043 2916 4107 namque
2965 4022 3101 4090 mi·-

543 4106 842 4177 nistrum
880 4130 1113 4191 suum,
1168 4121 1244 4178 ut
1291 4109 1594 4195 aliquam
1632 4109 1761 4179 sibi
1796 4109 2302 4199 portiunculam
2334 4110 2419 4178 de
2449 4110 3103 4199 incorruptibilibus

542 4196 722 4264 sacri
758 4196 1069 4286 corporis
1116 4197 1387 4265 afferret
1418 4197 1716 4267 exuviis:
1769 4198 1929 4284 quia
1980 4197 2285 4267 crederet
2336 4219 2455 4286 per
2491 4198 2703 4287 hujus
2762 4219 2836 4266 sc
2884 4198 3102 4266 virtu-

456 4337 467 4346 .
544 4295 677 4352 tem
716 4283 800 4352 ad
833 4284 1124 4374 gratiam
1177 4284 1516 4365 sanitatiS‚
1556 4286 1843 4354 Domino
1874 4286 2233 4376 largiente.
2279 4307 2741 4355 reversurum.
2775 4285 2904 4367 Qui
2935 4306 3103 4354 con-

542 4371 724 4442 sulto
770 4372 1049 4455 Abbate,
1090 4371 1318 4441 attulit
1362 4372 1828 4443 calceamenta
1872 4395 2051 4461 quae
2095 4373 2225 4442 viri
2253 4374 2369 4442 Dei
2418 4374 2490 4442 in
2539 4373 2859 4464 sepulcro
2889 4373 3104 4463 pedes
