<?xml version="1.0" encoding="UTF-8"?>
<!DOCTYPE html PUBLIC "-//W3C//DTD XHTML 1.0 Transitional//EN"
    "http://www.w3.org/TR/xhtml1/DTD/xhtml1-transitional.dtd">
<html xmlns="http://www.w3.org/1999/xhtml" xml:lang="en" lang="en">
 <head>
  <title>
</title>
<meta http-equiv="Content-Type" content="text/html;charset=utf-8" />
  <meta name='ocr-system' content='tesseract 3.04.00' />
  <meta name='ocr-capabilities' content='ocr_page ocr_carea ocr_par ocr_line ocrx_word'/>
</head>
<body>
  <div class='ocr_page' id='page_1' title='image "./historiaeseuvit04lippgoog_0528.png"; bbox 0 0 3327 4999; ppageno 0'>
   <div class='ocr_carea' id='block_1_1' title="bbox 681 309 3163 377">
    <p class='ocr_par' dir='ltr' id='par_1_1' title="bbox 681 309 3163 377">
     <span class='ocr_line' id='line_1_1' title="bbox 681 309 3163 377; baseline -0.001 0"><span class='ocrx_word' id='word_1_1' title='bbox 681 311 810 377; x_wconf 67' lang='lat' dir='ltr'>5-st</span> <span class='ocrx_word' id='word_1_2' title='bbox 1480 327 1560 374; x_wconf 73' lang='lat' dir='ltr'>m:</span> <span class='ocrx_word' id='word_1_3' title='bbox 1608 327 1666 375; x_wconf 89' lang='lat' dir='ltr'>s.</span> <span class='ocrx_word' id='word_1_4' title='bbox 1719 325 2007 377; x_wconf 65' lang='lat' dir='ltr'>runcano</span> <span class='ocrx_word' id='word_1_5' title='bbox 2052 323 2252 374; x_wconf 68' lang='lat' dir='ltr'>cnse.</span> <span class='ocrx_word' id='word_1_6' title='bbox 2760 309 3008 374; x_wconf 77' lang='lat' dir='ltr'>MART.</span> <span class='ocrx_word' id='word_1_7' title='bbox 3061 310 3163 375; x_wconf 70' lang='lat'>26</span> 
     </span>
    </p>
   </div>
   <div class='ocr_carea' id='block_1_2' title="bbox 531 403 3167 4450">
    <p class='ocr_par' dir='ltr' id='par_1_2' title="bbox 571 403 3167 1990">
     <span class='ocr_line' id='line_1_2' title="bbox 592 403 3157 497; baseline -0.001 -17"><span class='ocrx_word' id='word_1_8' title='bbox 592 412 646 480; x_wconf 89' lang='grc' dir='ltr'><strong>Ο</strong></span> <span class='ocrx_word' id='word_1_9' title='bbox 690 429 901 497; x_wconf 91' lang='lat' dir='ltr'>quam</span> <span class='ocrx_word' id='word_1_10' title='bbox 953 406 1292 477; x_wconf 74' lang='lat' dir='ltr'>imitabile</span> <span class='ocrx_word' id='word_1_11' title='bbox 1348 405 1449 475; x_wconf 88' lang='lat' dir='ltr'>vel</span> <span class='ocrx_word' id='word_1_12' title='bbox 1507 405 1577 474; x_wconf 88' lang='lat' dir='ltr'>in</span> <span class='ocrx_word' id='word_1_13' title='bbox 1637 406 1989 476; x_wconf 78' lang='lat' dir='ltr'>sacerdote</span> <span class='ocrx_word' id='word_1_14' title='bbox 2029 403 2528 485; x_wconf 79' lang='lat' dir='ltr'>sacerdotibuS,</span> <span class='ocrx_word' id='word_1_15' title='bbox 2573 405 2679 475; x_wconf 85' lang='lat' dir='ltr'>vel</span> <span class='ocrx_word' id='word_1_16' title='bbox 2728 405 2798 474; x_wconf 87' lang='lat' dir='ltr'>in</span> <span class='ocrx_word' id='word_1_17' title='bbox 2833 427 2993 497; x_wconf 88' lang='lat' dir='ltr'>rege</span> <span class='ocrx_word' id='word_1_18' title='bbox 3040 428 3157 477; x_wconf 89' lang='lat' dir='ltr'>re-</span> 
     </span>
     <span class='ocr_line' id='line_1_3' title="bbox 591 492 3160 591; baseline -0.001 -23"><span class='ocrx_word' id='word_1_19' title='bbox 591 497 801 591; x_wconf 87' lang='lat' dir='ltr'>gibus</span> <span class='ocrx_word' id='word_1_20' title='bbox 863 494 1284 585; x_wconf 84' lang='lat' dir='ltr'>exemplum.</span> <span class='ocrx_word' id='word_1_21' title='bbox 1346 494 1627 564; x_wconf 90' lang='lat' dir='ltr'>Discant</span> <span class='ocrx_word' id='word_1_22' title='bbox 1680 494 1751 562; x_wconf 90' lang='lat' dir='ltr'>in</span> <span class='ocrx_word' id='word_1_23' title='bbox 1816 494 2165 563; x_wconf 81' lang='lat' dir='ltr'>sacerdote</span> <span class='ocrx_word' id='word_1_24' title='bbox 2230 492 2641 575; x_wconf 78' lang='lat' dir='ltr'>sacerdoteS‚</span> <span class='ocrx_word' id='word_1_25' title='bbox 2695 495 2980 585; x_wconf 79' lang='lat' dir='ltr'>regibus</span> <span class='ocrx_word' id='word_1_26' title='bbox 3028 496 3160 565; x_wconf 89' lang='lat' dir='ltr'>ho-</span> 
     </span>
     <span class='ocr_line' id='line_1_4' title="bbox 591 580 3149 667; baseline -0.001 -11"><span class='ocrx_word' id='word_1_27' title='bbox 591 606 831 656; x_wconf 84' lang='lat' dir='ltr'>norem</span> <span class='ocrx_word' id='word_1_28' title='bbox 881 582 1168 665; x_wconf 81' lang='lat' dir='ltr'>deierre,</span> <span class='ocrx_word' id='word_1_29' title='bbox 1212 604 1350 652; x_wconf 91' lang='lat' dir='ltr'>non</span> <span class='ocrx_word' id='word_1_30' title='bbox 1390 581 1653 652; x_wconf 87' lang='lat' dir='ltr'>cedere.</span> <span class='ocrx_word' id='word_1_31' title='bbox 1697 582 1973 650; x_wconf 90' lang='lat' dir='ltr'>Discant</span> <span class='ocrx_word' id='word_1_32' title='bbox 2007 580 2148 650; x_wconf 90' lang='lat' dir='ltr'>illis</span> <span class='ocrx_word' id='word_1_33' title='bbox 2189 580 2283 649; x_wconf 86' lang='lat' dir='ltr'>ita</span> <span class='ocrx_word' id='word_1_34' title='bbox 2330 580 2656 667; x_wconf 88' lang='lat' dir='ltr'>obsequi,</span> <span class='ocrx_word' id='word_1_35' title='bbox 2699 595 2779 651; x_wconf 83' lang='lat' dir='ltr'>ut</span> <span class='ocrx_word' id='word_1_36' title='bbox 2821 582 3149 653; x_wconf 89' lang='lat' dir='ltr'>divinum</span> 
     </span>
     <span class='ocr_line' id='line_1_5' title="bbox 591 668 3155 770; baseline -0.001 -27"><span class='ocrx_word' id='word_1_37' title='bbox 591 694 664 743; x_wconf 89' lang='lat' dir='ltr'>se</span> <span class='ocrx_word' id='word_1_38' title='bbox 706 672 946 742; x_wconf 89' lang='lat' dir='ltr'>vitium</span> <span class='ocrx_word' id='word_1_39' title='bbox 999 692 1136 740; x_wconf 92' lang='lat' dir='ltr'>non</span> <span class='ocrx_word' id='word_1_40' title='bbox 1189 670 1566 770; x_wconf 82' lang='lat' dir='ltr'>negligant.</span> <span class='ocrx_word' id='word_1_41' title='bbox 1650 668 1930 739; x_wconf 89' lang='lat' dir='ltr'>Discant</span> <span class='ocrx_word' id='word_1_42' title='bbox 1984 690 2181 760; x_wconf 86' lang='lat' dir='ltr'>reges</span> <span class='ocrx_word' id='word_1_43' title='bbox 2228 670 2296 736; x_wconf 90' lang='lat' dir='ltr'>in</span> <span class='ocrx_word' id='word_1_44' title='bbox 2350 690 2554 759; x_wconf 85' lang='lat' dir='ltr'>rege,</span> <span class='ocrx_word' id='word_1_45' title='bbox 2609 669 2873 739; x_wconf 91' lang='lat' dir='ltr'>nemini</span> <span class='ocrx_word' id='word_1_46' title='bbox 2936 693 3155 741; x_wconf 89' lang='lat' dir='ltr'>suum</span> 
     </span>
     <span class='ocr_line' id='line_1_6' title="bbox 589 695 3153 857; baseline -0.002 -26"><span class='ocrx_word' id='word_1_47' title='bbox 589 695 894 831; x_wconf 57' lang='lat' dir='ltr'>officium</span> <span class='ocrx_word' id='word_1_48' title='bbox 946 770 1305 846; x_wconf 82' lang='lat' dir='ltr'>exequentt</span> <span class='ocrx_word' id='word_1_49' title='bbox 1347 758 1576 827; x_wconf 84' lang='lat' dir='ltr'>irasci.</span> <span class='ocrx_word' id='word_1_50' title='bbox 1613 758 1893 827; x_wconf 89' lang='lat' dir='ltr'>Discant</span> <span class='ocrx_word' id='word_1_51' title='bbox 1924 755 2398 828; x_wconf 88' lang='lat' dir='ltr'>sacerdotibus</span> <span class='ocrx_word' id='word_1_52' title='bbox 2447 757 2561 826; x_wconf 85' lang='lat' dir='ltr'>Dei</span> <span class='ocrx_word' id='word_1_53' title='bbox 2603 771 2965 857; x_wconf 86' lang='lat' dir='ltr'>praecepta</span> <span class='ocrx_word' id='word_1_54' title='bbox 3005 781 3153 830; x_wconf 90' lang='lat' dir='ltr'>ser-</span> 
     </span>
     <span class='ocr_line' id='line_1_7' title="bbox 588 844 3153 935; baseline -0.001 -17"><span class='ocrx_word' id='word_1_55' title='bbox 588 848 915 918; x_wconf 85' lang='lat' dir='ltr'>vantibus</span> <span class='ocrx_word' id='word_1_56' title='bbox 960 868 1099 915; x_wconf 91' lang='lat' dir='ltr'>non</span> <span class='ocrx_word' id='word_1_57' title='bbox 1159 847 1523 917; x_wconf 84' lang='lat' dir='ltr'>contraire.</span> <span class='ocrx_word' id='word_1_58' title='bbox 1602 844 1837 915; x_wconf 86' lang='lat' dir='ltr'>Sciant</span> <span class='ocrx_word' id='word_1_59' title='bbox 1896 844 2284 915; x_wconf 87' lang='lat' dir='ltr'>sacerdotes</span> <span class='ocrx_word' id='word_1_60' title='bbox 2333 845 2434 914; x_wconf 89' lang='lat' dir='ltr'>sic</span> <span class='ocrx_word' id='word_1_61' title='bbox 2475 846 2756 935; x_wconf 76' lang='lat' dir='ltr'>regibus</span> <span class='ocrx_word' id='word_1_62' title='bbox 2812 846 3153 917; x_wconf 83' lang='lat' dir='ltr'>honorem</span> 
     </span>
     <span class='ocr_line' id='line_1_8' title="bbox 588 933 3154 1024; baseline -0.001 -18"><span class='ocrx_word' id='word_1_63' title='bbox 588 936 935 1015; x_wconf 86' lang='lat' dir='ltr'>exhibere,</span> <span class='ocrx_word' id='word_1_64' title='bbox 975 946 1054 1003; x_wconf 91' lang='lat' dir='ltr'>ut</span> <span class='ocrx_word' id='word_1_65' title='bbox 1106 940 1320 1004; x_wconf 91' lang='lat' dir='ltr'>Deum</span> <span class='ocrx_word' id='word_1_66' title='bbox 1372 954 1645 1024; x_wconf 87' lang='lat' dir='ltr'>semper</span> <span class='ocrx_word' id='word_1_67' title='bbox 1685 945 2136 1023; x_wconf 87' lang='lat' dir='ltr'>praeponant:</span> <span class='ocrx_word' id='word_1_68' title='bbox 2193 933 2415 1003; x_wconf 89' lang='lat' dir='ltr'>sciant</span> <span class='ocrx_word' id='word_1_69' title='bbox 2459 955 2656 1023; x_wconf 85' lang='lat' dir='ltr'>reges</span> <span class='ocrx_word' id='word_1_70' title='bbox 2705 934 2796 1002; x_wconf 89' lang='lat' dir='ltr'>ita</span> <span class='ocrx_word' id='word_1_71' title='bbox 2846 934 3154 1004; x_wconf 89' lang='lat' dir='ltr'>homini-</span> 
     </span>
     <span class='ocr_line' id='line_1_9' title="bbox 588 1021 3152 1122; baseline -0.001 -29"><span class='ocrx_word' id='word_1_72' title='bbox 588 1024 726 1095; x_wconf 90' lang='lat' dir='ltr'>bus</span> <span class='ocrx_word' id='word_1_73' title='bbox 774 1022 967 1094; x_wconf 70' lang='lat' dir='ltr'>sein</span> <span class='ocrx_word' id='word_1_74' title='bbox 1015 1021 1496 1092; x_wconf 87' lang='lat' dir='ltr'>mundialibus</span> <span class='ocrx_word' id='word_1_75' title='bbox 1560 1021 1855 1122; x_wconf 84' lang='lat' dir='ltr'>negotiis</span> <span class='ocrx_word' id='word_1_76' title='bbox 1900 1042 2051 1090; x_wconf 88' lang='lat' dir='ltr'>esse</span> <span class='ocrx_word' id='word_1_77' title='bbox 2104 1021 2466 1110; x_wconf 86' lang='lat' dir='ltr'>praelatos,</span> <span class='ocrx_word' id='word_1_78' title='bbox 2522 1035 2598 1090; x_wconf 92' lang='lat' dir='ltr'>ut</span> <span class='ocrx_word' id='word_1_79' title='bbox 2646 1021 2872 1091; x_wconf 89' lang='lat' dir='ltr'>modis</span> <span class='ocrx_word' id='word_1_80' title='bbox 2919 1023 3152 1091; x_wconf 90' lang='lat' dir='ltr'>omni-</span> 
     </span>
     <span class='ocr_line' id='line_1_10' title="bbox 588 1108 3151 1199; baseline -0.001 -18"><span class='ocrx_word' id='word_1_81' title='bbox 588 1112 725 1181; x_wconf 92' lang='lat' dir='ltr'>bus</span> <span class='ocrx_word' id='word_1_82' title='bbox 775 1116 906 1180; x_wconf 89' lang='lat' dir='ltr'>Deo</span> <span class='ocrx_word' id='word_1_83' title='bbox 944 1110 1015 1179; x_wconf 91' lang='lat' dir='ltr'>in</span> <span class='ocrx_word' id='word_1_84' title='bbox 1050 1110 1439 1180; x_wconf 88' lang='lat' dir='ltr'>Christiana</span> <span class='ocrx_word' id='word_1_85' title='bbox 1486 1108 1819 1199; x_wconf 73' lang='lat' dir='ltr'>religione</span> <span class='ocrx_word' id='word_1_86' title='bbox 1853 1108 2337 1181; x_wconf 83' lang='lat' dir='ltr'>sub‘iciantur.</span> <span class='ocrx_word' id='word_1_87' title='bbox 2377 1110 2776 1179; x_wconf 87' lang='lat' dir='ltr'>Sacerdotes</span> <span class='ocrx_word' id='word_1_88' title='bbox 2817 1109 3029 1179; x_wconf 89' lang='lat' dir='ltr'>libere</span> <span class='ocrx_word' id='word_1_89' title='bbox 3059 1110 3151 1179; x_wconf 91' lang='lat' dir='ltr'>de</span> 
     </span>
     <span class='ocr_line' id='line_1_11' title="bbox 589 1196 3145 1288; baseline 0.001 -19"><span class='ocrx_word' id='word_1_90' title='bbox 589 1196 1007 1269; x_wconf 82' lang='lat' dir='ltr'>testimoniis</span> <span class='ocrx_word' id='word_1_91' title='bbox 1039 1198 1153 1267; x_wconf 89' lang='lat' dir='ltr'>Dei</span> <span class='ocrx_word' id='word_1_92' title='bbox 1192 1198 1263 1266; x_wconf 93' lang='lat' dir='ltr'>in</span> <span class='ocrx_word' id='word_1_93' title='bbox 1298 1210 1683 1288; x_wconf 84' lang='lat' dir='ltr'>conspectu·</span> <span class='ocrx_word' id='word_1_94' title='bbox 1709 1218 1948 1288; x_wconf 91' lang='lat' dir='ltr'>regum</span> <span class='ocrx_word' id='word_1_95' title='bbox 2019 1210 2390 1283; x_wconf 86' lang='lat' dir='ltr'>oquantur‚</span> <span class='ocrx_word' id='word_1_96' title='bbox 2428 1210 2494 1267; x_wconf 92' lang='lat' dir='ltr'>et</span> <span class='ocrx_word' id='word_1_97' title='bbox 2527 1219 2663 1266; x_wconf 92' lang='lat' dir='ltr'>non</span> <span class='ocrx_word' id='word_1_98' title='bbox 2700 1197 3145 1271; x_wconf 84' lang='lat' dir='ltr'>confundan-</span> 
     </span>
     <span class='ocr_line' id='line_1_12' title="bbox 590 1284 3148 1385; baseline 0 -29"><span class='ocrx_word' id='word_1_99' title='bbox 590 1297 729 1356; x_wconf 85' lang='lat' dir='ltr'>tur:</span> <span class='ocrx_word' id='word_1_100' title='bbox 767 1285 1050 1377; x_wconf 90' lang='lat' dir='ltr'>regibus</span> <span class='ocrx_word' id='word_1_101' title='bbox 1080 1286 1150 1354; x_wconf 94' lang='lat' dir='ltr'>in</span> <span class='ocrx_word' id='word_1_102' title='bbox 1187 1285 1305 1354; x_wconf 93' lang='lat' dir='ltr'>Dei</span> <span class='ocrx_word' id='word_1_103' title='bbox 1342 1308 1555 1356; x_wconf 89' lang='lat' dir='ltr'>causa</span> <span class='ocrx_word' id='word_1_104' title='bbox 1589 1285 1871 1356; x_wconf 87' lang='lat' dir='ltr'>libertas</span> <span class='ocrx_word' id='word_1_105' title='bbox 1906 1284 2173 1385; x_wconf 88' lang='lat' dir='ltr'>placeat</span> <span class='ocrx_word' id='word_1_106' title='bbox 2212 1285 2680 1358; x_wconf 86' lang='lat' dir='ltr'>sacerdotum.</span> <span class='ocrx_word' id='word_1_107' title='bbox 2718 1289 3148 1375; x_wconf 75' lang='lat' dir='ltr'>cognoscant</span> 
     </span>
     <span class='ocr_line' id='line_1_13' title="bbox 581 1372 3144 1464; baseline 0 -19"><span class='ocrx_word' id='word_1_108' title='bbox 581 1374 982 1446; x_wconf 70' lang='lat' dir='ltr'>&#39;sacerdotes</span> <span class='ocrx_word' id='word_1_109' title='bbox 1013 1372 1318 1444; x_wconf 83' lang='lat' dir='ltr'>vicissim</span> <span class='ocrx_word' id='word_1_110' title='bbox 1347 1384 1414 1444; x_wconf 87' lang='lat' dir='ltr'>et</span> <span class='ocrx_word' id='word_1_111' title='bbox 1442 1393 1662 1463; x_wconf 92' lang='lat' dir='ltr'>reges,</span> <span class='ocrx_word' id='word_1_112' title='bbox 1719 1393 1867 1443; x_wconf 91' lang='lat' dir='ltr'>sese</span> <span class='ocrx_word' id='word_1_113' title='bbox 1906 1373 2201 1442; x_wconf 79' lang='lat' dir='ltr'>invicem</span> <span class='ocrx_word' id='word_1_114' title='bbox 2244 1373 2380 1442; x_wconf 91' lang='lat' dir='ltr'>sibi</span> <span class='ocrx_word' id='word_1_115' title='bbox 2422 1395 2544 1463; x_wconf 87' lang='lat' dir='ltr'>pro</span> <span class='ocrx_word' id='word_1_116' title='bbox 2577 1395 2744 1443; x_wconf 86' lang='lat' dir='ltr'>suae</span> <span class='ocrx_word' id='word_1_117' title='bbox 2781 1374 3144 1464; x_wconf 87' lang='lat' dir='ltr'>dignitatis</span> 
     </span>
     <span class='ocr_line' id='line_1_14' title="bbox 587 1459 3144 1552; baseline 0 -20"><span class='ocrx_word' id='word_1_118' title='bbox 587 1461 1015 1532; x_wconf 85' lang='lat' dir='ltr'>officio&#39;esse</span> <span class='ocrx_word' id='word_1_119' title='bbox 1063 1461 1431 1552; x_wconf 87' lang='lat' dir='ltr'>subjectos:</span> <span class='ocrx_word' id='word_1_120' title='bbox 1487 1461 1561 1529; x_wconf 91' lang='lat' dir='ltr'>in</span> <span class='ocrx_word' id='word_1_121' title='bbox 1613 1460 1848 1529; x_wconf 83' lang='lat' dir='ltr'>divina</span> <span class='ocrx_word' id='word_1_122' title='bbox 1897 1460 2231 1550; x_wconf 85' lang='lat' dir='ltr'>religione</span> <span class='ocrx_word' id='word_1_123' title='bbox 2279 1459 2751 1531; x_wconf 87' lang='lat' dir='ltr'>sacerdotibus</span> <span class='ocrx_word' id='word_1_124' title='bbox 2807 1484 3025 1552; x_wconf 86' lang='lat' dir='ltr'>reges,</span> <span class='ocrx_word' id='word_1_125' title='bbox 3070 1463 3144 1532; x_wconf 90' lang='lat' dir='ltr'>in</span> 
     </span>
     <span class='ocr_line' id='line_1_15' title="bbox 589 1548 3145 1639; baseline 0 -20"><span class='ocrx_word' id='word_1_126' title='bbox 589 1549 1065 1619; x_wconf 87' lang='lat' dir='ltr'>humanarum</span> <span class='ocrx_word' id='word_1_127' title='bbox 1114 1549 1350 1638; x_wconf 89' lang='lat' dir='ltr'>legum</span> <span class='ocrx_word' id='word_1_128' title='bbox 1389 1550 1550 1639; x_wconf 89' lang='lat' dir='ltr'>jure</span> <span class='ocrx_word' id='word_1_129' title='bbox 1615 1549 1901 1639; x_wconf 90' lang='lat' dir='ltr'>regibus</span> <span class='ocrx_word' id='word_1_130' title='bbox 1949 1548 2361 1627; x_wconf 88' lang='lat' dir='ltr'>sacerdotes.</span> <span class='ocrx_word' id='word_1_131' title='bbox 2426 1553 2645 1630; x_wconf 81' lang='lat' dir='ltr'>Quam</span> <span class='ocrx_word' id='word_1_132' title='bbox 2696 1549 2876 1619; x_wconf 89' lang='lat' dir='ltr'>inter</span> <span class='ocrx_word' id='word_1_133' title='bbox 2917 1564 3145 1624; x_wconf 74' lang='lat' dir='ltr'>utros,-</span> 
     </span>
     <span class='ocr_line' id='line_1_16' title="bbox 588 1635 3147 1726; baseline 0 -19"><span class='ocrx_word' id='word_1_134' title='bbox 588 1658 727 1724; x_wconf 91' lang='lat' dir='ltr'>que</span> <span class='ocrx_word' id='word_1_135' title='bbox 775 1637 1258 1707; x_wconf 87' lang='lat' dir='ltr'>discretionem</span> <span class='ocrx_word' id='word_1_136' title='bbox 1311 1658 1469 1708; x_wconf 89' lang='lat' dir='ltr'>cum</span> <span class='ocrx_word' id='word_1_137' title='bbox 1523 1636 1696 1707; x_wconf 91' lang='lat' dir='ltr'>ratio</span> <span class='ocrx_word' id='word_1_138' title='bbox 1747 1636 1900 1726; x_wconf 89' lang='lat' dir='ltr'>ipsa</span> <span class='ocrx_word' id='word_1_139' title='bbox 1947 1635 2210 1716; x_wconf 88' lang='lat' dir='ltr'>doceat,</span> <span class='ocrx_word' id='word_1_140' title='bbox 2254 1648 2396 1706; x_wconf 91' lang='lat' dir='ltr'>tum</span> <span class='ocrx_word' id='word_1_141' title='bbox 2452 1636 2525 1705; x_wconf 92' lang='lat' dir='ltr'>in</span> <span class='ocrx_word' id='word_1_142' title='bbox 2575 1658 2717 1706; x_wconf 90' lang='lat' dir='ltr'>uno</span> <span class='ocrx_word' id='word_1_143' title='bbox 2764 1638 3147 1725; x_wconf 87' lang='lat' dir='ltr'>eodemque</span> 
     </span>
     <span class='ocr_line' id='line_1_17' title="bbox 589 1724 3143 1816; baseline 0 -22"><span class='ocrx_word' id='word_1_144' title='bbox 589 1730 724 1796; x_wconf 88' lang='lat' dir='ltr'>Deo</span> <span class='ocrx_word' id='word_1_145' title='bbox 770 1737 837 1794; x_wconf 88' lang='lat' dir='ltr'>et</span> <span class='ocrx_word' id='word_1_146' title='bbox 883 1725 1165 1795; x_wconf 91' lang='lat' dir='ltr'>homine</span> <span class='ocrx_word' id='word_1_147' title='bbox 1209 1730 1379 1794; x_wconf 83' lang='lat' dir='ltr'>Jesu</span> <span class='ocrx_word' id='word_1_148' title='bbox 1427 1724 1692 1795; x_wconf 90' lang='lat' dir='ltr'>Christo</span> <span class='ocrx_word' id='word_1_149' title='bbox 1738 1737 1973 1815; x_wconf 89' lang='lat' dir='ltr'>aperte</span> <span class='ocrx_word' id='word_1_150' title='bbox 2018 1726 2552 1816; x_wconf 88' lang='lat' dir='ltr'>comprobatur:</span> <span class='ocrx_word' id='word_1_151' title='bbox 2604 1724 2724 1810; x_wconf 92' lang='lat' dir='ltr'>qui</span> <span class='ocrx_word' id='word_1_152' title='bbox 2773 1740 3143 1811; x_wconf 88' lang='lat' dir='ltr'>utramque</span> 
     </span>
     <span class='ocr_line' id='line_1_18' title="bbox 589 1812 3167 1914; baseline 0.001 -33"><span class='ocrx_word' id='word_1_153' title='bbox 589 1835 824 1883; x_wconf 88' lang='lat' dir='ltr'>veram</span> <span class='ocrx_word' id='word_1_154' title='bbox 873 1826 941 1884; x_wconf 89' lang='lat' dir='ltr'>et</span> <span class='ocrx_word' id='word_1_155' title='bbox 987 1812 1362 1884; x_wconf 88' lang='lat' dir='ltr'>sacerdotis</span> <span class='ocrx_word' id='word_1_156' title='bbox 1407 1824 1473 1881; x_wconf 88' lang='lat' dir='ltr'>et</span> <span class='ocrx_word' id='word_1_157' title='bbox 1519 1813 1703 1914; x_wconf 83' lang='lat' dir='ltr'>regis</span> <span class='ocrx_word' id='word_1_158' title='bbox 1750 1812 1824 1881; x_wconf 91' lang='lat' dir='ltr'>in</span> <span class='ocrx_word' id='word_1_159' title='bbox 1879 1834 1953 1882; x_wconf 92' lang='lat' dir='ltr'>se</span> <span class='ocrx_word' id='word_1_160' title='bbox 2000 1834 2369 1903; x_wconf 90' lang='lat' dir='ltr'>personam</span> <span class='ocrx_word' id='word_1_161' title='bbox 2410 1813 2738 1903; x_wconf 87' lang='lat' dir='ltr'>gestavit,</span> <span class='ocrx_word' id='word_1_162' title='bbox 2791 1825 2858 1884; x_wconf 90' lang='lat' dir='ltr'>et</span> <span class='ocrx_word' id='word_1_163' title='bbox 2902 1814 3167 1884; x_wconf 80' lang='lat' dir='ltr'>haere-.</span> 
     </span>
     <span class='ocr_line' id='line_1_19' title="bbox 571 1900 1757 1990; baseline 0 -21"><span class='ocrx_word' id='word_1_164' title='bbox 571 1900 914 1970; x_wconf 78' lang='lat' dir='ltr'>&#39;ditariam</span> <span class='ocrx_word' id='word_1_165' title='bbox 963 1901 1049 1970; x_wconf 90' lang='lat' dir='ltr'>ad</span> <span class='ocrx_word' id='word_1_166' title='bbox 1109 1900 1297 1990; x_wconf 89' lang='lat' dir='ltr'>ipsos</span> <span class='ocrx_word' id='word_1_167' title='bbox 1347 1900 1757 1970; x_wconf 76' lang='lat' dir='ltr'>transmisit.</span> 
     </span>
    </p>

    <p class='ocr_par' dir='ltr' id='par_1_3' title="bbox 557 1987 3141 3374">
     <span class='ocr_line' id='line_1_20' title="bbox 676 1987 3141 2078; baseline -0 -19"><span class='ocrx_word' id='word_1_168' title='bbox 676 1992 715 2076; x_wconf 64' lang='grc' dir='ltr'>ἓ</span> <span class='ocrx_word' id='word_1_169' title='bbox 766 1993 930 2059; x_wconf 66' lang='grc'>29.</span> <span class='ocrx_word' id='word_1_170' title='bbox 988 1993 1229 2075; x_wconf 90' lang='lat' dir='ltr'>Itaque</span> <span class='ocrx_word' id='word_1_171' title='bbox 1275 1999 1353 2057; x_wconf 91' lang='lat' dir='ltr'>ut</span> <span class='ocrx_word' id='word_1_172' title='bbox 1409 1988 1639 2058; x_wconf 88' lang='lat' dir='ltr'>dicere</span> <span class='ocrx_word' id='word_1_173' title='bbox 1700 2008 2172 2075; x_wconf 90' lang='lat' dir='ltr'>coeperamus,</span> <span class='ocrx_word' id='word_1_174' title='bbox 2226 1988 2468 2057; x_wconf 87' lang='lat' dir='ltr'>beatus</span> <span class='ocrx_word' id='word_1_175' title='bbox 2525 1987 2884 2078; x_wconf 88' lang='lat' dir='ltr'>Ludgerus</span> <span class='ocrx_word' id='word_1_176' title='bbox 2933 1988 3141 2059; x_wconf 88' lang='lat' dir='ltr'>tumi-</span> 
     </span>
     <span class='ocr_line' id='line_1_21' title="bbox 581 2074 3139 2175; baseline 0.001 -31"><span class='ocrx_word' id='word_1_177' title='bbox 581 2076 749 2146; x_wconf 85' lang='lat' dir='ltr'>dam</span> <span class='ocrx_word' id='word_1_178' title='bbox 801 2077 1262 2165; x_wconf 86' lang='lat' dir='ltr'>superborum</span> <span class='ocrx_word' id='word_1_179' title='bbox 1314 2075 1645 2145; x_wconf 87' lang='lat' dir='ltr'>cervicem</span> <span class='ocrx_word' id='word_1_180' title='bbox 1699 2074 1948 2145; x_wconf 84' lang='lat' dir='ltr'>Christi</span> <span class='ocrx_word' id='word_1_181' title='bbox 1985 2076 2159 2175; x_wconf 76' lang='lat' dir='ltr'>jugo</span> <span class='ocrx_word' id='word_1_182' title='bbox 2208 2097 2568 2166; x_wconf 88' lang='lat' dir='ltr'>premens,</span> <span class='ocrx_word' id='word_1_183' title='bbox 2635 2089 2701 2145; x_wconf 89' lang='lat' dir='ltr'>et</span> <span class='ocrx_word' id='word_1_184' title='bbox 2748 2076 3139 2147; x_wconf 88' lang='lat' dir='ltr'>laborantes</span> 
     </span>
     <span class='ocr_line' id='line_1_22' title="bbox 585 2162 3140 2253; baseline -0.001 -19"><span class='ocrx_word' id='word_1_185' title='bbox 585 2176 654 2234; x_wconf 90' lang='lat' dir='ltr'>et</span> <span class='ocrx_word' id='word_1_186' title='bbox 698 2177 1017 2234; x_wconf 89' lang='lat' dir='ltr'>oneratos</span> <span class='ocrx_word' id='word_1_187' title='bbox 1066 2163 1404 2243; x_wconf 80' lang='lat' dir='ltr'>reficienS,</span> <span class='ocrx_word' id='word_1_188' title='bbox 1459 2162 1600 2232; x_wconf 91' lang='lat' dir='ltr'>illis</span> <span class='ocrx_word' id='word_1_189' title='bbox 1648 2185 1722 2233; x_wconf 91' lang='lat' dir='ltr'>se</span> <span class='ocrx_word' id='word_1_190' title='bbox 1770 2184 2223 2253; x_wconf 81' lang='lat' dir='ltr'>superiorem,</span> <span class='ocrx_word' id='word_1_191' title='bbox 2278 2163 2429 2234; x_wconf 88' lang='lat' dir='ltr'>istis</span> <span class='ocrx_word' id='word_1_192' title='bbox 2471 2164 2840 2253; x_wconf 87' lang='lat' dir='ltr'>praebebat</span> <span class='ocrx_word' id='word_1_193' title='bbox 2888 2186 3140 2251; x_wconf 87' lang='lat' dir='ltr'>aequa-</span> 
     </span>
     <span class='ocr_line' id='line_1_23' title="bbox 587 2250 3138 2339; baseline 0 -19"><span class='ocrx_word' id='word_1_194' title='bbox 587 2251 750 2320; x_wconf 88' lang='lat' dir='ltr'>lem.</span> <span class='ocrx_word' id='word_1_195' title='bbox 789 2251 956 2321; x_wconf 88' lang='lat' dir='ltr'>Illos</span> <span class='ocrx_word' id='word_1_196' title='bbox 987 2251 1073 2320; x_wconf 90' lang='lat' dir='ltr'>ad</span> <span class='ocrx_word' id='word_1_197' title='bbox 1117 2252 1297 2321; x_wconf 91' lang='lat' dir='ltr'>bona</span> <span class='ocrx_word' id='word_1_198' title='bbox 1324 2250 1674 2339; x_wconf 88' lang='lat' dir='ltr'>operanda</span> <span class='ocrx_word' id='word_1_199' title='bbox 1706 2254 1944 2321; x_wconf 88' lang='lat' dir='ltr'>crebra</span> <span class='ocrx_word' id='word_1_200' title='bbox 1979 2250 2453 2320; x_wconf 90' lang='lat' dir='ltr'>admonitione</span> <span class='ocrx_word' id='word_1_201' title='bbox 2500 2251 2929 2333; x_wconf 89' lang='lat' dir='ltr'>hortabatur,</span> <span class='ocrx_word' id='word_1_202' title='bbox 2970 2253 3138 2322; x_wconf 89' lang='lat' dir='ltr'>istos</span> 
     </span>
     <span class='ocr_line' id='line_1_24' title="bbox 585 2338 3138 2429; baseline 0 -23"><span class='ocrx_word' id='word_1_203' title='bbox 585 2339 798 2409; x_wconf 87' lang='lat' dir='ltr'>variis</span> <span class='ocrx_word' id='word_1_204' title='bbox 847 2338 1072 2409; x_wconf 87' lang='lat' dir='ltr'>modis</span> <span class='ocrx_word' id='word_1_205' title='bbox 1119 2339 1568 2409; x_wconf 76' lang='lat' dir='ltr'>sustentabat.</span> <span class='ocrx_word' id='word_1_206' title='bbox 1639 2339 1889 2408; x_wconf 84' lang='lat' dir='ltr'>Divites</span> <span class='ocrx_word' id='word_1_207' title='bbox 1950 2339 2408 2428; x_wconf 86' lang='lat' dir='ltr'>eleemosynis</span> <span class='ocrx_word' id='word_1_208' title='bbox 2457 2353 2735 2429; x_wconf 86' lang='lat' dir='ltr'>peccata</span> <span class='ocrx_word' id='word_1_209' title='bbox 2784 2362 2913 2409; x_wconf 90' lang='lat' dir='ltr'>sua</span> <span class='ocrx_word' id='word_1_210' title='bbox 2960 2339 3138 2409; x_wconf 87' lang='lat' dir='ltr'>redi-</span> 
     </span>
     <span class='ocr_line' id='line_1_25' title="bbox 586 2426 3137 2517; baseline 0 -22"><span class='ocrx_word' id='word_1_211' title='bbox 586 2448 776 2496; x_wconf 89' lang='lat' dir='ltr'>mere</span> <span class='ocrx_word' id='word_1_212' title='bbox 824 2428 1168 2496; x_wconf 89' lang='lat' dir='ltr'>monebat:</span> <span class='ocrx_word' id='word_1_213' title='bbox 1223 2427 1291 2495; x_wconf 92' lang='lat' dir='ltr'>in</span> <span class='ocrx_word' id='word_1_214' title='bbox 1346 2448 1686 2517; x_wconf 87' lang='lat' dir='ltr'>pauperes</span> <span class='ocrx_word' id='word_1_215' title='bbox 1734 2439 1872 2496; x_wconf 90' lang='lat' dir='ltr'>tam</span> <span class='ocrx_word' id='word_1_216' title='bbox 1926 2426 2163 2516; x_wconf 87' lang='lat' dir='ltr'>largus</span> <span class='ocrx_word' id='word_1_217' title='bbox 2210 2440 2377 2508; x_wconf 87' lang='lat' dir='ltr'>erat,</span> <span class='ocrx_word' id='word_1_218' title='bbox 2415 2440 2492 2496; x_wconf 89' lang='lat' dir='ltr'>ut</span> <span class='ocrx_word' id='word_1_219' title='bbox 2533 2428 2552 2495; x_wconf 94' lang='lat' dir='ltr'>i</span> <span class='ocrx_word' id='word_1_220' title='bbox 2607 2448 2720 2496; x_wconf 91' lang='lat' dir='ltr'>sos</span> <span class='ocrx_word' id='word_1_221' title='bbox 2768 2450 2928 2497; x_wconf 91' lang='lat' dir='ltr'>cum</span> <span class='ocrx_word' id='word_1_222' title='bbox 2981 2448 3137 2496; x_wconf 90' lang='lat' dir='ltr'>suo·</span> 
     </span>
     <span class='ocr_line' id='line_1_26' title="bbox 583 2514 3136 2606; baseline 0 -21"><span class='ocrx_word' id='word_1_223' title='bbox 583 2536 742 2585; x_wconf 88' lang='lat' dir='ltr'>rum</span> <span class='ocrx_word' id='word_1_224' title='bbox 793 2514 1205 2606; x_wconf 89' lang='lat' dir='ltr'>plerumque</span> <span class='ocrx_word' id='word_1_225' title='bbox 1237 2515 1550 2585; x_wconf 90' lang='lat' dir='ltr'>nuditate</span> <span class='ocrx_word' id='word_1_226' title='bbox 1597 2517 1893 2585; x_wconf 87' lang='lat' dir='ltr'>vestiret.</span> <span class='ocrx_word' id='word_1_227' title='bbox 1947 2516 2289 2602; x_wconf 87' lang='lat' dir='ltr'>Quicquid</span> <span class='ocrx_word' id='word_1_228' title='bbox 2339 2516 2424 2584; x_wconf 90' lang='lat' dir='ltr'>de</span> <span class='ocrx_word' id='word_1_229' title='bbox 2474 2537 2556 2586; x_wconf 90' lang='lat' dir='ltr'>su</span> <span class='ocrx_word' id='word_1_230' title='bbox 2610 2517 2860 2586; x_wconf 88' lang='lat' dir='ltr'>stantia</span> <span class='ocrx_word' id='word_1_231' title='bbox 2907 2517 3136 2585; x_wconf 91' lang='lat' dir='ltr'>suain</span> 
     </span>
     <span class='ocr_line' id='line_1_27' title="bbox 586 2603 3138 2694; baseline 0 -22"><span class='ocrx_word' id='word_1_232' title='bbox 586 2625 930 2694; x_wconf 87' lang='lat' dir='ltr'>pauperes</span> <span class='ocrx_word' id='word_1_233' title='bbox 985 2625 1117 2673; x_wconf 93' lang='lat' dir='ltr'>non</span> <span class='ocrx_word' id='word_1_234' title='bbox 1176 2603 1553 2682; x_wconf 89' lang='lat' dir='ltr'>distribuit,</span> <span class='ocrx_word' id='word_1_235' title='bbox 1610 2603 2186 2673; x_wconf 88' lang='lat' dir='ltr'>monasteriorum</span> <span class='ocrx_word' id='word_1_236' title='bbox 2222 2615 2288 2672; x_wconf 90' lang='lat' dir='ltr'>et</span> <span class='ocrx_word' id='word_1_237' title='bbox 2319 2603 2768 2673; x_wconf 89' lang='lat' dir='ltr'>ecclesiarum</span> <span class='ocrx_word' id='word_1_238' title='bbox 2818 2619 3138 2674; x_wconf 88' lang='lat' dir='ltr'>constru—</span> 
     </span>
     <span class='ocr_line' id='line_1_28' title="bbox 563 2690 3125 2781; baseline 0 -21"><span class='ocrx_word' id='word_1_239' title='bbox 563 2691 934 2760; x_wconf 83' lang='lat' dir='ltr'>ctionibus</span> <span class='ocrx_word' id='word_1_240' title='bbox 982 2690 1082 2760; x_wconf 93' lang='lat' dir='ltr'>vel</span> <span class='ocrx_word' id='word_1_241' title='bbox 1146 2690 1528 2780; x_wconf 89' lang='lat' dir='ltr'>impendit,</span> <span class='ocrx_word' id='word_1_242' title='bbox 1598 2690 1702 2759; x_wconf 89' lang='lat' dir='ltr'>vel</span> <span class='ocrx_word' id='word_1_243' title='bbox 1771 2691 2145 2781; x_wconf 89' lang='lat' dir='ltr'>deputavit.</span> <span class='ocrx_word' id='word_1_244' title='bbox 2199 2696 2560 2760; x_wconf 88' lang='lat' dir='ltr'>Paternam</span> <span class='ocrx_word' id='word_1_245' title='bbox 2608 2691 3125 2773; x_wconf 87' lang='lat' dir='ltr'>haereditatem,</span> 
     </span>
     <span class='ocr_line' id='line_1_29' title="bbox 582 2777 3135 2869; baseline 0 -21"><span class='ocrx_word' id='word_1_246' title='bbox 582 2800 796 2866; x_wconf 90' lang='lat' dir='ltr'>quam</span> <span class='ocrx_word' id='word_1_247' title='bbox 844 2777 1013 2848; x_wconf 91' lang='lat' dir='ltr'>satis</span> <span class='ocrx_word' id='word_1_248' title='bbox 1060 2777 1364 2867; x_wconf 89' lang='lat' dir='ltr'>amplam</span> <span class='ocrx_word' id='word_1_249' title='bbox 1417 2777 1682 2857; x_wconf 89' lang='lat' dir='ltr'>habuit,</span> <span class='ocrx_word' id='word_1_250' title='bbox 1737 2777 1825 2847; x_wconf 87' lang='lat' dir='ltr'>ad</span> <span class='ocrx_word' id='word_1_251' title='bbox 1874 2778 2206 2863; x_wconf 86' lang='lat' dir='ltr'>reliquias</span> <span class='ocrx_word' id='word_1_252' title='bbox 2245 2779 2550 2860; x_wconf 87' lang='lat' dir='ltr'>tradidit,</span> <span class='ocrx_word' id='word_1_253' title='bbox 2600 2801 2776 2866; x_wconf 89' lang='lat' dir='ltr'>quas</span> <span class='ocrx_word' id='word_1_254' title='bbox 2822 2781 2910 2848; x_wconf 90' lang='lat' dir='ltr'>ab</span> <span class='ocrx_word' id='word_1_255' title='bbox 2965 2785 3135 2869; x_wconf 79' lang='lat' dir='ltr'>Apo-</span> 
     </span>
     <span class='ocr_line' id='line_1_30' title="bbox 584 2864 3135 2965; baseline -0 -29"><span class='ocrx_word' id='word_1_256' title='bbox 584 2866 826 2937; x_wconf 89' lang='lat' dir='ltr'>stolico</span> <span class='ocrx_word' id='word_1_257' title='bbox 864 2865 1150 2965; x_wconf 86' lang='lat' dir='ltr'>accepit:</span> <span class='ocrx_word' id='word_1_258' title='bbox 1204 2864 1392 2954; x_wconf 92' lang='lat' dir='ltr'>ipsas</span> <span class='ocrx_word' id='word_1_259' title='bbox 1434 2865 1606 2943; x_wconf 89' lang='lat' dir='ltr'>loco,</span> <span class='ocrx_word' id='word_1_260' title='bbox 1646 2887 1856 2951; x_wconf 88' lang='lat' dir='ltr'>quem</span> <span class='ocrx_word' id='word_1_261' title='bbox 1887 2866 2222 2935; x_wconf 81' lang='lat' dir='ltr'>Werdena</span> <span class='ocrx_word' id='word_1_262' title='bbox 2260 2867 2713 2958; x_wconf 88' lang='lat' dir='ltr'>appellatum,</span> <span class='ocrx_word' id='word_1_263' title='bbox 2750 2888 2913 2937; x_wconf 89' lang='lat' dir='ltr'>eum</span> <span class='ocrx_word' id='word_1_264' title='bbox 2947 2890 3135 2937; x_wconf 89' lang='lat' dir='ltr'>com-</span> 
     </span>
     <span class='ocr_line' id='line_1_31' title="bbox 582 2952 3131 3045; baseline 0.001 -23"><span class='ocrx_word' id='word_1_265' title='bbox 582 2975 868 3044; x_wconf 89' lang='lat' dir='ltr'>parasse</span> <span class='ocrx_word' id='word_1_266' title='bbox 914 2953 1243 3032; x_wconf 79' lang='lat' dir='ltr'>dixlmuS,</span> <span class='ocrx_word' id='word_1_267' title='bbox 1299 2965 1364 3021; x_wconf 91' lang='lat' dir='ltr'>et</span> <span class='ocrx_word' id='word_1_268' title='bbox 1402 2952 1734 3024; x_wconf 83' lang='lat' dir='ltr'>fratribus</span> <span class='ocrx_word' id='word_1_269' title='bbox 1784 2953 1855 3021; x_wconf 94' lang='lat' dir='ltr'>in</span> <span class='ocrx_word' id='word_1_270' title='bbox 1901 2975 1981 3023; x_wconf 91' lang='lat' dir='ltr'>eo</span> <span class='ocrx_word' id='word_1_271' title='bbox 2031 2953 2180 3023; x_wconf 91' lang='lat' dir='ltr'>loco</span> <span class='ocrx_word' id='word_1_272' title='bbox 2235 2955 2521 3024; x_wconf 90' lang='lat' dir='ltr'>Domino</span> <span class='ocrx_word' id='word_1_273' title='bbox 2569 2955 2953 3036; x_wconf 89' lang='lat' dir='ltr'>servituris,</span> <span class='ocrx_word' id='word_1_274' title='bbox 3010 2977 3131 3045; x_wconf 89' lang='lat' dir='ltr'>pro</span> 
     </span>
     <span class='ocr_line' id='line_1_32' title="bbox 580 3040 3132 3133; baseline 0 -24"><span class='ocrx_word' id='word_1_275' title='bbox 580 3040 965 3131; x_wconf 90' lang='lat' dir='ltr'>patrocinio</span> <span class='ocrx_word' id='word_1_276' title='bbox 1013 3040 1373 3131; x_wconf 87' lang='lat' dir='ltr'>delegavit.</span> <span class='ocrx_word' id='word_1_277' title='bbox 1413 3045 1515 3109; x_wconf 89' lang='lat' dir='ltr'>Ita</span> <span class='ocrx_word' id='word_1_278' title='bbox 1561 3051 1914 3128; x_wconf 91' lang='lat' dir='ltr'>tamquam</span> <span class='ocrx_word' id='word_1_279' title='bbox 1968 3042 2139 3110; x_wconf 85' lang='lat' dir='ltr'>nihil</span> <span class='ocrx_word' id='word_1_280' title='bbox 2193 3042 2457 3112; x_wconf 89' lang='lat' dir='ltr'>habens</span> <span class='ocrx_word' id='word_1_281' title='bbox 2515 3055 2580 3111; x_wconf 90' lang='lat' dir='ltr'>et</span> <span class='ocrx_word' id='word_1_282' title='bbox 2626 3044 2861 3112; x_wconf 88' lang='lat' dir='ltr'>omnia</span> <span class='ocrx_word' id='word_1_283' title='bbox 2910 3043 3132 3133; x_wconf 87' lang='lat' dir='ltr'>possi-</span> 
     </span>
     <span class='ocr_line' id='line_1_33' title="bbox 579 3127 3131 3221; baseline 0.001 -24"><span class='ocrx_word' id='word_1_284' title='bbox 579 3128 776 3210; x_wconf 83' lang='lat' dir='ltr'>denS,</span> <span class='ocrx_word' id='word_1_285' title='bbox 814 3127 1121 3216; x_wconf 88' lang='lat' dir='ltr'>quotidie</span> <span class='ocrx_word' id='word_1_286' title='bbox 1157 3150 1430 3197; x_wconf 88' lang='lat' dir='ltr'>morum</span> <span class='ocrx_word' id='word_1_287' title='bbox 1482 3128 1817 3218; x_wconf 89' lang='lat' dir='ltr'>probitate</span> <span class='ocrx_word' id='word_1_288' title='bbox 1863 3140 1930 3198; x_wconf 91' lang='lat' dir='ltr'>et</span> <span class='ocrx_word' id='word_1_289' title='bbox 1977 3130 2381 3200; x_wconf 88' lang='lat' dir='ltr'>meritorum</span> <span class='ocrx_word' id='word_1_290' title='bbox 2424 3130 2781 3200; x_wconf 88' lang='lat' dir='ltr'>sanctitate</span> <span class='ocrx_word' id='word_1_291' title='bbox 2822 3131 3131 3221; x_wconf 81' lang='lat' dir='ltr'>proficie-</span> 
     </span>
     <span class='ocr_line' id='line_1_34' title="bbox 557 3214 3129 3306; baseline 0.001 -20"><span class='ocrx_word' id='word_1_292' title='bbox 557 3215 720 3297; x_wconf 87' lang='lat' dir='ltr'>bat,</span> <span class='ocrx_word' id='word_1_293' title='bbox 776 3214 1084 3303; x_wconf 88' lang='lat' dir='ltr'>quotidie</span> <span class='ocrx_word' id='word_1_294' title='bbox 1138 3214 1225 3284; x_wconf 89' lang='lat' dir='ltr'>de</span> <span class='ocrx_word' id='word_1_295' title='bbox 1276 3215 1524 3285; x_wconf 84' lang='lat' dir='ltr'>virtute</span> <span class='ocrx_word' id='word_1_296' title='bbox 1594 3217 1667 3284; x_wconf 92' lang='lat' dir='ltr'>in</span> <span class='ocrx_word' id='word_1_297' title='bbox 1715 3216 2035 3286; x_wconf 88' lang='lat' dir='ltr'>virtutem</span> <span class='ocrx_word' id='word_1_298' title='bbox 2108 3217 2301 3300; x_wconf 84' lang='lat' dir='ltr'>ibat,</span> <span class='ocrx_word' id='word_1_299' title='bbox 2356 3230 2435 3288; x_wconf 91' lang='lat' dir='ltr'>ut</span> <span class='ocrx_word' id='word_1_300' title='bbox 2479 3219 2854 3306; x_wconf 89' lang='lat' dir='ltr'>aliquando</span> <span class='ocrx_word' id='word_1_301' title='bbox 2903 3219 3129 3289; x_wconf 90' lang='lat' dir='ltr'>videre</span> 
     </span>
     <span class='ocr_line' id='line_1_35' title="bbox 578 3303 1902 3374; baseline -0.001 0"><span class='ocrx_word' id='word_1_302' title='bbox 578 3309 791 3374; x_wconf 91' lang='lat' dir='ltr'>Deum</span> <span class='ocrx_word' id='word_1_303' title='bbox 830 3303 1119 3373; x_wconf 91' lang='lat' dir='ltr'>deorum</span> <span class='ocrx_word' id='word_1_304' title='bbox 1166 3303 1238 3371; x_wconf 93' lang='lat' dir='ltr'>in</span> <span class='ocrx_word' id='word_1_305' title='bbox 1290 3303 1450 3373; x_wconf 90' lang='lat' dir='ltr'>Sion</span> <span class='ocrx_word' id='word_1_306' title='bbox 1501 3315 1902 3373; x_wconf 89' lang='lat' dir='ltr'>mereretur.</span> 
     </span>
    </p>

    <p class='ocr_par' dir='ltr' id='par_1_4' title="bbox 531 3391 3126 4429">
     <span class='ocr_line' id='line_1_36' title="bbox 669 3391 3124 3483; baseline -0.001 -19"><span class='ocrx_word' id='word_1_307' title='bbox 669 3392 921 3479; x_wconf 60' lang='lat' dir='ltr'>§aa</span> <span class='ocrx_word' id='word_1_308' title='bbox 992 3396 1300 3479; x_wconf 87' lang='lat' dir='ltr'>Cumque</span> <span class='ocrx_word' id='word_1_309' title='bbox 1359 3391 1506 3480; x_wconf 88' lang='lat' dir='ltr'>jam</span> <span class='ocrx_word' id='word_1_310' title='bbox 1570 3391 2008 3483; x_wconf 89' lang='lat' dir='ltr'>omnipotens</span> <span class='ocrx_word' id='word_1_311' title='bbox 2056 3397 2236 3462; x_wconf 90' lang='lat' dir='ltr'>Deus</span> <span class='ocrx_word' id='word_1_312' title='bbox 2296 3414 2672 3483; x_wconf 89' lang='lat' dir='ltr'>perennem</span> <span class='ocrx_word' id='word_1_313' title='bbox 2739 3394 3124 3463; x_wconf 88' lang='lat' dir='ltr'>mercedem</span> 
     </span>
     <span class='ocr_line' id='line_1_37' title="bbox 577 3478 3124 3570; baseline 0 -22"><span class='ocrx_word' id='word_1_314' title='bbox 577 3479 714 3570; x_wconf 79' lang='lat' dir='ltr'>piis</span> <span class='ocrx_word' id='word_1_315' title='bbox 752 3481 904 3569; x_wconf 88' lang='lat' dir='ltr'>ejus</span> <span class='ocrx_word' id='word_1_316' title='bbox 936 3479 1185 3550; x_wconf 89' lang='lat' dir='ltr'>studiis</span> <span class='ocrx_word' id='word_1_317' title='bbox 1233 3478 1518 3548; x_wconf 89' lang='lat' dir='ltr'>reddere</span> <span class='ocrx_word' id='word_1_318' title='bbox 1565 3479 2001 3559; x_wconf 89' lang='lat' dir='ltr'>decrevisset,</span> <span class='ocrx_word' id='word_1_319' title='bbox 2036 3479 2394 3566; x_wconf 90' lang='lat' dir='ltr'>aliquanto</span> <span class='ocrx_word' id='word_1_320' title='bbox 2426 3493 2583 3551; x_wconf 90' lang='lat' dir='ltr'>ante</span> <span class='ocrx_word' id='word_1_321' title='bbox 2614 3481 2881 3558; x_wconf 86' lang='lat' dir='ltr'>obitum</span> <span class='ocrx_word' id='word_1_322' title='bbox 2916 3503 3124 3551; x_wconf 90' lang='lat' dir='ltr'>suum</span> 
     </span>
     <span class='ocr_line' id='line_1_38' title="bbox 577 3566 3118 3659; baseline 0.001 -24"><span class='ocrx_word' id='word_1_323' title='bbox 577 3577 908 3656; x_wconf 88' lang='lat' dir='ltr'>tempore,</span> <span class='ocrx_word' id='word_1_324' title='bbox 962 3566 1364 3636; x_wconf 86' lang='lat' dir='ltr'>infirmitate</span> <span class='ocrx_word' id='word_1_325' title='bbox 1410 3566 1722 3658; x_wconf 89' lang='lat' dir='ltr'>corporis</span> <span class='ocrx_word' id='word_1_326' title='bbox 1771 3566 2082 3656; x_wconf 83' lang='lat' dir='ltr'>laborare</span> <span class='ocrx_word' id='word_1_327' title='bbox 2138 3569 2385 3659; x_wconf 90' lang='lat' dir='ltr'>coepit.</span> <span class='ocrx_word' id='word_1_328' title='bbox 2453 3574 2544 3638; x_wconf 89' lang='lat' dir='ltr'>Eo</span> <span class='ocrx_word' id='word_1_329' title='bbox 2588 3569 2737 3659; x_wconf 89' lang='lat' dir='ltr'>ipse</span> <span class='ocrx_word' id='word_1_330' title='bbox 2789 3582 3118 3659; x_wconf 86' lang='lat' dir='ltr'>tempore,</span> 
     </span>
     <span class='ocr_line' id='line_1_39' title="bbox 574 3654 3123 3746; baseline 0.001 -23"><span class='ocrx_word' id='word_1_331' title='bbox 574 3654 979 3744; x_wconf 87' lang='lat' dir='ltr'>dirigendae</span> <span class='ocrx_word' id='word_1_332' title='bbox 1013 3654 1543 3726; x_wconf 86' lang='lat' dir='ltr'>Christianitatis</span> <span class='ocrx_word' id='word_1_333' title='bbox 1589 3655 1835 3746; x_wconf 73' lang='lat' dir='ltr'>gratia,</span> <span class='ocrx_word' id='word_1_334' title='bbox 1889 3654 2260 3725; x_wconf 88' lang='lat' dir='ltr'>dioecesim</span> <span class='ocrx_word' id='word_1_335' title='bbox 2295 3678 2491 3725; x_wconf 90' lang='lat' dir='ltr'>suam</span> <span class='ocrx_word' id='word_1_336' title='bbox 2536 3657 2979 3736; x_wconf 90' lang='lat' dir='ltr'>circumiens,</span> <span class='ocrx_word' id='word_1_337' title='bbox 3037 3657 3123 3726; x_wconf 91' lang='lat' dir='ltr'>ad</span> 
     </span>
     <span class='ocr_line' id='line_1_40' title="bbox 572 3741 3125 3835; baseline 0.001 -24"><span class='ocrx_word' id='word_1_338' title='bbox 572 3741 830 3825; x_wconf 90' lang='lat' dir='ltr'>locum,</span> <span class='ocrx_word' id='word_1_339' title='bbox 867 3744 986 3832; x_wconf 91' lang='lat' dir='ltr'>qui</span> <span class='ocrx_word' id='word_1_340' title='bbox 1019 3742 1400 3835; x_wconf 77' lang='lat' dir='ltr'>Billurbeki</span> <span class='ocrx_word' id='word_1_341' title='bbox 1446 3756 1751 3824; x_wconf 87' lang='lat' dir='ltr'>vocatur,</span> <span class='ocrx_word' id='word_1_342' title='bbox 1806 3743 1928 3814; x_wconf 92' lang='lat' dir='ltr'>ubi</span> <span class='ocrx_word' id='word_1_343' title='bbox 1973 3743 2334 3814; x_wconf 89' lang='lat' dir='ltr'>ecclesiam</span> <span class='ocrx_word' id='word_1_344' title='bbox 2397 3744 2715 3826; x_wconf 86' lang='lat' dir='ltr'>habebat,</span> <span class='ocrx_word' id='word_1_345' title='bbox 2770 3746 2975 3813; x_wconf 84' lang='lat' dir='ltr'>venit.</span> <span class='ocrx_word' id='word_1_346' title='bbox 3022 3744 3125 3815; x_wconf 93' lang='lat' dir='ltr'>lbi</span> 
     </span>
     <span class='ocr_line' id='line_1_41' title="bbox 573 3830 3126 3921; baseline 0 -21"><span class='ocrx_word' id='word_1_347' title='bbox 573 3851 775 3920; x_wconf 89' lang='lat' dir='ltr'>ergo,</span> <span class='ocrx_word' id='word_1_348' title='bbox 828 3843 906 3901; x_wconf 91' lang='lat' dir='ltr'>ut</span> <span class='ocrx_word' id='word_1_349' title='bbox 953 3830 1294 3911; x_wconf 85' lang='lat' dir='ltr'>diximus,</span> <span class='ocrx_word' id='word_1_350' title='bbox 1353 3832 1702 3920; x_wconf 63' lang='lat' dir='ltr'>corporali</span> <span class='ocrx_word' id='word_1_351' title='bbox 1749 3830 2062 3901; x_wconf 75' lang='lat' dir='ltr'>molestia</span> <span class='ocrx_word' id='word_1_352' title='bbox 2110 3845 2556 3921; x_wconf 80' lang='lat' dir='ltr'>praevenmS,</span> <span class='ocrx_word' id='word_1_353' title='bbox 2610 3844 2869 3919; x_wconf 87' lang='lat' dir='ltr'>quanto</span> <span class='ocrx_word' id='word_1_354' title='bbox 2919 3855 3126 3901; x_wconf 89' lang='lat' dir='ltr'>mun-</span> 
     </span>
     <span class='ocr_line' id='line_1_42' title="bbox 569 3917 3122 4011; baseline 0.002 -25"><span class='ocrx_word' id='word_1_355' title='bbox 569 3917 876 3989; x_wconf 88' lang='lat' dir='ltr'>dialibus</span> <span class='ocrx_word' id='word_1_356' title='bbox 925 3919 1217 4011; x_wconf 88' lang='lat' dir='ltr'>negotiis</span> <span class='ocrx_word' id='word_1_357' title='bbox 1264 3919 1553 4009; x_wconf 84' lang='lat' dir='ltr'>agendis</span> <span class='ocrx_word' id='word_1_358' title='bbox 1600 3918 2009 4000; x_wconf 84' lang='lat' dir='ltr'>invalidior,</span> <span class='ocrx_word' id='word_1_359' title='bbox 2062 3930 2251 3989; x_wconf 89' lang='lat' dir='ltr'>tanto</span> <span class='ocrx_word' id='word_1_360' title='bbox 2318 3919 2391 3988; x_wconf 91' lang='lat' dir='ltr'>in</span> <span class='ocrx_word' id='word_1_361' title='bbox 2460 3920 2756 4010; x_wconf 88' lang='lat' dir='ltr'>spiritali</span> <span class='ocrx_word' id='word_1_362' title='bbox 2802 3921 3122 3991; x_wconf 85' lang='lat' dir='ltr'>exercitio</span> 
     </span>
     <span class='ocr_line' id='line_1_43' title="bbox 539 4005 3118 4098; baseline 0 -22"><span class='ocrx_word' id='word_1_363' title='bbox 539 4005 634 4076; x_wconf 70' lang='lat' dir='ltr'>‘et</span> <span class='ocrx_word' id='word_1_364' title='bbox 700 4007 1034 4078; x_wconf 86' lang='lat' dir='ltr'>virtutum</span> <span class='ocrx_word' id='word_1_365' title='bbox 1098 4007 1646 4077; x_wconf 86' lang='lat' dir='ltr'>exercitamentis</span> <span class='ocrx_word' id='word_1_366' title='bbox 1709 4006 2003 4077; x_wconf 86' lang='lat' dir='ltr'>validior</span> <span class='ocrx_word' id='word_1_367' title='bbox 2047 4019 2229 4088; x_wconf 87' lang='lat' dir='ltr'>erat,</span> <span class='ocrx_word' id='word_1_368' title='bbox 2290 4008 2491 4097; x_wconf 85' lang='lat' dir='ltr'>juxta</span> <span class='ocrx_word' id='word_1_369' title='bbox 2536 4008 2711 4076; x_wconf 87' lang='lat' dir='ltr'>illud</span> <span class='ocrx_word' id='word_1_370' title='bbox 2778 4008 3118 4098; x_wconf 81' lang='lat' dir='ltr'>Apostoli:</span> 
     </span>
     <span class='ocr_line' id='line_1_44' title="bbox 568 4095 3123 4186; baseline 0 -23"><span class='ocrx_word' id='word_1_371' title='bbox 568 4097 846 4177; x_wconf 83' lang='lat' dir='ltr'>Quando</span> <span class='ocrx_word' id='word_1_372' title='bbox 894 4098 1069 4165; x_wconf 74' lang='lat' dir='ltr'>enim</span> <span class='ocrx_word' id='word_1_373' title='bbox 1103 4099 1427 4186; x_wconf 79' lang='lat' dir='ltr'>infirmor,</span> <span class='ocrx_word' id='word_1_374' title='bbox 1465 4107 1621 4165; x_wconf 81' lang='lat' dir='ltr'>tunc</span> <span class='ocrx_word' id='word_1_375' title='bbox 1642 4106 1876 4186; x_wconf 83' lang='lat' dir='ltr'>potens</span> <span class='ocrx_word' id='word_1_376' title='bbox 1903 4118 2053 4164; x_wconf 84' lang='lat' dir='ltr'>sum</span> <span class='ocrx_word' id='word_1_377' title='bbox 2092 4101 2184 4180; x_wconf 75' lang='lat'>(2.</span> <span class='ocrx_word' id='word_1_378' title='bbox 2233 4099 2378 4174; x_wconf 74' lang='lat' dir='ltr'>Cor,</span> <span class='ocrx_word' id='word_1_379' title='bbox 2424 4095 2567 4185; x_wconf 86' lang='lat' dir='ltr'>xn).</span> <span class='ocrx_word' id='word_1_380' title='bbox 2606 4101 2889 4186; x_wconf 88' lang='lat' dir='ltr'>Semper</span> <span class='ocrx_word' id='word_1_381' title='bbox 2934 4096 3123 4165; x_wconf 90' lang='lat' dir='ltr'>enim</span> 
     </span>
     <span class='ocr_line' id='line_1_45' title="bbox 541 4183 3124 4274; baseline 0.001 -23"><span class='ocrx_word' id='word_1_382' title='bbox 541 4188 689 4253; x_wconf 90' lang='lat' dir='ltr'>&#39;aut</span> <span class='ocrx_word' id='word_1_383' title='bbox 736 4183 1003 4274; x_wconf 87' lang='lat' dir='ltr'>legebat</span> <span class='ocrx_word' id='word_1_384' title='bbox 1049 4183 1340 4269; x_wconf 90' lang='lat' dir='ltr'>aliquid,</span> <span class='ocrx_word' id='word_1_385' title='bbox 1384 4196 1505 4252; x_wconf 89' lang='lat' dir='ltr'>aut</span> <span class='ocrx_word' id='word_1_386' title='bbox 1553 4183 2242 4274; x_wconf 76' lang='lat' dir='ltr'>psallebatzsemper</span> <span class='ocrx_word' id='word_1_387' title='bbox 2274 4183 2357 4252; x_wconf 91' lang='lat' dir='ltr'>ad</span> <span class='ocrx_word' id='word_1_388' title='bbox 2396 4189 2606 4253; x_wconf 90' lang='lat' dir='ltr'>Deum</span> <span class='ocrx_word' id='word_1_389' title='bbox 2649 4184 2979 4254; x_wconf 88' lang='lat' dir='ltr'>manibus</span> <span class='ocrx_word' id='word_1_390' title='bbox 3008 4206 3124 4253; x_wconf 78' lang='lat' dir='ltr'>ex-</span> 
     </span>
     <span class='ocr_line' id='line_1_46' title="bbox 531 4269 3122 4429; baseline -0.001 -85"><span class='ocrx_word' id='word_1_391' title='bbox 531 4272 831 4429; x_wconf 50' lang='lat' dir='ltr'>gansis,</span> <span class='ocrx_word' id='word_1_392' title='bbox 888 4293 1270 4359; x_wconf 88' lang='lat' dir='ltr'>numquam</span> <span class='ocrx_word' id='word_1_393' title='bbox 1325 4273 1637 4341; x_wconf 88' lang='lat' dir='ltr'>animum</span> <span class='ocrx_word' id='word_1_394' title='bbox 1697 4273 1784 4341; x_wconf 88' lang='lat' dir='ltr'>ab</span> <span class='ocrx_word' id='word_1_395' title='bbox 1842 4272 2148 4341; x_wconf 89' lang='lat' dir='ltr'>oratione</span> <span class='ocrx_word' id='word_1_396' title='bbox 2197 4269 2516 4340; x_wconf 84' lang='lat' dir='ltr'>feriatum</span> <span class='ocrx_word' id='word_1_397' title='bbox 2574 4293 2724 4343; x_wconf 91' lang='lat' dir='ltr'>esse</span> <span class='ocrx_word' id='word_1_398' title='bbox 2773 4273 3122 4362; x_wconf 89' lang='lat' dir='ltr'>permitte-</span> 
     </span>
    </p>

    <p class='ocr_par' dir='ltr' id='par_1_5' title="bbox 613 4359 3121 4450">
     <span class='ocr_line' id='line_1_47' title="bbox 613 4359 3121 4450; baseline 0 -21"><span class='ocrx_word' id='word_1_399' title='bbox 613 4372 702 4443; x_wconf 88' lang='lat' dir='ltr'>at,</span> <span class='ocrx_word' id='word_1_400' title='bbox 756 4382 1120 4448; x_wconf 90' lang='lat' dir='ltr'>nunquam</span> <span class='ocrx_word' id='word_1_401' title='bbox 1168 4360 1397 4431; x_wconf 89' lang='lat' dir='ltr'>cordis</span> <span class='ocrx_word' id='word_1_402' title='bbox 1443 4360 1683 4430; x_wconf 90' lang='lat' dir='ltr'>oculos</span> <span class='ocrx_word' id='word_1_403' title='bbox 1729 4382 1771 4430; x_wconf 89' lang='lat' dir='ltr'>a</span> <span class='ocrx_word' id='word_1_404' title='bbox 1802 4359 2203 4430; x_wconf 89' lang='lat' dir='ltr'>coelestium</span> <span class='ocrx_word' id='word_1_405' title='bbox 2252 4381 2486 4429; x_wconf 89' lang='lat' dir='ltr'>rerum</span> <span class='ocrx_word' id='word_1_406' title='bbox 2535 4359 3121 4450; x_wconf 86' lang='lat' dir='ltr'>contemplatione</span> 
     </span>
    </p>
   </div>
  </div>
 </body>
</html>
