3327 4999
258 375 269 381 ’
325 362 572 428 MART.
624 364 711 428 22
1005 378 1084 424 ΒΕ
1133 378 1188 425 s.
1242 377 1602 428 camanum
1651 378 1822 428 vme.
1876 380 1952 427 m·
2000 379 2196 426 vum».
2657 363 2788 428 445

320 463 540 533 videri
573 463 811 532 voluit.
866 467 1009 531 Non
1063 473 1286 531 tamen
1339 463 1546 531 etiam
1597 475 1788 532 extra
1833 463 2030 533 urbis
2071 483 2308 531 muros
2332 461 2688 553 religionis
2716 485 2880 554 ergo

324 551 674 642 proficisci
723 550 1085 630 dubitavit,
1129 549 1396 636 quoties
1446 564 1666 620 mater
1710 553 1883 641 ejus,
1942 551 2199 621 divinis
2245 550 2482 620 edocta
2530 552 2883 621 revelatio-

320 641 555 721 nibuS,
618 639 687 708 id
740 639 1090 708 voluisset.
1146 643 1248 708 Ita
1294 639 1714 726 quandoque
1762 642 2063 709 instante
2121 637 2551 708 solemnitate
2586 644 2650 709 S.
2709 645 2886 709 Lau-

320 728 553 809 rentii,
596 738 814 796 mater
860 728 1011 816 ejus
1060 726 1232 796 dixit
1280 727 1425 796 illi:
1482 732 1730 808 «Cras,
1771 733 1901 797 Deo
1949 729 2125 798 bene
2173 727 2458 808 volente,
2513 726 2724 796 simul
2753 725 2887 797 ibi—

321 839 486 887 mus
534 815 618 885 ad
665 820 728 885 S.
778 815 1309 884 Laurentium.»
1360 820 1668 902 Cumque
1717 815 1838 885 illa
1877 815 2343 905 responderet,
2383 815 2622 896 vereri,
2659 837 2753 893 se,
2794 837 2883 884 ne

321 906 411 974 ab
460 904 580 974 illo
629 904 886 973 Comite
934 903 1000 971 vi
1047 902 1375 972 adhibita¹
1409 917 1790 1003 raperetur,
1851 917 2069 973 mater
2123 903 2341 972 dixit:
2396 926 2432 970 «
2480 903 2760 973 Confido
2808 904 2882 973 in

320 993 618 1063 Domino
649 997 839 1071 Jesu,
897 1013 1023 1061 nos
1071 992 1223 1080 ejus
1277 991 1758 1061 misericordia
1795 992 1882 1062 ab
1930 992 2122 1062 omni
2172 991 2479 1082 periculo
2535 991 2887 1062 immunes

323 1081 493 1150 fore.
523 1104 559 1146 »
594 1080 774 1170 Ipsis
821 1101 984 1168 ergo
1026 1084 1100 1148 D.
1149 1080 1495 1149 Laurentii
1530 1079 1721 1148 feriis
1752 1102 1912 1149 cum
1964 1102 2037 1149 se
2085 1084 2151 1148 S.
2191 1079 2427 1148 Crucis
2477 1080 2677 1170 signo
2729 1102 2886 1150 mu-

324 1169 642 1248 niissent,
688 1180 753 1237 et
802 1167 1242 1236 sanctissimo
1291 1169 1575 1256 martyri
1624 1168 2250 1250 commendassent,
2296 1168 2553 1236 abeunt
2599 1167 2683 1237 ad
2734 1169 2889 1254 esus

325 1257 716 1327 ecclesiam.
773 1261 979 1325 Porro
1027 1261 1263 1325 Comes
1333 1256 1645 1327 latitabat
1693 1256 1838 1326 illic
1885 1256 2167 1343 quidem
2216 1278 2378 1324 cum
2428 1255 2576 1325 suis
2624 1267 2768 1325 sate
2803 1256 2881 1324 li-

326 1346 539 1424 tibus,
586 1344 704 1415 sed
748 1344 1083 1413 divinitus
1133 1345 1456 1413 caecitate
1497 1366 1897 1433 percussus,
1957 1343 2228 1413 tandem
2269 1343 2354 1412 ad
2412 1348 2476 1411 S.
2533 1343 2883 1413 Laurentii

328 1434 573 1503 aedem
616 1432 1017 1522 perductus,
1074 1433 1437 1521 prostravit
1485 1455 1556 1501 se
1605 1454 1837 1502 coram
1908 1432 2089 1514 illis,
2160 1432 2574 1518 veniamque
2636 1433 2887 1502 obnixe

327 1533 592 1613 petens,
635 1520 954 1611 promisit
992 1542 1065 1589 se
1115 1520 1286 1588 nihil
1337 1521 1680 1610 ejusmodi
1729 1520 2055 1620 deinceps
2082 1531 2616 1589 attentaturum:
2672 1521 2890 1589 immo

325 1632 445 1680 eas
490 1630 613 1700 pro
646 1608 913 1677 viribus
944 1608 1418 1688 defensurum,
1457 1621 1521 1678 et
1551 1607 1777 1679 modis
1808 1610 2135 1679 omnibus
2163 1608 2263 1677 eis
2353 1608 2882 1678 ratificaturum.

327 1704 501 1769 Tum
554 1719 709 1766 vero
757 1695 898 1766 illis
950 1696 1316 1765 Dominum
1419 1719 1492 1766 ro
1539 1719 1618 1765 eo
1667 1696 2224 1786 deprecantibuS,
2280 1696 2439 1765 iico
2491 1697 2713 1765 visum
2780 1718 2890 1765 re-

328 1786 553 1875 cepit:
608 1796 812 1871 atque
859 1784 1187 1873 deinceps
1239 1720 1457 1854 musta
1503 1806 1619 1856 eas
1684 1786 2061 1854 reverentia
2108 1784 2485 1879 multisque
2532 1784 2891 1854 beneficiis

328 1885 740 1965 prosecutus
773 1884 903 1941 est:
945 1872 1318 1962 ipsumque
1347 1873 1765 1942 miraculum
1806 1894 2037 1943 coram
2071 1872 2344 1942 Urbano
2376 1877 2684 1943 Romano
2715 1878 2892 1942 Pon-

332 1962 513 2033 tifice
560 1974 626 2031 et
676 1960 892 2047 hujus
942 1961 1422 2029 Cardinalibus
1469 1961 1837 2030 enarravit.

419 2053 456 2138 ξ
513 2054 660 2121 18.
716 2048 948 2117 Multis
995 2070 1161 2118 sane
1228 2048 1452 2117 modis
1496 2049 1843 2135 'antiquus
1900 2070 2184 2138 serpens
2241 2070 2387 2138 per-
2429 2069 2558 2117 sua
2620 2070 2886 2138 organa

331 2138 504 2227 ejus,
535 2142 667 2206 Deo
705 2149 1173 2207 consecratam
1208 2159 1409 2226 saepe
1442 2137 1870 2237 oppugnavit
1897 2137 2303 2205 castitatem.
2338 2142 2548 2205 Jussa
2586 2136 2892 2221 quodam

336 2240 645 2316 tempore
691 2225 1024 2294 divinitus
1061 2224 1191 2294 suit
1242 2238 1457 2294 mater
1501 2246 1652 2315 ejus
1700 2224 1995 2294 invisere.
2041 2225 2376 2295 Assisium
2411 2235 2473 2292 et
2522 2223 2888 2294 ecclesiam

332 2336 511 2402 quae
558 2314 643 2381 de
691 2312 1130 2383 Portiuncula
1181 2312 1481 2383 dicitur:
1534 2317 1677 2382 una
1725 2312 1931 2382 etiam
1987 2311 2332 2403 proficisci
2397 2312 2727 2381 Dominus
2774 2333 2892 2380 vo-

332 2403 465 2473 luit
512 2402 729 2470 filiam
780 2402 1260 2481 Catharinam,
1331 2401 1737 2491 promittens
1784 2400 1965 2488 quod
2031 2423 2073 2469 a
2133 2400 2404 2470 cunctis
2451 2400 2685 2469 infesti
2731 2400 2893 2469 dae-

333 2491 564 2562 monis
596 2490 1174 2560 machinamentis
1226 2489 1413 2580 ipsas
1459 2489 1774 2579 eriperet,
1831 2503 1897 2558 et
1948 2488 2018 2557 in
2071 2488 2312 2558 itinere
2340 2488 2429 2558 ab
2476 2488 2668 2558 omni
2717 2487 2896 2580 peri-

334 2579 493 2650 culo
532 2590 830 2648 servaret
876 2579 1251 2648 immunes.
1306 2580 1571 2648 Abeunt
1604 2578 1818 2668 igitur
1866 2576 2225 2658 Assisium,
2281 2598 2404 2646 nec
2464 2577 2716 2648 desunt
2781 2600 2894 2646 co-

334 2669 559 2737 mites,
632 2671 707 2735 In
785 2667 936 2756 ipso
1000 2679 1229 2737 autem
1294 2667 1538 2736 itinere
1602 2688 1765 2736 cum
1830 2666 1943 2734 die
2010 2664 2313 2752 quodam
2393 2684 2530 2734 non
2609 2676 2893 2755 possent

334 2754 716 2846 hospitium
771 2754 1162 2835 honestum,
1221 2771 1418 2824 nocte
1482 2756 1573 2823 im
1631 2753 1947 2836 endentc,
1984 2755 2341 2844 attingere,
2381 2753 2467 2821 ad
2516 2753 2896 2840 quamdam

333 2854 796 2945 pervenerunt
833 2864 1203 2942 pauperem
1253 2777 1746 2933 cauponufam,
1784 2855 1849 2912 et
1874 2864 2078 2933 aegre
2110 2864 2150 2911 a
2174 2843 2487 2931 caupone
2514 2842 2887 2922 admissae,

335 2944 517 3001 mter
562 2943 895 3021 angustas
927 2952 1078 3018 eJus
1128 2932 1389 3020 tugurii
1438 2932 1761 3012 latebraS,
1792 2942 1870 3000 ut
1916 2932 2003 3001 ab
2037 2929 2381 2999 imbribus
2429 2942 2494 3000 et
2543 2930 2698 2999 nive
2742 2951 2898 2999 cor-

336 3042 507 3111 pora
562 3030 942 3105 utcumque
991 3031 1386 3101 tuerentur,
1441 3041 1590 3090 sese
1635 3019 2120 3089 condiderunt.
2187 3023 2357 3088 Ecce
2404 3029 2636 3087 autem
2702 3028 2901 3087 nocte

337 3107 568 3177 media
603 3107 800 3177 multi
847 3129 927 3177 eo
977 3107 1276 3176 latrones
1323 3119 1721 3188 accurrunt,
1768 3107 2451 3197 ‚accenduntignem,
2486 3105 2722 3176 vultus
2754 3128 2901 3176 om-

339 3197 540 3265 nium
593 3194 1014 3283 inspiciunt,
1077 3208 1142 3264 et
1202 3195 1385 3285 capti
1435 3195 1958 3285 pulchritudine
2020 3195 2466 3274 Gathar-inae,
2519 3195 2901 3263 obscoenos

332 3284 600 3374 jactant
648 3305 1023 3364 sermones,
1077 3283 1278 3369 eique
1327 3283 1462 3350 vim
1513 3284 1756 3352 afferre
1803 3283 2257 3353 constituunt.
2303 3283 2570 3365 Quibus
2601 3295 2746 3352 tum
2781 3282 2905 3351 illa

339 3372 601 3464 pudica
649 3393 847 3440 mens
892 3385 1206 3461 correpta
1253 3370 1458 3440 fuerit
1490 3371 1894 3462 angoribus,
1930 3372 2089 3528 quis
2135 3371 2476 3461 explicet?
2506 3376 2661 3439 Jam
2690 3392 2901 3440 omne

340 3462 578 3532 aberat
626 3460 1017 3529 humanum
1064 3459 1539 3559 praesidium:
1591 3481 1817 3529 unum
1867 3481 1942 3529 so
1979 3480 2094 3530 um
2145 3470 2523 3548 supererat,
2560 3471 2637 3528 ut
2676 3458 2903 3548 preci·
2991 3485 2994 3488 ’

340 3549 477 3618 bus
524 3547 796 3617 Domini
847 3547 1392 3618 misericordiam
1443 3548 1916 3638 implorarent.
1956 3548 2150 3630 Quod
2199 3569 2360 3615 cum
2395 3546 2696 3616 facerent
2734 3568 2905 3616 sane

341 3636 602 3716 devote,
656 3635 941 3705 auditur
991 3658 1147 3705 mox
1198 3647 1525 3723 tanquam
1576 3636 1845 3706 sonitus
1894 3634 2328 3705 adventantis
2377 3635 2613 3724 magni
2662 3635 2906 3725 cujus-

340 3724 505 3795 dam
553 3724 938 3805 exercitus,
1000 3724 1302 3810 itemque
1348 3745 1701 3794 armorum
1756 3724 2121 3814 strepitus:
2179 3735 2326 3792 tum
2373 3744 2651 3810 quoque
2699 3743 2905 3793 voces

346 3811 826 3892 clamantium,
864 3823 941 3881 ut
987 3812 1355 3902 capiantur
1401 3812 1508 3880 illi
1554 3811 1806 3902 perditi
1854 3809 2178 3883 latrones.
2233 3810 2502 3892 Quibus
2540 3811 2646 3881 illi
2692 3811 2909 3881 mira-

399 3900 578 3970 'liter
622 3900 1067 3980 consternati,
1123 3899 1517 3990 aufugiunt,
1587 3921 1714 3969 nec
1775 3899 1929 3970 ausi
1993 3897 2187 3969 suere
2250 3920 2331 3967 ea
2380 3911 2575 3970 nocte
2631 3899 2900 3969 reverti.

457 4011 540 4057 ne
586 4010 744 4057 vero
786 3993 851 4057 S.
889 3988 1182 4076 Bit-gitta
1230 4010 1391 4057 cum
1441 3987 1588 4057 filia
1631 3999 1701 4057 et
1745 3986 2035 4074 reliquis
2082 3987 2454 4059 comitibus
2501 3999 2908 4079 susceptum

345 4077 790 4166 prosequitur
833 4076 982 4145 iter.
1019 4076 1124 4146 Ibi
1173 4097 1421 4146 rursus
1467 4074 1764 4155 adsunt,
1827 4075 2140 4146 scelerati
2188 4074 2542 4159 homineS,
2597 4087 2675 4147 ut
2718 4075 2905 4163 quod

346 4174 545 4234 nocte
593 4164 862 4233 efficere
909 4165 1382 4251 nequiverant,
1448 4163 1637 4234 clara
1700 4163 1854 4233 luce
1900 4163 2366 4256 designarent,
2405 4186 2746 4251 suamque
2791 4186 2911 4235 ex-

346 4253 613 4342 plerent
664 4251 1053 4321 libidinem.
1088 4258 1165 4321 Et
1213 4251 1317 4321 illi
1364 4252 1649 4339 quidem
1700 4252 1878 4321 viam
1921 4252 2009 4322 ab
2044 4265 2336 4339 utraque
2385 4266 2576 4345 parte
2622 4252 2908 4322 obsede-

345 4354 523 4423 rant,
565 4341 684 4413 sed
736 4340 1048 4431 percussi
1096 4340 1442 4423 caecitate,
1507 4339 1740 4410 videre
1788 4362 1927 4409 non
1979 4353 2354 4433 potuerunt
2398 4363 2558 4411 cum
2606 4340 2789 4410 bona
2831 4340 2905 4410 in

347 4431 565 4500 Deum
620 4428 882 4499 fiducia
938 4428 1097 4500 illac
1154 4451 1397 4500 secure
1464 4439 1927 4502 transeunteS.
1995 4435 2098 4500 Ita
2143 4452 2340 4520 ergo,
2407 4429 2644 4499 divina
2698 4427 2909 4500 fretae
