3327 4999
631 412 632 415 Ἴ
675 330 804 395 540
1315 346 1394 391 ns
1441 346 1496 392 s.
1549 344 1757 392 muco
1805 346 2158 396 ARETflUslo
2206 347 2402 395 muse.
2739 329 2985 395 MART.
3040 332 3135 398 29

588 444 795 502 totam
847 431 1000 500 auri
1077 451 1422 500 summam
1474 429 1837 519 petebant,
1900 442 2019 500 aut
2078 431 2307 521 ipsum
2356 442 2536 502 certe
2583 431 2955 502 delubrum
3027 434 3142 503 iu-

590 533 899 591 staurare
938 519 1313 609 jubebant,
1371 517 1586 587 videri
1651 532 1909 608 poterat
1943 520 2210 589 idcirco
2261 520 2487 610 potius
2535 520 2865 617 obsistere
2925 524 3137 608 atque

588 609 660 677 in
698 608 1117 678 contrarium
1169 607 1386 676 obniti
1434 607 1614 692 quod
1656 608 1853 698 jussa
1904 609 2145 696 exequi
2208 623 2411 695 atque
2458 609 2727 700 explere
2775 633 2913 680 non
2977 632 3142 701 pos-

589 710 713 778 set,
751 719 958 784 quam
1009 694 1191 782 quod
1243 696 1512 784 pietatis
1559 696 1786 765 studio
1851 698 2189 788 flagraret.
2245 702 2608 785 Postquam
2685 712 2910 770 autem
2968 700 3141 770 tole-

592 787 816 855 rantia
865 808 990 856 sua
1035 806 1150 853 eos
1203 783 1530 873 paulatim
1581 785 1897 866 vincens,
1954 799 2156 872 atque
2210 808 2291 854 ex
2341 788 2814 857 aestimatione
2861 810 3142 878 semper

591 873 850 961 aliquid
906 873 1293 953 detrabenS‚
1346 894 1424 941 eo
1475 873 1746 942 tandem
1780 896 1919 943 rem
1971 875 2278 954 adduxit,
2321 887 2398 944 ut
2435 898 2760 966 perquam
2799 877 3134 968 exiguum

589 976 788 1041 esset,
833 962 901 1030 id
951 960 1134 1049 quod
1176 984 1215 1030 a
1263 983 1334 1030 se
1372 961 1867 1050 postulabatur,
1927 964 2131 1050 idque
2179 964 2560 1053 persolvere
2608 965 2937 1035 facillime
2973 987 3131 1055 pos-

592 1064 713 1131 set,
768 1051 1053 1142 parique
1086 1050 1457 1119 certamine
1517 1051 1692 1120 inter
1749 1073 1821 1120 se
1874 1052 2392 1122 contenderent:
2445 1053 2554 1121 illi,
2603 1067 2680 1122 ut
2754 1054 3131 1134 vincerent,

592 1140 705 1209 hic
759 1162 840 1208 ne
891 1140 1294 1208 vinceretur:
1350 1139 1476 1207 boc
1532 1150 1673 1219 est,
1728 1139 1827 1207 illi
1893 1153 1971 1210 ut
2016 1140 2115 1209 vel
2181 1141 2523 1210 tantillum
2576 1142 2908 1231 pecuniae
2955 1143 3135 1211 acci·

592 1240 854 1320 perent,
904 1229 1014 1296 hic
1077 1250 1158 1296 ne
1205 1228 1387 1313 quod
1438 1229 1719 1296 omuino
1782 1242 2173 1299 numeraret
2217 1230 2564 1319 (quamvis
2621 1231 2880 1318 alioqui
2933 1231 3138 1300 multi

591 1329 840 1397 essent,
878 1317 998 1403 qui
1051 1316 1295 1404 partim
1334 1317 1576 1405 pietate
1622 1316 1928 1399 adducti,
1984 1319 2233 1407 partim
2284 1319 2531 1387 invicta
2580 1332 2644 1389 et
2693 1319 3134 1410 inexpugna-

594 1407 713 1476 bili
765 1406 914 1494 ejus
962 1405 1358 1474 fortitudine
1391 1405 1578 1484 moti,
1624 1405 2028 1494 ampliorem
2060 1407 2261 1476 etiam
2300 1429 2646 1477 summam
2696 1430 2980 1498 erogare
3018 1431 3141 1509 pa-

594 1496 873 1582 rarent):
912 1507 1058 1563 tum
1110 1515 1263 1563 vero
1315 1493 1574 1578 liquido
1607 1493 2026 1564 declaratum
2058 1509 2181 1575 est,
2236 1517 2394 1564 eum
2439 1518 2571 1564 uon
2611 1519 2730 1585 pro
2783 1498 3128 1586 pecuniis,

593 1583 708 1653 sed
766 1604 886 1672 pro
936 1583 1180 1673 pietate
1243 1586 1585 1651 certamen
1638 1582 1897 1652 iniisse.
1953 1589 2044 1652 An
2098 1606 2252 1653 vero
2313 1584 2479 1654 haec
2547 1584 2848 1656 lenitatis
2887 1598 2955 1656 et
2996 1586 3140 1656 cle-

595 1672 892 1742 mentiae
924 1683 1351 1761 argumenta,
1404 1692 1489 1739 an
1543 1684 1780 1740 contra
1828 1672 2080 1742 furoris
2141 1686 2205 1741 et
2252 1672 2676 1744 crudelitatis
2723 1687 3141 1764 argumenta

596 1761 755 1840 sint,
812 1760 1008 1830 nobis
1053 1771 1396 1849 exponant
1439 1760 1559 1845 qui
1639 1760 2125 1850 philosophum
2180 1766 2667 1851 Imperatorem
2740 1764 3138 1853 suspiciunt

595 1864 799 1936 atque
846 1849 1301 1918 admirantur.
1341 1853 1493 1937 Ipse
1540 1849 1857 1935 equidem
1910 1850 2256 1918 neminem
2305 1849 2444 1918 fore
2490 1850 2829 1930 existimo,
2885 1853 3139 1941 cuiju-

596 1951 699 2009 sta
745 1950 809 2007 et
850 1960 1004 2006 vera
1054 1937 1142 2006 sit
1187 1936 1505 2005 defutura
1546 1938 1901 2007 sententia.
1955 1938 2257 2008 Necdum
2310 1938 2479 2007 illud
2520 1940 2765 2028 adjeci,
2821 1942 3011 2010 hunc
3059 1963 3139 2009 ex

594 2027 679 2097 iis
727 2048 946 2096 unum
996 2025 1208 2095 fuisse
1253 2024 1374 2112 qui
1425 2026 1780 2115 impurum
1831 2027 2029 2096 illum
2078 2040 2143 2096 et
2191 2027 2553 2109 nefarium,
2609 2042 2755 2097 tum
2805 2052 2968 2099 cum
3025 2052 3141 2119 ge-

596 2138 731 2185 nus
783 2116 1005 2206 ipsius
1051 2127 1266 2183 totum
1318 2114 1817 2203 periclitaretur
1848 2170 1862 2195 ‚
1917 2130 2288 2196 servarant,
2358 2116 2734 2204 furtimque
2783 2118 3137 2187 subduxe-

594 2217 787 2274 rant:
841 2226 978 2291 quo
1015 2204 1217 2273 etiam
1270 2202 1412 2272 solo
1457 2204 1732 2272 nomine
1780 2205 2020 2272 merito
2061 2204 2342 2274 fortasse
2391 2206 2559 2274 haec
2600 2208 3131 2296 perpetiebatur,

598 2316 676 2363 ac
729 2293 926 2383 plura
971 2292 1225 2382 perpeti
1275 2291 1662 2361 merebatur
1700 2293 1883 2379 quod
1935 2305 2196 2363 tantum
2245 2293 2501 2363 malum
2557 2296 2878 2364 universo
2914 2307 3133 2366 terra-

596 2404 752 2451 rum
803 2382 952 2451 orbi
1030 2380 1435 2471 imprudens
1510 2394 1864 2450 servasset.
1919 2382 2248 2465 Quocirca
2300 2383 2356 2453 is
2421 2383 2542 2469 qui
2616 2395 2759 2453 tum
2811 2384 3140 2454 Praefecti

598 2492 884 2541 munere
931 2469 1369 2571 fungebatur,
1410 2469 1518 2539 bis
1568 2470 1772 2540 rebus
1817 2484 2203 2541 commotus
2252 2477 2699 2559 (quamquam
2742 2473 2928 2543 enim
2982 2474 3143 2543 reli·-

597 2560 802 2650 gione
853 2560 1128 2648 gentilis
1160 2614 1175 2639 ,
1248 2559 1558 2628 moribus
1606 2571 1832 2629 tamen
1882 2561 2123 2651 gentili
2172 2562 2537 2631 sublimior
2583 2575 2759 2638 erat,
2812 2585 2892 2631 ac
2942 2584 3141 2651 prae-

594 2649 1005 2719 clarissimis
1052 2661 1117 2717 et
1166 2647 1663 2717 laudatissimis
1701 2661 1836 2717 tam
1890 2649 2154 2728 veteriS,
2186 2672 2393 2735 quam
2448 2663 2716 2720 nostrae
2765 2652 3140 2721 memoriae

598 2738 763 2807 viris
839 2735 1400 2826 comparandus)
1447 2736 1902 2827 multiplicem
1979 2737 2283 2807 hominis
2351 2740 2925 2808 excruciationem
2979 2741 3142 2810 tole-

593 2827 1028 2912 rantiamque
1079 2846 1212 2893 non
1264 2823 1509 2902 ferens,
1560 2824 1731 2894 illud
1782 2826 1866 2894 ad
1902 2831 2385 2916 Imperatorem
2425 2850 2671 2917 magna
2720 2851 2879 2897 cum
2921 2830 3142 2898 animi

595 2914 905 2984 libertate
953 2914 1206 2983 dixisse
1257 2928 1698 2982 memoratur:
1753 2918 1846 2983 An
1902 2937 2033 2984 non
2104 2916 2312 3005 pudet
2361 2938 2506 2996 nos,
2561 2923 2964 3006 Imperator,
3016 2941 3139 2988 us-

594 3004 899 3090 queadeo
949 3001 1351 3071 Christianis
1407 3002 1735 3073 omnibus
1809 3003 2164 3073 inferiores
2211 3026 2403 3086 esse,
2456 3018 2534 3074 ut
2592 3027 2675 3074 ne
2741 3006 3138 3077 seniculum

595 3091 875 3178 quidem
927 3111 1146 3159 unum
1199 3112 1525 3179 superare
1549 3113 1910 3177 queamus,
1957 3093 2167 3180 idque
2208 3116 2328 3183 per
2355 3094 2590 3163 omnia
2640 3106 3141 3164 tormentorum

641 3201 847 3249 enera
893 3182 1331 3268 grassatum?
1378 3192 1444 3247 et
1489 3202 1698 3265 quem
1774 3182 2042 3251 vincere
2116 3182 2297 3251 haud
2362 3205 2690 3272 magnum
2741 3183 3140 3252 etshonori-

621 3274 833 3348 icum,
886 3290 971 3335 an
1025 3289 1158 3336 non
1210 3281 1548 3337 extremae
1594 3269 2004 3340 calamitatis
2053 3283 2175 3348 est,
2231 3272 2318 3340 ab
2366 3293 2444 3340 eo
2495 3272 2704 3341 victos
2744 3272 3140 3343 discedere?

597 3363 697 3427 Ita
746 3357 989 3426 iisdem
1043 3356 1272 3434 rebus,
1318 3368 1393 3426 ut
1441 3370 1747 3447 apparet,
1802 3358 1963 3428 hinc
2015 3358 2334 3429 Praefecti
2403 3360 2922 3440 erubescebant,
2979 3361 3142 3430 hinc

596 3450 1049 3537 Imperatores
1096 3445 1596 3535 gloriabantur.
1638 3447 1758 3516 His
1790 3469 1988 3537 porro
2036 3449 2372 3533 quidnam
2413 3449 2757 3528 miserius,
2817 3472 2955 3519 non
2998 3464 3136 3519 tam

595 3534 1017 3624 patientibus
1063 3555 1270 3620 quam
1325 3533 1753 3605 facientibus.
1825 3536 2219 3625 contingere
2269 3537 2537 3627 potuit?
2576 3543 2787 3623 Atque
2849 3539 3138 3607 Arethu-

596 3623 859 3692 siorum
908 3622 1187 3708 quidem
1239 3622 1509 3692 facinus
1555 3623 1641 3692 ad
1680 3624 1863 3693 bunc
1896 3625 2175 3695 modurn
2229 3648 2301 3694 se
2334 3626 2599 3706 habuit,
2646 3638 2722 3696 ut
2747 3627 2891 3714 jam
2934 3648 3144 3716 parva

595 3712 684 3781 sit
732 3712 960 3781 Eclieti
1008 3723 1072 3781 et
1119 3710 1504 3781 Phalaridis
1550 3713 1946 3795 crudelitaS,
1989 3714 2047 3784 si
2097 3736 2259 3782 cum
2318 3714 2595 3783 illorum
2647 3715 2943 3784 immani
2990 3735 3142 3784 sae-

600 3801 800 3872 vitiae
831 3799 1244 3880 conferatur,
1300 3800 1400 3869 vel
1452 3800 1602 3890 ejus
1658 3803 1888 3891 potius
1934 3824 2070 3888 quo
2118 3814 2395 3873 auctore
2441 3816 2505 3875 et
2554 3803 2933 3893 impulsore
2976 3803 3145 3873 baec

595 3889 1176 3959 committebatur:
1231 3888 1571 3974 siquidem
1624 3890 1910 3961 seminis
1958 3902 2122 3960 sunt
2151 3893 2467 3980 germina
2512 3905 2577 3961 et
2627 3893 2808 3962 venti
2860 3892 3146 3962 naufra-

596 3978 735 4068 gia.
816 3982 1158 4047 Hactenus
1227 3999 1308 4047 ex
1354 3977 1796 4049 Nazianzeno.
1873 3985 2078 4050 Porro
2138 3981 2600 4051 Theodoretus
2661 3981 2757 4050 lib
2805 3987 2869 4062 3,
2922 4003 3052 4072 cap
3102 3985 3145 4049 6

595 4067 766 4137 Hist.
822 4066 1372 4147 Ecclesiasticae,
1443 4067 1539 4137 ait
1585 4068 1980 4137 Arethusios
2051 4068 2323 4139 tandem
2374 4071 2650 4149 evictos,
2710 4071 2987 4141 beatum
3040 4069 3143 4138 vi-

594 4178 752 4226 rum
785 4155 1156 4236 dimisisse,
1209 4178 1369 4225 cum
1418 4156 1568 4246 ejus
1608 4157 1984 4227 admiratos
2032 4157 2502 4229 fortitudinem
2538 4171 2604 4228 et
2649 4159 3140 4239 constantiam,

594 4257 740 4315 tum
780 4246 1041 4314 mutata
1085 4242 1443 4326 sententia,
1487 4245 1573 4313 ad
1628 4245 1956 4316 rationem
2008 4246 2180 4316 vitae
2228 4247 2504 4338 penitus
2541 4247 2959 4318 contrariam
2999 4260 3141 4317 tra-

596 4333 875 4405 ductos:
928 4332 1267 4420 siquidem
1317 4354 1399 4402 ex
1444 4334 1595 4423 ejus
1640 4355 1758 4405 ore
1808 4357 2031 4405 veram
2086 4336 2399 4427 pietatem
2452 4349 2686 4427 postea
2729 4336 3087 4406 didicisse.
