3327 4999
652 313 784 378 528
1380 325 1462 372 ne
1508 326 1566 372 s.
1618 323 1871 373 1sxxmo
1918 323 2322 379 conrnssoax
2744 305 2995 371 MART.
3022 306 3145 381 27,

560 416 961 499 Tyrannum
1024 415 1266 475 contra
1319 424 1427 472 me
1476 402 1742 473 belium
1783 416 2160 493 gerentem,
2212 416 2280 475 et
2311 403 2673 475 diabolum
2722 417 3133 479 concertan-

558 511 697 567 tem
733 514 1164 584 superarem:
1217 493 1365 582 ipse
1407 492 1595 560 enim
1641 491 1773 560 fuit
1813 492 2087 581 adjutor
2134 492 2521 580 Tyberiani.
2556 515 2593 559 »
2814 544 2819 551 .

648 587 684 671 ἓ
735 588 905 654 ⁶10.
961 587 1270 666 Cumque
1317 579 1487 649 haec
1540 579 1763 651 turbis
1816 580 2125 659 dixisset,
2157 580 2246 650 ad
2281 579 2682 653 carnificem
2714 600 3126 653 conversus:

560 696 596 739 «
630 679 848 751 Mane,
885 669 1136 755 inquit,
1176 667 1406 749 frater,
1449 688 1851 756 parumper,
1893 680 1971 738 ut
2000 669 2233 739 adhuc
2266 674 2483 737 Deum
2509 689 2741 739 orem:
2783 690 2825 735 ὴ
2866 688 2972 748 ac,
3009 668 3134 736 sse-

556 760 664 832 xis
709 758 1045 849 genibus,
1111 778 1357 825 rursus
1415 761 1633 824 Deum
1685 770 2004 845 precatus
2072 770 2197 826 est.
2259 756 2510 826 Milites
2560 767 2725 824 tunc
2776 756 3127 836 hortatuS,

560 870 596 915 «
630 848 796 926 cito,
837 843 1085 931 inquit,
1124 843 1390 922 fratres,
1428 842 1629 913 facite
1677 844 1864 928 quod
1889 845 2071 929 jussi
2117 845 2305 914 estis,
2330 868 2368 910 »
2401 842 2830 917 Caelestinus
2879 856 3131 915 autem

557 935 847 1022 quidam
876 934 1009 1022 (sic
1060 933 1247 1001 enirn
1295 931 1782 1021 appellabatur
1815 954 2002 1002 unus
2049 954 2130 1002 ex
2175 933 2287 1011 iis,
2339 934 2461 1019 qui
2510 931 2655 1001 illic
2705 931 3015 1020 stabant)
3062 932 3132 1002 ei

559 1023 771 1092 dixit:
805 1044 842 1088 «
875 1027 1012 1112 Ego
1065 1043 1247 1099 sum,
1304 1026 1559 1108 Martyr
1607 1020 1903 1102 Christi,
1955 1021 2070 1090 cui
2114 1020 2474 1110 negotium
2526 1020 2652 1090 hoc
2707 1018 3127 1110 impositum

562 1123 690 1181 est:
727 1109 846 1179 sed
885 1129 1164 1198 precare
1197 1114 1413 1177 Deum
1442 1129 1563 1198 pro
1604 1129 1739 1188 me,
1779 1130 1863 1178 ne
1895 1109 2071 1179 mihi
2113 1120 2391 1198 peccato
2436 1130 2519 1178 ea
2570 1129 2679 1179 res
2713 1106 2826 1178 sit.
2873 1130 2908 1174 »
2938 1113 3134 1178 Tunc

559 1199 805 1268 heatus
846 1195 1251 1266 Alexander:
1295 1219 1330 1262 «
1365 1203 1521 1286 Age,
1569 1196 1816 1283 inquit,
1856 1196 1978 1265 fili.
2020 1196 2424 1287 saciabsque
2476 1216 2726 1287 pavore
2756 1195 2941 1283 quod
2966 1197 3129 1285 jus-

567 1308 689 1355 sus
732 1308 829 1355 es.
862 1309 899 1352 »
929 1289 1067 1353 Hoc
1097 1305 1259 1354 cum
1289 1283 1404 1352 ille
1442 1283 1751 1362 dixisset,
1789 1283 2106 1374 gladium
2138 1284 2377 1353 eduxit
2410 1283 2861 1365 Caelestinus,
2895 1296 2961 1351 et
2990 1283 3133 1353 lin-

564 1387 671 1444 teo
747 1386 1073 1462 sumpte,
1136 1372 1375 1441 oculos
1415 1372 1620 1441 *beati
1691 1372 2055 1442 Alexandri
2124 1372 2449 1442 contexit.
2507 1376 2680 1441 Cum
2732 1392 2889 1440 vero
2928 1370 3143 1445 illum*

566 1473 923 1553 percutere
981 1459 1350 1540 voluisset,
1392 1459 1731 1549 Angelum
1781 1461 2216 1530 assistentem
2267 1460 2479 1540 vidit,
2540 1480 2764 1546 neque
2809 1458 3128 1549 amplius

565 1572 783 1620 ausus
811 1571 886 1619 es
917 1569 1168 1618 manus
1195 1548 1269 1616 in
1309 1548 1544 1636 ipsum
1590 1546 1863 1617 inferre.
1919 1555 2099 1618 Tum
2148 1546 2856 1619 beatus.Alexander:
2891 1571 2927 1612 α
2966 1552 3129 1636 Age,

567 1638 800 1717 frater,
855 1635 960 1705 fac
1007 1636 1195 1722 quod
1235 1636 1482 1723 jussus
1527 1658 1624 1705 es,
1660 1659 1697 1701 »
1732 1640 1810 1705 At
1856 1635 2195 1706 carnifex:
2241 1660 2278 1703 «
2314 1637 2580 1717 Timeo,
2626 1634 2880 1722 inquit,
2933 1656 3136 1709 serve

566 1724 723 1795 Dei:
778 1723 974 1793 video
1007 1724 1202 1792 enim
1245 1724 1428 1794 viros
1466 1722 1804 1810 quosdam
1858 1724 2200 1796 terribiles
2244 1724 2434 1794 circa
2473 1736 2537 1794 te
2585 1734 2915 1793 stantes»
2956 1727 3137 1792 Tum

569 1814 815 1883 heatus
878 1810 1257 1880 Alexander
1322 1816 1535 1880 Deum
1596 1811 1692 1880 ita
1751 1826 2067 1901 precatus
2104 1823 2229 1881 est:
2267 1836 2303 1879 «
2343 1811 2630 1881 Domine
2659 1817 2830 1882 Jesu
2862 1811 3140 1881 Christe

570 1902 683 1981 da,
735 1912 815 1969 ut
863 1900 992 1969 hac
1042 1900 1211 1967 hora
1259 1898 1671 1987 martyrium
1722 1900 2070 1990 complere
2117 1901 2405 1991 possim.
2445 1926 2471 1963 ι
2512 1899 2636 1969 His
2663 1899 2992 1990 precibus
3041 1898 3134 1968 ad

567 1993 785 2058 Deum
837 1986 1094 2065 missis,
1155 1986 1395 2076 Angeli
1443 2008 1820 2077 parumper
1867 1989 1954 2058 ab
2003 1988 2154 2077 ipso
2195 1999 2651 2064 recesserunt.
2688 1993 2928 2074 Itaque
2980 2009 3137 2056 car-

571 2076 757 2145 nifex
804 2074 1171 2144 Alexandri
1217 2086 1427 2163 caput
1524 2073 1707 2144 ladio
1754 2075 2073 2146 abscidit:
2109 2076 2401 2166 ejusque
2427 2075 2610 2145 beati
2654 2075 2782 2145 viri
2822 2074 3137 2144 animam

569 2164 809 2254 Angeli
851 2164 938 2232 ad
978 2162 1249 2232 coelum
1286 2173 1483 2233 sustu
1514 2174 1741 2238 erunt,
1785 2169 1999 2233 Deum
2049 2164 2280 2254 ipsum
2324 2186 2437 2232 ma
2492 2186 2580 2232 na
2629 2184 2791 2232 voce
2839 2161 3138 2232 laudan-

569 2264 693 2333 tes,
751 2250 974 2322 turbis
1020 2251 1372 2331 omnibus,
1427 2269 1606 2335 quae
1653 2249 1798 2320 illic
1856 2263 2093 2332 erant,
2147 2251 2457 2322 audienti
2515 2273 2620 2320 us.
2676 2256 2919 2338 Itaque
2972 2250 3137 2321 bea-

571 2350 684 2496 tSus
731 2338 1104 2495 Atlexander
1179 2337 1592 2427 martyrium
1641 2339 2011 2429 complevit
2056 2340 2127 2408 in
2178 2340 2397 2410 Patris
2427 2394 2441 2420 ,
2498 2338 2651 2408 Filii
2716 2351 2783 2409 et
2833 2338 3138 2429 Spiritus

632 2449 760 2496 anc
796 2448 815 2494 t
865 2448 1173 2495 nomme.

1326 2713 1454 2812 DE
1520 2711 1907 2815 SANCTO
1985 2713 2387 2814 ISAACIO

1188 2977 1289 3024 Ex
1360 2976 1772 3026 SluEONE
1844 2979 2528 3029 RETAPHRASTE

1525 3168 1804 3225 Flex-uit
1847 3181 2023 3227 eaeo,
2069 3170 2192 3227 IV.

663 3389 700 3473 ἓ
746 3394 825 3461 1.
877 3391 1037 3456 Post
1083 3387 1512 3456 venerandae
1559 3399 1626 3457 et
1674 3388 2163 3458 immaculatae
2209 3410 2290 3459 ac
2340 3389 2681 3478 pretiosae
2714 3391 2955 3460 Crucis
3007 3396 3138 3460 Do-

573 3474 754 3543 mini
802 3474 1020 3544 nostri
1065 3480 1235 3544 Jesu
1273 3473 1523 3544 Christi
1574 3475 2069 3557 inventionem,
2108 3487 2262 3567 post
2293 3476 2666 3569 imperium
2704 3479 3138 3550 Constantini

575 3563 806 3652 Magni
853 3563 1320 3652 Imperatoris,
1373 3561 1675 3634 callidus
1722 3575 1789 3633 et
1845 3562 2032 3633 vafer
2070 3586 2150 3633 ac
2198 3564 2584 3664 versipellis
2637 3586 2963 3654 serpens,
3015 3566 3140 3653 qui

575 3672 722 3719 sem
776 3672 851 3719 er
898 3650 1172 3740 piorum
1221 3650 1590 3720 hominum
1639 3651 1873 3741 generi
1910 3651 2241 3721 inimicus
2272 3662 2338 3721 et
2384 3652 2667 3721 invidus
2715 3663 2925 3740 atque
2987 3676 3139 3723 ma·
3232 3675 3235 3678 ’

576 3737 726 3808 levo
759 3760 842 3807 us
888 3737 1315 3819 adversatur,
1371 3751 1437 3807 et
1475 3738 1686 3807 fidem
1736 3737 2372 3809 Salvatorisnostri
2418 3741 2596 3809 Jesu
2645 3739 2902 3811 Christi
2950 3763 3136 3812 sem-

576 3846 701 3914 per
747 3826 1158 3916 impugnat,
1213 3825 1346 3895 tale
1393 3825 1731 3913 quiddam
1780 3826 1853 3895 in
1903 3827 2021 3895 Dei
2089 3826 2429 3898 Ecclesias
2495 3827 2940 3899 machinatus
3005 3842 3135 3899 est.

577 3918 934 4002 Regnante
980 3914 1168 3982 enim
1217 3913 1434 4004 impio
1481 3925 1547 3983 et
1594 3913 1838 4001 iniquo
1886 3919 2309 4003 Imperatore
2347 3915 2650 3997 Valente,
2684 3939 2989 4007 magnus
3014 3917 3143 3987 ad-

573 4022 818 4072 versus
863 4001 1313 4071 orthodoxam
1363 4001 1573 4072 fidem
1624 4002 1926 4091 impetus
1964 4001 2190 4073 factus
2242 4014 2373 4074 est.
2436 4009 2608 4074 Nam
2657 4002 2807 4094 ipse
2857 4004 3141 4075 Ariano-

573 4109 735 4157 rum
785 4088 1088 4159 haeresis
1137 4088 1492 4159 studiosus
1550 4110 1631 4159 ac
1680 4089 2036 4172 defensor,
2087 4091 2303 4181 jussit
2349 4102 2427 4160 ut
2483 4102 2761 4162 sanctae
2819 4091 3144 4162 fidelium

575 4175 919 4246 Ecclesiae
965 4175 1503 4247 clauderentur:
1577 4178 1929 4264 vetuitque
1960 4232 1975 4258 ,
2030 4200 2117 4248 ne
2163 4178 2370 4249 solita
2421 4179 2493 4248 in
2553 4179 2726 4270 ipsis
2793 4180 3154 4250 sacrificia

575 4263 845 4333 fierent:
897 4264 1277 4349 quinetiam
1328 4264 1503 4335 alias
1549 4287 1791 4335 earum
1839 4266 2242 4348 diruendas,
2299 4266 2476 4337 alias
2520 4267 2586 4335 in
2639 4267 2917 4339 stabula
2963 4268 3153 4339 redi-

579 4351 840 4441 gendas
914 4352 1203 4422 curavit.
1276 4356 1491 4441 Atque
1566 4355 1737 4423 haec
1803 4354 2087 4442 quidem
2139 4355 2475 4446 superbia
2521 4354 2648 4426 diu
2698 4356 2946 4448 viguit.
3006 4361 3160 4440 Quo
