3327 4999
786 218 916 286 6⁴0
1513 236 1594 284 m:
1640 236 1698 282 s.
1750 234 2061 284 ncmvto
2109 231 2409 283 Episcopo
2761 217 2868 285 EX
2912 217 3104 286 AUG.
3165 219 3263 286 ⁴6

700 339 909 409 opera
958 316 1376 404 exequenda,
1401 315 1549 407 jam
1585 328 1749 387 tunc
1785 314 2117 385 divinitus
2164 314 2658 405 inspirabatur,
2704 314 2884 403 quod
2927 316 3026 385 ait
3068 320 3259 386 San-

700 421 809 478 cta
857 405 1232 496 Scriptura:
1287 411 1380 474 Ex
1427 404 1679 475 studiis
1727 405 1875 475 suis
1927 405 2367 495 cognoscitur
2426 428 2619 495 puer,
2678 405 2735 474 si
2789 404 3047 475 munda
3101 406 3266 475 sint

698 518 905 587 opera
953 496 1126 586 ejuS.
1164 499 1278 564 Et:
1314 498 1564 565 Beatus
1612 495 1737 585 qui
1780 496 2153 584 portaverit
2186 495 2439 585 juqzcm
2491 496 2574 563 ab
2622 495 3076 563 adolescentia
3117 518 3263 565 sua

697 584 970 675 (Thren.
1021 583 1114 672 3).
1192 583 1288 652 Ab
1337 581 1509 672 ipsis
1555 582 1742 651 enim
1795 581 2122 651 infantiae
2171 582 2376 653 annis
2421 582 2856 673 occupationi
2904 582 3262 653 secularis

698 672 1020 743 vanitatis
1058 670 1587 751 abrenuntiavit,
1639 683 1705 740 et
1753 670 2048 741 libertati
2097 670 2370 741 divinae
2405 671 2752 742 servitutis
2800 692 2871 741 se
2924 671 3250 743 sociavit.

701 760 855 845 Qui,
908 772 986 830 ut
1026 760 1298 851 plenius
1345 760 1623 830 haberet
1671 758 2024 831 scientiam
2075 759 2426 831 doctrinae
2472 773 2537 830 et
2583 760 3044 861 cognitionem
3099 762 3254 841 Dei,

702 848 960 921 arctius
1017 870 1089 918 se
1147 848 1411 920 addixit
1476 862 1871 920 sanctarum
1924 848 2426 938 scripturarum
2494 849 2863 919 eruditioni
2917 849 2984 916 in
3037 850 3258 939 cujus

701 939 803 1009 rei
850 937 1224 1009 intentione
1269 937 1598 1017 otiositas,
1651 959 1829 1025 quae
1870 937 2155 1006 inimica
2201 950 2303 1008 est
2350 938 2646 1019 animae,
2693 937 3124 1028 reprimitur:
3179 940 3256 1007 in

702 1027 906 1119 cujus
941 1026 1377 1098 meditatione
1425 1031 1603 1096 Deus
1641 1025 2061 1116 agnoscitur.
2128 1026 2199 1095 in
2248 1026 2449 1117 cujus
2487 1028 2884 1097 executione
2933 1026 3073 1096 vita
3133 1050 3258 1097 ae-

702 1129 897 1187 terna
942 1116 1344 1203 acquiritur.
1420 1115 1791 1206 Appetebat
1848 1114 2205 1185 scientiam
2239 1170 2255 1196 ,
2308 1137 2488 1202 quae
2537 1137 2658 1206 per
2702 1115 3062 1185 charitatis
3113 1115 3256 1185 hu-

703 1205 1060 1275 militatem
1111 1204 1466 1275 aedificat:
1520 1203 1901 1293 refugiebat
1948 1203 2176 1284 illam,
2231 1225 2410 1290 quae
2461 1226 2580 1294 per
2636 1205 2955 1274 vanitatis
3002 1204 3254 1274 elatio-

705 1315 860 1364 nem
914 1293 1130 1363 inflat.
1176 1292 1524 1383 Incipiens
1570 1292 1774 1361 etiam
1824 1313 2079 1383 corpus
2139 1315 2344 1361 suum
2394 1293 2756 1393 castigare,
2822 1305 2888 1363 et
2938 1293 3114 1363 illud
3175 1294 3247 1364 in

703 1382 1097 1453 servitutem
1139 1382 1422 1473 spiritus
1471 1381 1802 1472 redigere,
1840 1381 2277 1453 assuescebat
2307 1382 2609 1472 simplici
2653 1382 2834 1452 victu
2872 1395 2939 1452 et
2988 1384 3248 1452 vestitu

702 1483 1065 1542 contentus
1101 1492 1272 1552 esse,
1310 1470 1738 1559 vilipendens
1768 1470 2076 1559 corporis
2109 1469 2386 1560 frigora,
2433 1470 2801 1561 indignum
2838 1470 3108 1541 ducens
3141 1472 3253 1547 di-

704 1559 1258 1632 stendiciborum
1286 1558 1506 1649 copia,
1536 1581 1618 1628 ne
1643 1557 1876 1646 aliquo
1903 1559 2108 1629 modo
2134 1558 2606 1628 dominaretur
2624 1559 2897 1629 animae
2924 1581 3093 1629 suae
3127 1582 3252 1650 per

700 1649 1205 1739 indulgentiam
1254 1647 1627 1738 corporalis
1678 1647 2100 1718 necessitatis
2146 1648 2377 1718 carnis
2408 1648 2807 1738 petulantia.
2853 1648 3014 1717 Ideo
3047 1671 3250 1718 exce-

699 1737 838 1830 ptis
885 1738 994 1808 his
1028 1792 1044 1819 ,
1096 1758 1271 1825 quae
1329 1737 1681 1837 expetebat
1730 1735 2018 1825 simplex
2068 1738 2438 1807 necessitas
2486 1751 2796 1818 naturae,
2850 1736 3124 1825 reliqua
3173 1760 3249 1806 o-

702 1827 892 1898 mnia
942 1826 1366 1916 expendebat
1411 1847 1482 1893 m
1532 1848 1740 1917 opera
1786 1825 2286 1914 eleemosynae.

788 1918 825 2003 ἓ
871 1917 956 1986 ιι.
1012 1920 1187 1984 Deus
1232 1936 1416 2005 erg0,
1454 1915 1573 2000 qui
1625 1936 1855 1983 servos
1902 1926 1966 1982 et
2000 1914 2368 2003 prophetas
2415 1937 2578 1983 suos
2616 1914 2991 2001 aliquando
3024 1914 3242 1984 etiam

698 2004 768 2073 in
822 2005 971 2095 ipso
1003 2002 1241 2072 matris
1286 2015 1481 2071 utero
1521 2003 1705 2072 novit
1743 2003 2172 2072 sanctificare
2195 2056 2210 2084 ,
2245 2024 2378 2071 non
2409 2002 2678 2072 distulit
2712 2025 2986 2074 servum
3021 2026 3235 2073 suum

700 2092 772 2162 in
823 2094 1170 2194 primaeva
1217 2091 1511 2161 aetatula
1561 2115 1686 2162 sua
1735 2091 2104 2160 virtutibus
2151 2104 2216 2160 et
2265 2092 2482 2182 signis
2518 2092 2907 2172 mirificare,
2943 2093 3244 2182 quijam

700 2182 770 2250 in
823 2203 975 2283 ipsa
1020 2180 1356 2251 infantilis
1405 2182 1643 2249 aetatis
1692 2179 2130 2271 simplicitate
2172 2202 2304 2249 non
2340 2180 2598 2249 destitit
2650 2202 2767 2271 per
2826 2182 3073 2249 bonam
3133 2182 3245 2249 in·-

701 2281 1068 2341 tentionem
1119 2269 1420 2359 seipsum
1473 2269 1557 2338 ad
1608 2269 2042 2338 serviendum
2086 2273 2217 2339 Deo
2262 2292 2690 2359 praeparare.
2733 2274 2899 2337 Dum
2932 2270 3240 2355 quodam

699 2358 812 2429 die
856 2381 1013 2428 cum
1064 2358 1329 2427 coaevis
1377 2358 1508 2426 sibi
1560 2358 1792 2448 pueris
1840 2357 2125 2427 ludendi
2170 2358 2388 2448 gratia
2442 2358 2884 2448 processisset
2930 2358 3017 2426 ad
3073 2358 3242 2427 litus

700 2448 955 2530 maris,
1026 2447 1180 2518 aliis
1228 2447 1299 2516 in
1348 2446 1562 2517 otioso
1608 2445 1891 2517 ludendi
1945 2446 2214 2538 negotio
2266 2448 2574 2528 intentiS‚
2628 2447 2741 2517 hic
2790 2446 2988 2515 humi
3039 2446 3245 2516 recli-

698 2550 859 2607 nato
905 2537 1151 2628 capite,
1206 2558 1447 2606 somno
1493 2537 1717 2625 coepit
1763 2536 2146 2627 indulgere.
2185 2541 2348 2605 Cum
2402 2537 2631 2606 subito
2679 2534 3092 2605 inundando
3127 2559 3242 2604 re-

696 2626 975 2698 deuntis
1021 2625 1233 2695 maris
1280 2637 1472 2695 aestu
1520 2625 1944 2703 adveniente,
1997 2624 2178 2712 quod
2231 2625 2613 2694 secundum
2671 2629 2897 2694 Lunae
2944 2646 3242 2695 cursum

697 2715 769 2785 in
818 2716 995 2785 mari
1042 2714 1430 2783 Britanniae
1486 2713 1630 2783 fieri
1691 2726 1794 2783 est
1855 2714 2184 2793 solemne,
2243 2714 2486 2801 reliqui
2532 2714 2725 2804 pueri
2774 2713 2941 2803 suga
2983 2735 3246 2782 consu-

695 2804 846 2874 lunt
894 2804 1067 2872 vitae
1108 2824 1294 2883 suae,
1351 2802 1545 2871 illum
1580 2802 2031 2871 dormientem
2082 2803 2154 2871 in
2207 2815 2393 2872 tanto
2443 2802 2750 2893 periculo
2805 2823 2940 2872 non
2993 2824 3245 2870 occur—

695 2906 921 2962 rentes
952 2891 1263 2961 excitare.
1301 2891 1424 2959 Sed
1480 2913 1694 2980 puero
1737 2891 1821 2959 ad
1873 2892 2162 2960 salutem
2211 2892 2585 2961 multorum
2643 2904 2825 2970 nam,
2860 2913 2997 2960 non
3033 2891 3242 2980 longe

695 2981 956 3052 abstitit
1016 2980 1130 3048 Dei
1198 2981 1569 3070 protectio,
1629 2995 1992 3070 procurata
2056 3002 2306 3070 magno
2355 3002 2581 3049 rerum
2638 2980 3001 3049 miraculo.
3060 2985 3236 3049 Nam

693 3092 853 3139 cum
903 3068 1212 3155 undique
1257 3089 1475 3154 aquae
1508 3069 2099 3150 circumfluerent,
2138 3082 2203 3138 et
2242 3068 2470 3138 undae
2499 3067 2706 3138 undis
2741 3069 3240 3157 supervenien-

694 3168 794 3229 tes
840 3180 996 3228 cum
1035 3156 1291 3226 fervore
1321 3157 1649 3226 tumendo
1697 3158 2363 3247 circumstreperent,
2422 3170 2487 3226 et
2539 3170 2764 3226 tamen
2826 3156 3238 3238 circumdu—

694 3259 801 3316 cto
848 3246 1158 3333 undique
1205 3245 1489 3326 circulO,
1539 3246 1765 3316 locum
1819 3246 1885 3314 in
1937 3267 2073 3332 quo
2127 3268 2296 3334 puer
2332 3246 2629 3335 jacebat,
2684 3247 3021 3336 attingere
3089 3268 3228 3314 non

694 3335 1050 3416 auderent,
1113 3335 1606 3425 omnipotentia
1661 3335 1774 3404 Dei
1822 3335 1978 3404 fecit
2028 3335 2168 3405 illic
2218 3335 2517 3405 insulam
2568 3356 3000 3416 excrescere,
3053 3355 3234 3420 quae

695 3447 914 3511 usque
979 3424 1063 3493 ad
1132 3445 1487 3493 summum
1557 3423 1875 3511 aequoris
1948 3437 2254 3514 porrecta
2321 3425 2428 3493 sui
2496 3422 2861 3493 altitudine
2913 3423 3231 3493 futurum

696 3513 938 3583 Christi
992 3513 1361 3583 antistitem
1412 3513 1591 3582 eruit
1637 3536 1678 3581 a
1727 3513 1964 3581 mortis
2011 3512 2438 3582 discrimine.
2475 3518 2635 3581 Tam
2673 3535 2828 3581 vero
2868 3513 3236 3602 inopinato

693 3601 762 3671 in
805 3602 1024 3672 oculis
1072 3602 1383 3671 omnium
1436 3614 1808 3692 apparente
1857 3601 2214 3683 miracuIO,
2269 3606 2476 3690 opera
2513 3614 2876 3691 parentum
2939 3624 3236 3671 suorum

691 3691 896 3761 citius
948 3705 1306 3780 procurato
1357 3691 1649 3782 navigio,
1704 3690 1992 3760 eductus
2039 3705 2140 3759 est
2179 3690 2470 3778 placitus
2507 3695 2636 3758 Deo
2685 3712 2856 3780 puer
2891 3689 2978 3757 de
3009 3691 3234 3762 maris

692 3779 1020 3870 periculo.
1057 3785 1147 3849 Ne
1187 3793 1412 3849 autem
1463 3801 1773 3867 unquam
1823 3801 1860 3847 a
1904 3779 2234 3848 memoria
2282 3778 2621 3848 excideret
2663 3778 2873 3868 hujus
2907 3777 3066 3847 sacti
3107 3801 3235 3848 no-

687 3869 883 3949 vitaS,
935 3881 999 3937 et
1052 3880 1125 3937 ut
1177 3891 1297 3959 per
1351 3869 1480 3938 hoc
1529 3868 1751 3959 magis
1807 3866 2207 3937 claresceret
2250 3868 2429 3938 beati
2488 3866 2614 3935 viri
2650 3868 2999 3947 sanctitas,
3035 3890 3237 3936 eam-

652 3958 840 4028 dem
896 3957 1192 4028 insulam
1242 3978 1462 4044 usque
1512 3956 1578 4025 in
1632 3956 2042 4026 hodiernum
2094 3957 2274 4026 diem
2331 3977 2730 4047 permanere
2779 3957 2934 4024 fecit
2976 3955 3239 4024 divini-

690 4060 815 4128 taS‚
868 4057 955 4146 et,
1017 4057 1092 4115 ut
1142 4047 1514 4128 credimus,
1564 4067 1787 4133 usque
1818 4045 1888 4113 in
1922 4044 2130 4114 finem
2168 4046 2343 4115 lianc
2376 4067 2498 4137 pro
2532 4045 2918 4114 testimonio
2948 4044 3237 4116 habebit

690 4148 1074 4228 posteritas.

777 4227 811 4312 ἓ
857 4230 945 4296 5.
1001 4229 1289 4293 Sanctus
1337 4235 1567 4314 postea
1618 4223 1987 4293 Maclovius
2017 4223 2101 4293 de
2149 4223 2382 4294 adulta
2432 4222 2722 4292 infantia
2761 4221 3115 4292 transiens
3159 4224 3231 4292 in

689 4314 1087 4404 pueritiam,
1126 4325 1382 4400 quanto
1430 4312 1837 4403 ampliorem
1873 4313 2146 4383 divinae
2181 4312 2652 4404 inspirationis
2682 4333 2840 4381 cum
2874 4327 3236 4382 cremento
