3327 4999
4 90 45 181 ‘s
152 91 171 175 l

161 276 169 319 t

164 366 165 369 ’
301 362 547 429 MART.
600 363 686 429 20
994 380 1073 428 nn:
1120 380 1176 427 s,
1230 376 1605 427 vucraAnno
1652 379 1853 428 muse.
1906 379 2131 428 senon.
2628 364 2758 430 373

304 466 519 536 rubro
567 465 817 535 fecerat
862 463 1250 543 mirabilia,
1313 464 1655 554 propitius
1704 465 1850 536 suis
1897 463 2165 535 adesset
2218 465 2567 555 precibus.
2620 466 2844 536 Finita

301 576 465 625 vero
511 555 843 634 oratione,
882 552 1177 644 imperat
1222 552 1537 634 diacono,
1589 564 1670 623 ut
1715 554 1785 622 in
1847 575 2032 634 eum,
2082 552 2153 622 in
2201 574 2407 640 quem
2447 567 2696 655 patena
2740 577 2853 625 ce-

295 644 595 725 ciderat,
659 643 890 713 locum
941 643 1239 712 mitteret
1293 664 1606 712 manum.
1666 646 1813 725 Quo
1861 642 2060 721 fact0,
2119 663 2273 711 mox
2319 642 2405 712 ab
2454 665 2592 713 1mo
2639 645 2855 713 maris

315 732 562 803 eadem
608 744 857 833 patena
887 730 1223 801 divinitus
1254 744 1542 811 revecta,
1582 730 1890 820 ejusdem
1925 729 2226 799 ministri
2259 733 2498 801 manui
2532 732 2858 819 inhaesit.⁴

300 821 504 904 Quod
565 820 872 890 videntes
920 831 1169 889 nautae
1214 820 1599 906 caeterique
1647 820 1844 888 navis
1889 819 2196 898 comites,
2252 820 2619 890 Dominum
2678 844 2852 891 cun-

301 911 742 1000 ctipotentem
803 908 960 978 totis
1028 909 1367 978 viscerum
1430 907 1856 999 praecordiis
1916 906 2504 991 collaudaverunt,
2556 910 2678 997 qui
2731 932 2852 1000 per

303 1021 583 1071 servum
632 1019 837 1067 suurn
889 997 1020 1068 tale
1067 995 1404 1085 dignatus
1441 1008 1544 1068 est
1580 997 1854 1087 operari
1900 996 2344 1067 miraculum.
2385 998 2632 1086 Sicque
2661 1021 2852 1068 com-

302 1087 704 1158 mixtionem
754 1086 1063 1176 corporis
1113 1100 1178 1155 et
1235 1086 1599 1175 sanguinis
1650 1086 1832 1155 idem
1895 1098 2176 1156 sanctus
2224 1086 2497 1175 praesul
2557 1087 2840 1167 facienS,

304 1197 696 1262 nomenque
754 1174 1121 1244 Salvatoris
1221 1173 1593 1255 loriflcans,
1634 1187 2066 1246 sacrosancta
2116 1174 2479 1244 Missarum
2515 1175 2852 1246 solemnia

304 1264 699 1355 complevit.
753 1269 883 1333 Nec
931 1264 1156 1354 impar
1246 1264 1305 1333 ic
1355 1263 1595 1334 beatus
1646 1262 1946 1354 pontifex
1983 1264 2050 1331 in
2088 1262 2216 1333 hoc
2243 1263 2418 1332 facto
2452 1262 2581 1333 fuit
2612 1277 2852 1334 sancto

304 1353 570 1424 Elisaeo
619 1353 1028 1443 prophetae,
1087 1364 1152 1421 et
1212 1353 1408 1422 beato
1460 1351 1636 1442 patri
1702 1352 2104 1431 Benedicto‚
2181 1374 2302 1442 per
2361 1374 2535 1439 quos
2587 1352 2848 1424 similia

305 1442 616 1513 Christus
648 1442 897 1511 fecerat
944 1439 1302 1510 miracula.
1355 1440 1447 1510 Ad
1499 1462 1739 1510 eorum
1788 1441 1974 1510 enim
2025 1462 2259 1531 preces
2308 1440 2522 1510 ferrea
2574 1441 2659 1510 de
2687 1464 2847 1532 pro-

302 1531 540 1602 fundis
586 1551 924 1617 aquarum
988 1543 1383 1600 remearunt
1429 1530 1908 1608 instrumenta,
1963 1541 2028 1598 et
2080 1529 2207 1598 isto
2267 1529 2453 1599 claro
2521 1529 2846 1622 praesule

301 1634 562 1698 orante,
606 1620 765 1689 lanx
811 1641 1017 1688 aurea
1062 1618 1394 1690 divinitus
1438 1630 1655 1688 extem
1716 1619 1778 1689 lo
1825 1617 2026 1688 rediit
2072 1618 2157 1687 ad
2209 1640 2294 1687 su
2346 1641 2486 1687 era.
2529 1618 2852 1710 Divulga-

304 1722 592 1795 tumque
638 1719 740 1778 est
779 1708 905 1776 hoc
955 1707 1365 1777 miraculum
1415 1720 1481 1777 et
1525 1707 1669 1777 cele
1723 1730 1792 1776 re
1838 1706 2095 1777 factum
2144 1728 2285 1797 apu
2386 1708 2649 1778 incolas
2699 1707 2854 1778 Gal·-

307 1798 555 1867 liarum
619 1810 685 1867 et
744 1801 1266 1877 Germanorum,
1330 1796 1416 1864 ad
1478 1819 1652 1883 quos
1714 1797 1842 1866 hoc
1890 1796 2146 1865 factum
2197 1797 2552 1896 pervenire
2601 1797 2847 1888 potuit,

305 1908 531 1972 usque
563 1886 632 1954 in
685 1896 1112 1975 praesentem
1160 1885 1369 1954 diem.
1409 1890 1574 1956 Nam
1615 1898 1682 1955 et
1729 1885 1880 1977 ipsa
1916 1897 2161 1973 patena
2194 1907 2263 1953 1n
2316 1885 2554 1955 eodem
2603 1907 2854 1955 coeno-

310 1975 429 2045 bio
476 1973 981 2043 Fontanellensi
1032 1996 1155 2063 pro
1195 1995 1482 2043 munere
1530 1996 1725 2043 sacro
1773 1986 2036 2043 servata
2086 1985 2376 2056 tenetur,
2429 1996 2640 2062 quam
2673 1974 2859 2044 idem

312 2062 752 2134 venerandus
799 2062 1072 2153 praesul
1146 2084 1306 2132 cum
1369 2061 1583 2131 calice
1629 2083 1755 2132 suo
1803 2062 2059 2132 ibidem
2121 2062 2410 2153 largitus
2474 2076 2615 2143 est,
2687 2062 2859 2132 dum

315 2149 807 2224 monachicum
878 2151 1245 2242 sponderet
1290 2163 1546 2220 votum.
1599 2150 1822 2220 Altare
1868 2172 2142 2237 quoque
2206 2163 2720 2232 consecratum,
2786 2151 2859 2219 in

315 2254 619 2328 quatuor
651 2240 1062 2330 angulorum
1117 2239 1283 2309 locis
1311 2253 1377 2309 et
1408 2240 1475 2308 in
1527 2239 1754 2308 medio
1803 2238 2130 2326 reliquias
2178 2240 2541 2310 continens
2590 2251 2862 2310 sancto-

324 2351 480 2399 rum
532 2331 603 2399 in
655 2329 938 2398 modum
988 2329 1236 2419 clypei,
1271 2328 1454 2416 quod
1504 2349 1764 2408 secum,
1803 2327 1968 2415 dum
2020 2328 2147 2397 iter
2193 2341 2441 2417 ageret,
2481 2329 2721 2405 vehere
2751 2350 2863 2397 so-

324 2418 493 2488 litus
540 2431 706 2487 erat.
746 2417 1033 2487 Vascula
1082 2439 1356 2507 quoque
1400 2428 1464 2486 et
1521 2418 1979 2486 instrumenta
2036 2416 2326 2508 largitus
2364 2428 2487 2498 est,
2527 2428 2592 2488 et
2639 2418 2864 2487 taber-

323 2507 574 2577 nacula
614 2507 1058 2577 ecclesiastici
1111 2507 1476 2576 ministerii
1524 2505 1850 2598 plurima.

413 2599 449 2682 ξ
507 2602 593 2669 ὅ.
648 2595 845 2665 Aliud
893 2617 1166 2682 quoque
1213 2596 1520 2685 ejusdem
1556 2595 1770 2686 patris
1802 2595 2249 2666 memorabile
2292 2595 2732 2677 miraculum,
2768 2595 2866 2665 si-

320 2697 439 2753 cut
487 2686 570 2755 ab
616 2686 716 2755 eis
764 2685 1161 2764 didicimus,
1195 2706 1424 2755 coram
1474 2685 1731 2770 quibus
1762 2684 2013 2754 factum
2043 2697 2166 2766 est,
2199 2685 2286 2754 ob
2312 2684 2863 2754 aedificationem

321 2785 751 2863 posterorum
803 2795 1082 2843 narrare
1129 2795 1255 2843 cur
1302 2773 1573 2863 pigeat?
1619 2773 2058 2843 Praedicante
2089 2774 2274 2842 enim
2309 2772 2427 2842 illo
2473 2787 2538 2842 et
2578 2774 2864 2842 docente

321 2864 749 2953 praedictum
802 2860 1136 2954 populum
1206 2863 1602 2941 Frisonum‚
1665 2862 1951 2952 contigit
2009 2861 2309 2949 quadam
2379 2862 2491 2931 die
2558 2884 2857 2953 puerum

313 2951 688 3038 quemdam
720 2973 802 3020 ex
849 2952 998 3040 ipsa
1049 2963 1248 3040 gente
1299 2950 1660 3022 Frisonum
1702 2964 1953 3030 ortum,
1992 2950 2127 3020 diis
2159 2950 2663 3020 immolandum
2694 2950 2861 3019 duci

314 3039 403 3109 ad
455 3039 809 3127 laqueum.
880 3040 1130 3109 Orabat
1190 3052 1417 3108 autem
1487 3045 1551 3109 S.
1608 3039 1909 3129 pontifex
1957 3038 2399 3109 incredulum
2457 3038 2731 3120 ducem,
2786 3050 2864 3107 ut

317 3127 539 3215 hujus
589 3129 785 3220 pueri
818 3128 949 3198 sibi
986 3128 1191 3197 vitam
1242 3128 1549 3208 donaret,
1595 3149 1721 3198 nec
1770 3128 2122 3198 hominem
2183 3129 2269 3197 ad
2320 3129 2694 3219 imaginem
2747 3127 2864 3196 Dei

316 3217 603 3296 factum,
660 3216 1077 3286 sacrificium
1122 3216 1500 3285 execrabile
1548 3217 2004 3286 daemonibus
2034 3217 2445 3287 immolaret.
2483 3217 2867 3286 Vocabatur

315 3319 550 3376 autem
588 3305 769 3375 idem
809 3327 981 3395 puer
1027 3308 1186 3374 Ovo,
1233 3305 1714 3406 Respondebat
1759 3319 1988 3374 autem
2044 3305 2184 3375 dux
2238 3306 2462 3406 patrio
2521 3326 2860 3379 sermone.

317 3395 669 3464 decretum
720 3415 868 3464 esse
913 3393 1059 3484 lege
1108 3416 1394 3484 perenm
1441 3393 1606 3462 olim
1657 3417 1698 3463 a
1751 3395 2391 3484 praedecessoribus
2438 3395 2608 3475 suis,
2645 3393 2868 3462 omni·

317 3506 455 3571 que
504 3483 866 3563 Frisonum
916 3495 1141 3572 gente,
1208 3494 1285 3552 ut
1348 3504 1860 3570 quemcumque
1907 3505 2054 3553 sors
2102 3483 2440 3573 elegisset,
2505 3482 2576 3552 in
2625 3503 2867 3551 eorum

318 3571 679 3644 solemniis
726 3571 861 3641 diis
908 3571 1335 3641 offerendum
1404 3572 1553 3640 sine
1609 3593 1828 3640 mora.
1893 3576 1971 3641 At
2027 3592 2182 3641 vero
2249 3584 2529 3640 sanctus
2589 3569 2865 3663 praesul

317 3660 492 3730 dum
540 3660 933 3751 persisteret
983 3661 1051 3728 in
1117 3659 1489 3750 precibus,
1544 3671 1610 3729 et
1657 3660 2007 3750 praefatus
2056 3659 2297 3750 populi
2344 3660 2668 3750 princeps
2715 3659 2868 3748 ejus

316 3749 572 3840 dignae
614 3749 927 3840 petitioni
976 3748 1371 3818 satisfacere
1415 3748 1638 3830 vellet,
1675 3749 1970 3820 animosi
2017 3748 2328 3839 gentiles,
2364 3747 2507 3816 zelo
2554 3747 2710 3816 vani
2758 3769 2868 3815 er—

314 3839 495 3909 roris
542 3837 836 3907 devicti:
888 3837 1260 3908 unanimes
1299 3835 1726 3907 frustrabant
1771 3837 1922 3925 ejus
1974 3858 2270 3926 precem,
2331 3836 2678 3908 dicentes:
2737 3835 2869 3904 «si

315 3938 481 3997 tuus
531 3926 839 3997 Christus
888 3926 972 3996 de
1036 3938 1368 3995 tormento
1419 3925 1661 3995 mortis
1707 3948 1865 3994 eum
1917 3925 2268 4013 eripuerit,
2324 3925 2413 3994 sit
2464 3937 2646 4005 tuus,
2684 3923 2871 4012 ejus—

308 4038 454 4102 que
502 4036 665 4084 aevo
696 4014 985 4106 perenni
1024 4036 1282 4085 servus,
1308 4037 1344 4080 »
1394 4013 1486 4083 Ad
1524 4013 1692 4084 haec
1725 4018 1789 4083 S.
1827 4012 2164 4103 pontifex:
2219 4037 2255 4080 «
2280 4019 2421 4083 Non
2471 4014 2863 4092 bominum,

318 4104 570 4191 inquit,
625 4104 696 4172 in
748 4104 875 4173 hoc
922 4102 1123 4185 facto,
1169 4103 1286 4172 sed
1326 4102 1596 4171 Domini
1636 4102 1884 4172 Christi
1917 4102 2036 4172 flat
2066 4101 2408 4172 voluntas
2440 4126 2475 4170 »
2523 4100 2872 4194 Appendi-

328 4205 439 4263 tur
483 4192 783 4278 denique
831 4214 1006 4283 puer
1035 4193 1108 4262 in
1140 4192 1473 4282 patibulo,
1509 4190 2010 4281 aspicientibus
2044 4191 2588 4261 Christianorum
2623 4189 2870 4260 simul-

320 4302 453 4368 que
486 4281 849 4371 gentilium
892 4281 1163 4361 turmis‚
1198 4302 1320 4372 per
1351 4281 1652 4350 duarum
1687 4279 1824 4349 fere
1865 4279 2166 4380 spatium
2218 4281 2571 4350 horarum.
2605 4285 2871 4348 Extem-

320 4369 572 4468 ploque
622 4369 942 4440 sacerdos
989 4370 1261 4439 Domini
1295 4390 1418 4461 pro
1469 4368 1690 4439 salute
1736 4381 1801 4438 et
1859 4381 1993 4437 vita
2042 4390 2178 4438 non
2228 4370 2453 4439 solum
2506 4367 2698 4437 illius
2745 4365 2868 4453 qui

321 4479 394 4527 ln
430 4471 958 4547 tormentoerat
1006 4459 1248 4529 mortis
1293 4458 1735 4539 constitutu3‚
1795 4479 2030 4528 verum
2066 4458 2270 4528 etiam
2324 4479 2447 4548 pro
2507 4458 2870 4526 obcaecato
