3327 4999
648 289 780 354 3⁴6
1279 307 1358 353 nr.
1406 306 1464 353 s.
1517 304 1870 353 numanam
1917 302 2139 352 conon.
2193 301 2392 351 muse.
2723 285 2966 351 MART.
3025 288 3109 353 16

560 397 847 473 uterque
882 385 1276 466 laudabilis,
1314 396 1380 456 et
1411 385 1524 455 hic
1570 385 1693 472 qui
1741 385 1976 454 animo
2024 383 2236 454 alacri
2284 383 2417 453 cito
2464 380 2827 471 acquievit:
2865 396 2930 454 et
2963 383 3106 469 ille,

562 477 684 562 qui
735 475 958 566 primo
1028 484 1140 545 stu
1189 473 1487 554 efactus,
1546 495 1691 544 rem
1741 474 2028 543 arduam
2082 472 2392 563 refugere
2440 472 2741 542 tentavit.
2799 478 2964 544 Nam
3031 486 3100 544 et

569 564 910 644 CenturiO,
951 563 1069 650 qui
1171 563 1374 632 icenti
1423 563 1553 632 sibi
1606 563 1916 632 Domino:
1979 566 2117 662 Ego
2157 561 2422 630 veniam
2456 616 2473 645 ,
2527 575 2593 632 et
2637 562 2893 631 curabo
2941 585 3118 652 pue-

562 675 720 722 rum
771 664 969 722 tuum
1010 651 1356 742 jacentem
1405 652 1475 720 in
1527 651 1733 721 domo
1780 649 2261 742 paralyticum:
2300 650 2653 740 respondit
2684 650 2946 721 dicens:
2983 660 3117 723 Do-

561 744 764 821 mine,
828 764 958 810 non
998 762 1148 809 sum
1192 742 1459 831 diqmw,
1518 750 1597 809 ut
1653 743 1860 809 intres
1908 741 2029 809 sub
2080 750 2323 809 tectum
2367 763 2610 819 meum,
2665 740 2782 809 sed
2839 751 3110 813 tantum

561 831 671 898 dic
719 831 912 899 verbo
957 840 1019 899 et
1064 831 1417 898 sanabitur
1452 853 1629 919 puer
1679 851 1864 898 meus
1920 829 2186 919 (Manli.
2241 826 2407 916 v111):
2463 828 2692 898 statim
2738 829 2825 898 ab
2858 831 3106 902 eodem

562 918 851 988 Domino
900 917 1283 987 secundum
1333 918 1491 988 fidei
1554 939 1721 990 suae
1792 916 2251 986 humilitatem
2301 916 2623 988 laudatus
2671 930 2813 986 est:
2865 930 2930 988 et
2977 925 3108 990 Za-

561 1007 840 1086 chaeus,
896 1007 1015 1093 qui
1054 1006 1321 1076 dicente
1368 1006 1510 1088 illo,
1563 1008 1890 1086 Zachaee,
1928 1009 2254 1094 festinans
2298 1006 2640 1075 descende:
2699 1009 2864 1097 quia
2903 1009 3106 1079 hodie

563 1097 636 1165 in
681 1096 868 1165 domo
925 1106 1046 1166 tua
1094 1106 1346 1185 oportet
1399 1118 1506 1165 me
1535 1119 1852 1165 manere:
1884 1098 2115 1165 statim
2155 1097 2482 1195 festinans
2514 1096 2871 1177 deseendit,
2910 1108 2972 1165 et
3000 1121 3121 1168 em-

563 1186 737 1273 cepz't
784 1186 982 1253 illum
1028 1185 1358 1274 glandem:
1423 1184 1806 1255 secundum
1855 1184 2211 1253 charitatis
2266 1205 2431 1253 suae
2480 1183 2807 1253 laetitiam
2849 1184 3115 1276 dignus

556 1271 915 1360 judicatus
962 1287 1107 1353 est,
1158 1274 1273 1342 cui
1319 1272 1575 1343 diceret
1624 1273 1997 1342 Dominus:
2053 1275 2226 1356 Quia
2289 1275 2477 1341 salus
2534 1273 2728 1342 hodie
2777 1274 2934 1342 huie
2992 1277 3114 1345 do-

559 1363 711 1430 mui
749 1364 937 1451 sacta
983 1373 1076 1431 est
1113 1361 1358 1450 (Lucae
1403 1361 1564 1451 nx).
1615 1367 1863 1431 Verum
1913 1361 2025 1431 hic
2073 1383 2368 1448 quoque,
2422 1361 2543 1447 qui
2592 1363 3111 1451 presbyteratus

562 1446 870 1520 officium
918 1463 1220 1541 rogatuS‚
1274 1450 1450 1531 cit0,
1505 1461 1579 1519 ut
1617 1451 1765 1541 jam
1815 1450 2081 1520 dictum
2120 1463 2243 1530 est,
2299 1449 2549 1530 subiit,
2602 1450 2832 1520 adhuc
2880 1453 3113 1522 excel—

563 1537 919 1608 lentiorem
970 1538 1305 1629 pontificii
1355 1539 1650 1631 gradum
1723 1539 2161 1629 postmodum
2211 1538 2345 1608 sibi
2392 1538 2699 1608 oblatum
2749 1541 3109 1630 suscipere

561 1628 923 1697 humiliter
969 1628 1328 1698 recusavit.
1385 1628 1710 1698 Defuncto
1761 1650 2057 1716 namque
2105 1628 2313 1718 paulo
2365 1639 2514 1718 post
2561 1627 2903 1699 Ecclesiae
2939 1630 3115 1700 Wir-

562 1716 1007 1807 zeburgensis
1069 1717 1404 1805 Episcopo
1439 1771 1455 1797 ‚
1519 1717 1796 1807 optabat
1863 1720 2240 1806 Imperator
2303 1730 2380 1786 ut
2428 1716 2529 1785 illi
2582 1717 3107 1807 subrogaretur.

563 1806 944 1887 Recusavit‚
996 1819 1075 1876 ut
1108 1807 1257 1895 jam
1308 1806 1569 1874 dictum
1617 1818 1742 1887 est,
1795 1805 2164 1896 indignum
2215 1827 2288 1874 se
2340 1805 2688 1895 profitenS,
2742 1819 2806 1876 et
2855 1807 2926 1875 in
2972 1807 3113 1877 fra-

560 1905 736 1963 trem
786 1917 1016 1973 suum,
1086 1894 1366 1964 nomine
1418 1894 1789 1963 Henricum
1821 1948 1836 1975 ,
1880 1906 2235 1981 tamquam
2299 1894 2525 1984 seipso
2576 1894 2778 1985 longe
2826 1895 3112 1986 dignio-

558 2003 731 2063 rem,
768 2006 926 2052 mox
973 1983 1281 2052 eamdem
1339 1982 1691 2052 transferri
1729 1982 2028 2052 obtinuit
2063 1982 2487 2053 electionem.
2529 1988 2947 2071 Factumque
2976 1999 3105 2067 est,

562 2083 628 2141 et
676 2070 884 2140 frater
928 2072 1079 2162 ejus
1126 2071 1452 2142 ecclesiae
1490 2072 1638 2162 jam
1688 2070 1909 2141 dictae
1957 2071 2320 2162 praesedit:
2375 2071 2524 2162 ipse
2572 2083 2801 2140 autem
2854 2073 2924 2141 in
2975 2075 3111 2144 hu·-

564 2160 855 2230 militate
894 2172 959 2229 et
996 2160 1361 2230 dilectione
1408 2183 1556 2242 sua,
1614 2160 1972 2249 praefinito
2020 2160 2154 2230 sibi
2202 2183 2244 2229 a
2292 2166 2446 2240 Deo,
2506 2161 2795 2250 tempori
2843 2174 2908 2230 et
2958 2162 3108 2233 loco

563 2260 873 2319 servatus
901 2261 1024 2318 est.
1061 2255 1325 2318 Interea
1358 2254 1665 2319 Romano
1696 2248 2020 2317 Pontifice
2049 2248 2403 2329 defuncto,
2433 2248 2575 2335 jam
2612 2249 2837 2318 dictus
2873 2255 3103 2321 Bruno

548 2336 797 2406 sedem
850 2339 1131 2408 sortitur
1176 2337 1670 2428 Apostolicam‚
1726 2337 2213 2428 agnominatus
2262 2337 2631 2428 Gregorius
2677 2338 2731 2418 ⁴²,
2799 2338 3102 2426 vixitque

562 2425 632 2494 in
702 2447 782 2495 ea
843 2448 1063 2496 annos
1110 2426 1323 2496 ferme
1369 2427 1545 2496 duos
1580 2481 1595 2508 ‚
1654 2437 1718 2496 et
1767 2447 2039 2495 menses
2087 2448 2352 2508 novem,
2407 2426 2824 2497 undecimus
2893 2450 3112 2520 supra

562 2519 954 2584 Brunonem
1005 2516 1322 2597 alterum,
1374 2517 1497 2604 qui
1540 2528 1606 2585 et
1666 2537 1891 2585 nonus
1945 2520 2072 2584 Leo
2122 2514 2350 2584 dictus
2396 2528 2520 2584 est.

648 2605 684 2690 ξ
730 2610 818 2677 5.
872 2610 1015 2674 Non
1065 2604 1282 2673 multo
1332 2619 1483 2694 post
1518 2603 1794 2673 Colonia
1828 2603 2222 2693 metropolis
2259 2604 2464 2674 vidua
2488 2603 2665 2674 facta
2694 2618 2817 2687 est,
2857 2604 3110 2675 defun-

516 2715 519 2720 ·
561 2703 669 2761 cto
717 2695 1047 2783 Evergero
1093 2692 1403 2784 ejusdem
1452 2692 1747 2762 civitatis
1810 2692 2360 2783 Archiepiscopo.
2441 2698 2611 2762 Ecce
2658 2707 2886 2763 autem
2936 2695 3109 2764 dum

557 2780 813 2871 eligere
852 2795 1192 2851 conantur
1231 2802 1721 2861 successorem,
1763 2781 2116 2850 sciderunt
2155 2781 2705 2864 unanimitatem,
2742 2782 3110 2871 clerusque

556 2881 623 2938 et
656 2869 955 2959 populus
1001 2870 1297 2963 graviter
1343 2870 1790 2941 dissentiebat
1844 2870 1930 2939 ab
1987 2869 2305 2939 invicem.
2361 2875 2527 2939 Nam
2579 2870 2795 2940 alium
2844 2871 3094 2949 clerus,

558 2957 911 3045 aliumque
960 2981 1087 3028 sua
1133 2958 1459 3028 electione
1506 2958 1829 3047 poscebat
1878 2957 2204 3049 populus:
2257 2971 2321 3028 et
2367 2959 2710 3028 intantum
2766 2960 3100 3050 processit

558 3048 859 3136 partium
909 3047 1333 3118 diversarum
1368 3047 1754 3127 conflictuS,
1793 3059 1871 3117 ut
1917 3069 2127 3137 prope
2173 3047 2258 3116 ad
2307 3070 2502 3117 arma
2548 3063 3099 3119 concurreretur.

557 3138 794 3222 Itaque
843 3136 1024 3205 velut
1072 3136 1350 3217 absente
1408 3141 1624 3217 Jesu,
1683 3135 1999 3206 navicula
2062 3136 2131 3204 in
2194 3135 2419 3205 medio
2480 3137 2656 3205 mari
2710 3137 3107 3228 jactabatur

557 3223 907 3293 fluctibus.
991 3224 1118 3294 Sed
1168 3223 1643 3294 laborantibus
1687 3223 1991 3295 velocius
2037 3225 2380 3294 succurrit
2428 3225 2598 3314 ipse,
2651 3239 2718 3295 et
2775 3226 2957 3296 venit
3004 3226 3100 3296 ad

556 3334 674 3381 cos
722 3334 933 3402 supra
984 3334 1193 3382 mare.
1234 3319 1398 3382 Nam
1451 3313 1582 3393 his,
1637 3335 1842 3401 quem
1886 3336 2022 3383 non
2074 3314 2402 3404 probante
2450 3313 2709 3404 populo
2757 3315 2984 3385 clerus
3033 3338 3109 3385 e—

558 3400 837 3491 ligebat,
894 3400 1206 3470 videlicet
1254 3401 1657 3472 Wezelinus.
1714 3402 1964 3472 domus
2014 3402 2234 3473 sancti
2273 3402 2450 3471 Petri
2499 3403 2955 3493 praepositus,
2996 3426 3115 3473 re-

562 3503 764 3579 pente
812 3489 1161 3559 silentium
1214 3490 1556 3581 flagitanS,
1611 3513 1734 3580 per
1779 3491 2198 3560 voluntatem
2247 3490 2365 3559 Dei
2405 3490 2503 3560 sic
2534 3514 2773 3562 omnes
2802 3491 3109 3579 alloqui-

554 3590 691 3648 tur:
746 3583 867 3647 «In
920 3600 1129 3650 causa
1176 3579 1344 3660 ista,
1408 3584 1637 3649 Patres
1684 3592 1750 3650 et
1794 3579 2085 3661 domini,
2139 3600 2274 3648 non
2307 3602 2434 3649 sua
2481 3580 2766 3670 singuli,
2804 3581 2922 3652 sed
2978 3605 3107 3671 pa-

552 3666 719 3736 riter
763 3690 840 3736 ea
880 3680 1305 3755 quaerentes,
1358 3690 1537 3754 quae
1583 3669 1855 3738 Domini
1905 3682 2110 3750 sunt,
2154 3667 2402 3738 melius
2438 3669 2666 3755 quoad
2720 3691 3101 3759 possumus

552 3755 869 3855 ineamus
915 3756 1309 3827 consilium.
1345 3762 1511 3827 Nam
1540 3778 1851 3846 praeesse
1881 3757 2075 3827 vobis
2124 3779 2248 3826 nec
2281 3757 2430 3847 ipse
2462 3758 2692 3848 cupio,
2733 3780 2858 3827 nec
2901 3758 3102 3829 alteri

551 3843 870 3913 invideo:
924 3845 1042 3915 sed
1092 3846 1162 3914 in
1211 3845 1341 3915 hac
1391 3868 1461 3915 re
1519 3845 1694 3916 liber
1740 3847 1827 3916 ab
1874 3859 2186 3933 utroque,
2241 3845 2501 3916 scilicet
2534 3846 2794 3916 invidia
2840 3859 2907 3917 et
2954 3870 3110 3917 am-

549 3932 831 4015 bitione,
886 3933 1101 4002 alium
1137 3935 1328 4005 vobis
1376 3948 1613 4004 notum
1649 3935 1959 4025 designO,
2012 3934 2134 4021 qui
2183 3934 2441 4025 dignus
2488 3935 2598 4017 sit,
2650 3935 2968 4006 videlicet
3015 3936 3110 4006 il—

552 4019 837 4091 lustrem
879 4023 1336 4105 Heribertum,
1391 4023 1731 4094 valentem
1773 4024 2157 4094 secundum
2201 4028 2412 4092 Deum
2459 4036 2526 4092 et
2571 4024 2958 4094 secundum
2997 4047 3109 4095 se-

550 4109 814 4190 culum,
858 4123 1089 4202 utpote
1135 4113 1399 4183 Christo
1446 4113 1793 4189 devotum,
1838 4124 1904 4181 et
1936 4112 2342 4202 Imperatori
2375 4113 2692 4182 charum.
2735 4114 3107 4184 Solvamus

549 4221 712 4291 ergo
762 4199 975 4283 litem,
1034 4201 1106 4271 in
1143 4202 1352 4292 hujus
1399 4200 1798 4293 dignissimi
1826 4201 2265 4271 concedendo
2311 4201 2789 4272 electionem.»
2830 4202 2952 4271 Vix
2987 4202 3112 4273 ille

600 4358 632 4451 t
656 4357 809 4407 Hujus
831 4358 1041 4400 nominis
1063 4358 1116 4405 V,
1135 4357 1333 4399 Othonis
1352 4357 1422 4398 111
1438 4358 1554 4407 Imp.
1573 4365 1737 4407 nepos,
1756 4367 1879 4398 enno
1897 4358 2081 4399 electus
2102 4365 2368 4407 nccccxcm
2395 4359 2579 4408 primus
2609 4360 2734 4409 Papa
2762 4359 2954 4400 natione
2988 4361 3109 4402 Ger-

555 4421 603 4452 m
633 4421 740 4453 nus.
