3327 4999
178 349 277 414 EX
334 348 500 413 DEC.
560 349 600 414 3
1352 351 1369 374 “
2489 351 2614 415 735

458 501 688 603 VITA
756 500 838 602 S.
914 499 1321 609 ELOQUII
1391 501 1826 603 ABBATlS
1907 500 2409 605 LATINIAC.

518 746 598 793 UT
644 745 909 793 VIDRTUR
959 748 999 792 A
1048 744 1341 793 MONACHO
1400 744 1915 793 WALCIODORENSI
1962 743 2341 793 CONSCRIPTA

357 853 644 901 HABETUR
693 853 755 901 IN
806 853 1197 902 PERVETUSTO
1247 855 1348 902 MS.
1404 852 1621 901 CODICE
1680 851 2011 901 ECCLESIAE
2059 852 2504 902 TRAJECTENSIS

795 1051 1065 1108 Floruit
1108 1053 1291 1111 saec.
1337 1052 1523 1108 VIII.
1566 1079 1644 1093 —
1685 1051 2050 1110 HibernuS.

254 1229 291 1314 ἓ
352 1232 429 1299 1.
484 1231 576 1296 Re
627 1237 833 1296 nante
903 1227 1228 1298 Clodoveo
1288 1227 1870 1299 christianissimo
1933 1231 2133 1327 Rege,
2200 1226 2379 1297 venit
2447 1227 2690 1299 beatus

167 1314 495 1404 Eloquius
534 1338 570 1385 a
670 1315 1047 1387 Galliarum
1085 1317 1279 1387 litora
1330 1340 1409 1387 ex
1466 1317 1853 1406 Hyberniae
1901 1337 2201 1406 reglone,
2247 1337 2404 1386 cum
2454 1316 2700 1404 aliqui-

167 1405 301 1474 bus
349 1404 854 1476 venerabilibus
901 1405 1088 1487 viris,
1143 1405 1455 1476 videlicet
1504 1412 1793 1487 FurseO,
1851 1405 2115 1485 Ultan0,
2174 1404 2500 1486 Foillan0,
2539 1408 2700 1476 Boe-

170 1494 286 1573 tio,
340 1498 575 1564 Ettone
620 1506 685 1564 et
744 1495 1028 1565 caeteris
1075 1495 1557 1566 confratribus,
1612 1500 1916 1582 Cumque
1986 1494 2187 1585 plura
2237 1495 2648 1565 monasteria
2678 1551 2693 1576 ,

171 1604 291 1672 per
331 1582 593 1654 insulas
629 1585 839 1655 maris
886 1586 1447 1667 construxissent,
1485 1596 1549 1654 et
1582 1607 1700 1675 per
1744 1584 2164 1654 Britanniam
2215 1606 2294 1654 ac
2337 1585 2698 1654 Saxoniam

168 1673 530 1743 transvecti
576 1687 836 1755 essent,
884 1674 1266 1765 plurimum
1317 1673 1407 1743 ibi
1513 1673 1801 1764 opulum
1862 1673 2148 1742 Domino
2196 1673 2690 1761 acquisierunt.

168 1768 356 1833 Tunc
394 1763 812 1850 quibusdam
849 1765 1078 1834 causis
1112 1697 1620 1854 ingruentibus,
1674 1761 1928 1831 relictis
1960 1761 2212 1832 ibidem
2267 1762 2698 1834 monasteriis

165 1853 435 1944 expulsi
480 1876 520 1924 a
608 1875 647 1923 o
699 1853 816 1924 ulo
861 1865 925 1924 et
963 1858 1164 1944 Rege,
1228 1856 1439 1922 causa
1487 1851 1751 1921 visendi
1813 1856 2096 1921 Romam
2143 1849 2431 1951 profecti
2491 1863 2693 1932 suut,

166 1954 370 2031 atque
418 1965 458 2012 a
506 1947 547 2012 C
579 1964 618 2012 o
670 1965 832 2012 oveo
881 1953 1253 2014 memorato
1315 1941 1834 2032 perhumaniter
1901 1950 2202 2031 excepti,
2253 1939 2325 2009 in
2376 1939 2523 2011 loco
2577 1940 2698 2028 qui

166 2031 423 2102 dicitur
494 2031 881 2102 Latinlacus
927 2032 961 2090 ⁴,
1001 2031 1489 2102 monasterium
1539 2041 2011 2100 extruxerunt:
2078 2029 2309 2116 ibique
2370 2029 2695 2100 fratribus

165 2119 523 2201 ordinatis,
564 2125 629 2190 S.
667 2127 959 2191 Furseus
986 2121 1053 2156 μ
1098 2132 1414 2211 coeptum
1466 2117 1700 2188 volens
1735 2118 2056 2210 prosequi
2090 2118 2237 2199 iter,
2293 2140 2428 2188 non
2479 2117 2696 2188 multo

166 2222 319 2300 post
364 2209 549 2299 apud
600 2208 832 2279 villam
882 2215 1213 2280 Peronam
1266 2208 1631 2278 defunctus
1677 2218 1799 2289 est,
1869 2208 2065 2278 beato
2117 2206 2400 2294 Eloquio
2460 2229 2696 2277 mona-

166 2297 356 2367 sterii
406 2297 897 2369 Latiniacensis
944 2311 1008 2369 et
1037 2299 1429 2386 animarum
1479 2319 1715 2366 curam
1770 2296 2188 2383 relinquens.
2243 2301 2397 2366 Post
2446 2295 2698 2366 multos

167 2409 321 2456 vero
355 2386 525 2467 dies,
574 2392 638 2456 S.
691 2386 1018 2473 Eloquius
1058 2387 1283 2456 sciens
1321 2385 1824 2476 discipulorum
1862 2386 2130 2455 animos
2160 2384 2415 2454 diaboli
2451 2385 2696 2455 instin-

165 2487 281 2549 ctu
328 2487 566 2546 contra
606 2498 678 2546 se
724 2475 1069 2559 excitator„
1136 2474 1388 2546 relictis
1427 2474 1788 2556 omnibuS,
1840 2497 2001 2545 cum
2069 2474 2306 2565 paucis
2368 2473 2697 2545 fratribus

165 2587 377 2655 super
424 2564 713 2635 fluvium
765 2569 1022 2634 Isaram
1061 2565 1515 2645 nominatum,
1564 2564 1632 2633 in
1687 2563 1832 2633 loco
1879 2564 1998 2651 qui
2039 2564 2322 2650 antiquo
2365 2563 2696 2636 vocabulo

167 2654 553 2725 Girimacus
602 2653 876 2735 dicitur,
933 2654 1187 2724 ibidem
1217 2654 1638 2724 eremiticam
1671 2653 1876 2722 vitam
1911 2652 2126 2723 duxit.
2171 2653 2294 2722 Ubi
2341 2666 2406 2724 et
2444 2675 2483 2722 a
2529 2653 2695 2723 viris

166 2742 504 2835 religiosis
547 2742 919 2813 honorifice
950 2757 1332 2834 susceptuS,
1368 2755 1569 2831 atque
1608 2742 1695 2812 ab
1722 2742 1937 2831 Eligio
1987 2742 2292 2812 Noviomi
2333 2742 2689 2833 EpiscopO,

165 2833 311 2903 viro
375 2831 784 2913 venerabili,
838 2832 1146 2920 undique
1193 2855 1313 2923 per
1360 2854 1557 2903 suam
1607 2830 1973 2902 dioecesim
2031 2830 2376 2900 licentiam
2425 2832 2697 2931 praedi-

164 2920 369 2992 candi
426 2922 794 3013 accipienS,
850 2921 1102 2994 multos
1151 2922 1455 2992 oratione
1502 2943 1742 3012 aegros
1791 2920 2120 3011 pristinae
2168 2919 2440 2990 sanitati
2502 2921 2696 2993 resti-

167 3011 318 3082 tuit:
358 3034 436 3082 ac
485 3033 688 3084 sanos
726 3024 790 3081 et
825 3011 1205 3081 incolumes
1254 3012 1323 3080 in
1366 3012 1544 3080 viam
1587 3009 1886 3079 veritatis
1926 3008 2217 3078 induxit.

251 3102 288 3187 ξ
367 3105 453 3172 ².
508 3100 815 3182 Quadam
851 3112 1076 3170 autem
1114 3099 1246 3182 die,
1286 3100 1453 3170 dum
1487 3099 1571 3169 ad
1605 3100 1756 3189 ejus
1804 3096 2125 3168 cellulam
2160 3098 2442 3185 quidam
2497 3120 2697 3188 aeger

164 3187 669 3276 eleemosynam
702 3201 975 3280 peteret,
1016 3189 1118 3258 vir
1154 3189 1418 3259 Domini
1452 3188 1634 3275 quod
1685 3188 1770 3256 ad
1822 3209 2105 3257 manum
2151 3186 2525 3278 porrigeret
2558 3210 2690 3258 non

165 3275 455 3345 invenit:
499 3277 651 3379 jam
705 3278 889 3346 enim
938 3290 1201 3348 caetera
1257 3278 1328 3347 in
1382 3300 1550 3349 usus
1603 3298 1986 3366 pauperum
2033 3276 2490 3367 expenderat:
2547 3289 2695 3346 tan-

166 3378 406 3452 taeque
453 3386 605 3453 eJus
666 3365 937 3454 inopiae
983 3365 1379 3447 condolens,
1435 3367 1502 3435 in
1555 3365 1859 3435 oratione
1915 3377 2326 3465 prostratuS,
2394 3366 2694 3456 profusis

168 3453 492 3544 lacrymis
550 3453 834 3523 Domino
909 3453 1301 3544 supplicare
1364 3454 1619 3544 coepit,
1686 3465 1762 3523 ut
1816 3476 1934 3540 qui
1985 3475 2184 3523 caeco
2234 3465 2390 3524 nato
2460 3454 2695 3525 oculos

164 3543 434 3633 aperuit
479 3555 543 3611 et
588 3542 1126 3630 quatriduanum
1179 3548 1502 3612 Lazarum
1557 3542 2004 3622 resuscitavit,
2053 3544 2194 3632 ipse
2232 3544 2590 3633 pristinam
2631 3544 2690 3613 ei

164 3632 472 3701 conferre
502 3631 906 3722 dignaretur
934 3631 1319 3702 sanitatem.
1367 3631 1742 3719 Statimque
1775 3653 1895 3721 pro
1926 3632 2187 3701 foribus
2223 3633 2503 3703 Domino
2534 3654 2689 3723 gra-

167 3720 294 3792 tias
334 3743 544 3811 agens
628 3720 920 3791 rofectus
952 3732 1053 3789 est
1098 3721 1185 3790 ab
1240 3720 1636 3791 infirmitate
1687 3719 2087 3810 plenissime
2133 3731 2437 3791 curatus.
2493 3726 2692 3792 Cum-

162 3831 297 3897 que
345 3809 526 3879 sama
600 3832 775 3901 onge
813 3810 1078 3897 lateque
1117 3809 1609 3901 divulgaretur,
1660 3809 1841 3896 quod
1892 3810 1994 3878 vir
2053 3810 2319 3880 Domini
2375 3811 2694 3901 precibus

165 3899 349 3991 apud
388 3903 625 3980 Deum,
679 3899 915 3969 multis
955 3898 1492 3968 incolumitatem
1546 3899 1960 3988 impetraret,
2022 3913 2393 3989 coeperunt
2433 3901 2501 3969 in
2537 3923 2690 3991 gra-

165 3988 341 4059 batis
380 4010 619 4079 aegros
652 3988 987 4079 plurimos
1019 3988 1258 4058 offerre
1296 4009 1470 4076 quos
1499 3986 1613 4057 ille
1640 4000 1928 4077 tangens
1976 3988 2196 4057 sancti
2236 3988 2365 4058 olei
2403 3989 2687 4076 liquore,

166 4089 318 4168 post
352 4090 740 4169 susceptam
783 4077 1320 4148 benedictionem
1355 4099 1560 4147 sanos
1592 4076 1879 4147 dimisit.
1937 4076 2072 4146 Viri
2112 4076 2342 4164 itaque
2390 4077 2692 4170 religiosi

167 4166 721 4258 circumjacentis
776 4165 928 4248 loci,
966 4188 1218 4257 magno
1274 4166 1526 4257 gaudio
1576 4165 2036 4256 replebantur,
2088 4166 2270 4253 quod
2336 4167 2523 4258 apud
2576 4189 2693 4237 eos

165 4255 320 4324 talis
361 4256 462 4325 vir
508 4254 863 4326 habitandi
903 4278 1163 4325 moram
1222 4253 1538 4346 elegerat,
1591 4267 1794 4342 atque
1854 4255 2002 4345 ejus
2057 4255 2455 4338 oratorium,
2491 4279 2570 4326 ex
2618 4279 2691 4325 a·

166 4344 332 4436 griS,
371 4344 588 4414 vineis
633 4358 698 4416 et
745 4343 958 4436 pratis
1005 4366 1244 4414 omues
1294 4343 1660 4435 magnifice
1709 4344 2235 4415 honoraverunt.

216 4472 241 4497 ‘'
271 4471 391 4513 Gall.
416 4473 577 4523 Laqny.
1014 4472 1066 4499 Φ*
1097 4473 1162 4512 De
1192 4472 1235 4512 S.
1265 4472 1441 4513 Fui-seo
1471 4472 1566 4523 egit
1597 4471 1762 4515 Sui-tus
1793 4471 1892 4514 Vol.
1920 4472 1955 4517 1.
1984 4482 2027 4521 p.
2056 4473 2146 4512 357.
