3327 4999
582 327 722 393 ‚524
1228 341 1308 388 iiii
1357 341 1414 388 s.
1472 328 1847 392 Ammiano
1895 342 2110 391 inu-rs
2155 342 2347 389 imur.
2686 322 2932 388 MART.
2986 324 3079 391 27

505 423 828 494 homines
874 420 996 509 qui
1055 419 1199 489 illic
1245 432 1483 500 erant,
1558 442 1719 489 cum
1785 421 2215 492 audivissent
2275 419 2735 520 Tyberianum
2783 419 3071 501 venire,

507 524 881 601 martyrem
931 508 1304 596 quemdam
1355 529 1590 576 secum
1643 508 2040 588 habentem,
2090 530 2352 599 egressi
2398 531 2481 578 ex
2527 508 2725 589 urbe,
2783 507 3077 578 Alexan-

451 658 460 671 ,
508 599 714 669 drum
751 619 1064 669 seorsum
1114 594 1186 664 in
1220 596 1329 663 via
1377 607 1674 665 stantem
1726 597 2161 666 invenerunt.
2214 601 2428 678 Quem
2490 617 2652 664 cuni
2709 594 3071 676 vidissent,

511 688 598 757 ad
647 688 801 777 ejus
849 684 1059 785 pedes
1109 705 1180 753 se
1229 683 2031 773 abjicienteS,dixerunt:
2069 690 2394 754 «Precare
2433 689 2649 753 Deum
2691 706 2814 773 pro
2846 684 3071 765 nobiS,

512 796 704 845 serve
750 779 867 842 Dei
915 770 1309 841 altissimi.»
1339 777 1415 840 At
1461 771 1613 840 ille:
1669 778 1861 842 «Vos
1905 774 2140 854 etiam,
2189 772 2441 860 inquit,
2494 771 2761 851 fratres,
2794 793 2918 861 pro
2967 794 3082 842 me

513 868 730 932 Deum
781 859 1185 951 precemini,
1247 872 1326 928 ut
1369 881 1656 929 cursum
1710 882 1941 929 meum
1992 862 2063 930 in
2105 860 2371 929 Christo
2422 859 2802 949 perficiam,
2855 871 2922 928 et
2966 880 3081 929 co-

512 972 783 1029 ronam,
837 969 1046 1034 quam
1089 947 1409 1034 promisit
1454 947 1630 1016 mihi
1681 949 2036 1029 DominuS,
2089 950 2177 1017 ab
2241 970 2321 1035 eo
2369 948 2725 1038 recipiam.
2755 969 2792 1013 »
2841 952 3080 1017 Postea

513 1060 676 1107 vero
725 1057 936 1123 quam
988 1034 1230 1103 urbem
1275 1035 1720 1117 transierunt,
1762 1058 1942 1123 quae
1974 1036 2242 1105 Clisura
2291 1036 2713 1115 nominatur,
2753 1047 2820 1104 et
2850 1035 2937 1103 ad
2967 1058 3083 1104 ca·

522 1137 745 1197 strum
845 1122 1172 1203 uoddam‚
1227 1123 1714 1193 Boiiamasium
1767 1125 2069 1206 nomine,
2122 1124 2573 1202 advenerunt,
2609 1123 2796 1207 quod
2829 1137 2932 1191 est
2962 1146 3084 1193 su-

520 1235 645 1304 pra
688 1146 994 1301 Philippi
1042 1211 1285 1280 urbem
1338 1210 1474 1279 fere
1523 1211 1942 1281 milliaribus
1989 1212 2451 1312 quadraginta
2481 1266 2497 1290 ‚
2551 1211 2694 1280 illic
2764 1211 3084 1280 constite-

520 1314 710 1370 ruiit.
754 1305 947 1369 Tunc
995 1298 1422 1386 Tyberianus
1466 1299 1828 1369 Alexandri
1879 1321 2144 1369 memor
2189 1299 2340 1380 fuit,
2374 1312 2440 1368 et
2472 1298 2671 1368 illum
2723 1298 2811 1366 ad
2859 1299 3081 1367 tribu-

523 1388 640 1457 nal
691 1386 856 1456 duci
896 1386 1147 1476 jussit:
1229 1386 1640 1474 iterumque,
1697 1387 1814 1456 sed
1866 1387 2121 1458 frustra
2173 1409 2333 1457 eum
2402 1400 2660 1455 tentare
2708 1408 3083 1477 aggressus

520 1488 648 1547 est.
703 1481 894 1543 Tunc
959 1475 1054 1543 ait
1100 1473 1557 1563 Tyberianus:
1613 1498 1647 1541 «
1684 1474 1953 1545 Auferte
2016 1476 2179 1545 hinc
2249 1475 2600 1544 hominem
2651 1474 2889 1554 istum,
2926 1486 2994 1543 et
3039 1497 3083 1543 a

521 1574 896 1663 conspectu
956 1582 1108 1630 meo
1156 1575 1514 1632 removete.
1560 1562 1889 1633 Abducite
1937 1564 2165 1652 ipsum
2218 1563 2286 1632 in
2330 1563 2573 1632 urbem
2635 1561 2962 1652 Philippi,
3017 1574 3122 1631 et.

525 1651 848 1742 conjicite
895 1650 966 1717 in
1018 1672 1403 1719 carcerem:
1458 1672 1583 1739 ego
1628 1652 1816 1719 enim
1865 1673 1984 1721 vos
2044 1673 2366 1736 sequar.»
2416 1656 2653 1737 Itaque
2707 1671 2872 1718 cum
2920 1650 3083 1719 bea-

491 1753 672 1809 ·tum
725 1738 1186 1807 Alexandrum
1238 1737 1665 1826 Tyberianus
1716 1739 2206 1829 praemisisset,
2262 1739 2412 1828 ipse
2469 1760 2744 1826 quoque
2800 1737 2876 1808 in
2922 1737 3085 1808 Phi-

523 1827 700 1918 lippi
741 1826 984 1896 urbem
1037 1824 1382 1915 profectus
1420 1836 1544 1897 est.
2540 1824 2549 1832 '

612 1918 651 2003 ἓ
729 1918 880 1984 18.
933 1917 1102 1981 Cum
1156 1935 1311 1982 vero
1359 1913 1509 2003 ejus
1560 1913 1755 1983 urbis
1803 1914 2069 1984 incolae
2117 1914 2569 1995 audivissent,
2614 1913 3079 2003 Tyberianum

527 2025 691 2073 cum
746 2002 894 2069 suis
940 2001 1341 2070 cohortibus
1388 2001 1802 2084 adventare,
1855 2025 1894 2072 o
1950 2003 2217 2072 timates
2266 2001 2485 2072 multo
2541 2023 2701 2070 cuni
2754 2002 3086 2071 comitatu

524 2091 802 2160 obviam
852 2088 955 2156 illi
1005 2088 1454 2178 prodierunt:
1507 2090 1625 2177 qui
1678 2089 1749 2157 in
1811 2113 1898 2159 ur
1990 2113 2056 2159 m
2108 2091 2298 2159 illam
2352 2091 2709 2180 ingressus
2755 2102 2889 2168 est,
2933 2089 3085 2159 Jovi

523 2189 591 2248 et
638 2176 1045 2266 Aesculapio
1092 2176 1512 2246 sacrificium
1563 2177 1949 2247 oblaturus,
2002 2178 2383 2247 Audierunt
2427 2190 2493 2246 et
2540 2176 2908 2247 Christiani
2962 2178 3084 2264 qui

524 2278 725 2335 erant
771 2265 841 2333 in
892 2265 1065 2334 urbe
1113 2264 1231 2333 illa
1292 2265 1883 2352 quemadmodum
1934 2266 2356 2354 Tyberianus
2417 2277 2791 2354 martyrem
2844 2284 3086 2351 quem·

525 2354 686 2423 dam
740 2353 810 2420 in
862 2373 1206 2421 carcerem
1257 2353 1582 2423 misisset.
1636 2360 1874 2439 Itaque
1921 2376 2164 2424 omnes
2196 2354 2263 2422 in
2313 2375 2473 2423 eum
2524 2374 2866 2423 carcerem
2919 2375 3085 2422 con-

523 2451 867 2511 venerunt
911 2453 976 2509 et
1005 2440 1358 2510 custodem
1413 2440 1604 2512 illius
1639 2442 1893 2532 precati
1925 2454 2111 2524 sunt,
2154 2454 2232 2512 ut
2279 2442 2532 2514 sineret
2580 2441 2738 2511 illos
2771 2439 2855 2511 ad
2892 2441 3086 2510 Chri-

524 2531 614 2600 sti
664 2541 1035 2618 martyrem
1065 2528 1353 2598 i‘ntroire
1400 2542 1463 2598 et
1511 2553 1668 2599 eum
1722 2531 1973 2600 videre.
2027 2531 2103 2599 Id
2154 2531 2469 2621 permisit
2513 2544 2771 2611 custOS,
2823 2530 3086 2621 quippe

518 2617 641 2705 qui
695 2629 761 2687 et
808 2617 957 2706 ipse
1021 2621 1232 2685 Deum
1285 2617 1587 2688 timebat.
1653 2623 1822 2688 Cum
1870 2619 2085 2708 igitur
2145 2640 2387 2690 omnes
2433 2618 2752 2708 ingressi,
2806 2620 3083 2688 beatum

521 2712 891 2795 Martyrem
950 2705 1020 2773 in
1075 2704 1266 2792 ligno
1318 2705 1668 2776 sedentem
1717 2721 1783 2776 et
1830 2707 2538 2777 vinculisastrictum
2589 2706 2946 2785 vidissent,
2996 2705 3083 2774 ad

525 2795 677 2884 ejus
727 2793 936 2883 pedes
976 2813 1048 2862 se
1096 2792 1515 2881 dejecerunt,
1558 2815 1858 2880 eumque
1905 2807 1970 2863 et
2016 2794 2242 2884 ipsius
2279 2793 2556 2864 vincula
2589 2793 3085 2883 exosculaban-

526 2895 663 2962 tur,
720 2903 800 2950 ac
836 2879 1180 2949 dicebant:
1235 2903 1271 2946 «
1305 2886 1470 2950 Vere
1500 2881 1769 2952 faustus
1799 2895 1864 2952 et
1910 2882 2071 2952 felix
2103 2883 2302 2953 nobis
2350 2881 2480 2951 fuit
2515 2881 2854 2951 adventus
2883 2894 3073 2961 tuus,

524 2990 718 3040 serve
765 2969 924 3036 Dei:
978 2967 1220 3036 urbem
1261 2969 1447 3037 enim
1495 2983 1563 3038 et
1607 2970 1902 3070 patriam
1953 2982 2256 3041 nostram
2308 2970 2437 3039 hoc
2471 2970 2622 3060 ipso
2671 2969 2939 3039 felicem
2971 2970 3081 3039 fu·

522 3070 751 3127 turam
802 3055 1091 3125 scimus,
1146 3056 1549 3125 Patientiam
1602 3059 1819 3147 igitur
1881 3080 2098 3139 serva,
2148 3070 2227 3132 ,ut
2273 3080 2556 3127 cursum
2616 3069 2817 3127 tuum
2865 3058 3084 3127 confi-

523 3145 694 3214 cias.
750 3148 883 3213 Nos
933 3154 1163 3211 autem
1214 3144 1583 3215 Christiani
1631 3144 1853 3215 multo
1901 3159 2091 3216 metu
2137 3168 2217 3215 ac
2273 3158 2566 3216 tremore
2614 3145 2793 3214 hanc
2829 3159 3081 3215 terram

521 3231 921 3329 incolimus.
954 3235 1128 3329 ‘Nam
1178 3230 1390 3321 hujus
1438 3233 1570 3302 loci
1620 3238 1899 3304 Praeses
1946 3233 2243 3324 singulis
2290 3234 2540 3303 diebus
2579 3255 2706 3302 nos
2755 3234 3081 3304 Christia-

521 3342 650 3391 nos
708 3319 1024 3404 inquirit,
1079 3330 1156 3387 ut
1205 3320 1470 3409 puniat:
1525 3321 1644 3390 sed
1714 3321 1829 3391 ille
1875 3322 2159 3408 quidem
2209 3321 2408 3393 nobis
2456 3321 2788 3390 minatur:
2842 3333 2912 3391 at
2961 3344 3083 3412 po-

521 3419 835 3477 testatem
871 3417 1102 3474 tamen
1151 3407 1418 3477 nullam
1470 3409 1677 3480 habet
1721 3432 1859 3497 qua
1918 3431 2043 3481 nos
2090 3409 2393 3480 detinere
2444 3409 2704 3497 possit,
2758 3432 2899 3496 quo
2948 3409 3079 3478 mi-

526 3519 662 3566 nus
695 3493 1064 3563 Christiani
1112 3493 1358 3565 simus:
1398 3497 1601 3566 multi
1648 3498 1861 3577 enim,
1909 3497 2321 3588 divina·ope
2366 3497 2774 3588 adjuvante,
2830 3498 2901 3567 in
2952 3497 3081 3567 hac

520 3586 697 3655 urbe
744 3604 992 3651 sumus
1037 3582 1161 3668 qui
1209 3584 1458 3654 Christi
1497 3584 1705 3654 fidem
1742 3598 2081 3666 tenemuS‚
2114 3608 2195 3654 ex
2239 3607 2542 3672 quorum
2592 3607 2884 3655 numero
2920 3598 3087 3656 sunt

522 3685 589 3742 et
635 3671 834 3742 urbis
872 3669 1085 3758 hujus
1131 3692 1173 3738 o
1227 3671 1522 3742 timates.
1576 3673 1791 3741 Iidem
1833 3694 2198 3763 speramus
2228 3674 2475 3764 Christi
2524 3674 2827 3763 potentia
2873 3677 3083 3743 Grae-

520 3783 639 3831 cos
677 3760 891 3851 ipsos,
927 3756 1108 3826 male
1202 3780 1240 3827 e
1281 3759 1417 3829 fide
1474 3760 1860 3831 Christiana
1907 3761 2301 3842 sentientes,
2354 3762 2450 3830 ita
2505 3773 2911 3850 superatum
2960 3762 3072 3840 iri,

520 3860 600 3918 ut
637 3867 880 3917 omnes
926 3845 1099 3914 flant
1153 3846 1545 3917 Christiani.
1599 3853 1754 3917 Esto
1804 3848 2018 3948 igitur
2082 3850 2346 3939 patiens
2395 3849 2644 3919 Christi
2693 3860 2979 3937 martyr,
3018 3862 3087 3918 et

518 3936 945 4091 quicumque
990 3934 1080 4002 ab
1127 3933 1343 4027 impio
1368 3935 1625 4005 Judice
1672 3949 2024 4007 cruciatus
2056 3938 2449 4019 afferentur,
2486 3959 2604 4008 eos
2643 3937 2800 4007 forti
2848 3938 3084 4007 animo

570 4046 646 4094 er
675 4045 851 4093 eras.
887 4046 923 4090 »

522 4047 647 4199 p§
718 4115 863 4183 14.
917 4115 1185 4181 Interea
1231 4111 1661 4201 Tyberianus
1717 4111 2014 4182 civitatis
2086 4112 2281 4183 illius
2350 4113 2807 4203 optimatibus
2860 4111 3081 4182 dixit:

525 4199 756 4270 «Scire
801 4198 1066 4269 debetis
1112 4221 1254 4279 voS,
1294 4199 1760 4269 Christianum
1813 4200 2168 4270 hominem
2217 4200 2304 4271 ab
2334 4204 2757 4290 Imperatore
2799 4222 2881 4270 ex
2912 4200 3087 4270 urbe

524 4293 744 4358 Roma
786 4285 1003 4358 fuisse
1033 4287 1206 4357 milii
1244 4288 1596 4369 traditum,
1631 4309 1838 4374 quem
1877 4309 2001 4378 per
2044 4300 2253 4358 totam
2293 4288 2470 4357 viam
2512 4289 2956 4358 admonerem
2982 4299 3089 4358 at-

524 4398 663 4464 que
707 4375 1040 4457 hortarer,
1077 4387 1157 4445 ut
1187 4375 1274 4445 ad
1309 4374 1596 4448 deorum
1632 4376 2038 4467 religionem
2067 4398 2139 4450 se
2161 4389 2605 4448 converteret.
2631 4380 2879 4447 Verum
2907 4374 3088 4446 nihil
