3327 4999
294 324 546 391 MART.
602 326 683 390 ⁴3
1151 344 1231 390 nc
1280 345 1335 391 s,
1388 344 1750 391 EUPHRASIA
1795 342 1969 392 vmc.
2622 328 2740 394 28⁴

291 444 618 514 accepero
647 424 910 514 virgam
960 422 1376 506 Abbatissae,
1429 424 1700 525 egregie
1731 435 1797 493 te
1843 422 2278 514 flagellabo.»
2328 429 2495 495 Cum
2528 447 2685 495 vero
2720 425 2836 496 ille

290 512 795 593 obluctaretur,
851 533 975 581 nec
1037 512 1237 582 vellet
1277 513 1554 604 egredi,
1608 513 1946 603 corripuit
2000 512 2384 603 Euphrasia
2440 515 2840 586 Abbatissae

294 603 581 694 virgam,
633 601 941 688 dixitque
970 600 1073 670 ei:
1128 624 1164 666 «
1196 606 1324 671 Aut
1362 602 1469 672 exi
1518 601 1704 684 hine,
1744 614 1865 671 aut
1903 615 2082 672 certe
2113 623 2239 692 ego
2299 613 2364 672 te
2418 604 2764 674 cruciabo,
2797 628 2837 672 »

290 691 395 760 Ait
440 692 771 760 daemon:
832 718 857 753 ι
898 695 1043 772 Qua
1094 691 1358 761 ratione
1386 690 1474 760 ab
1506 690 1624 760 illa
1675 712 1956 791 possum
2020 690 2457 761 discedere‘b)
2508 698 2654 762 Mox
2701 698 2838 763 Eu-

341 780 570 850 hrasia
615 779 839 869 coepit
884 779 1190 859 caedere,
1232 792 1298 848 et
1344 801 1503 849 cum
1541 792 1737 849 tertio
1780 791 2192 870 percuteret,
2230 778 2436 850 dixit:
2488 803 2525 847 «
2553 781 2838 852 Missum

318 892 395 939 ac
441 869 572 939 hoc
620 868 736 937 Dei
784 867 1053 959 plasma
1087 868 1449 938 immunde
1478 869 1788 959 spiritus.
1843 873 2152 959 Increpet
2181 882 2242 937 te
2280 869 2612 940 Dominus
2634 876 2839 940 Jesus

288 957 670 1029 Christus.»
713 956 1090 1046 Respondit
1135 956 1466 1027 daemon:
1520 958 1653 1028 «Si
1686 956 1911 1027 exiero
1957 980 2096 1044 quo
2144 957 2369 1028 iturus
2417 959 2660 1029 sum?>›
2711 959 2838 1029 Illa

283 1046 492 1116 dixit:
546 1050 686 1114 «In
736 1047 1052 1115 tenebras
1091 1046 1479 1127 exteriores,
1518 1046 1591 1114 in
1643 1046 1874 1137 ignem
1933 1058 2313 1127 aeternum,
2367 1047 2437 1115 in
2488 1069 2573 1116 su
2629 1046 2839 1136 plicia

280 1135 557 1206 nullum
606 1135 815 1204 finem
851 1134 1196 1214 habitura,
1232 1156 1409 1222 quae
1449 1147 1611 1205 sunt
1690 1147 1880 1204 arata
1912 1136 2036 1205 tihi
2069 1148 2134 1204 et
2175 1135 2351 1227 patri
2402 1146 2516 1205 tuo
2612 1135 2834 1207 iabolo

280 1236 346 1295 et
375 1223 648 1294 cunctis
694 1225 844 1312 ejus
894 1222 1309 1293 voluntatem
1371 1223 1643 1293 facienti
1701 1247 1808 1294 ηε.
1847 1245 1883 1290 »
1932 1225 2215 1294 Interim
2278 1246 2545 1294 sorores
2591 1246 2833 1295 omnes

278 1312 728 1384 intendebant
774 1313 845 1381 in
876 1333 1052 1393 eam,
1091 1335 1217 1382 nec
1262 1312 1613 1382 audebant
1642 1312 1931 1404 propius
1976 1313 2324 1383 accedere:
2362 1325 2641 1400 eratque
2673 1335 2831 1383 acre

278 1402 457 1472 illud
496 1401 918 1490 Euphrasiae
964 1423 1124 1471 cum
1176 1400 1568 1472 refractario
1598 1415 1666 1471 et
1697 1402 2046 1492 pervicace
2093 1401 2427 1471 daemone
2454 1415 2827 1472 certamen.

282 1490 688 1582 suspiciens
735 1490 948 1580 igitur
996 1490 1062 1558 in
1123 1489 1417 1571 coelum,
1474 1491 1682 1560 dixit:
1740 1512 1776 1557 «
1811 1492 2096 1561 Domine
2147 1497 2309 1561 Iesu
2341 1491 2623 1571 Christe,
2690 1491 2834 1561 noli

279 1600 393 1649 me
441 1578 705 1670 pudore
755 1578 1025 1648 afficere
1064 1579 1136 1646 in
1187 1579 1315 1649 hac
1371 1580 1564 1660 hora,
1633 1602 1760 1648 nec
1809 1602 1920 1649 me
1965 1580 2155 1649 sinas
2203 1602 2287 1649 su
2341 1581 2520 1649 erari
2568 1581 2655 1650 ab
2703 1581 2834 1650 hoc

280 1669 561 1759 impuro
594 1667 1000 1736 daemone.»
1048 1672 1218 1736 Tum
1268 1690 1425 1737 vero
1472 1690 1812 1760 spumans
1843 1682 1907 1738 et
1937 1669 2236 1739 stridens
2330 1691 2602 1751 aemon,
2667 1691 2832 1739 cum

280 1757 546 1848 ingenti
593 1755 891 1826 clamore
922 1756 1287 1827 abscessit:
1323 1770 1388 1827 et
1421 1758 1695 1826 mulieri
1742 1758 2010 1849 integra
2054 1771 2158 1828 est
2186 1758 2445 1827 sanitas
2492 1759 2827 1829 restituta.

277 1850 637 1915 Duxerunt
666 1858 893 1914 autem
944 1868 1093 1915 eam
1143 1846 1214 1914 in
1263 1847 1665 1927 oratorium,
1703 1846 1945 1917 dantes
1977 1848 2267 1938 gloriam
2305 1852 2435 1916 Deo
2483 1870 2608 1938 pro
2648 1860 2832 1917 tanto

280 1934 646 2005 miraculo.
698 1935 897 2003 Prius
943 1946 1168 2003 autem
1208 1933 1396 2002 illam
1431 1935 1817 2024 Euphrasia
1864 1941 2046 2023 aqua
2074 1936 2388 2007 abluerat
2431 1950 2498 2005 et
2527 1936 2830 2006 vestibus

279 2022 627 2105 induerat,
678 2036 882 2110 atque
942 2023 1041 2092 sic
1095 2021 1473 2092 adduxerat
1511 2024 1595 2093 ad
1633 2025 2100 2094 Abbatissam„
2131 2032 2272 2096 Non
2324 2024 2548 2094 solum
2599 2037 2831 2094 autem

279 2113 457 2181 nihil
496 2112 659 2181 hinc
704 2111 881 2181 elata
912 2124 1015 2181 est
1065 2112 1471 2202 Euphrasia,
1526 2112 1641 2181 sed
1696 2113 1918 2214 magis
1964 2114 2167 2183 etiam
2213 2135 2361 2184 sese
2409 2113 2825 2195 humiliavit,

280 2213 517 2271 noctes
563 2202 713 2271 sine
760 2222 1002 2271 somno
1035 2201 1446 2291 transigens,
1499 2213 1563 2270 et
1588 2202 1877 2292 integris
1918 2203 2349 2292 septimanis,
2386 2202 2488 2270 uti
2536 2223 2831 2271 consue-

281 2302 493 2370 verat,
541 2289 788 2379 jejuna
838 2311 1271 2380 permanenS,
1329 2312 1408 2359 ac
1476 2290 1695 2359 nihilo
1743 2291 1969 2362 secius
2018 2293 2165 2362 sine
2229 2291 2499 2360 defectu
2546 2303 2610 2360 et
2663 2312 2826 2360 cum

284 2377 475 2447 omni
522 2378 945 2459 humilitate,
1006 2378 1543 2449 mansuetudine
1595 2392 1661 2448 et
1707 2379 1925 2448 animi
1977 2378 2417 2468 jucunditate
2476 2380 2829 2450 sororibus

288 2468 557 2538 cunctis
589 2467 891 2538 officiose
921 2469 1324 2540 inserviens.
1644 2541 1649 2546 ,

374 2559 409 2642 ἓ
454 2562 604 2630 19.
643 2557 902 2627 Accidit
947 2559 1207 2627 interea
1243 2557 1638 2628 Abbatissae
1688 2558 2037 2629 somnium
2082 2556 2185 2626 vel
2236 2557 2405 2627 visio
2442 2557 2514 2626 in
2564 2557 2827 2627 somnis

284 2645 467 2715 unde
499 2668 636 2716 non
687 2647 1121 2716 mediocriter
1151 2646 1280 2716 fuit
1316 2647 1737 2737 perturbata,
1791 2669 1915 2717 nec
1949 2660 2177 2717 tamen
2225 2647 2553 2734 cuiquam
2608 2646 2828 2736 expli-

287 2755 441 2804 care
469 2735 684 2806 voluit
726 2735 895 2822 quid
945 2735 1245 2806 vidisset.
1305 2740 1610 2823 Cumque
1657 2737 1779 2806 diu
1827 2736 2013 2827 apud
2070 2758 2142 2807 se
2189 2758 2330 2805 rem
2381 2735 2653 2805 tacitam
2708 2737 2831 2804 ha·

273 2821 481 2905 beret,
536 2824 812 2893 tandem
863 2846 1131 2893 sorores
1180 2824 1552 2913 primariae
1598 2848 1749 2896 eam
1799 2826 2048 2894 obnixe
2095 2836 2451 2924 rogarunt,
2496 2837 2573 2894 ut
2620 2824 2826 2894 visio-

271 2933 431 2982 nem
463 2913 782 2994 ediceret,
818 2912 1256 3000 ‘causamque
1304 2935 1591 2984 suorum
1642 2915 2054 3005 gemituum,
2095 2914 2354 2999 quibus
2398 2914 2590 3004 ipsae
2640 2913 2825 3002 pari·-

271 3013 375 3071 ter
421 3001 914 3092 affligerentur,
966 3024 1102 3071 non
1153 3003 1486 3072 reticeret.
1541 3009 1712 3073 Tum
1745 3025 1901 3072 vero
1950 3001 2070 3071 illa
2109 3001 2304 3072 dixit:
2367 3025 2403 3068 «
2441 3002 2827 3093 Euphrasia

268 3111 399 3159 nos
445 3089 741 3172 deserit,
793 3114 948 3161 cras
996 3091 1160 3160 hinc
1209 3090 1589 3180 migratura
1645 3091 1732 3161 ad
1810 3092 2205 3161 Dominum.
2235 3115 2272 3158 »
2324 3090 2451 3161 Sed
2502 3113 2705 3161 nemo
2753 3089 2826 3158 id

269 3178 376 3248 illi
411 3178 689 3259 indicet,
731 3201 819 3248 ne
866 3201 1172 3249 moerore
1210 3179 1575 3249 afficiatur.
1639 3185 2021 3271 Coeperunt
2073 3192 2301 3250 autern
2354 3179 2591 3248 multis
2642 3179 2828 3251 horis

272 3267 528 3337 misere
573 3267 832 3337 e'ulare
880 3290 1169 3338 sorores,
1226 3274 1372 3337 Una
1419 3281 1646 3338 autern
1688 3290 1725 3338 e
1754 3269 2109 3338 sororibus
2155 3281 2234 3338 ut
2277 3268 2342 3336 id
2396 3268 2680 3350 audivit,
2714 3290 2826 3338 ac-

268 3356 494 3426 currit
537 3379 574 3425 a
677 3356 985 3438 furnum,
1051 3358 1445 3444 invenitque
1492 3357 1972 3448 Euphrasiam‚
2038 3357 2408 3447 adjuvante
2454 3356 2644 3425 illam
2698 3378 2821 3446 pro

264 3445 770 3515 consuetudine
807 3465 1040 3516 sorore
1075 3445 1285 3527 dulia,
1341 3468 1554 3537 panes
1582 3459 2012 3532 coquentem,
2065 3447 2296 3533 aitque
2331 3445 2467 3515 illi:
2504 3445 2825 3515 «Noveris

266 3533 556 3603 domina
616 3535 1023 3625 Euphrasia‚
1078 3535 1267 3605 intus
1311 3534 1496 3625 apud
1535 3535 1963 3604 Abbatissam
2015 3556 2283 3604 sorores
2324 3537 2441 3604 tua
2488 3537 2700 3604 causa
2747 3534 2820 3603 in

266 3644 525 3713 magno
573 3622 766 3693 luctu
831 3624 1110 3694 versari.
1153 3647 1189 3691 »
1253 3628 1399 3707 Quo
1447 3623 1685 3693 audito
1720 3679 1735 3705 ,
1787 3623 1976 3692 Julia
2020 3635 2088 3693 et
2134 3623 2520 3713 Euphrasia
2572 3624 2824 3713 pariter

263 3712 727 3802 obstupuere:
780 3732 1082 3799 cumque
1140 3712 1265 3782 diu
1324 3712 1670 3782 stetissent
1733 3712 2103 3794 attonitae,
2157 3711 2433 3782 tandem
2484 3711 2579 3780 ait
2601 3712 2814 3782 Julia:

265 3823 303 3868 α
339 3801 676 3872 Fortassis
723 3800 1063 3891 perlatum
1111 3812 1212 3871 est
1259 3800 1341 3869 ad
1400 3802 1760 3871 Dominam
1810 3801 2265 3882 Abbatissam,
2348 3822 2684 3891 sponsum
2734 3800 2825 3869 il-

267 3887 415 3960 lum
467 3903 666 3958 tuum
718 3890 982 3959 mittere
1037 3890 1176 3959 huc
1223 3890 1541 3960 homines
1589 3890 1711 3977 qui
1757 3912 1840 3959 ex
1890 3889 2212 3959 mandato
2268 3889 2710 3980 Imperatoris
2757 3902 2823 3958 te

267 3978 630 4049 extrahant
666 4001 705 4047 e
749 3979 1189 4048 monasterio:
1241 3989 1308 4048 et
1353 3980 1483 4048 hac
1529 3981 1742 4049 causa
1776 3978 2096 4049 lamentis
2128 4000 2203 4049 se
2249 3978 2463 4048 afficit
2508 4000 2668 4049 cum
2709 4000 2823 4047 so-

270 4067 617 4138 roribuS.»
668 4067 1044 4158 Respondit
1072 4068 1483 4159 Euphrasia:
1523 4090 1559 4134 «
1581 4068 1756 4138 Vivit
1801 4067 2133 4138 Dominus
2163 4089 2359 4138 meus
2386 4068 2434 4137 J
2436 4089 2598 4138 esus
2627 4067 2821 4136 Chri·-

274 4167 439 4238 stuS,
493 4157 767 4227 etiamsi
813 4156 1047 4227 omnia
1096 4156 1345 4228 mundi
1376 4179 1449 4225 re
1505 4178 1591 4226 na
1622 4169 1688 4226 et
1733 4156 1957 4247 ipsius
1985 4177 2123 4244 quo
2175 4178 2263 4226 ue
2309 4168 2528 4227 terrae
2565 4155 2820 4224 funda-

274 4257 499 4341 tnenta
546 4258 1134 4327 commoveantur,
1190 4267 1327 4314 non
1380 4246 1475 4315 mi
1531 4246 1552 4313 i
1601 4257 1828 4315 tamen
1927 4266 2129 4315 ersua
2185 4267 2298 4316 ere
2344 4256 2687 4337 poterunt,
2742 4254 2821 4313 ut

271 4351 495 4421 lpsum
548 4334 916 4405 Dominum
953 4355 1183 4404 meum
1215 4332 1721 4421 derelinquam.
1776 4339 1857 4404 Se
1936 4355 2192 4422 quaeso
2240 4347 2326 4416 te,
2366 4334 2657 4404 Domina
2704 4353 2815 4401 so-

272 4440 402 4505 ror,
451 4424 550 4495 ito
624 4437 1101 4514 percontatum
1131 4477 1152 4504 ,
1207 4422 1375 4493 dum
1427 4422 1706 4493 interim
1770 4436 2167 4511 coquuntur
2214 4445 2452 4515 paneS,
2504 4441 2682 4509 quae
2728 4420 2818 4489 sit
