3327 4999
668 339 800 404 584
1409 353 1490 402 me
1536 355 1594 404 s.
1650 352 1964 405 unauuco
2011 351 2308 402 nrrscoro
2718 336 3044 406 Exsul..
3094 338 3142 405 ί»

577 459 772 507 servo
815 457 945 506 suo
979 433 1297 505 Udalrico
1344 455 1469 523 per
1514 457 1633 505 ora
1683 455 1972 505 suorum
2009 433 2322 503 fidelium
2362 422 2959 525 anteapraedixit,
3012 435 3143 507 ad·

579 525 893 616 implere,
962 523 1172 593 totius
1219 523 1385 593 cleri
1436 547 1515 594 ac
1566 523 1805 615 populi
1875 534 2029 594 voto
2094 523 2165 591 in
2234 544 2459 593 unum
2513 539 3005 605 concurrente,
3067 538 3144 596 et

569 614 851 685 Henrici
899 612 1081 703 regis
1128 613 1477 683 voluntate
1543 613 1614 682 in
1688 613 1997 701 idipsum
2066 612 2560 693 consentiente,
2626 611 2806 681 idem
2862 613 2966 682 vir
3014 616 3139 684 Dei

570 717 852 775 sanctus
898 703 969 770 in
1002 700 1397 771 cathedram
1446 703 1911 792 episcopalem
1945 702 2073 770 hac
2107 701 2175 769 in
2210 700 2383 770 urbe
2412 713 2515 769 est
2538 701 2959 772 sublimatus
2988 702 3123 792 (a).

657 794 695 879 ξ
758 797 845 863 5.
898 789 1034 860 Ade
1087 801 1152 859 to
1202 811 1357 860 vero
1415 805 1641 861 tantae
1702 790 2059 880 dignitatis
2118 791 2401 870 honore,
2459 789 2687 876 qualis
2734 803 3127 876 quantusve

567 881 885 959 extiterit,
933 899 1027 947 nu
1061 877 1198 947 lius
1244 901 1469 949 sermo
1516 880 1602 950 ad
1636 879 1986 968 integrum
2019 878 2366 970 explicare
2413 878 2689 948 valebit.
2724 883 2930 948 Totus
2977 893 3130 952 erat

570 990 845 1059 semper
888 968 960 1037 in
996 968 1324 1049 oratione,
1372 980 1554 1039 totus
1585 969 1656 1037 in
1707 968 2020 1045 lectione,
2063 981 2130 1037 et
2172 966 2471 1036 maxime
2517 966 2900 1048 attendenS,
2954 970 3121 1055 qui-

571 1058 706 1127 bus
752 1057 1082 1126 virtutum
1118 1059 1543 1127 ornamentis
1592 1057 1951 1147 Apostolus
1982 1056 2105 1147 (ad
2144 1057 2263 1125 Tit.
2305 1056 2362 1144 1)
2389 1055 2819 1125 describebat
2851 1056 3124 1146 episco-

574 1169 743 1238 pum
793 1145 1190 1215 decoratum
1235 1168 1387 1217 esse
1432 1146 1705 1216 debere.
1760 1150 2021 1214 Harum
2072 1144 2400 1214 virtutum
2441 1144 2536 1213 ita
2583 1145 2838 1213 vicaria
2888 1146 3128 1216 uteba·

572 1247 686 1305 tur
732 1235 1189 1312 successione,
1223 1247 1299 1303 ut
1329 1236 1465 1304 nisi
1497 1233 1878 1304 inevitabili
1912 1233 2212 1322 alicujus
2245 1233 2670 1303 necessitatis
2697 1233 2990 1304 articulo
3019 1235 3127 1304 in-

575 1323 977 1403 tercedente,
1035 1322 1309 1393 nullum
1368 1337 1642 1414 tempus
1693 1322 1984 1393 transire
2032 1323 2286 1393 sineret
2331 1322 2657 1403 otiosum,
2703 1344 2841 1409 quo
2887 1324 3124 1395 minus

571 1425 690 1482 aut
736 1411 1028 1481 orationi
1075 1412 1459 1494 insisteret,
1523 1424 1644 1482 aut
1713 1411 1990 1481 lectioni
2037 1432 2317 1500 operam
2358 1409 2596 1480 daret:
2653 1411 2890 1497 sicque
2947 1434 3117 1503 pene

573 1523 847 1589 semper
891 1499 1140 1591 optatis
1191 1502 1440 1571 Rachel
1497 1501 1934 1589 amplexibus
1982 1512 2308 1580 uteretur,
2368 1499 2502 1569 nisi
2545 1499 2700 1568 Liae
2748 1501 3115 1591 interposi·

571 1591 754 1659 tione
800 1589 1074 1658 interim
1108 1612 1148 1659 a
1184 1602 1407 1659 tantae
1455 1589 1838 1661 sedulitatis
1884 1589 2251 1658 dulcedine
2300 1589 2870 1677 suspenderetur.
2944 1591 3127 1660 Sub--

571 1691 767 1747 erant
824 1679 887 1747 ei
941 1700 1148 1747 curae
1198 1680 1534 1753 maximae
1582 1679 1669 1748 de
1719 1676 2122 1767 reparandis
2185 1676 2515 1746 ecclesiae
2566 1678 2808 1758 muris,
2864 1677 2950 1747 de
3006 1702 3115 1749 re-

574 1767 1025 1837 aedificandis
1070 1766 1437 1837 domorum
1473 1791 1552 1836 ac
1602 1767 1824 1857 ipsius
1869 1766 2161 1835 civitatis
2209 1764 2545 1834 aedificiis
2578 1788 2755 1852 quae
2815 1768 2945 1836 sub
2990 1790 3116 1836 an-

573 1867 994 1943 tecessorum
1044 1877 1332 1927 suorum
1383 1857 1810 1946 temporibus
1854 1867 1975 1925 aut
2015 1853 2233 1924 nimia
2279 1867 2611 1924 vetustate
2657 1855 2947 1946 dilapsa,
2980 1870 3105 1927 aut

575 1946 737 2034 igne
783 1944 1054 2015 fuerant
1089 1957 1522 2035 consumpta.
1570 1945 1697 2014 Sed
1731 1954 1796 2013 et
1842 1943 2105 2014 familia
2131 1943 2434 2012 maxima
2465 1965 2544 2012 ex
2581 1957 2771 2044 parte
2818 1966 2854 2013 a
2906 1967 2989 2035 pa
3043 1968 3114 2014 a-

574 2034 685 2103 nis
739 2034 990 2111 occisa,
1041 2045 1106 2103 et
1155 2055 1314 2124 pars
1360 2055 1536 2119 quae
1585 2044 2027 2112 remanserat,
2079 2045 2376 2122 egestate
2426 2033 2718 2101 nimium
2761 2047 2905 2102 erat
2938 2057 2980 2103 a
3062 2035 3118 2103 i-

571 2136 702 2191 cta.
749 2128 935 2191 Inter
981 2122 1149 2191 haec
1179 2122 1589 2192 venerabilis
1630 2123 1853 2203 heros,
1905 2121 2129 2210 coepit
2175 2124 2377 2190 cauta
2428 2122 2678 2191 mentis
2729 2123 3117 2192 intentione

574 2210 1130 2301 circumspicere,
1189 2211 1539 2301 providam
1588 2211 1901 2280 omnium
1949 2231 2189 2280 curam
2240 2230 2508 2299 gerere:
2562 2232 2642 2279 ac
2690 2210 2985 2301 sapienti
3041 2235 3124 2282 u-

574 2322 695 2368 sus
742 2299 1055 2380 consilio,
1112 2299 1582 2369 materialibus
1614 2299 1898 2387 quidem
1929 2298 2264 2368 aedificiis
2297 2298 2671 2387 prudentes
2697 2320 2776 2366 ac
2825 2299 3116 2371 idoneos

574 2387 939 2477 magistros
1037 2386 1348 2459 raefecit:
1420 2389 1567 2478 ipse
1632 2409 1787 2457 vero
1852 2387 2052 2474 quasi
2114 2386 2393 2478 sapiens
2456 2387 2893 2468 architectus,
2948 2411 3115 2459 cum

570 2476 885 2567 Apostolo
933 2481 975 2547 C
1032 2477 1274 2548 ristum
1323 2477 1856 2548 fundamentum
1907 2476 2156 2567 posuit,
2223 2497 2433 2565 super
2478 2476 2658 2564 quod
2722 2476 3117 2549 aedificavit

570 2588 846 2646 aurum,
903 2579 1288 2656 argentum,
1343 2566 1606 2658 lapides
1660 2566 2025 2656 pretiOSOS‚
2084 2578 2149 2634 et
2203 2578 2468 2634 caetera
2517 2565 2962 2654 hujusmodi:
3035 2580 3114 2638 ut

563 2667 963 2727 sanctarum
1011 2656 1404 2725 animarum
1444 2654 1828 2725 aedificatio
1858 2710 1873 2736 ‚
1936 2676 2057 2744 per
2104 2655 2254 2743 ejus
2305 2653 2881 2754 praedicationem
2932 2677 3110 2726 con-

564 2755 845 2823 structa,
882 2757 1214 2813 cresceret
1261 2744 1329 2812 in
1382 2743 1716 2834 templum
1756 2757 2075 2812 sanctum
2135 2749 2441 2830 Domino.
2497 2748 2574 2812 Et
2618 2765 3109 2833 quoscumque

564 2831 650 2902 ad
705 2827 835 2902 'tale
878 2832 1273 2902 aedificium
1312 2833 1511 2900 verbo
1563 2845 1627 2900 et
1674 2831 1986 2921 exemplo
2038 2834 2489 2921 praeparabat
2536 2846 2802 2901 caetera
2853 2834 3108 2903 huma-

564 2921 800 2991 nitatis
846 2919 1093 2999 officiffi
1136 2932 1336 3010 prout
1383 2920 1483 2988 illi
1517 2918 1807 2990 facultas
1845 2922 2274 3011 suppetebat,
2313 2920 2635 3010 praebere
2667 2943 2801 2990 non
2835 2921 3116 2992 desine-

566 3011 707 3090 bat,
748 3031 883 3079 non
919 3009 1139 3080 solum
1192 3009 1300 3078 his
1343 3010 1464 3095 qui
1515 3023 1904 3099 praesentes
1953 3010 2237 3079 aderant
2265 3030 2549 3078 manum
2595 3010 3116 3081 misericordiae

572 3097 1009 3188 porrigendo,
1049 3118 1286 3166 verum
1324 3097 1527 3165 etiam
1575 3098 1676 3167 eis
1714 3099 1834 3186 qui
1867 3098 2298 3188 aegritudine
2349 3099 2697 3188 praeventi
2744 3099 2846 3169 vel
2885 3122 3125 3170 carce-

574 3187 772 3257 ribus
820 3185 1075 3255 inclusi
1124 3185 1323 3276 longe
1372 3186 1654 3255 aberant
1703 3187 2185 3257 ministrando.

665 3278 701 3362 §
766 3280 860 3345 6.
913 3273 1096 3344 Nulli
1143 3274 1373 3361 itaque
1407 3297 1680 3355 avaruS,
1726 3276 2054 3347 omnibus
2099 3275 2317 3345 extitit
2362 3275 2624 3365 larguS,
2678 3275 2773 3346 ita
2817 3288 2897 3346 ut
2936 3275 3118 3348 illud

572 3362 750 3433 beati
800 3362 938 3432 Job
991 3375 1215 3453 posset
1261 3363 1527 3431 dicere:
1581 3366 1957 3434 Benedictio
1984 3365 2280 3455 perituri
2301 3387 2504 3454 super
2539 3387 2644 3433 me
2681 3367 3009 3446 veniebat,
3049 3378 3117 3435 et

570 3476 683 3520 cor
710 3453 959 3521 viduae
984 3455 1364 3521 consolatus
1400 3475 1571 3521 sum.
1632 3458 1709 3522 Et
1757 3453 1963 3544 paulo
1997 3465 2185 3542 post:
2240 3456 2486 3523 Oculus
2511 3455 2622 3542 sui
2645 3477 2860 3535 caeco,
2896 3465 2959 3523 et
2979 3478 3105 3544 pes

573 3542 846 3611 claudo:
877 3551 1074 3631 pater
1104 3563 1290 3609 eram
1312 3564 1716 3632 pauperum.
1767 3547 1843 3610 Et
1890 3542 2184 3611 iterum:
2237 3544 2514 3612 Flebam
2536 3543 2874 3633 quondam
2899 3566 3107 3632 super

571 3652 724 3698 eum
792 3632 916 3720 qui
968 3631 1262 3719 afflictus
1317 3639 1507 3698 erat.
1580 3642 1643 3698 et
1717 3632 2247 3720 compatiebatur
2309 3633 2544 3700 anima
2613 3654 2765 3701 mea
2813 3635 3114 3723 pauperi

568 3717 718 3807 (Job
770 3718 970 3805 xxix).
1035 3717 1222 3786 Unde
1268 3717 1338 3786 in
1404 3717 1769 3790 refectione
1826 3719 2230 3806 quotidiana
2297 3740 2570 3810 semper
2628 3720 2780 3810 ejus
2829 3742 3112 3791 mensae

570 3806 783 3876 chara
815 3807 948 3877 sibi
997 3805 1321 3877 intererat
1367 3828 1751 3898 pauperum
1803 3808 2030 3889 turba,
2084 3829 2296 3894 quam
2325 3819 2392 3878 et
2437 3809 2626 3877 victu
2662 3809 2867 3899 pavit,
2904 3821 2971 3878 et
3004 3809 3118 3878 in-

569 3894 925 3966 dumentis
975 3895 1262 3967 vestivit.
1317 3896 1633 3986 Seipsum
1666 3918 1823 3968 vero
1854 3896 2072 3966 nimia
2103 3895 2561 3968 maceratione
2598 3897 2981 3988 castigavit,
3022 3898 3123 3969 ita

566 3994 646 4053 ut
692 4005 972 4053 carnem
1027 4005 1164 4055 non
1215 3984 1688 4067 manducaret,
1740 3998 1807 4056 et
1852 3985 2274 4056 intrinsecus
2318 4008 2533 4076 super
2579 3986 2839 4056 nudam
2887 3998 3119 4056 cutem

569 4071 841 4142 laneam
879 4083 1128 4142 vestem
1173 4085 1493 4164 portaret,
1536 4073 1710 4143 illud
1743 4079 1786 4143 Α
1840 4075 2041 4145 ostoli
2086 4095 2294 4164 opere
2326 4074 2800 4165 proclamans:
2849 4079 3122 4166 Caseiqo

565 4183 807 4252 corpus
835 4184 1058 4231 meum
1088 4172 1151 4230 et
1182 4164 1254 4231 in
1277 4165 1665 4232 seruitutem
1692 4165 1766 4232 re
1815 4165 1948 4253 iqo,
1985 4186 2069 4233 ne
2096 4165 2270 4252 sorte
2299 4186 2451 4233 cum
2482 4165 2645 4234 aliis
2691 4163 3127 4253 praedicave-

565 4251 723 4332 rim,
762 4253 906 4341 ipse
942 4251 1263 4341 reprobus
1309 4251 1584 4408 efficiar.
1621 4256 1700 4321 Et
1738 4264 1936 4322 nocte
1981 4251 2265 4339 quidem
2313 4251 2387 4321 in
2435 4252 2742 4323 oratione
2792 4252 3112 4344 pervigil,

571 4339 883 4430 seipsum
932 4339 1004 4408 in
1054 4360 1175 4408 ara
1222 4360 1339 4408 cor
1392 4339 1451 4407 is
1507 4362 1627 4430 per
1699 4340 2030 4412 orationis
2094 4339 2324 4411 studia
2387 4341 2748 4412 mactavit:
2800 4340 2910 4411 die
2961 4363 3122 4412 vero

631 4467 691 4516 (a)
720 4467 896 4518 Nempe
912 4438 1152 4518 Augusti-e
1170 4463 1523 4507 Vindelicum
1540 4466 1829 4519 (Auqnboura)
1847 4466 1900 4509 tn
1919 4466 2101 4509 Brevin.
