3327 4999
158 346 414 413 MART.
470 346 552 411 te
959 366 1036 412 nn:
1084 366 1142 412 s.
1195 366 1472 413 ummo
1519 362 1916 414 conrnssonr.
2489 346 2605 412 30⁴

162 448 390 541 gratia
452 447 762 536 undique
809 448 881 518 in
930 472 1008 519 eo
1054 450 1388 530 florebat,
1459 449 1799 520 internam
1863 447 2080 518 animi
2147 447 2705 518 constitutionem

164 537 456 630 perfecte
520 539 858 629 aperiens,
924 540 1157 607 Merito
1222 551 1448 608 autem
1518 537 1981 608 admirabitur
2036 537 2381 628 quispiam
2431 538 2581 627 ejus
2628 536 2702 606 in

167 626 657 697 certaminibus
721 626 1189 697 fortitudinem
1239 638 1304 698 et
1360 628 1843 697 constantiam.
1907 631 2071 696 Nam
2113 646 2274 696 cum
2322 636 2479 694 ante
2530 646 2709 695 mor-

172 728 305 786 tem
362 717 722 787 continuos
789 715 1296 807 quinquaginta
1342 738 1560 785 annos
1608 715 2016 806 transegerit
2073 715 2141 783 in
2201 713 2702 796 exercitatione,

170 826 550 891 numquam
626 805 922 874 molliter
981 817 1101 875 aut
1164 827 1236 874 se
1291 805 1464 874 niter
1531 826 1901 896 aggressus
1963 814 2065 872 est
2127 801 2434 875 labores,
2486 824 2710 890 neque

174 893 539 981 quicquam
614 893 881 963 remisit
939 893 1025 964 de
1091 894 1153 962 ei
1202 828 1288 963 εἰ
1346 893 1540 963 initio
1605 893 1855 963 tradita
1916 891 2155 983 regula
2203 891 2702 961 abstinentiae:

174 982 283 1052 sed
333 981 620 1072 perinde
667 1005 745 1051 ac
795 983 850 1051 si
902 982 1247 1074 spiritales
1294 982 1563 1053 labores
1612 1004 1849 1053 recens
1882 981 2277 1071 attingeret,
2314 981 2405 1050 ita
2441 980 2524 1050 ad
2560 1001 2709 1050 cer—

172 1070 427 1140 tamina
475 1069 845 1141 accedebat
889 1071 1217 1158 quotidie,
1273 1072 1575 1161 seipsum
1631 1070 1698 1138 in
1750 1071 2307 1159 diesfsuperans.
2373 1075 2513 1140 Non
2564 1081 2710 1139 erat

168 1170 391 1230 autem
469 1158 582 1228 Dei
644 1160 925 1229 omnino
975 1161 1404 1251 permittere,
1458 1171 1534 1229 ut
1583 1159 1736 1230 talis
1785 1160 1904 1230 lux
1963 1160 2095 1228 sub
2144 1157 2373 1228 modio
2440 1158 2700 1227 lateret:

164 1269 387 1335 neque
437 1247 588 1317 fieri
636 1261 919 1339 poterat,
981 1262 1059 1318 ut
1116 1248 1237 1337 qui
1283 1260 1429 1318 erat
1488 1248 1915 1338 hujusmodi,
1951 1261 2016 1317 et
2065 1246 2349 1338 perinde
2399 1270 2477 1317 ac
2520 1247 2709 1317 clara

163 1336 506 1424 quaedam
569 1350 635 1407 et
692 1336 980 1407 illustris
1042 1337 1319 1419 civitas,
1384 1336 1595 1407 veluti
1675 1336 1743 1405 in
1806 1337 2105 1424 quodam
2169 1348 2399 1405 monte
2470 1357 2704 1405 rerum

161 1427 626 1495 maximarum
677 1439 741 1496 et
790 1425 1254 1517 pulcherrime
1302 1439 1691 1517 gestarum,
1750 1426 2016 1516 positus
2073 1438 2256 1504 erat,
2325 1424 2704 1495 absconde-

163 1527 374 1585 retur.
451 1518 580 1583 Nec
626 1536 788 1583 ero-o
836 1514 965 1582 fuit
1010 1516 1414 1585 absconsus.
1485 1514 1610 1584 Sed
1673 1513 2017 1601 quomodo
2079 1535 2301 1603 nuper
2364 1513 2513 1603 ipse
2575 1518 2702 1582 Do-

161 1603 401 1673 minus
434 1603 705 1693 discipu
742 1604 819 1683 is,
873 1603 967 1672 ita
1013 1604 1215 1673 etiam
1261 1625 1446 1674 nunc
1493 1603 1773 1672 illorum
1821 1603 2152 1672 imitatori
2203 1602 2505 1693 desuper
2535 1623 2702 1692 apo-

164 1691 485 1762 stolicum
538 1692 902 1761 committit
953 1692 1437 1773 ministerium,
1475 1703 1540 1761 et
1597 1692 1750 1782 ejus
1804 1692 2091 1761 honorat
2146 1690 2470 1761 virtutem
2525 1690 2711 1760 chri-

170 1792 383 1851 smate
432 1780 821 1860 sacerdotii,
857 1793 921 1850 et
954 1781 1326 1851 sudoribus
1375 1781 1790 1852 monasticae
1836 1779 2337 1850 exercitationis
2383 1779 2706 1850 athletica

167 1869 370 1938 etiam
420 1869 801 1938 certamina
838 1869 1174 1959 adjungit,
1228 1881 1292 1937 et
1342 1868 1696 1939 laboribus
1743 1869 2199 1941 abstinentiae
2245 1882 2510 1959 praeter
2557 1869 2706 1959 opi-

167 1958 442 2027 nionem
494 1970 560 2026 et
591 1957 1090 2028 admirabiliter
1126 1958 1427 2027 annectit
1457 1980 1746 2028 coronas
1782 1957 2119 2047 martyrii.
2150 1963 2463 2039 Quonam
2498 1957 2704 2026 modo

167 2058 420 2126 autem,
478 2046 805 2137 deinceps
851 2067 1211 2137 exponam.

254 2137 290 2221 §
334 2139 411 2204 θ.
468 2135 847 2225 Lampsaci,
899 2135 1083 2222 quod
1131 2146 1231 2205 est
1275 2133 1612 2225 oppidum
1663 2133 1751 2202 ad
1801 2134 2347 2226 Hellespontum,
2381 2146 2524 2204 erat
2553 2132 2708 2221 qui-

171 2221 328 2289 dam
380 2245 675 2314 magnus
714 2224 932 2304 vicuS,
972 2236 1036 2293 et
1066 2222 1387 2310 frequens
1422 2222 1704 2313 popu10,
1742 2223 1862 2310 qui
1896 2234 2171 2292 vocatur
2203 2223 2476 2292 Taenia.
2529 2228 2707 2306 Quo-

176 2310 364 2380 niam
411 2326 634 2381 autem
685 2313 808 2400 qui
856 2313 925 2381 in
975 2334 1054 2382 eo
1099 2311 1249 2382 vico
1300 2311 1745 2393 habitabant,
1798 2312 2204 2382 tenebantur
2248 2334 2290 2382 a
2353 2312 2543 2403 gravi
2598 2333 2708 2382 er-

180 2417 328 2465 rore
368 2401 753 2490 gentilium,
807 2423 1057 2491 magna
1105 2400 1385 2488 quidem
1439 2400 1808 2470 multitudo
1848 2401 2310 2482 sacerdotum,
2364 2414 2428 2470 et
2474 2399 2707 2469 diaco-

184 2508 421 2586 norum
469 2491 557 2559 ab
604 2490 925 2582 episcopo
973 2490 1058 2560 ad
1106 2512 1221 2560 eos
1272 2490 1707 2560 mittebatur:
1763 2489 2050 2582 plurimi
2124 2511 2397 2577 quoque
2463 2510 2544 2559 ex
2591 2489 2700 2569 iis,

183 2595 297 2661 qul
343 2578 544 2648 vitam
610 2594 1054 2671 susceperant
1112 2580 1605 2660 monasticam,
1660 2580 1747 2649 ab
1809 2602 1888 2649 eo
1935 2580 2287 2649 constituti
2332 2591 2528 2648 erant
2573 2578 2706 2647 vici

183 2666 509 2764 magistri.
565 2668 689 2736 Sed
745 2689 944 2738 nemo
991 2684 1107 2737 eos
1154 2681 1416 2760 poterat
1461 2680 1849 2738 convertere
1887 2670 1975 2739 ab
2013 2689 2262 2738 errore:
2315 2667 2530 2736 immo
2571 2667 2724 2757 piis.

175 2764 395 2843 potius
462 2756 567 2825 illi
618 2757 1000 2827 inferebant
1049 2771 1379 2827 tormenta
1427 2768 1492 2827 et
1551 2757 1943 2857 supplicia,
2021 2779 2240 2845 neque
2287 2768 2431 2825 erat
2477 2754 2704 2826 ullum

172 2863 421 2932 poenae
471 2867 717 2936 genuS,
770 2846 954 2934 quod
1013 2868 1148 2914 non
1200 2847 1596 2916 terribiliter
1641 2868 1741 2915 ets
1791 2847 2261 2916 intentaretur.
2325 2850 2490 2916 Cum
2544 2865 2707 2934 ergo

174 2929 515 3006 dubitaret
555 2936 956 3026 Episcopus,
1008 2935 1342 3022 quidnam
1392 2937 1730 3025 oporteret
1777 2935 2020 3015 facere,
2064 2949 2140 3004 ut
2184 2935 2305 3022 qui
2353 2933 2699 3015 errabant,

172 3040 465 3092 errorem
518 3036 989 3114 agnoscerent,
1027 3040 1093 3096 et
1125 3045 1266 3093 rem
1309 3022 1685 3110 aliquando
1733 3046 1892 3094 curn
1944 3023 2091 3094 suis
2137 3022 2703 3103 communicaret,

172 3111 348 3179 venit
394 3113 497 3181 eis
546 3112 818 3181 interim
872 3112 941 3181 in
979 3124 1273 3181 mentem
1323 3112 1624 3182 Abramii
1676 3112 2131 3182 admirabilis.
2185 3118 2356 3182 Tum
2406 3133 2543 3181 non
2593 3133 2709 3180 ex-

171 3210 449 3287 pectans
499 3201 648 3291 ipse
695 3200 989 3271 aliorum
1039 3200 1123 3269 de
1168 3222 1246 3270 eo
1296 3200 1706 3281 testimonia,
1760 3201 1861 3270 eis
1910 3201 2138 3270 statim
2173 3201 2492 3281 ostendit,
2538 3199 2709 3287 quid

174 3285 253 3355 de
297 3288 416 3358 illo
478 3302 656 3360 esset
703 3288 836 3359 sibi
885 3311 1331 3379 persuasum,
1387 3289 1663 3358 dicens:
1715 3312 1752 3355 «
1795 3289 2056 3360 Credite
2105 3289 2318 3370 mibi,
2384 3289 2552 3370 filii,
2605 3289 2709 3358 di-

173 3386 361 3445 cturo
409 3390 578 3449 teste
626 3379 937 3460 veritate,
990 3378 1175 3466 quod
1243 3379 1315 3446 in
1365 3390 1501 3448 tota
1563 3378 1704 3447 vita
1765 3399 2147 3465 numquam
2199 3378 2373 3448 mibi
2420 3377 2709 3469 contigit

173 3463 396 3535 videre
443 3466 648 3536 talem
701 3468 949 3550 virum,
1001 3482 1067 3537 et
1112 3467 1233 3554 qui
1284 3467 1350 3536 in
1406 3478 1589 3537 tanta
1637 3468 1885 3537 virtute
1933 3468 2183 3538 viveret
2230 3479 2296 3537 et
2353 3467 2621 3558 pietate.
2671 3488 2709 3533 »

177 3553 335 3621 Cum
402 3556 451 3625 ii
510 3567 784 3638 autem,
838 3578 1014 3644 quae
1079 3557 1165 3626 ab
1228 3557 1379 3646 ipso
1440 3555 1623 3625 dicta
1682 3555 1988 3638 fuerant,
2041 3578 2182 3626 una
2243 3577 2406 3625 voce
2461 3555 2711 3625 confir-

176 3656 497 3725 massent,
551 3646 699 3736 ipse
747 3666 1022 3715 rursus:
1060 3667 1096 3712 «
1130 3645 1345 3725 Venit,
1394 3645 1641 3731 inquit,
1681 3645 1850 3714 mibi
1903 3645 1969 3713 in
2022 3656 2319 3713 mentem
2367 3643 2710 3731 quaedam

174 3730 527 3821 cogitatio:
579 3756 658 3803 ea
702 3745 805 3803 est
851 3746 1105 3815 autem,
1162 3745 1239 3804 ut
1286 3733 1601 3815 arbitror,
1655 3733 2023 3804 divinioris
2072 3731 2434 3823 cujusdam
2487 3732 2713 3834 provi-

175 3815 460 3902 dentiae,
515 3843 673 3892 eum
726 3823 996 3892 initiare
1044 3823 1424 3894 chrismate
1476 3821 1872 3898 Sacerdotii.
1911 3836 1977 3893 et
2023 3822 2086 3891 ei
2136 3820 2400 3891 tradere
2448 3842 2705 3903 vicum,

177 3907 287 3990 qui
334 3923 436 3981 est
474 3911 558 3980 ad
611 3910 1154 4002 Hellespontum.
1208 3916 1401 3981 Forte
1450 3911 1719 4001 poterit,
1772 3932 1970 4001 opem
2023 3915 2325 4012 superna
2354 3910 2417 3980 ei
2460 3909 2713 3980 ferente

180 3999 409 4081 gratia,
464 4012 530 4068 et
579 3999 833 4071 multos
880 4000 1219 4071 deducere
1261 3999 1346 4070 ad
1397 3999 1815 4102 agnitionem
1867 4000 2246 4069 veritatis.»
2280 4003 2461 4069 Haec
2509 3999 2706 4081 dixit,

184 4093 315 4182 eloe
358 4088 690 4158 cathedra
735 4090 965 4159 statim
1015 4111 1307 4181 surgens
1339 4094 1742 4181 Eplscopus.
1795 4089 1983 4158 vadit
2031 4087 2119 4158 ad
2169 4087 2447 4158 beatum
2499 4087 2709 4158 Abra-

184 4187 389 4245 mmm
441 4200 600 4246 cum
652 4178 972 4248 universo
1020 4177 1224 4247 clero,
1293 4184 1370 4248 Et
1405 4179 1552 4271 jam
1602 4176 1822 4247 solitis
1868 4177 2074 4248 dictis
2141 4178 2462 4269 precibus
2529 4186 2714 4268 post-

181 4275 375 4343 quam
426 4287 584 4335 eum
638 4267 708 4335 in
750 4267 1011 4337 Christo
1060 4266 1441 4350 salutasset,
1493 4278 1560 4338 et
1604 4266 1923 4338 osculum
1971 4266 2293 4350 dedisset,
2337 4267 2423 4336 de
2464 4266 2611 4336 vico
2648 4265 2713 4335 ei

180 4354 452 4443 exponit
498 4357 751 4426 omnia.
806 4361 1156 4426 Praeterea
1202 4369 1430 4425 autem
1479 4378 1635 4425 eum
1687 4375 1963 4444 quoque
2020 4355 2217 4425 valde
2262 4355 2570 4447 rogavit,
2635 4365 2715 4425 ut

180 4432 448 4509 illorum
500 4445 874 4536 susciperet
923 4445 1448 4541 praefecturam.
1484 4444 1606 4516 Ille
1653 4466 1811 4516 vero
1858 4466 2020 4517 cum
2070 4445 2378 4536 primum
2427 4443 2709 4533 quidem
