3327 4999
230 365 492 430 MART.
528 366 570 429 5
622 384 696 430 m·
746 366 812 430 6.
2629 361 2712 426 35

927 518 1052 618 DE
1101 519 1182 619 S.
1237 518 1575 619 PHOCA
1634 516 2124 619 MARTYRE

489 777 567 823 Ex
618 777 674 822 s.
731 773 1043 824 cnscomo
1090 776 1407 824 TURONEN.
1464 778 1543 823 nn
1591 772 1824 823 choum
1872 774 2217 822 marram!
2265 772 2406 823 cst.
2466 756 2550 819 99

926 974 1172 1031 Aetate
1210 969 1490 1030 incerta.
1541 1003 1617 1015 —
1658 974 1818 1031 Nat.
1868 974 2108 1039 Syrus.

306 1168 587 1237 Phocas
630 1167 965 1256 (quoque)
1009 1179 1294 1257 martyr,
1346 1178 1412 1237 et
1461 1167 1608 1257 ipse
1656 1166 1769 1238 his
1818 1165 2243 1255 martyribus
2292 1165 2573 1256 regione
2622 1186 2793 1235 con·

207 1257 545 1346 junctuS,
601 1256 785 1346 apud
838 1256 1106 1356 Syriam
1156 1256 1548 1342 requiescit:
1599 1255 1722 1342 qui
1772 1266 1924 1346 post
1974 1254 2252 1333 multas,
2287 1276 2464 1342 quas
2500 1276 2626 1344 pro
2670 1275 2795 1323 no-

212 1346 418 1414 mine
472 1343 947 1434 Redemptoris
993 1356 1095 1413 est
1156 1366 1404 1434 passus
1464 1344 1805 1434 injuriam,
1862 1342 2159 1430 qualiter
2207 1343 2291 1412 de
2338 1341 2625 1429 antiquo
2675 1342 2796 1412 illo

211 1445 551 1524 serpente
601 1432 1147 1533 triumphaverit,
1186 1432 1525 1520 hodieque
1564 1430 1838 1523 populis
1893 1430 2309 1501 declaratur.
2380 1431 2687 1518 Denique
2732 1432 2789 1501 si

212 1523 285 1590 in
339 1522 753 1611 quempiam
805 1543 874 1590 in
925 1521 1034 1590 his
1083 1521 1253 1592 locis
1300 1521 1586 1591 coluber
1634 1542 1945 1591 morsum
1983 1520 2332 1609 stringens
2365 1541 2631 1590 venena
2660 1518 2795 1587 dif-

211 1610 512 1687 fuderit,
564 1610 905 1700 extemplo
951 1610 1070 1695 qui
1124 1631 1500 1699 percussus
1547 1622 1673 1689 est,
1727 1615 1803 1678 'ut
1840 1609 2132 1699 Januam
2186 1609 2368 1686 atrii,
2424 1630 2563 1695 quo
2616 1630 2797 1678 mar-

212 1712 328 1787 tyr
375 1698 703 1784 quiescit,
741 1698 1061 1787 attigerit,
1097 1718 1495 1788 compresso
1530 1710 1820 1776 tumore,
1861 1709 2191 1767 evacuata
2225 1696 2473 1767 virtute
2516 1696 2786 1778 veneni,

215 1789 562 1857 salvatur.
609 1792 700 1855 Ex
744 1786 1003 1872 quibus
1054 1786 1399 1869 nonnulli,
1453 1796 1530 1855 ut
1578 1786 1846 1856 celebre
1893 1786 2253 1887 vulgatum
2305 1796 2430 1865 est,
2487 1784 2629 1875 jam
2683 1798 2794 1855 tu-

215 1876 400 1944 midi
480 1874 703 1943 malae
751 1876 1009 1945 bestiae
1070 1875 1253 1955 ictu,
1297 1876 1447 1965 jam
1498 1885 1635 1944 toto
1681 1896 1968 1964 corpore
2021 1886 2450 1944 incrassante
2499 1894 2788 1953 venene,

218 1965 286 2031 in
342 1965 482 2032 hoc
534 1964 797 2053 perflati
844 1975 921 2034 ut
968 1964 1293 2053 spiritum
1343 1962 1768 2042 exhalarent,
1821 1964 2002 2032 inter
2050 1984 2303 2032 manus
2351 1961 2586 2042 delati,
2623 1962 2785 2031 etin

216 2053 400 2122 atrio
502 2052 682 2132 ositi,
737 2065 899 2121 sunt
948 2053 1193 2121 sanati:
1250 2073 1373 2120 nec
1422 2073 1735 2138 unquam
1787 2051 1874 2120 ob
1923 2051 2054 2121 hoc
2104 2053 2294 2120 virus
2333 2051 2526 2120 obire
2561 2051 2789 2119 homi-

220 2163 382 2209 nem
468 2163 545 2209 as
592 2153 714 2222 est,
768 2142 825 2212 si
875 2162 1150 2212 sacrum
1201 2140 1413 2210 limen
1463 2139 1600 2208 fide
1649 2139 1898 2229 plenus
1948 2140 2248 2229 attigerit
2280 2139 2338 2207 *.

790 2359 1046 2534 'vni
1097 2434 1178 2534 S.
1250 2432 1701 2535 comm
1754 2430 2216 2536 vinantis

216 2686 514 2735 Aceronia
553 2686 873 2734 srssrnuo
912 2686 1211 2745 amuco,
1254 2688 1406 2735 mus
1438 2686 2001 2736 coarsuroamso.
2057 2687 2186 2733 mn
2219 2685 2380 2733 veno
2416 2685 2493 2733 on
2534 2686 2773 2733 mmm

310 2793 775 2841 raouxrnrssx
812 2793 999 2843 Lina.
1037 2794 1267 2841 somus
1314 2793 1566 2841 murno
1615 2794 1806 2842 srvio
1838 2793 1907 2841 ιΝ
1949 2793 2355 2842 comanorum
2387 2792 2697 2851 aennon,

310 2902 433 2948 sm)
480 2900 725 2956 Ansom:
774 2899 1111 2948 inst-omia
1158 2900 1554 2948 nnrnmmro
1600 2878 1698 2947 ⁴⁵⁴⁸.

1103 3096 1300 3153 Vixit
1341 3111 1381 3153 a
1422 3099 1585 3152 1380
1628 3098 1718 3154 ad
1759 3099 1938 3154 1447.

310 3282 352 3366 ξ
399 3286 474 3353 1.
556 3277 936 3348 Mirabilem
987 3278 1263 3348 divinae
1309 3279 1728 3370 cognitionis
1792 3279 2087 3370 gratiam
2136 3277 2432 3348 contulit
2481 3277 2781 3367 Spiritus

221 3374 540 3447 SanctuS,
584 3366 769 3436 fideli
818 3366 1116 3437 ancillae
1164 3389 1330 3437 suae
1369 3368 1631 3438 Coletae
1662 3368 1792 3450 Ἣ,
1829 3367 2016 3457 apud
2057 3367 2413 3437 Corbe'am
2448 3367 2519 3434 in
2557 3365 2783 3435 Picar-

222 3457 364 3536 dia‚
423 3468 612 3547 patre
658 3456 952 3524 Roberto
1000 3469 1065 3525 et
1114 3467 1332 3526 matre
1382 3461 1780 3547 Margareta,
1835 3455 2137 3525 foemina
2184 3390 2383 3524 valde
2432 3452 2777 3544 religiosa,

221 3545 470 3614 editae:
528 3544 734 3630 idque
781 3544 985 3613 etiam
1029 3544 1100 3612 in
1135 3555 1353 3614 aetate
1392 3545 1787 3614 tenerrima.
1826 3550 1994 3615 Cum
2044 3544 2231 3614 enirn
2280 3543 2650 3630 quadrlma
2679 3564 2785 3611 es-

223 3645 371 3712 set,
433 3644 698 3724 praeter
742 3653 1184 3702 communem
1238 3644 1523 3703 naturae
1570 3655 1779 3704 usum
1817 3688 1854 3716 ‚.
1891 3633 2116 3723 coepit
2162 3633 2276 3701 ita·
2307 3645 2603 3700 mentem
2654 3630 2782 3698 ha-

220 3722 385 3791 here
431 3721 519 3790 ad
566 3720 1123 3820 cognoscendum
1178 3727 1393 3792 Deum
1447 3722 1778 3812 perpetim
1830 3722 2209 3801 elevatam,
2266 3732 2342 3789 ut
2391 3719 2629 3789 nullus
2681 3718 2787 3786 vir

223 3811 534 3900 prudens
581 3809 815 3896 aliqua
865 3809 1125 3879 ratione
1221 3822 1402 3879 osset
1435 3811 1809 3901 ambigere,
1850 3810 2184 3879 divinitus
2233 3808 2303 3877 id
2354 3808 2456 3876 illi
2490 3830 2640 3879 esse
2681 3808 2788 3876 in·

222 3899 589 3989 spiratum.
647 3898 835 3967 Sicut
881 3911 1110 3967 autem
1208 3920 1245 3967 e
1293 3899 1695 3970 beatissimo
1727 3905 1994 3968 Joanne
2030 3897 2302 3967 Domini
2337 3918 2790 3987 praecursore

224 3986 543 4077 legimus,
600 4008 758 4054 eum
809 3987 1062 4057 teneris
1110 3988 1242 4057 sub
1290 3987 1518 4069 anniS‚
1572 3988 1832 4056 civium
1882 3986 2144 4088 fugisse
2191 3999 2492 4065 turmas,
2546 3997 2611 4054 et
2659 4006 2789 4053 an-

226 4088 327 4143 tra
383 4077 655 4164 petiisse
693 4075 982 4144 deserti:
1019 4076 1111 4145 ita
1151 4076 1357 4146 etiam
1408 4098 1488 4145 ex
1536 4076 1793 4145 ancilla
1833 4076 2080 4145 Christi
2130 4076 2406 4145 divinae
2451 4073 2790 4164 cognitio-

224 4163 339 4232 nis
388 4162 751 4254 multiplici
805 4168 1124 4254 percepta
1172 4164 1393 4256 gratia
1442 4165 1512 4232 in
1567 4165 1771 4233 annis
1820 4164 2249 4255 puerilibus,
2290 4163 2529 4254 fugere
2563 4161 2790 4251 coepti

285 4309 308 4328 ⁰
341 4308 535 4356 Inspice,
551 4309 738 4354 Lector,
758 4309 1160 4349 narratiunculam
1182 4310 1229 4349 et
1250 4309 1418 4350 Notum
1440 4309 1488 4348 in
1510 4309 1795 4349 Manrvaot..
1815 4310 2033 4350 Inuera.

280 4362 339 4387 ⁸*
358 4361 517 4401 Adhuc
536 4365 758 4407 attamen,
776 4371 918 4410 quam
937 4373 1022 4411 par
1042 4364 1300 4410 videretur,
1317 4364 1623 4413 prolixiorem
1643 4365 1694 4403 et
1713 4373 1798 4402 nos
1821 4365 1977 4404 denuo
1996 4366 2332 4408 contraximus,
2346 4365 2481 4412 parvi
2505 4364 2586 4402 ant
2609 4362 2792 4402 nullius

238 4417 465 4453 momenti
485 4416 627 4456 rebus
645 4427 669 4454 e
693 4416 847 4455 medio
865 4416 1079 4455 sublatis.

284 4467 367 4494 *¹⁸¹³
384 4469 448 4507 Ex
466 4470 683 4514 Nacozpcra.
704 4480 908 4519 apocope
930 4468 1138 4510 adhibita
1159 4479 1267 4510 cum
1287 4470 1572 4510 diminutivo
1597 4471 1804 4512 nominis
1825 4472 1869 4511 S.
1886 4472 2081 4515 Niconis,
2102 4472 2334 4511 foeminae
2355 4472 2515 4519 aptato
2541 4470 2790 4508 vocabulo.
