3327 4999
169 344 402 411 MART.
465 346 553 410 to
929 362 1009 409 nr.
1055 360 1506 418 quuaxcmrx
1553 361 1954 410 narramus
2518 347 2642 411 tos

170 443 486 513 Domine:
543 454 609 511 et
655 439 844 511 velut
872 442 1135 511 hostiae
1164 441 1466 512 viventes
1503 441 1624 510 tibi
1657 441 2029 532 placentes,
2068 454 2338 512 nosmet
2367 442 2496 512 hoc
2532 465 2733 514 saevo

169 532 314 623 gelu
361 532 818 602 immolantes
864 531 988 599 abs
1037 542 1102 599 te
1165 530 1613 620 recipiamur.
1684 530 2062 600 Pulchrum
2137 532 2420 617 quidem
2472 533 2736 602 sacrifi·

170 621 368 702 cium,
424 620 735 711 pulchra
766 618 1044 701 oblati0‚
1081 617 1456 710 pulchrum
1493 618 2022 689 holocaustum:
2078 641 2217 688 non
2274 620 2554 706 quidem
2609 643 2733 720 per

167 710 413 800 ignem,
474 708 598 779 sed
662 729 787 800 per
823 707 1044 799 frigus
1106 707 1648 797 absumptum.»
1698 712 1881 777 Haec
1940 708 1961 775 i
2018 709 2156 778 itur
2203 718 2269 777 et
2315 707 2425 779 his
2474 708 2736 778 similia

165 797 490 867 credibile
538 808 644 868 est
691 798 871 865 inter
915 819 987 867 se
1033 794 1312 875 dixisse,
1355 817 1436 864 ac
1486 817 1932 865 communem
2001 796 2280 866 aborem
2323 796 2395 865 in
2446 798 2735 867 Domino

165 885 405 956 solatos
456 907 638 956 esse.
675 884 898 954 Veluti
936 884 1313 971 quamdam
1347 884 1418 952 in
1467 884 1649 954 bello
1681 884 2069 955 custodiam
2104 886 2549 966 instruenteS,
2582 908 2736 956 eam

163 986 422 1044 noctem
460 996 707 1045 saevos
745 974 1098 1043 cruciatus
1147 972 1556 1042 sustinendo
1611 985 1817 1060 atque
1858 972 2156 1062 algendo
2256 975 2731 1056 raeterierunt‚

163 1075 421 1132 tantum
481 1084 610 1164 spe
640 1074 826 1131 certa
856 1061 1236 1151 gaudentes
1274 1072 1341 1130 et
1376 1061 1644 1131 hostem
1678 1063 2007 1132 continuo
2042 1061 2188 1131 deri
2244 1073 2456 1131 entes,
2504 1068 2734 1132 Unum

158 1164 295 1221 erat
331 1171 661 1220 nmmum
715 1162 986 1220 votum:
1041 1148 1515 1241 Quadraginta
1580 1149 1652 1218 in
1705 1150 2010 1220 stadium
2069 1151 2516 1232 intravimuS,
2582 1151 2736 1221 toti-

158 1240 306 1309 dem
361 1239 663 1309 Domine
713 1260 1005 1308 coronas
1053 1238 1302 1308 tribue.
1368 1243 1511 1307 Non
1581 1238 1759 1308 desit
1827 1260 2117 1308 numero
2171 1261 2297 1307 nec
2345 1262 2531 1308 unus
2578 1239 2736 1326 qui-

159 1328 334 1397 dem.
401 1328 798 1397 Pretiosum
848 1339 949 1396 est
1022 1339 1299 1418 tempus
1364 1326 1550 1413 quod
1607 1328 2073 1418 quadraginta
2138 1327 2413 1397 dierum
2461 1327 2735 1418 jejunio

158 1416 468 1496 ornasti,
527 1438 655 1507 per
700 1415 885 1502 quod
962 1414 1197 1484 divina
1272 1415 1376 1484 lex
1425 1416 1494 1483 in
1569 1416 1803 1485 orbem
1867 1416 2206 1486 transivit.
2262 1415 2738 1506 Quadraginta

159 1505 313 1574 item
365 1504 653 1574 dierum
716 1502 985 1593 jejunio
1035 1504 1218 1572 Elias
1269 1504 1640 1574 Dominum
1689 1505 2058 1591 exquirens
2089 1559 2105 1588 ,
2174 1504 2405 1574 videre
2453 1505 2729 1575 meruit.

155 1599 230 1662 Et
273 1594 502 1663 oratio
535 1592 822 1679 quidem
857 1613 1112 1661 eorum·
1149 1591 1370 1662 talis·
1918 1627 1933 1644 ·

239 1684 276 1769 ξ,
328 1685 413 1754 8.
473 1687 674 1751 Unus
729 1701 809 1749 ex
856 1701 1099 1750 eorum
1149 1702 1465 1760 numero,
1523 1680 1686 1749 inde
1750 1703 1872 1772 per
1920 1680 2138 1750 animi
2188 1682 2728 1752 inconstantiam

162 1767 710 1860 subterfugienS,
755 1790 1136 1837 moerorem
1187 1768 1394 1838 sociis
1446 1770 1830 1839 maximum
1879 1770 2180 1856 reliquit:
2217 1793 2343 1839 nec
2378 1782 2739 1861 propterea

161 1858 508 1928 Dominus
575 1879 814 1927 eorum
886 1868 1037 1927 vota
1096 1857 1335 1925 inania
1397 1858 1713 1948 permisit
1772 1879 1946 1929 esse.
2018 1864 2187 1928 Nam
2235 1881 2450 1949 prope
2499 1860 2736 1928 aderat

165 1946 450 2032 quidam
488 2001 503 2028 ‚
558 1947 675 2015 cui
721 1967 961 2015 eorum
1010 1946 1329 2015 custodia
1375 1945 1636 2016 credita
1682 1958 1785 2016 est
1814 2001 1835 2028 ,
1890 1948 1962 2015 in
2013 1947 2380 2037 gymnasio
2428 1948 2735 2034 quodam

162 2055 198 2102 e
241 2036 485 2104 vicino
533 2057 574 2103 a
620 2033 873 2124 frigore
923 2045 1255 2128 servatus,
1309 2045 1373 2103 et
1420 2035 1680 2103 exitum
1732 2037 1830 2104 rei
1878 2049 2269 2136 expectans,
2315 2047 2738 2125 paratusque

166 2135 535 2213 martyreS,
591 2122 649 2192 si
699 2123 820 2210 qui
870 2121 1218 2212 fugerent,
1289 2134 1366 2192 ut
1413 2122 1513 2191 eis
1562 2121 1747 2192 clare
1807 2122 2160 2214 pollicitus
2209 2123 2453 2204 suerat,
2507 2125 2581 2191 in
2636 2124 2739 2191 la-

167 2232 361 2281 vacro
410 2212 725 2298 quodam
775 2232 995 2297 aquae
1042 2210 1334 2292 calidae,
1374 2209 1559 2298 quod
1600 2212 1801 2302 juxta
1849 2212 2059 2280 situm
2101 2223 2268 2291 erat,
2310 2212 2623 2301 excipere
2656 2234 2737 2281 ac

174 2320 467 2370 servare.
523 2305 655 2369 Res
703 2322 746 2368 a
791 2298 1134 2369 Praefecto
1184 2310 1407 2369 astute
1454 2300 1869 2389 excogitata,
1926 2299 2134 2369 talem
2185 2300 2499 2370 videlicet
2547 2300 2741 2369 inve-

171 2387 312 2457 nire
358 2387 772 2459 certaminis
823 2385 1094 2469 locum,
1148 2388 1219 2456 in
1270 2409 1408 2474 quo
1458 2401 1777 2477 paratum
1832 2387 2145 2457 damnati
2188 2388 2520 2459 haberent
2551 2387 2737 2457 refu-

174 2477 354 2566 gium
390 2534 408 2559 ‚
468 2489 547 2546 ut
610 2498 888 2546 omnem
962 2477 1186 2567 coepti
1236 2476 1571 2568 propositi
1620 2476 2084 2548 constantiam
2134 2478 2548 2547 amitterent.
2606 2476 2735 2546 Sed

172 2563 291 2633 hoc
337 2577 736 2656 martyrum
787 2564 1190 2655 patientiam
1241 2565 1604 2635 clariorem
1654 2565 1979 2637 reddidit.
2026 2571 2171 2636 Non
2219 2567 2405 2635 enim
2454 2567 2577 2652 qui
2623 2588 2738 2635 co-

173 2653 371 2742 gitur,
428 2668 536 2725 est
575 2663 927 2734 constanS,
983 2653 1102 2725 sed
1150 2654 1272 2741 qui
1322 2654 1498 2724 liber
1544 2665 1609 2724 et
1657 2654 1731 2723 in
1778 2655 2258 2729 oblectationis
2315 2656 2515 2744 copia
2562 2653 2741 2723 dura

172 2744 304 2897 pati
342 2753 597 2833 potest,
644 2742 703 2812 is
738 2741 1022 2811 demum
1073 2753 1403 2813 constans
1434 2765 1514 2812 ac
1563 2744 1831 2834 patiens
1864 2756 1988 2813 est.
2025 2748 2267 2812 Custos
2304 2743 2535 2829 itaque
2567 2741 2738 2810 dum

219 2851 292 2898 os
321 2832 744 2911 observaret,
789 2830 1131 2917 quosdam
1167 2853 1203 2900 e
1237 2831 1426 2901 coelo
1460 2831 1956 2902 descendentes
1989 2832 2297 2921 angeIOS,
2336 2854 2415 2900 ac
2448 2851 2740 2900 coronas

177 2917 473 3011 singulis
522 2919 976 3008 martyribuS,
1030 2942 1172 2988 uno
1220 2931 1547 3010 except0,
1602 2920 2097 2989 distribuentes
2146 2920 2432 3011 aspexit.
2496 2923 2564 2988 Is
2610 2940 2740 2987 au-

175 3017 324 3088 tem,
377 3030 592 3096 quem
645 3006 1058 3076 indonatum
1108 3008 1212 3076 illi
1259 3008 1717 3095 reliquerunt,
1772 3030 1851 3078 ac
1900 3009 2283 3078 honoribus
2323 3006 2739 3077 coelestibus

176 3092 540 3187 indignum
596 3095 1132 3185 judicaverunt,
1187 3118 1270 3165 ea
1334 3108 1647 3186 repertus
1709 3108 1813 3165 cst
1876 3096 2095 3165 animi
2164 3096 2454 3166 mollitie
2530 3106 2735 3182 atque

178 3182 661 3265 inconstantia,
715 3196 794 3255 ut
831 3183 1060 3253 statim
1117 3184 1375 3255 laboris
1424 3184 1862 3253 tolerantiam
1912 3185 2313 3275 desperans,
2368 3184 2452 3253 ad
2505 3183 2737 3254 hostes

177 3274 674 3373 transfugeret,
730 3272 1126 3342 miserabile
1176 3294 1463 3363 prorsus
1524 3272 1997 3363 spectaculum
2030 3327 2045 3353 ,
2098 3273 2301 3344 miles
2349 3271 2733 3361 transfuga,

182 3359 278 3428 vir
306 3360 733 3432 fortissimus
780 3373 1048 3452 captuS,
1086 3361 1335 3431 Christi
1383 3360 1531 3429 ovis
1576 3384 1617 3430 a
1689 3361 1854 3451 lupo
1901 3360 2203 3450 direpta:
2256 3373 2322 3430 et
2367 3360 2553 3449 quod
2606 3359 2741 3428 mi-

181 3450 567 3531 serabiliUS,
623 3472 662 3518 a
711 3449 848 3518 vita
881 3460 1250 3540 §perpetua
1298 3449 1714 3536 coelestique
1760 3449 2109 3530 excidens,
2164 3471 2388 3537 neque
2441 3448 2570 3517 hac
2620 3469 2741 3538 po-

183 3548 425 3608 stremo
473 3538 601 3608 diu
649 3538 986 3629 gaudens.
1040 3543 1209 3607 Nam
1258 3538 1384 3607 ubi
1444 3538 1744 3608 calidam
1797 3538 2021 3638 attigit
2068 3559 2322 3624 aquam
2354 3593 2369 3619 ,
2422 3557 2733 3627 corpore,

181 3627 353 3710 quod
403 3626 630 3728 glacie
678 3625 1013 3716 torpebat,
1053 3625 1417 3705 dissoluto,
1456 3627 1687 3696 statim
1739 3626 2001 3695 interlit
2027 3626 2085 3694 *.
2123 3632 2365 3697 Custos
2396 3647 2577 3706 vem,
2615 3625 2739 3712 qui

184 3715 572 3806 prodigium
622 3714 754 3784 hoc
804 3714 1106 3796 viderat,
1165 3714 1291 3784 ubi
1342 3714 1541 3784 illum
1598 3714 1978 3806 fugientem
2027 3715 2423 3805 conspexit,
2482 3713 2740 3785 relictis

184 3803 520 3884 omnibus,
575 3824 725 3874 sese
773 3802 845 3872 in
894 3803 1046 3892 ejus
1093 3802 1375 3873 demisit
1422 3803 1679 3885 locum,
1714 3826 1794 3874 ac
1833 3825 2049 3874 unam
2083 3826 2247 3873 cum
2294 3802 2554 3872 sanctis
2594 3801 2737 3874 illis

186 3908 402 3960 vocem
453 3891 713 3962 emisit:
769 3914 805 3958 «
842 3890 1274 3961 Christianus
1321 3903 1387 3961 et
1431 3913 1560 3982 ego
1607 3915 1791 3961 sum.
1832 3915 1867 3959 »
1917 3897 2160 3978 Itaque
2206 3913 2368 3961 cum
2417 3892 2570 3980 ejus
2618 3912 2738 3960 su-

186 3973 314 4048 bita
358 3981 746 4051 mutatione
793 3992 1146 4069 stuporem
1206 3979 1348 4049 illis
1394 3979 1774 4062 incuteret,
1844 3989 1910 4049 et
1976 4002 2347 4049 numerum
2399 3978 2735 4070 implevit,

187 4074 244 4133 et
283 4080 579 4140 moestos
627 4068 716 4138 ob
765 4069 1031 4138 socium
1073 4068 1415 4139 amissum
1458 4081 1735 4140 sanctos
1772 4068 2172 4138 consolatus
2218 4079 2359 4138 est:
2415 4089 2533 4138 eos
2582 4067 2741 4135 imi-

189 4156 398 4252 tand0,
451 4157 577 4245 qui
625 4157 696 4226 in
748 4156 897 4226 acie
943 4157 1194 4247 prima,
1252 4157 1375 4228 ubi
1423 4156 1595 4227 forte
1643 4157 1901 4244 aliquis
1949 4156 2299 4238 ceciderit,
2355 4156 2588 4226 statim
2623 4176 2736 4224 or-

190 4238 319 4312 dmi
380 4245 602 4316 alium
675 4246 1053 4316 restituunt
1114 4268 1193 4315 ac
1254 4257 1667 4337 surrogant,
1720 4268 1809 4315 ne
1907 4245 2159 4316 roximi
2207 4242 2734 4315 incommodum

193 4333 545 4417 patiantur.
590 4333 823 4403 Talem
873 4334 1089 4424 igitur
1148 4334 1300 4424 ipse
1346 4357 1420 4404 se
1467 4335 1704 4426 gessit.
1758 4334 1835 4403 vi
1889 4335 1942 4404 it
1991 4334 2333 4405 miracula
2381 4330 2732 4413 coelestia,

236 4445 260 4473 ⁶
285 4450 346 4492 De
360 4450 450 4493 hoc
467 4451 740 4493 miserrimo
762 4450 979 4501 apostata
997 4451 1143 4493 verbs
1161 4452 1276 4493 tacit
1296 4453 1339 4495 S.
1361 4452 1500 4494 Nilus
1520 4453 1570 4492 tn
1588 4452 1739 4502 Epist.
1758 4453 1850 4493 388.
