3327 4999
234 330 479 396 MART.
536 332 617 396 ⁴2
1122 351 1200 397 nn
1248 351 1303 398 s.
1358 349 1668 399 easseomo
1716 351 1876 398 rara
2556 336 2681 402 199

230 429 598 521 procedere
624 429 1146 531 permittentem,
1203 431 1428 521 primo
1482 430 1764 519 quidem
1813 452 1935 521 per
1984 431 2362 501 Castorium
2416 432 2767 503 chartula-

236 519 418 589 rium
476 517 909 589 familiariter
953 520 1220 611 arguit,
1276 530 1427 611 post
1490 542 1569 589 ex
1643 519 2141 590 consuetudine
2206 520 2355 590 sine
2414 522 2770 613 privilegio

234 607 366 678 sibi
416 607 585 678 baec
646 630 968 679 concessa
1021 608 1456 700 pertinaciter
1517 607 2018 690 defendentem,
2073 608 2192 679 tali
2236 611 2572 680 sententia
2666 622 2774 681 ost

232 695 577 766 nonnulla
622 697 1008 767 mulctavit:
1066 725 1089 760 ι
1140 702 1222 767 Ut
1267 696 1496 777 enim,
1554 697 1813 784 inquit,
1876 720 1954 767 ea
1999 719 2175 785 quae
2225 699 2546 789 superius
2652 699 2768 782 ixi,

229 785 529 855 breviter
574 786 935 877 colligam,
999 786 1336 856 admoneo
1381 796 1747 873 quatenus,
1792 786 1927 855 nisi
1973 786 2408 857 decessorum
2461 809 2773 858 meorum

231 874 713 945 munificentia
745 875 870 945 tibi
918 876 1083 945 haec
1133 897 1253 965 per
1300 874 1738 966 privilegium
1789 875 2115 945 attributa
2157 875 2495 957 docueris,
2551 877 2654 946 uti
2701 876 2773 945 in

231 962 478 1054 plateis
525 963 735 1054 pallio
781 963 1072 1034 ulterius
1118 986 1254 1034 non
1291 967 1719 1055 prae‘sumaS,
1759 985 1844 1033 ne
1890 985 2027 1033 non
2076 964 2329 1035 habere
2375 966 2553 1035 etad
2614 965 2775 1035 Mis-

230 1074 340 1123 sas
388 1052 710 1142 incipiaS,
748 1052 929 1139 quod
992 1052 1318 1122 audacter
1344 1066 1412 1122 et
1469 1053 1537 1121 in
1590 1053 1834 1144 plateis
1883 1075 2205 1143 usurpas.
2266 1058 2354 1122 De
2408 1054 2774 1125 secretario

227 1152 457 1211 autem
509 1141 691 1227 quod
740 1141 1129 1212 fraternitas
1165 1155 1281 1212 tua
1309 1140 1643 1212 resedisse
1673 1163 1834 1211 cum
1884 1140 2092 1231 pallio
2121 1154 2186 1210 et
2232 1141 2412 1212 filios
2445 1143 2775 1213 ecclesiae

231 1230 622 1321 suscepisse
669 1252 741 1299 se
771 1242 836 1301 et
883 1229 1039 1301 fecit
1083 1241 1149 1300 et
1179 1231 1547 1312 excusavit,
1586 1252 1773 1300 nunc
1821 1231 2094 1300 interim
2137 1230 2308 1299 nihil
2343 1232 2769 1318 quaerimus:

229 1318 391 1406 quia
440 1317 865 1409 synodorum
917 1320 1324 1389 sententiam
1373 1331 1757 1406 sequentes,
1817 1320 2115 1388 minores
2162 1318 2407 1410 culpas
2434 1342 2610 1407 quae
2658 1342 2776 1389 ne-

276 1421 511 1490 antur‚
565 1407 809 1477 ulcisci
861 1430 1288 1495 recusamus.
1342 1413 1482 1477 Hoc
1531 1419 1757 1478 tamen
1806 1408 1971 1494 quia
2027 1408 2238 1478 semel
2270 1421 2333 1478 et
2391 1410 2637 1479 iterum
2688 1410 2776 1479 sit

264 1509 528 1578 actum,
581 1519 660 1566 co
713 1497 1052 1568 novimus.
1106 1498 1516 1569 Fraternitas
1560 1510 1789 1567 autem
1839 1509 1958 1567 tua
2015 1497 2102 1566 sit
2145 1497 2428 1567 omnino
2482 1497 2769 1580 solicita,

234 1606 321 1654 ne
352 1585 485 1654 hoc
524 1606 661 1672 quo
732 1586 1276 1677 praesumptioni
1312 1586 1666 1656 inchoanti
1694 1584 1922 1656 adhuc
1943 1585 2229 1667 ceditur,
2267 1587 2338 1655 in
2382 1586 2777 1677 proficiente

238 1673 550 1742 deterius
577 1674 1035 1745 vindicetur.»
1083 1679 1303 1758 Quam
1354 1675 1759 1745 sententiam
1801 1675 1904 1744 vir
1933 1696 2147 1745 vanae
2176 1674 2432 1765 gloriae
2470 1675 2776 1766 cupidis-

226 1763 478 1843 simuS,
520 1761 998 1834 molestissime
1043 1762 1289 1847 ferens,
1350 1785 1472 1854 per
1515 1786 1991 1851 quoscumque
2038 1774 2320 1854 poterat,
2372 1786 2578 1836 usum
2630 1762 2776 1854 pal-

222 1850 297 1920 lii
354 1850 487 1923 sibi
529 1852 792 1921 restitui
842 1874 1257 1944 magnopere
1302 1852 1676 1942 flagitabat.
1724 1852 1846 1922 Cui
1893 1853 2257 1944 Gregorius
2304 1852 2398 1923 ita
2455 1852 2766 1943 scripsit:

231 1940 789 2010 «Fraternitatem
839 1956 1129 2012 vestram
1167 1940 1360 2011 valde
1389 1941 1659 2010 invenio
1687 1941 2153 2011 contristatam
2195 1964 2319 2032 pro
2356 1963 2435 2011 eo
2482 1941 2666 2028 quod
2697 1942 2770 2010 in

224 2028 517 2098 Litaniis
552 2029 841 2099 induere
888 2030 1178 2121 pallium
1227 2020 1510 2098 rationis
1540 2033 1833 2099 censura
1857 2030 2279 2119 prohibetur.
2326 2029 2454 2100 Sed
2489 2051 2612 2120 per
2656 2050 2772 2099 ex-

225 2116 803 2189 cellentissimum
835 2123 1223 2188 Romanum
1258 2118 1650 2208 patricium,
1673 2129 1737 2186 et
1766 2140 1887 2208 per
1913 2119 2539 2189 eminentissimum
2573 2123 2772 2187 Prae-

222 2205 509 2287 fectum,
562 2220 766 2293 atque
814 2228 935 2297 per
994 2207 1167 2276 alios
1230 2205 1525 2277 civitatis
1594 2227 1762 2277 suae
1817 2206 2080 2275 nobiles
2126 2206 2308 2276 viros
2375 2207 2774 2296 importune

221 2315 310 2363 ex
403 2294 502 2374 tit,
558 2306 634 2364 ut
683 2295 808 2364 hoc
855 2294 1098 2365 debeat
1128 2294 1434 2365 concedi.
1472 2300 1605 2366 Nos
1637 2306 1865 2363 autem
1907 2294 2169 2364 solicite
2209 2295 2635 2381 requirentes
2682 2296 2771 2366 ab

223 2387 273 2451 A
330 2382 591 2464 ebdat0,
660 2384 1011 2471 quondam
1052 2383 1342 2454 diacono
1387 2382 1828 2453 fraternitatis
1872 2395 2049 2465 tuae,
2105 2384 2557 2484 cognovimus
2604 2384 2773 2470 quia

224 2492 611 2559 numquam
658 2472 1083 2544 consuetudo
1115 2471 1319 2544 fuerit
1350 2472 1825 2544 decessoribus
1874 2471 2033 2555 tuiS‚
2086 2486 2162 2543 ut
2192 2494 2262 2542 ιη
2304 2471 2562 2543 litaniis
2619 2471 2771 2562 pal-

223 2560 349 2642 lio,
399 2562 533 2631 nisi
566 2562 635 2630 in
686 2563 1115 2633 solemnitate
1161 2568 1231 2632 B.
1283 2562 1572 2632 ioannis
1628 2561 1988 2652 Baptistae,
2041 2567 2112 2631 B.
2152 2562 2324 2631 Petri
2360 2561 2659 2653 Apostoli
2707 2573 2773 2632 et

218 2655 298 2719 B.
344 2649 752 2739 Apollinaris
787 2664 962 2721 mart
991 2652 1107 2722 ‘ris
1138 2662 1514 2722 uterentur.
1549 2651 1671 2720 Cui
1711 2649 1990 2737 quidem
2022 2671 2459 2738 nequaquam
2489 2648 2770 2720 credere

218 2738 600 2809 debuimus
643 2740 807 2827 quia
842 2674 1042 2810 multi
1070 2739 1256 2831 apud
1302 2740 1642 2809 civitatem
1695 2739 2135 2809 fraternitatis
2182 2751 2443 2809 vestrae
2482 2759 2770 2830 respon-

218 2826 407 2898 sales
453 2828 730 2920 saepius
782 2828 1064 2899 fuerunt
1093 2828 1215 2916 qui
1261 2850 1333 2899 se
1385 2828 1682 2898 fatentur
1724 2827 1853 2897 tale
1904 2827 2169 2915 aliquid
2230 2849 2615 2915 numquam
2665 2827 2770 2895 vi-

221 2916 438 2987 disse.
480 2922 557 2986 Et
604 2917 732 2987 hac
773 2918 859 2987 de
896 2939 968 2987 re
1017 2917 1254 2988 multis
1314 2918 1541 3007 potius
1586 2916 2008 2987 credendum
2065 2929 2168 2987 est
2202 2939 2411 3004 quam
2461 2915 2584 2986 uni
2640 2938 2767 3006 pro

223 3027 359 3078 sua
404 3006 691 3076 ecclesia
722 3006 986 3093 aliquid
1013 3007 1379 3077 attestanti.
1435 3005 1562 3076 Sed
1600 3006 1764 3092 quia
1796 3027 1920 3075 nos
1946 3003 2435 3075 fraternitatem
2472 3017 2767 3075 vestram

222 3094 619 3166 contristari
659 3096 986 3165 nolumus
1029 3107 1096 3164 et
1145 3094 1538 3187 petitionem
1593 3094 1898 3164 filiorum
1953 3107 2343 3164 nostrorum
2392 3093 2577 3185 apud
2641 3115 2770 3164 nos

223 3182 519 3253 minime
565 3182 902 3265 frustrari,
949 3206 1157 3256 usum
1219 3182 1435 3276 pallii,
1474 3183 1692 3253 donec
1739 3183 2064 3252 subtilius
2093 3183 2458 3269 veriusque
2505 3181 2768 3270 aliquid

220 3293 753 3362 cognoscamus,
808 3273 876 3342 in
904 3273 1184 3362 Litaniis
1213 3271 1663 3352 solemnibus,
1703 3271 1774 3340 id
1809 3282 1934 3351 est,
1969 3271 2081 3340 die
2110 3271 2416 3342 natalitio
2447 3276 2518 3340 B.
2558 3277 2773 3340 Joan-

220 3361 340 3430 nis
383 3361 747 3452 Baptistae,
800 3367 874 3430 B.
921 3362 1104 3431 Petri
1147 3361 1435 3452 apostoli
1479 3372 1543 3431 et
1598 3366 1670 3429 B.
1714 3359 2123 3450 Apollinaris
2181 3358 2526 3449 martyris,
2568 3372 2772 3446 atque

220 3451 299 3519 in
328 3449 784 3522 ordinationis
814 3462 1072 3521 vestrae
1099 3449 1555 3520 celebratione
1583 3448 2053 3519 concedimus.
2090 3454 2166 3518 In
2218 3449 2579 3519 secretario
2607 3469 2771 3517 vero

220 3538 613 3609 secundum
663 3560 922 3609 morem
969 3539 1342 3631 pristinum
1377 3593 1392 3619 ,
1448 3538 1788 3629 susceptis
1842 3560 1922 3607 ac
1969 3536 2281 3608 dimissis
2313 3536 2643 3607 ecclesiae
2685 3536 2770 3604 fi-

223 3626 361 3704 liis.
421 3626 713 3697 induere
761 3640 980 3699 vestra
1024 3626 1413 3698 fraternitas
1533 3626 1775 3696 allium
1811 3625 2096 3707 debeat,
2149 3637 2354 3713 atque
2401 3625 2486 3694 ad
2530 3625 2772 3695 Missa-

222 3738 382 3787 rum
419 3715 757 3787 solemnia
801 3716 894 3785 ita
937 3717 1279 3807 proficisci
1309 3726 1375 3785 et
1421 3715 1491 3784 ni
1550 3715 1594 3784 il
1626 3714 1764 3786 sibi
1809 3714 2115 3806 amplius
2147 3735 2327 3786 ausu
2368 3713 2773 3784 temerariae

222 3804 814 3896 praesumptionis
843 3826 1202 3907 arrogare:
1246 3825 1354 3884 ne,
1386 3803 1558 3873 dum
1606 3803 1677 3873 in
1725 3803 2039 3874 exteriori
2086 3802 2329 3874 habitu
2381 3801 2774 3872 inordinate

227 3892 497 3981 aliquid
523 3895 851 3975 ambitur,
889 3894 1200 3964 ordinate
1223 3893 1426 3963 etiam
1449 3913 1626 3980 quae
1656 3892 1861 3963 licere
1883 3904 2196 3983 poterant
2220 3891 2772 3962 ammittantur.»

315 3984 353 4071 ξ
398 3986 494 4053 8.
548 3982 677 4052 Sed
708 3981 891 4052 idem
918 3988 1222 4053 Ioannes
1254 3982 1341 4052 ab
1370 3981 1602 4053 inanis
1640 3981 1899 4139 {leriae
1944 3980 2321 4051 ambitione
2366 3979 2560 4050 freno
2606 4000 2774 4071 apo-

223 4071 509 4141 stolicae
556 4070 1044 4142 moderationis
1090 4071 1451 4152 coercitus,
1505 4070 1593 4140 ad
1694 4070 2134 4140 etractionem
2191 4069 2539 4161 pontificis
2586 4080 2774 4141 totus

223 4158 671 4229 convertitur.
721 4159 907 4230 Unde
939 4159 1523 4250 prudentissimus
1568 4157 1870 4249 pontifex
1903 4157 2002 4228 sic
2056 4179 2217 4228 eum
2266 4158 2611 4238 admonet,
2669 4156 2777 4225 di-

225 4268 394 4318 cens
418 4247 803 4318 :«Primum
840 4271 950 4319 me
997 4249 1126 4320 hoc
1155 4247 1509 4320 contristat
1536 4248 1703 4334 quia
1735 4246 1906 4317 mihi
1938 4245 2328 4317 fraternitas
2363 4260 2477 4316 tua
2506 4244 2774 4336 duplici

226 4335 438 4407 corde
484 4336 759 4407 scribit:
810 4349 875 4408 et
922 4338 1059 4408 alia
1093 4337 1564 4410 blandimenta
1614 4335 1684 4405 in
1726 4335 2033 4427 epistolis
2082 4335 2230 4407 suis
2283 4335 2577 4417 exhibet,
2639 4333 2776 4402 alia

225 4424 303 4495 in
352 4425 595 4517 lingua
664 4447 790 4496 sua
864 4427 1260 4497 seculariter
1314 4424 1632 4496 ostendit.
1690 4425 1943 4495 Deinde
1990 4445 2194 4517 grave
2244 4423 2420 4494 mihi
2464 4433 2567 4493 est
2610 4422 2775 4509 quia
