3327 4999
707 337 839 404 '700
1408 357 1489 403 nn
1535 357 1590 403 s,
1644 354 1911 403 Lunumo
1960 352 2350 402 Pmtsnvmno
2676 335 2782 401 EX
2827 334 3016 403 NOV.
3079 338 3176 402 Β

622 442 821 513 nobis
850 441 1154 513 studiose
1189 440 1631 533 perquiritur.
1671 442 1998 511 Novimus
2026 440 2343 527 denique,
2378 437 2795 527 quibusdam
2839 440 3176 529 patribus

623 533 827 602 etiam
869 544 1024 601 ante
1069 531 1581 620 conceptionem
1635 530 1855 599 indita
1898 528 2113 600 fuisse
2159 529 2514 609 vocabula,
2544 529 3002 616 quisbusdam
3041 552 3177 620 po·

625 634 768 692 stea
828 621 1191 692 immutata
1237 642 1413 707 quae
1451 642 1530 689 ex
1578 620 1877 711 propriis
1914 620 2164 689 ‘causis
2222 631 2341 689 aut
2387 617 2975 709 praecedentibus,
3041 631 3179 688 aut

627 710 907 792 futuris,
960 721 1222 780 constat
1268 709 1407 779 illis
1454 709 1668 779 fuisse
1714 709 2188 800 competentia.
2227 713 2412 791 Quae
2442 719 2507 777 et
2531 706 2682 778 ideo
2712 730 2904 780 sacra
2955 708 3176 778 nobis

627 812 765 871 tam
817 799 1094 870 solerter
1138 799 1412 869 denotat
1460 799 1807 891 Scriptura
1863 819 2024 868 cum
2065 809 2371 888 patenter
2422 798 2696 876 innuat,
2751 818 2889 867 non
2950 798 3176 867 modo

630 890 702 959 in
756 889 931 969 istis,
987 887 1105 959 sed
1164 900 1229 958 et
1276 888 1343 956 in
1395 887 1549 958 aliis
1595 887 2012 976 quibusdam
2062 898 2452 957 sanctorum
2506 886 2926 966 nominibus,
2980 908 3174 973 quae

634 978 832 1048 nobis
880 978 1020 1048 sint
1063 977 1690 1047 animadvertenda.
1746 976 1920 1047 Satis
1966 976 2150 1045 enim
2201 975 2437 1045 talium
2487 975 2795 1045 indicant
2850 988 3003 1045 acta
3053 976 3169 1047 vel

628 1068 834 1145 dicta,
887 1065 1056 1153 quid
1096 1088 1335 1150 eorum
1404 1067 1987 1159 praesignaverint
2034 1065 2338 1135 nomina.
2404 1063 2592 1134 Unde
2639 1065 2817 1135 sicut
2863 1064 3172 1155 intelligi

630 1156 838 1226 datur
882 1169 950 1225 et
994 1155 1106 1226 hic
1153 1156 1256 1225 vir
1329 1168 1606 1226 sanctus
1653 1155 1950 1243 quodam
1998 1155 2353 1245 praesagio
2403 1153 2790 1224 futurorum
2856 1153 2990 1223 tale
3038 1176 3169 1223 no·

629 1268 785 1315 men
819 1255 920 1316 est
968 1247 1269 1326 sortituS‚
1322 1257 1397 1314 ut
1443 1244 1683 1346 lingua
1722 1244 1941 1347 patria
1988 1255 2364 1314 vocaretur:
2407 1245 2530 1313 Dei
2572 1244 2816 1313 charus
2868 1246 3164 1314 amicus.

628 1340 807 1404 Haec
842 1333 1007 1405 satis
1053 1335 1236 1405 dicta
1281 1334 1364 1404 de
1395 1356 1673 1405 nomme
1718 1334 1963 1426 ipsius:
2006 1335 2152 1425 jam
2204 1354 2389 1403 nunc
2421 1331 2506 1401 ad
2545 1333 2695 1490 «ἔας
2739 1344 2955 1423 gesta,
3023 1338 3160 1402 Deo

628 1424 967 1511 bonisque
1005 1424 1253 1515 placita
1301 1423 1727 1505 hominibuS,
1767 1424 1923 1493 licet
1969 1420 2255 1493 humilis
2288 1434 2514 1492 noster
2602 1434 2873 1491 ecurrat
2905 1421 3159 1512 stylus.

721 1521 758 1594 ἓ
839 1519 926 1586 ².
981 1518 1056 1583 In
1109 1514 1251 1583 salo
1297 1512 1573 1601 quidem
1625 1513 1942 1604 reposita,
1994 1511 2245 1582 nobilis
2293 1525 2517 1581 tamen
2550 1510 2965 1669 vulgataque
3018 1513 3159 1581 Bri-

632 1602 870 1673 tannia
918 1603 1167 1673 Oceani
1216 1602 1441 1672 insula
1488 1602 1543 1683 ’ζ
1600 1601 1930 1673 interfuso
1977 1603 2152 1670 mari
2188 1624 2230 1670 a
2277 1612 2411 1672 toto
2461 1600 2624 1678 orbe
2719 1601 2913 1682 ivisa,
2980 1600 3162 1670 inter

632 1693 1171 1782 Septentrionem
1220 1704 1284 1761 et
1331 1695 1662 1762 Occasum
1713 1693 1863 1772 sita,
1916 1713 1956 1760 a
2021 1689 2350 1761 vocabulo
2407 1712 2571 1759 suae
2620 1689 2840 1791 gentis
2899 1713 3161 1780 cogno·

632 1781 915 1851 minata.
951 1786 1027 1850 In
1057 1804 1136 1850 ea
1172 1781 1385 1851 multa
1432 1794 1496 1850 et
1544 1803 1794 1872 magna
1826 1779 2140 1859 flumina,
2189 1777 2409 1849 fontes
2449 1776 2678 1859 calidi,
2719 1778 3156 1848 metallorum

635 1870 826 1960 larga
858 1883 923 1941 et
973 1870 1159 1940 varia
1204 1870 1422 1960 copia,
1478 1869 1754 1940 achates
1802 1868 1977 1971 lapis
2023 1868 2118 1938 ibi
2179 1868 2522 1959 plurimus
2569 1879 2634 1937 et
2693 1870 3155 1960 margaritae:

632 1961 747 2030 cui
808 1960 1072 2050 adjacet
1117 1960 1335 2029 Scotia
1410 1959 1549 2028 sive
1598 1959 2190 2049 Hyberrna.·Sunt
2255 1979 2410 2026 vero
2457 1956 2554 2026 ibi
2602 1956 2841 2048 populi
2909 1959 3158 2037 multi,

635 2050 965 2130 Britones,
1003 2053 1319 2129 Saxones,
1373 2049 1561 2128 Picti,
1616 2048 1835 2139 Angli.
1891 2053 2067 2117 Haec
2098 2046 2504 2116 animalium
2555 2045 3027 2133 messiumque
3073 2047 3162 2116 se-

633 2160 752 2208 rax
802 2139 1009 2208 ubere
1054 2138 1283 2219 fertili,
1326 2137 1449 2208 diu
1495 2137 1723 2208 dedita
1768 2148 1910 2207 erat
1938 2136 2279 2206 idolorum
2310 2136 2551 2206 cultui.
2605 2140 2971 2223 Postquam
3004 2158 3159 2206 vero

633 2227 817 2297 venit
864 2226 1400 2318 predestinatum
1450 2233 1647 2296 aDeo
1697 2241 1966 2318 tempus
2014 2224 2384 2296 miserendi
2440 2226 2611 2314 ejuS,
2670 2225 2847 2295 sicut
2885 2225 2957 2294 in
3008 2226 3159 2295 lau·

629 2316 979 2386 dabilibus
1011 2316 1136 2386 viri
1170 2316 1713 2403 eloquentissimi
1762 2309 2062 2406 Gregorii
2112 2320 2331 2406 Papae
2378 2314 2587 2406 gestis
2635 2313 2958 2404 legimus,
3000 2315 3156 2384 data

631 2406 763 2475 sibi
810 2405 1166 2476 occasione
1214 2405 1571 2496 inspiravit
1621 2410 1797 2475 Deus
1820 2405 2009 2474 cordi
2044 2404 2256 2486 illius,
2296 2419 2372 2475 ut
2402 2402 2728 2491 quoniam
2780 2403 2927 2493 ipse
2973 2404 3158 2474 dice-

628 2494 833 2565 batur
878 2496 980 2565 vir
1024 2495 1467 2587 Apostolicus',
1507 2495 1746 2583 illique
1774 2494 2221 2565 commissum
2252 2506 2395 2565 erat
2423 2493 2507 2563 de
2552 2493 2903 2573 omnibus,
2962 2494 3150 2565 istius

630 2584 1017 2676 specialiter
1074 2586 1295 2677 gentis
1342 2584 1530 2656 fieret
1560 2584 1941 2676 Apostolus
1977 2584 2168 2667 Quod
2206 2583 2563 2676 pastoralis
2604 2605 2809 2653 curae
2851 2583 3150 2654 officium

629 2697 837 2762 quam
889 2674 1192 2745 studiose
1238 2674 1439 2744 fuerit
1470 2675 1557 2744 ab
1603 2695 1682 2743 eo
1729 2673 2287 2743 administratum
2335 2686 2537 2765 atque
2586 2686 2965 2762 peractum,
3001 2695 3159 2742 coo-

629 2776 908 2854 perante
948 2765 1165 2855 gratia
1216 2765 1328 2832 Dei
1361 2763 1669 2844 coelitus»,
1705 2785 1831 2832 nos
1870 2761 2221 2852 sigillatim
2272 2761 2520 2831 referre
2573 2761 3101 2851 supersedemus
3135 2785 3149 2827 :

626 2854 953 2941 quoniam
1006 2855 1074 2923 in
1110 2853 1342 2923 libello
1381 2852 1554 2920 vitae
1591 2853 1813 2942 ipsius
1861 2864 1961 2921 ter
2004 2850 2183 2919 beati
2233 2850 2578 2920 Pontificis
2625 2851 2955 2942 Gregorii,
2987 2849 3153 2919 satis

629 2943 1064 3034 propalatum
1114 2940 1501 3011 recolimus.
1540 2944 1678 3009 Hoc
1709 2952 1973 3009 tantum
2009 2938 2303 3009 sufficiat
2331 2961 2929 3022 commemorasse,
2982 2961 3152 3027 quo-

628 3032 818 3101 niam
866 3031 1106 3100 directi
1151 3032 1238 3101 ab
1286 3030 1435 3120 ipso
1500 3026 1705 3098 fortes
1751 3041 1814 3097 et
1862 3028 2097 3101 fideles
2147 3029 2484 3118 agricolae
2513 3083 2529 3108 ,
2595 3028 3039 3099 excoluerunt
3085 3050 3155 3098 o-

627 3121 826 3211 ptimi
873 3119 1098 3190 cordis
1174 3133 1421 3188 terram
1482 3129 1758 3188 strenue
1808 3118 1977 3189 bene
2031 3117 2235 3208 polito
2283 3117 2561 3208 linguae
2620 3139 2786 3187 suae
2835 3139 3149 3201 vomere,

629 3209 1060 3299 sparsimque
1098 3206 1376 3278 dilatato
1423 3207 1637 3276 divini
1686 3207 1873 3277 verbi
1922 3208 2205 3277 semine.
2258 3211 2345 3276 Ac
2386 3228 2469 3275 ne
2509 3206 2678 3276 sorte
2724 3207 2992 3297 duplici
3038 3206 3158 3277 de-

629 3297 1218 3390 periretlaesione,
1262 3310 1326 3366 et
1356 3297 1694 3368 malarum
1727 3297 2216 3390 cogitationum
2251 3296 2405 3366 trito
2453 3295 2648 3378 calle,
2682 3308 2748 3366 et
2794 3295 3158 3367 volucrum

627 3386 1093 3478 spiritualium
1129 3386 1470 3474 nequitiae
1501 3387 1936 3468 comestione,
1982 3385 2186 3457 tutari
2244 3385 2659 3456 studuerunt
2705 3385 2991 3455 solicite.
3049 3391 3159 3454 In-

630 3499 840 3568 super
876 3499 960 3548 ne
1005 3476 1137 3547 cito
1186 3489 1492 3558 exortum
1543 3498 1774 3546 semen
1835 3487 2111 3568 propter
2155 3474 2482 3545 duritiam
2532 3486 2782 3565 petrae,
2855 3475 2984 3544 hoc
3032 3488 3154 3557 est,

630 3567 880 3639 mentis
940 3566 1332 3647 indomitae,
1390 3565 1487 3634 vel
1557 3576 1832 3657 propter
1903 3576 2166 3635 aestum
2225 3565 2674 3634 tentationum
2737 3578 2966 3667 posset
3015 3586 3160 3635 are—

628 3678 838 3737 scere,
884 3656 1338 3747 irrigaverunt
1384 3654 1556 3724 illud
1624 3654 2055 3724 indeficiente
2121 3665 2393 3724 sanctae
2439 3653 2792 3724 charitatis
2839 3654 3154 3724 humore.

626 3745 721 3815 Ad
776 3758 1194 3836 postremum
1235 3745 1355 3815 ubi
1402 3744 1605 3814 suerit
1645 3766 1941 3826 necesse,
1975 3744 2303 3833 extirpato
2347 3742 2731 3833 spinarum,
2773 3741 2842 3812 id
2893 3756 3018 3823 est,
3057 3743 3159 3812 di-

626 3835 945 3905 vitiarum
995 3856 1169 3922 quas
1217 3856 1400 3904 nunc
1431 3833 1817 3913 solicitudo,
1856 3856 2040 3902 nunc
2089 3832 2399 3923 voluptas
2444 3832 2832 3913 comitatur,
2869 3834 3150 3933 angore,

676 3924 845 3993 avisi
893 3935 1055 3993 sunt
1117 3924 1368 3993 bonam
1418 3935 1667 3991 terram
1718 3944 1844 3992 suo
1902 3921 2118 3993 labori
2179 3920 2615 4011 respondisse
2660 3934 2724 3990 et
2771 3921 3161 3991 uberrimos

658 4026 892 4083 ructus
938 4012 1261 4092 edidisse,
1331 4011 1590 4082 scilicet
1638 4011 2066 4103 trigesimum
2119 4011 2187 4079 in
2235 4023 2420 4081 casto
2475 4009 2781 4100 conjugii
2844 4010 3157 4090 foedere,

632 4101 1129 4192 sexagesimum
1197 4102 1267 4171 in
1335 4121 1470 4169 non
1527 4122 1735 4191 parvo
1812 4099 2247 4169 sufferentiae
2314 4098 2816 4170 continentium
2880 4098 3158 4179 labore,

632 4190 1080 4261 centesimum
1117 4190 1186 4259 in
1228 4190 1661 4282 perceptione
1702 4189 2059 4281 virginalis
2104 4211 2418 4260 coronae.
2474 4189 2683 4279 Cujus
2740 4188 3029 4258 seminis
3088 4211 3161 4257 ac

634 4280 879 4351 messis
923 4279 1265 4349 intantum
1315 4280 1610 4349 excrevit
1647 4278 1996 4360 cumuluS‚
2032 4291 2274 4350 utnon
2325 4277 2530 4349 modo
2576 4277 2942 4367 indigenas
2975 4275 3160 4348 illius

686 4455 713 4481 ¹⁸¹
740 4453 931 4505 majoris
952 4453 1223 4494 Britanniae
1243 4454 1365 4493 situs
1386 4473 1436 4482 -
1455 4463 1576 4501 quse
1594 4455 1700 4503 ejus
1721 4453 1941 4494 feracitas
1962 4473 2013 4483 -
2030 4462 2123 4503 quo
2141 4453 2368 4494 Ponttnce
2384 4451 2628 4501 Evangelii
2649 4451 2811 4491 lumen
2827 4450 3093 4500 susceperit
3116 4469 3163 4479 -

632 4516 755 4559 quos
772 4508 1036 4551 uberrimos
1053 4507 1308 4558 protulerit
1324 4507 1596 4550 sanctitatis
1615 4507 1802 4549 tructus
