3327 4999
233 369 341 438 Ex
383 367 555 438 JUL.
606 370 647 437 ι
2561 367 2676 434 58⁴

933 519 939 524 ·
1032 477 1271 580 VITA
1340 477 1420 579 S.
1474 477 1983 580 UDALRICI

740 714 1107 782 EPISCOPI
1153 711 1576 783 AUGUSTAE
1623 714 2246 784 VINDELICORUM

876 948 1062 995 EDITA
1109 948 1150 994 A
1197 946 1485 996 BERNONE
1531 946 1836 996 AUGIENSI
1881 948 2123 996 ΑΒΒΑΤΕ

519 1140 705 1198 Obiit
745 1155 852 1199 an.
900 1142 1021 1196 973
1062 1143 1284 1197 aetate
1327 1154 1565 1197 annor.
1612 1141 1694 1196 83
1737 1168 1815 1179 -—
1853 1140 2013 1199 Nat.
2061 1140 2465 1198 Grex-manua.

322 1344 360 1430 ξ
404 1349 482 1415 1.
552 1341 885 1432 Egregius
934 1340 1179 1410 Christi
1228 1339 1587 1411 Confessor
1647 1339 2048 1421 Udalricu5‚
2100 1361 2179 1409 ex
2228 1340 2771 1411 Alamannorum

233 1431 557 1522 prosapia
601 1430 819 1500 extitit
873 1430 1239 1500 oriundus.
1293 1430 1503 1520 Cujus
1555 1442 1907 1520 parentes,
1970 1432 2079 1498 Hu
2132 1429 2336 1499 aldus
2386 1428 2645 1500 scilicet
2692 1451 2772 1498 ac

235 1520 699 1609 Thietburga,
756 1520 959 1588 ambo
1020 1519 1300 1606 quidem
1361 1518 1745 1588 secundum
1814 1517 2028 1588 seculi
2150 1518 2310 1609 ujus
2374 1517 2779 1608 dignitatem

233 1608 405 1678 clari
441 1622 506 1678 et
554 1607 844 1688 nobileS,
900 1608 1019 1676 sed
1071 1607 1206 1676 fide
1252 1620 1459 1693 atque
1505 1606 1740 1676 divina
1796 1605 2131 1697 religione
2179 1605 2398 1676 multo
2444 1606 2772 1676 clariores

231 1698 512 1766 fuerunt
558 1710 761 1783 atque
809 1697 1205 1766 nobiliores,
1260 1697 1389 1779 Qui
1437 1694 1596 1766 talis
1644 1718 1725 1773 ac
1776 1707 2001 1765 tantae
2048 1693 2265 1787 prolis
2312 1694 2774 1765 foecunditate

231 1787 567 1856 divinitus
601 1786 820 1866 ditati,
859 1808 1015 1855 mox
1061 1785 1351 1856 eandem
1401 1784 1680 1855 cuidam
1728 1783 1919 1854 fideli
1964 1783 2051 1854 ad
2094 1783 2448 1865 alendum,
2479 1795 2557 1854 ut
2597 1789 2778 1873 Moy·-

233 1897 379 1956 sen,
424 1876 1081 1945 commendaverunt
1130 1874 1409 1943 nutrici.
1453 1874 1577 1944 Ubi
1626 1873 1807 1943 inter
1854 1873 1875 1942 i
1929 1895 2004 1943 sa
2053 1871 2427 1942 nativitatis
2475 1873 2774 1962 primor-

232 1965 371 2044 dia,
410 1964 724 2034 coelestia
773 1986 909 2033 non
959 1963 1237 2033 defuere
1284 1963 1620 2053 auspicia.
1677 1968 1840 2032 Nam
1925 1963 2051 2032 icet
2097 1961 2355 2032 blando
2386 1961 2770 2031 nutriretur

234 2053 505 2133 affectu,
559 2052 756 2121 foeda
803 2066 1029 2122 tamen
1098 2052 1355 2121 macies
1400 2051 1741 2138 quaedam
1791 2052 2170 2141 apparebat
2238 2051 2309 2120 in
2357 2050 2575 2120 vultu.
2631 2054 2782 2133 Qua

232 2163 314 2210 ex
361 2164 572 2212 causa
633 2142 800 2211 dum
845 2141 1140 2210 nimium
1192 2141 1420 2211 tristes
1467 2141 1620 2231 ejus
1663 2139 2103 2211 efficerentur
2151 2151 2508 2230 parentes»,
2572 2161 2652 2208 ac
2702 2138 2775 2208 in

235 2230 550 2320 augustis
596 2229 872 2299 illorum
920 2229 1310 2320 pectoribus
1357 2251 1563 2298 cusae
1612 2241 2050 2299 versarentur
2094 2228 2452 2319 ingentes:
2491 2227 2781 2314 quidam

237 2319 488 2408 hospes
534 2319 982 2408 peregri11u3‚
1046 2318 1273 2387 offic-io
1320 2318 1638 2398 clericus,
1693 2317 2077 2387 secundum
2128 2317 2313 2404 quod
2376 2316 2655 2386 illorum
2705 2338 2784 2384 o·-

235 2407 448 2477 stium
518 2428 790 2495 semper
855 2407 1093 2480 viatori
1153 2408 1423 2498 patuit,
1478 2406 1775 2496 benigne
1821 2407 1908 2476 ab
1957 2406 2131 2496 ipsis
2179 2404 2604 2495 suscipitur,
2660 2426 2782 2495 per

235 2494 515 2583 aliquod
572 2495 894 2585 temporis
941 2495 1243 2587 spatium
1294 2497 1598 2566 humane
1633 2508 2009 2566 tractatur:
2048 2494 2218 2567 dum
2269 2493 2546 2565 interim
2608 2515 2782 2581 qua-

236 2584 395 2654 dam
447 2585 581 2664 die,
623 2585 793 2653 hora
842 2583 1230 2654 refectionis
1280 2585 1611 2667 residens,
1653 2585 2086 2675 praedictum
2132 2583 2558 2654 infantulum
2610 2604 2783 2653 non-

235 2674 400 2743 dum
443 2673 804 2743 duodecim
836 2674 1427 2744 hebdomadarum
1458 2674 1606 2744 dies
1637 2674 1725 2742 ab
1757 2686 1909 2743 ortu
1940 2673 2028 2743 ad
2062 2673 2345 2764 plenum
2380 2672 2775 2754 habentem,

232 2762 495 2832 audivit
553 2763 731 2833 inter
779 2786 853 2832 va
910 2763 1047 2833 itus
1095 2786 1331 2834 vocem
1381 2764 1831 2833 emittentem.
1885 2768 1978 2832 Ex
2023 2785 2163 2850 qua
2212 2761 2544 2853 providus
2589 2759 2781 2831 futu-

235 2874 496 2934 rorum,
548 2852 682 2921 tale
728 2852 838 2922 edi
897 2854 944 2921 it
990 2852 1647 2934 oraculum:«Nisi,
1710 2851 1958 2941 inquit,
2013 2852 2140 2922 iste
2187 2850 2443 2932 infanS‚
2487 2849 2782 2920 celerius

232 2940 437 3010 fuerit
482 2941 890 3022 ablactatuS,
931 2963 1067 3010 non
1120 2942 1366 3032 poterit
1402 2964 1552 3013 esse
1599 2941 1905 3012 salvus.»
1936 2945 2243 3027 Cumque
2291 2938 2500 3013 semel
2552 2961 2631 3009 ac
2678 2960 2784 3008 se-

232 3030 461 3099 cundo
491 3029 854 3108 admoniti,
909 3030 1145 3099 minus
1196 3031 1363 3099 tanti
1413 3031 1772 3121 praeconis
1804 3030 1988 3100 dicta
2039 3029 2288 3099 vellent
2333 3029 2610 3115 exequi,
2646 3040 2782 3097 ter-

235 3118 329 3187 tia
361 3119 641 3186 demum
691 3119 804 3187 die
848 3140 1008 3186 cum
1062 3119 1488 3208 praedictum
1537 3141 1618 3188 ac
1666 3141 1870 3210 saepe
1916 3118 2291 3189 dicendum
2356 3114 2782 3187 infantulum

235 3206 546 3275 adhibita
593 3227 761 3274 aure
805 3207 1255 3295 persensisset
1300 3208 1530 3276 adhuc
1579 3207 2033 3277 infirmiorem
2066 3262 2082 3289 ,
2134 3207 2315 3277 hanc
2370 3227 2779 3297 praesagam

235 3314 465 3363 coram
497 3294 825 3363 omnibus
855 3294 1089 3365 intulit
1122 3296 1699 3366 vocem:«Sciatis
1736 3317 1856 3385 pro
1903 3310 2113 3377 cerm,
2164 3293 2348 3383 quod
2395 3295 2530 3364 nisi
2559 3294 2783 3363 conti-

237 3403 380 3450 nuo
426 3403 465 3449 a
512 3379 684 3450 lacte
719 3382 925 3451 fuerit
970 3406 1380 3475 suspensuS,
1433 3383 1562 3452 hac
1602 3397 1801 3453 nocte
1828 3385 1959 3453 erit
1989 3385 2392 3453 moriturus,
2428 3387 2504 3452 At
2535 3403 2693 3452 vero
2720 3382 2781 3450 si

236 3490 339 3551 ec,
394 3490 529 3555 quo
581 3470 748 3552 dixi,
786 3471 1051 3552 ordine,
1101 3472 1304 3543 morti
1363 3473 1760 3542 subtractus
1819 3471 2048 3553 fuerit,
2108 3494 2407 3561 magnus
2464 3470 2536 3538 in
2595 3470 2782 3541 futu-

234 3579 393 3627 rum
445 3580 678 3628 coram
716 3562 1004 3629 Domino
1030 3561 1230 3630 erit.»
1262 3560 1485 3651 Hujus
1520 3559 1918 3651 prophetiae
1953 3559 2281 3648 mysteria
2309 3559 2609 3645 qualiter
2641 3560 2782 3629 sint

233 3645 652 3738 adimpleta,
717 3669 853 3717 non
916 3649 1132 3718 nostri
1191 3648 1352 3739 styli
1417 3661 1567 3740 eget
1622 3647 1853 3718 officio
1909 3648 2314 3736 designari:
2378 3646 2564 3734 quod
2639 3660 2778 3718 tam

236 3736 520 3806 assidue
544 3736 628 3805 ad
657 3736 809 3827 ejus
841 3737 1239 3827 sepulcrum
1271 3737 1801 3808 coruscantibus
1832 3735 2191 3806 miraculis
2225 3748 2444 3828 potest
2474 3736 2778 3827 probari.

326 3827 362 3912 ἕ
417 3831 504 3896 2.
572 3825 894 3895 Tandem>
934 3825 1146 3915 igitur
1212 3839 1487 3896 amotus
1547 3848 1586 3896 a
1646 3825 1865 3904 lacte,
1935 3825 2160 3915 coepit
2224 3846 2511 3916 corpore
2572 3838 2640 3896 et
2707 3848 2785 3895 a-

237 3912 429 3982 nimo
478 3914 545 3982 in
599 3914 1129 3984 admirationem
1196 3914 1512 3985 omnium
1561 3914 1656 3983 ita
1704 3914 2059 4004 proficere,
2110 3936 2192 3983 ac
2238 3914 2787 4004 circumquaque

237 4003 682 4073 manentibus
742 4015 1009 4072 tantum
1077 4003 1163 4072 de
1231 4025 1357 4074 suo
1418 4001 1729 4094 profectu
1793 4002 2131 4094 gaudium
2193 4002 2543 4086 conferre,
2586 4016 2666 4074 ut
2712 4003 2785 4071 id

235 4090 420 4178 quod
487 4092 572 4162 de
643 4098 837 4181 Isaac
900 4093 1193 4179 e'usque
1256 4107 1450 4183 patre
1517 4090 1860 4162 Abraham
1932 4090 2274 4181 scriptum
2343 4104 2485 4162 est:
2566 4091 2789 4162 Crevit

238 4179 454 4280 igitur
500 4202 712 4271 puer,
758 4194 824 4251 et
882 4203 921 4249 a
977 4181 1269 4251 lactatus
1306 4192 1449 4262 est,
1504 4180 1800 4268 fecitque
1850 4180 2191 4252 Abraham
2242 4180 2504 4272 grande
2548 4180 2785 4251 convi-

239 4291 428 4337 vium
478 4269 549 4338 in
585 4270 698 4340 die
734 4270 1215 4341 ablactationis
1261 4291 1452 4340 suae:
1505 4291 1643 4339 non
1693 4270 1898 4339 incon
1952 4290 2077 4339 rue
2122 4270 2274 4360 ejus
2304 4291 2580 4357 quoque
2627 4291 2789 4359 pos-

240 4357 332 4426 sit
379 4379 714 4448 personae
760 4359 1006 4449 aptari.
1062 4357 1297 4431 Merito
1344 4370 1577 4429 tantus
1612 4357 1909 4450 patriarc
1964 4381 2005 4428 a
2038 4358 2107 4427 in
2140 4358 2594 4429 ablactatione
2627 4356 2779 4439 filii,

241 4465 448 4531 quem
511 4468 592 4517 ex
639 4447 1100 4537 promissione
1163 4470 1204 4518 a
1261 4452 1396 4519 Deo
1444 4448 1798 4540 suscepit,
1850 4447 2112 4541 grande
2158 4446 2550 4518 convivium
2597 4443 2779 4517 fecit.
