3327 4999
117 362 329 428 MART.
380 364 459 430 ⁴2
957 382 1038 429 ns
1082 382 1140 430 s.
1193 380 1504 429 cnsscomo
1550 381 1714 429 ΡΑΡΑ
2396 363 2522 429 ⁴65

115 485 253 557 ergo
294 464 411 547 sac,
449 474 524 535 ut
570 465 1036 556 praesentium
1071 465 1246 534 lator
1277 463 1508 535 nullas
1554 465 1639 535 de
1687 464 2151 556 percipiendis
2178 465 2449 535 Domini
2480 465 2605 537 do-

116 554 210 624 nis
251 576 457 624 moras
503 554 859 635 sustineat,
897 568 962 624 et
1008 566 1085 625 tu
1131 555 1201 624 in
1250 554 1363 624 die
1413 555 1685 623 Domini
1720 557 1890 625 bene
1937 553 2374 646 dispensatae
2421 576 2610 625 mer-

117 642 281 712 cedis
321 643 530 732 possis
581 644 920 734 particeps
965 643 1265 714 inveniri
1310 643 1368 713 ⁴.
1421 666 1459 710 »

194 734 228 818 ξ
284 736 417 805 85.
469 731 838 823 Gregorius
897 732 1241 803 Libertino
1305 732 1726 824 expraetori:
1795 755 1832 801 «
1882 737 2151 816 Quanta
2210 755 2330 802 vos
2391 731 2612 805 seculi

119 820 304 904 hujus
342 835 593 912 premat
640 821 980 912 angustia,
1025 821 1456 912 incognitum
1508 843 1641 891 non
1680 822 2017 891 habemus
2044 821 2138 890 μ.
2177 820 2303 891 Sed
2338 823 2505 908 quia
2534 821 2609 889 in

123 931 352 979 summa
388 909 824 981 tribulatione
872 909 1111 1001 positis
1159 910 1304 981 sola
1349 921 1451 980 est
1496 910 1873 981 consolatio
1905 910 2381 981 misericordia
2411 916 2611 981 Crea-

127 998 282 1076 toris,
326 999 385 1067 in
431 1021 594 1070 eum
646 1020 835 1089 spem
887 1012 1178 1069 vestram
1239 1000 1492 1089 ponite,
1553 998 1639 1068 ad
1709 1000 1938 1089 ipsum
2004 1013 2134 1069 tota
2199 1022 2317 1069 vos
2383 1010 2611 1069 mente

128 1089 458 1158 convertite.
513 1087 646 1170 Qui
693 1100 756 1157 et
793 1088 980 1178 juste
1076 1109 1230 1156 uem
1283 1087 1449 1166 vult,
1490 1088 1822 1178 permittit
1870 1088 2106 1179 affligi,
2141 1101 2206 1158 et
2253 1087 2609 1158 confiden-

127 1187 228 1242 tem
260 1177 316 1246 in
359 1200 428 1246 se
477 1176 1010 1246 misericorditer
1073 1176 1381 1247 iberabit.
1423 1176 1565 1267 Ipsi
1611 1198 1773 1268 ergo
1822 1178 2080 1269 gratias
2113 1177 2315 1268 agite,
2373 1189 2439 1247 et
2487 1199 2610 1269 pa-

127 1263 320 1333 tienter
345 1287 821 1354 quaecumque
871 1265 1056 1335 illata
1105 1278 1290 1345 sunt,
1327 1266 1679 1335 sustinete.
1722 1271 1885 1336 Nam
1925 1279 2145 1336 rectae
2180 1265 2429 1336 mentis
2477 1277 2603 1347 est,

121 1357 290 1422 Deum
334 1377 465 1424 non
518 1354 741 1424 solum
780 1354 849 1423 in
903 1355 1247 1445 prosperis
1297 1354 1720 1436 benedicere,
1767 1356 1884 1424 sed
1919 1356 2123 1425 etiam
2173 1354 2243 1423 in
2296 1354 2604 1425 adversi-

122 1441 326 1512 tatibus
370 1442 787 1514 collaudare.
854 1448 930 1512 In
981 1443 1090 1513 his
1144 1443 1355 1535 igitur
1408 1465 1586 1530 quae
1632 1443 1977 1533 patimini,
2046 1444 2318 1514 nullum
2369 1457 2610 1513 contra

117 1532 288 1600 Deum
333 1554 654 1602 murmur
689 1532 881 1601 cordi
928 1545 1150 1603 vestro
1198 1532 1565 1624 subrepat:
1618 1534 1784 1620 quia
1821 1532 1907 1603 ad
1948 1533 2114 1620 quid
2156 1533 2288 1602 boc
2336 1537 2608 1602 Creator

116 1634 301 1689 noster
345 1631 688 1710 operetur,
745 1621 1057 1711 ignotum
1104 1634 1228 1690 est.
1266 1622 1573 1690 Forsitan
1622 1621 1835 1704 enim,
1876 1622 2245 1711 magnifice
2292 1621 2418 1702 fili,
2475 1621 2606 1690 ali-

107 1708 239 1806 quid
287 1709 477 1780 illum
533 1710 602 1778 in
655 1711 1000 1800 prosperis
1050 1712 1312 1800 positus
1345 1710 1715 1791 offendisti,
1753 1711 1939 1780 unde
1973 1724 2033 1780 te
2062 1710 2382 1780 clementi
2415 1732 2607 1779 ama-

111 1798 365 1868 ritudine
412 1798 563 1868 vult
608 1821 927 1890 purgare.
973 1804 1050 1868 Et
1083 1799 1233 1869 ideo
1266 1821 1391 1869 nec
1420 1800 1820 1890 temporalis
1870 1811 1931 1868 te
1978 1799 2251 1890 frangat
2298 1799 2597 1879 afflictio,

112 1906 207 1955 nec
247 1909 464 1957 rerum
509 1887 765 1958 damna
813 1888 1270 1958 discrucient:
1324 1888 1488 1976 quia
1536 1889 1592 1958 si
1645 1888 1714 1957 in
1774 1888 2080 1960 adversis
2129 1890 2385 1979 gratias
2435 1887 2611 1956 rese-

110 1995 255 2056 rens,
289 1981 500 2046 Deum
558 1977 680 2046 tibi
727 1977 1053 2068 patientia
1084 1976 1326 2047 feceris
1369 1999 1516 2046 esse
1558 1977 1992 2068 placabilem,
2032 1990 2097 2047 et
2143 2000 2318 2064 quae
2350 1976 2611 2047 amissa

106 2077 253 2145 sunt,
289 2065 747 2155 multiplicata
794 2065 1192 2147 reddentur,
1229 2079 1295 2135 et
1342 2088 1551 2156 super
1599 2067 1766 2135 haec
1800 2065 2052 2156 gaudia
2101 2080 2375 2136 aeterna
2412 2087 2608 2155 prae-

111 2153 452 2224 stabuntur.
512 2160 670 2224 Peto
718 2168 971 2236 autem,
1033 2177 1119 2224 ne
1178 2155 1593 2246 injuriosum
1644 2155 1916 2224 ducatis
1963 2155 2144 2241 quod
2198 2154 2439 2245 viginti
2489 2176 2612 2223 an-

117 2260 249 2314 nuos
287 2244 572 2313 vestitus
608 2243 693 2312 ad
745 2266 995 2335 pueros
1041 2257 1300 2313 vestros
1354 2266 1471 2333 per
1528 2249 1917 2313 Romanum
1953 2243 2381 2313 defensorem
2436 2243 2608 2312 scri-

119 2331 332 2427 psimus
366 2332 682 2423 praeberi
710 2358 724 2398 :
759 2333 924 2421 quia
955 2333 1040 2402 de
1063 2333 1241 2403 beati
1273 2333 1450 2402 Petri
1490 2331 1788 2423 Apostoli
1820 2332 2025 2400 rebus
2051 2331 2369 2419 quamvis
2403 2352 2613 2433 parva

116 2430 218 2487 sint
242 2443 407 2508 quae
438 2422 839 2502 offerantur,
881 2444 1003 2524 pro
1037 2444 1284 2513 magna
1317 2443 1589 2513 semper
1637 2419 2115 2491 benedictione
2163 2419 2613 2512 suscipienda

114 2523 255 2578 sunt.
309 2512 651 2594 Quoniam
712 2525 778 2581 et
825 2512 939 2581 hic
988 2512 1180 2581 vobis
1231 2511 1476 2581 valebit
1525 2512 1788 2600 majora
1845 2509 2268 2602 impendere,
2312 2523 2377 2580 et
2423 2509 2612 2601 apud

110 2600 602 2689 omnipotentem
655 2604 864 2669 Deum
904 2600 1235 2669 beneficia
1283 2611 1557 2670 aeterna
1608 2612 2043 2689 praestare.»

182 2686 212 2771 ξ
258 2693 416 2761 86.
473 2694 785 2779 Longum
834 2702 936 2758 est
985 2689 1329 2776 nimisque
1375 2688 1679 2770 difficile,
1719 2689 1776 2758 si
1826 2688 2424 2777 eleemosynarum
2462 2687 2614 2777 ejus

118 2771 303 2845 saltem
351 2777 760 2868 hujusmodi
812 2800 1186 2868 prosequar
1231 2778 1555 2847 actiones
1607 2782 1749 2847 Hoc
1799 2777 2094 2847 breviter
2140 2798 2397 2856 assem,
2452 2775 2617 2863 quia

111 2873 160 2959 et
197 2884 313 2934 non
369 2867 774 2967 petentibus
838 2866 1021 2937 ultro
1081 2866 1456 2948 distribuit,
1510 2877 1575 2936 et
1621 2866 1946 2937 omnibus
2042 2866 2388 2935 etentibus
2436 2864 2618 2933 hila-

109 2962 236 3019 riter
297 2956 734 3026 ministravit.
808 2956 1000 3025 Unde
1061 2955 1244 3024 Eliae
1310 2956 1711 3046 presbytero
1782 2967 1848 3024 et
1909 2954 2001 3025 Ab
2054 2956 2145 3024 ati
2218 2953 2615 3055 provinciae

111 3039 389 3126 Isauriae,
446 3068 482 3109 «
508 3044 897 3135 Evangelia,
939 3044 1188 3131 inquit,
1224 3043 1403 3114 sicut
1441 3043 1848 3125 mandastis,
1886 3044 2427 3114 transmisimus,
2471 3066 2504 3110 »
2538 3047 2617 3113 Et

107 3142 226 3279 post
268 3153 530 3221 pauca:
578 3160 601 3193 c
642 3132 908 3203 Solidos
939 3146 1167 3202 autem
1203 3132 1391 3202 vobis
1425 3133 1738 3203 voluistis
1766 3154 1888 3223 pro
1921 3132 2445 3204 necessitatibus
2475 3130 2617 3200 Cel-

127 3236 188 3314 ae
226 3221 727 3312 quinquaginta
776 3221 1169 3291 transmitti.
1226 3221 1421 3304 Quod
1472 3222 1770 3291 multum
1820 3243 1969 3291 esse
2016 3222 2481 3299 aestimantes,
2535 3242 2616 3289 ex

104 3323 179 3373 ets
221 3309 411 3380 nobis
484 3310 720 3380 decem
770 3309 1102 3392 donastis,
1157 3322 1233 3380 ut
1293 3310 1757 3401 quadraginta
1814 3310 2241 3380 mitteremus
2276 3366 2291 3391 ,
2358 3308 2477 3379 sed
2530 3330 2617 3377 ne

107 3390 349 3467 forsitan
390 3398 493 3468 vel
548 3398 673 3469 hoc
721 3422 926 3490 grave
971 3410 1173 3478 esset,
1214 3399 1386 3469 alios
1433 3398 1671 3469 decem
1722 3399 1923 3470 nobis
1970 3421 2052 3468 ex
2099 3398 2200 3470 eis
2247 3397 2479 3468 adhuc
2512 3397 2616 3466 di-

103 3484 259 3568 gnati
299 3486 467 3558 estis
500 3486 758 3579 largiri.
801 3487 927 3558 Sed
962 3489 1127 3576 quia
1159 3510 1276 3557 vos
1312 3487 1506 3557 valde
1554 3489 1622 3557 in
1676 3488 2101 3557 continentia
2148 3500 2371 3558 vestra
2418 3485 2613 3558 beni-

105 3590 245 3670 gnos
301 3576 747 3658 invenimuS,
829 3576 1054 3647 eidem
1118 3576 1527 3668 benignitati
1594 3576 1739 3646 vice
1801 3576 2013 3647 simili
2071 3574 2608 3666 respondenteS,

104 3664 573 3755 qumquaginta
620 3666 1159 3736 transmisimus.
1227 3671 1304 3735 Et
1365 3687 1449 3736 ne
1514 3664 1800 3735 forsitan
1866 3666 2102 3735 minus
2165 3674 2388 3745 esset,
2443 3662 2618 3733 alios

106 3745 301 3819 decem
352 3754 987 3843 superaddidimus.
1031 3759 1125 3825 Ne
1171 3776 1328 3824 vero
1375 3767 1439 3824 et
1466 3755 1597 3824 boc
1646 3754 1876 3823 adhuc
1927 3754 2161 3823 minus
2193 3764 2395 3834 esset,
2439 3751 2615 3822 alios

109 3831 438 3911 duodecim
494 3843 701 3934 jungi
766 3844 1077 3914 fecimus
1146 3848 1226 3912 In
1295 3844 1423 3913 hoc
1476 3854 1706 3913 autem
1779 3842 2268 3932 cognoscimus
2317 3841 2616 3912 charita-

115 3932 570 4082 lgensseresfflm,
607 3932 772 4019 quia
818 3931 903 4001 de
944 3931 1144 4003 nobis
1172 3932 1268 4003 ita
1303 3932 1768 4023 praesumitiS,
1807 3931 1985 4002 sicut
2014 3953 2136 4001 vos
2164 3951 2611 4021 praesumere

251 4030 334 4086 tls
449 4043 553 4089 ’.))

184 4103 406 4186 ξθῖ.
460 4112 803 4180 Hactenus
866 4108 952 4179 de
1017 4108 1474 4200 Gregorianae
1540 4108 1973 4179 liberalitatis
2041 4107 2440 4177 innocentia
2505 4128 2616 4175 me

129 4191 389 4265 retulisse
440 4197 756 4267 sufficiat.
836 4201 1188 4267 Caeterum
1241 4198 1406 4286 quia
1468 4196 1674 4267 famis
1741 4208 2091 4288 tempore,
2157 4209 2237 4267 ut
2298 4195 2616 4266 videlicet

170 4365 307 4443 :litu
325 4375 648 4423 hmo-cenom
669 4378 961 4418 elericorum
981 4377 1348 4417 necessitutibus
1368 4376 1616 4416 consuluit
1633 4385 1720 4425 per
1739 4376 1891 4425 Epioe.
1912 4379 1979 4425 56,
1995 4377 2098 4418 Lib.
2121 4378 2161 4424 2,
2179 4377 2229 4418 et
2247 4376 2396 4425 Epist.
2418 4376 2457 4421 4,
2474 4373 2528 4415 1..
2549 4376 2586 4413 δ.

171 4422 344 4501 t..Quod
362 4429 610 4470 Christi-‚ni
627 4433 692 4471 uit
707 4431 868 4472 omni·
886 4440 1037 4479 nequo
1054 4433 1209 4471 culmo
1227 4440 1254 4470 e
1273 4431 1356 4471 Det
1378 4430 1594 4470 manibus
1621 4432 1882 4479 suscipere.

258 4478 360 4524 Vide
374 4483 519 4524 etun
539 4486 685 4535 xpm.
709 4486 776 4533 21,
793 4486 847 4526 L.
871 4485 936 4526 11.
968 4486 1030 4524 Ac
1048 4485 1105 4526 de
1121 4485 1312 4534 justitia
1328 4484 1545 4525 districte
1566 4485 1618 4524 ln
1635 4484 1959 4525 munificentia
1978 4483 2212 4525 servanda.
2226 4482 2376 4533 Epist.
2394 4482 2458 4527 39,
2476 4480 2532 4523 Ia.
2553 4477 2621 4527 11.
2698 4512 2701 4513 γ
