3327 4999
661 308 791 374 562
1444 327 1523 374 nn
1571 328 1627 375 s.
1681 326 1924 377 :caune
1970 325 2235 377 cunco
2725 307 2973 377 MART.
3027 309 3116 376 30

571 405 903 477 memoria
931 406 1227 497 jugique
1275 406 1546 506 pietatis
1582 408 2063 477 exercitatione
2110 406 2454 476 devitavit.
2495 408 2800 493 Cumque
2848 406 3117 478 nullius

570 495 881 566 mortalis
930 494 1027 563 rei
1074 495 1426 565 affectione
1460 509 1826 577 teneretur,
1865 510 2437 582 aeternorumque
2485 495 2708 565 solum
2760 517 3117 586 sensupa-

569 597 895 665 sceretur,
949 584 1188 653 noxiae
1222 584 1531 653 tristitiae
1580 584 1753 654 liber
1777 586 1991 655 evasit
2052 585 2459 654 Iracundiae
2488 606 2643 654 vero
2677 585 3114 674 tyrannidem

568 673 642 742 in
691 673 919 764 seipso
970 695 1090 762 per
1134 673 1563 753 obedientiae
1609 673 1921 765 gladium
1955 673 2320 743 occiderat.
2368 679 2542 743 Raro
2575 690 2921 764 praeterea
2947 696 3117 742 con-

568 784 813 852 gressu
846 761 1178 851 corporis,
1225 762 1617 850 rarioreque
1640 785 1770 832 usu
1801 763 2162 842 sermonis,
2199 763 2428 831 inanis
2454 763 2712 852 gloriae
2738 764 3116 853 sanguisu-

618 874 754 930 am,
799 872 1089 919 araneae
1129 851 1556 932 similimam,
1581 851 2038 921 mortificavit.
2076 851 2250 935 Quid
2286 851 2504 920 octavi
2540 851 2684 921 vitii
2713 863 3115 942 supremam

619 938 1314 1029 iligentissimamque
1360 940 1950 1021 emundationem,
1987 940 2353 1032 superbiae
2380 939 2662 1021 scilicet,
2703 944 3110 1031 prosequar,

568 1050 773 1115 quam
826 1028 1049 1118 coepit
1106 1028 1385 1114 quidem
1441 1051 1561 1118 per
1605 1029 2034 1099 obedientiae
2100 1028 2703 1099 mansuetudinem
2741 1085 2755 1110 ,
2831 1028 3117 1119 perfecit

570 1139 730 1187 vero
754 1116 1067 1186 coelestis
1101 1118 1456 1198 DominuS,
1488 1119 1869 1207 praesentia
1905 1123 2029 1188 sua
2061 1117 2460 1200 adveniens,
2506 1117 3116 1205 humilitatemque

571 1206 902 1275 adversus
949 1205 1137 1274 illam
1190 1206 1520 1287 exaltans,
1558 1229 1695 1293 qua
1744 1208 1892 1276 sine
1941 1206 2300 1276 diabolum
2352 1207 2639 1295 ejusque
2688 1206 3115 1277 conformem

569 1294 859 1365 classem
892 1293 1155 1363 destrui
1192 1295 1516 1385 possibile
1564 1318 1700 1364 non
1735 1308 1869 1366 est.
2279 1348 2285 1356 .

660 1386 696 1470 ξ
751 1388 838 1452 5.
898 1383 1022 1453 Ubi
1071 1384 1327 1453 veroin
1368 1384 1576 1473 hujus
1624 1406 1915 1454 coronae
1965 1396 2286 1454 contextu
2334 1405 2586 1473 ponam
2640 1382 3112 1474 lacrymarum

569 1471 761 1542 illius
809 1470 1088 1553 fontem,
1152 1494 1292 1542 rem
1349 1473 1626 1559 quidem
1680 1496 1931 1556 raram,
1970 1486 2035 1543 et
2081 1495 2258 1559 quae
2306 1473 2374 1540 in
2434 1472 2673 1542 multis
2716 1496 2848 1543 non
2908 1472 3112 1543 facile

568 1560 938 1642 invenitur,
977 1583 1270 1648 quarum
1309 1561 1512 1630 hodie
1569 1584 1646 1630 su
1704 1575 1881 1632 erest
1928 1560 2531 1642 secreta-officina,
2591 1561 2921 1652 spelunca
2956 1561 3148 1643 bre-v

567 1650 851 1718 vissima
901 1650 970 1717 in
1021 1649 1441 1719 extremitate
1500 1672 1631 1736 qua
1689 1674 1799 1719 am
1862 1650 1945 1718 ad
2009 1651 2309 1720 radicem
2362 1649 2616 1719 m'ontis
2667 1651 2911 1740 posita,
2963 1663 3107 1720 tan-

569 1748 857 1825 tumque
896 1738 986 1808 ab
1035 1738 1223 1808 illius
1281 1751 1485 1825 atque
1531 1739 1721 1808 omni
1770 1739 1905 1808 alia
1960 1740 2210 1810 cellula
2271 1746 2566 1821 remota,
2632 1753 2969 1825 quantum
3019 1738 3106 1809 ad

568 1827 1032 1897 observandas
1062 1827 1319 1918 gloriae
1352 1827 1582 1897 inanis
1630 1850 1855 1909 aures,
1892 1828 2057 1898 satis
2087 1851 2236 1898 esse
2266 1827 2668 1897 videbatur?
2714 1829 2807 1897 Ad
2839 1827 3137 1897 coelum>

568 1938 730 1996 vero
755 1938 976 2001 usque
1023 1916 1419 2017 gemitibus,
1456 1917 1803 2006 suspiriiS,
1844 1916 1945 1988 sin
2003 1917 2288 1997 ultibus,
2333 1917 2788 2005 precibusque
2813 1932 2875 1986 et
2923 1916 3108 2005 ejus-

568 2005 758 2074 modi
815 2005 1100 2091 reliquls
1156 2027 1333 2092 quae
1393 2006 1478 2075 ab
1540 2006 1647 2075 his
1696 2006 1844 2075 fieri
1894 2028 1968 2075 so
1997 2019 2112 2076 ent
2159 2006 2279 2093 qui
2336 2004 2587 2106 gladiis
2645 2005 3109 2091 cauteriisque

569 2107 1002 2184 punguntur,
1043 2108 1108 2163 et
1155 2094 1411 2181 quibus
1468 2094 1891 2163 effodiuntur
1936 2095 2145 2176 ocull,
2188 2108 2622 2185 pertlno'ens:
2678 2094 2905 2164 somni
2952 2107 3106 2163 tan-

567 2195 710 2251 tum
764 2183 1100 2273 capiebat,
1164 2197 1499 2268 quantum
1552 2183 1867 2253 sufficere
1916 2206 2116 2284 posse
2162 2147 2627 2253 arbitrabatur
2673 2183 2758 2251 ad
2826 2204 3107 2252 servan-

567 2271 726 2339 dam
765 2271 976 2339 animi
1031 2270 1552 2358 intellectusque
1599 2272 2083 2353 substantiam,
2124 2294 2207 2340 ne
2242 2293 2360 2362 per
2404 2271 2881 2340 enormitatem
2935 2270 3106 2362 vigi-

568 2359 820 2429 liarum
871 2360 1401 2430 contabesceret.
1432 2365 1597 2429 Ante
1645 2383 1966 2431 somnum
1998 2382 2153 2430 vero
2184 2360 2641 2450 utplurimum
2676 2360 3108 2430 orationibus
3150 2446 3153 2449 ,

567 2471 845 2526 vacans.
917 2449 1181 2520 libellos
1245 2450 1446 2520 etiam
1516 2450 1947 2522 conscribere
2011 2450 2254 2521 solitus
2300 2461 2466 2530 erat,
2528 2470 2664 2535 quo
2712 2450 2855 2521 solo
2903 2471 3111 2540 opere

567 2539 842 2608 acediae
879 2538 1279 2629 languorem
1314 2538 1399 2607 ab
1447 2561 1518 2607 se
1566 2539 1871 2640 fugabat.
1911 2544 2116 2608 Porro
2163 2561 2411 2609 cursus
2449 2539 2600 2627 ejus
2650 2539 2902 2619 omnis,
2957 2561 3114 2630 per·

565 2641 768 2718 petua
820 2641 963 2696 erat
1010 2628 1248 2708 oratio,
1285 2650 1615 2715 amorque
1662 2628 2231 2729 incomparabilis
2256 2627 2340 2695 ad
2393 2633 2644 2696 Deum:
2700 2627 2886 2696 hunc
2919 2628 3110 2698 enim

565 2716 674 2785 die
726 2730 1070 2803 noctuque
1120 2716 1581 2785 mundissimo
1621 2718 1959 2788 ,castitatis
2023 2716 2304 2807 speculo
2356 2716 2663 2796 inmens,
2726 2716 3109 2785 satietatem

563 2806 777 2875 ullam
830 2828 1073 2896 capere
1122 2804 1418 2883 nolebat,
1474 2805 1688 2874 immo
1718 2828 1874 2875 vero
1904 2806 2013 2894 (ut
2061 2805 2284 2896 magis
2314 2805 2591 2895 proprie
2623 2804 2937 2896 eloquar)
2969 2826 3108 2874 non

613 2907 850 2963 oterat.

564 2917 688 3069 p§
754 2988 848 3054 (ὃ.
911 2982 1134 3071 Hujus
1198 2980 1573 3069 aliquando
1629 2980 1848 3050 divini
1913 2981 2125 3072 patris
2191 2983 2398 3051 vitam
2456 2982 2718 3051 imitari
2783 2983 3100 3073 cupienS‚

562 3072 849 3162 ejusque
882 3070 1288 3160 disciplinis
1344 3070 1588 3151 imbui,
1649 3085 1853 3157 atque
1917 3072 2004 3140 ab
2063 3093 2142 3140 eo
2191 3093 2386 3141 verae
2437 3071 2915 3160 philosophiae
2962 3071 3104 3139 ele-

566 3173 793 3229 menta
831 3159 1204 3249 percipere,
1248 3160 1530 3246 quidam
1582 3181 1662 3228 ex
1703 3160 1811 3229 his
1844 3161 1962 3246 qui
2008 3160 2214 3229 vitam
2269 3160 2640 3231 solitariam
2680 3159 3100 3239 deleverant,

565 3254 846 3337 Moyses
877 3248 1177 3324 nominc.
1235 3249 1594 3339 plerosque
1627 3261 2017 3319 sanctorum
2052 3262 2323 3339 patrum
2357 3262 2739 3338 precatores
2765 3216 3099 3329 exbibuit,

565 3361 689 3428 per
717 3360 914 3424 quo5‚
953 3350 1030 3405 ut
1078 3361 1149 3406 se
1188 3337 1256 3406 in
1307 3338 1730 3427 discipulum
1784 3339 2184 3428 susciperet,
2235 3338 2530 3406 summis
2580 3337 2901 3428 precibus
2948 3361 3103 3406 ora-

564 3427 680 3497 vit.
723 3430 940 3517 Igitur
999 3426 1273 3495 illorum
1338 3427 1660 3517 precibus
1708 3426 1943 3509 fretus⁴
2003 3451 2042 3495 a
2092 3439 2327 3497 sancto
2378 3426 2542 3506 viro,
2597 3439 2673 3495 ut
2719 3439 3094 3516 optaverat,

564 3530 927 3606 susceptus
974 3527 1096 3585 est.
1136 3516 1310 3585 Huic
1345 3516 1717 3603 aliquando
1757 3530 2038 3585 sanctus
2086 3529 2278 3606 pater
2329 3529 2784 3605 praeceperat,
2824 3526 2901 3584 ut
2929 3537 3103 3602 quo-

562 3605 722 3673 dam
773 3627 852 3674 ex
905 3605 1051 3674 loco
1104 3605 1381 3696 pinguis
1447 3605 1686 3693 glebae
1753 3605 2105 3675 materiam
2177 3604 2602 3683 conveheret,
2661 3626 2782 3694 pro
2835 3603 3103 3673 laetiori

563 3693 821 3763 hortuli
869 3694 1272 3781 clerumque
1320 3693 1615 3763 cultura.
1660 3694 2067 3763 Perveniens
2120 3693 2334 3783 igitur
2383 3699 2642 3781 Moyses
2691 3693 2777 3761 ad
2819 3692 3103 3761 denota-

564 3793 707 3852 tum
762 3783 895 3852 sibi
955 3783 1177 3851 locum
1247 3782 1427 3869 quod
1491 3783 1736 3870 jussus
1789 3782 2009 3852 fuerat
2069 3782 2363 3872 impigre
2428 3781 2911 3868 exequebatur.
2969 3780 3101 3849 Sed

562 3894 718 3941 cum
761 3872 907 3962 jam
962 3871 1423 3941 meridianum
1473 3884 1746 3962 tempus
1793 3872 2082 3952 adesset,
2120 3885 2184 3941 et
2232 3870 2766 3950 solisincendiO,
2801 3869 3103 3938 fornacis

561 3961 632 4029 in
686 3982 970 4042 morem,
1017 3960 1209 4030 locus
1258 3960 1371 4029 ille
1420 3961 1796 4051 ignesceret
1842 3960 2016 4049 (erat
2063 3959 2244 4028 enim
2279 3960 2535 4031 mensis
2562 3959 2963 4050 Augustus),
2998 3958 3101 4027 vi-

563 4063 717 4120 ctus
757 4055 1040 4139 MoyseS‚
1083 4062 1248 4118 etex
1280 4049 1775 4119 transvectione
1802 4049 2147 4140 fatigatus,
2185 4048 2619 4134 aliquantula
2662 4048 2894 4133 requie
2919 4070 3098 4137 opus

565 4139 694 4208 sibi
744 4160 892 4207 esse
941 4139 1264 4218 decernit,
1331 4152 1533 4224 atque
1596 4139 1725 4209 sub
1778 4138 2102 4207 immanis
2150 4138 2293 4206 saxi
2341 4137 2588 4207 umbra
2638 4137 2735 4205 sei
2790 4159 2942 4204 sum
2996 4135 3103 4204 di-

563 4228 865 4311 mittens,
918 4228 1310 4296 obdormire
1350 4228 1593 4318 coepit.
1650 4227 1773 4296 Sed
1826 4227 2405 4298 clementissimus
2453 4231 2630 4295 Deus
2677 4226 2719 4294 fl
2777 4225 2915 4293 eles
2955 4246 3103 4293 ser-

562 4340 681 4385 vos
731 4339 891 4385 suos
942 4316 1008 4384 in
1063 4316 1253 4386 nullo
1287 4317 1672 4386 contristari
1724 4316 2143 4416 permittens,
2197 4338 2354 4385 cum
2398 4315 2541 4403 jam
2598 4313 3103 4403 periclitaretur

563 4411 848 4497 Moyse&
900 4418 1230 4476 consueta
1260 4405 1460 4475 illum
1512 4405 1985 4476 misericordia
2031 4405 2158 4476 hoc
2209 4403 2412 4474 modo
2462 4415 2957 4493 praeoccupat:
