3327 4999
652 362 783 428 242
1454 378 1535 424 nn
1584 378 1640 425 s.
1696 374 2010 425 Gnneomo
2059 377 2222 423 PAPA
2745 357 2990 424 MART.
3047 360 3134 423 42

562 472 704 540 est,
758 459 1232 528 infirmitatem
1286 476 1487 525 suam
1535 456 1977 545 cognoverit,
2032 455 2104 523 in
2161 465 2465 524 extremo
2524 453 2705 523 libro
2763 454 3132 525 Moralium

563 546 982 628 manifestat,
1041 567 1205 614 cum
1255 544 1461 614 dicit:
1517 567 1553 610 «
1604 544 1885 634 Expleto
1932 544 2166 629 itaque
2213 543 2344 612 hoc
2391 563 2620 632 opere,
2676 543 2760 612 ad
2815 563 2926 612 me
2960 544 3137 612 mihi

560 635 759 705 video
807 656 957 705 esse
1006 632 1471 703 redeundum.
1528 631 1820 702 Multum
1872 632 2134 722 quippe
2185 652 2384 701 mens
2413 643 2673 710 nostra,
2716 632 2922 700 etiam
2970 653 3136 701 cum

561 736 745 793 recte
793 721 985 809 loqui
1044 732 1383 802 conatur,
1448 732 1638 790 extra
1694 721 2138 810 semetipsam
2201 718 2580 809 spargitur.
2660 720 3136 809 Integritatem

560 832 866 897 namque
915 809 1160 889 animi,
1215 808 1383 877 dum
1435 809 1832 899 cogitantur
1877 808 2086 889 verba
2132 806 2429 893 qualiter
2467 805 2928 897 proferantur,
2966 807 3135 894 quia

560 900 850 969 trahunt
881 898 1330 978 extrinsecuS,
1369 897 1723 966 minuunt.
1760 897 1982 985 Igitur
2010 918 2051 964 a
2088 894 2368 985 publico
2419 894 2787 966 locutionis
2834 896 3137 965 redeun-

560 986 731 1056 dum
781 998 884 1057 est
930 986 1017 1055 ad
1067 985 1335 1055 curiam
1384 985 1642 1067 cordis,
1695 995 1773 1054 ut
1819 983 2019 1071 quasi
2069 984 2137 1052 in
2184 983 2488 1069 quodam
2519 982 2815 1052 concilio
2848 984 3136 1054 consul-

558 1074 839 1145 tationis
877 1075 964 1143 ad
1000 1073 1342 1173 meipsum
1373 1071 1914 1142 discernendum
1946 1092 2317 1141 convocem
2353 1071 2804 1162 cogitationes
2848 1073 3124 1142 mentis:

558 1174 904 1250 quatenus
952 1162 1048 1232 ibi
1098 1160 1410 1242 videam,
1466 1181 1553 1230 ne
1600 1172 1721 1231 aut
1769 1161 2045 1229 incaute
2093 1159 2319 1240 mala,
2374 1172 2495 1229 aut
2533 1160 2716 1228 bona
2766 1182 2899 1228 non
2953 1160 3132 1229 bene

558 1251 877 1320 dixerim.
931 1256 1122 1319 'l'unc
1170 1249 1357 1318 enim
1400 1250 1575 1318 bene
1623 1248 1884 1319 dieitur
1931 1251 2221 1328 bonum,
2278 1270 2438 1317 cum
2490 1248 2572 1329 is,
2612 1248 2731 1334 qui
2764 1247 2955 1328 dicit,
2995 1248 3130 1318 soli

556 1340 644 1421 ei,
697 1362 737 1408 a
783 1361 923 1425 quo
971 1337 1258 1427 accepit,
1314 1359 1436 1437 per
1482 1338 1552 1406 id
1603 1337 1866 1427 appetit
1914 1335 2187 1426 placere
2231 1336 2420 1422 quod
2469 1334 2659 1405 dicit.
2716 1341 2794 1405 Et
2840 1337 3128 1422 quidem

558 1427 745 1497 mala
795 1449 905 1495 me
938 1426 1173 1513 aliqua
1205 1438 1332 1494 etsl
1368 1424 1625 1495 dixisse
1655 1447 1793 1495 non
1826 1425 2127 1505 invenio,
2169 1436 2396 1494 tamen
2439 1424 2606 1510 quia
2653 1424 2938 1493 omnino
2986 1446 3128 1493 non

556 1516 875 1597 dixerim,
930 1536 1069 1583 non
1118 1513 1435 1583 defendo,
1492 1519 1678 1582 Bona
1724 1535 1885 1582 vero
1932 1513 1992 1582 si
2040 1534 2177 1599 qua
2207 1511 2541 1581 divinitus
2574 1512 2925 1600 accipiens
2952 1512 3121 1594 dixi,

557 1625 712 1673 meo
760 1603 1075 1672 videlicet
1120 1602 1286 1672 vitio
1334 1602 1573 1671 minus
1621 1623 1732 1670 me
1782 1602 1954 1672 bene
2002 1599 2257 1671 dixisse
2301 1600 2644 1689 profiteor.
2690 1606 2859 1669 Nam
2893 1600 2980 1670 ad
3018 1623 3128 1670 me

554 1691 979 1763 intrinsecus
1024 1690 1323 1769 rediens,
1377 1691 1779 1780 postpositis
1827 1688 2193 1758 verborum
2244 1687 2465 1770 soliiS,
2522 1689 2924 1779 postpositis
2972 1710 3127 1758 sen-

555 1780 930 1849 tentiarum
983 1779 1220 1859 ramis,
1275 1779 1445 1848 dum
1496 1778 1723 1868 ipsam
1768 1776 2116 1848 subtiliter
2149 1776 2451 1846 radicem
2496 1798 2687 1846 meae
2718 1777 3125 1848 intentionis

557 1867 881 1958 inspicio,
937 1871 1071 1936 Deo
1117 1867 1402 1953 quidem
1450 1888 1531 1934 ex
1578 1888 1658 1935 ea
1706 1886 1817 1934 me
1864 1887 2309 1956 summopere
2359 1865 2630 1956 placere
2676 1865 2978 1935 voluisse
3007 1887 3126 1936 co-

557 1978 856 2045 gnosco:
912 1956 1031 2024 sed
1079 1955 1304 2024 eidem
1354 1954 1744 2033 intentioni,
1799 1976 1937 2041 qua
1988 1958 2120 2023 Deo
2168 1954 2440 2045 placere
2477 1953 2742 2033 stude0‚
2780 1953 3018 2024 furtim
3053 1976 3126 2023 se

555 2044 789 2116 nescio
837 2043 1186 2130 quomodo
1232 2043 1521 2112 intentio
1570 2043 1922 2112 humanae
1969 2042 2201 2111 laudis
2249 2042 2614 2112 interserit.
2698 2043 2892 2124 Quod
2956 2065 3121 2111 cum

547 2132 695 2222 jam
748 2131 1190 2223 postmodum
1247 2131 1575 2217 tardeque
1622 2132 1963 2206 discerno,
2002 2131 2278 2200 invenio
2309 2152 2419 2200 me
2448 2130 2646 2200 aliter
2677 2152 2901 2220 agere,
2938 2130 3125 2217 quod

559 2221 703 2290 scio
752 2243 862 2289 me
910 2220 1109 2288 aliter
1155 2220 1545 2289 inchoasse.
1618 2220 1728 2289 Sic
1775 2219 1961 2288 enim
2014 2240 2219 2308 saepe
2266 2219 2717 2289 intentionem
2768 2232 3075 2288 nostram
3104 2274 3119 2302 ,

562 2307 732 2377 dum
783 2321 941 2377 ante
990 2308 1105 2376 Dei
1155 2308 1394 2377 oculos
1441 2317 1620 2377 recte
1671 2307 2028 2397 incipitur,
2085 2306 2351 2377 occulte
2401 2306 2792 2387 sub'uncta,
2847 2321 2913 2376 et
2970 2329 3123 2376 eam

555 2396 743 2465 velut
790 2396 862 2464 in
912 2396 1157 2466 itinere
1185 2395 1803 2485 comprehendenS,
1847 2395 2136 2464 intentio
2164 2330 2766 2464 humanaelaudis
2814 2397 3127 2482 assequi-

559 2495 696 2554 tur.
754 2484 944 2554 Sicut
991 2507 1115 2575 pro
1164 2484 1564 2555 necessitate
1596 2482 1878 2571 quidem
1911 2483 2112 2554 cibus
2152 2484 2478 2566 sumitur,
2516 2483 2630 2554 sed
2671 2484 2741 2552 in
2782 2483 2937 2574 ipso
2970 2507 3120 2566 esu,

556 2573 725 2643 dum
777 2573 1015 2643 furtim
1067 2572 1233 2662 gula
1281 2573 1622 2662 surrepit,
1676 2571 1927 2640 edendi
1974 2570 2332 2642 delectatio
2382 2573 2862 2662 permiscetur.
2933 2573 3127 2642 Unde

553 2661 966 2752 plerumque
1013 2661 1372 2750 contingit,
1425 2674 1501 2729 ut
1536 2660 1970 2730 refectionem
2005 2660 2339 2749 corporis,
2380 2683 2592 2747 quam
2635 2661 2880 2732 salutis
2910 2664 3124 2731 causa

555 2751 938 2840 coepimuS,
975 2754 1185 2818 causa
1218 2748 1591 2838 voluptatis
1622 2748 2050 2838 expleamus
2099 2749 2479 2818 Fatendum
2520 2761 2623 2818 est
2655 2749 2890 2836 igitur,
2935 2750 3122 2837 quod

554 2850 813 2907 rectam
861 2836 1145 2923 quidem
1197 2837 1647 2906 intentionem
1701 2849 2032 2916 nostram,
2086 2859 2266 2924 quae
2314 2837 2442 2907 soli
2492 2842 2626 2906 Deo
2676 2838 2946 2926 placere
2994 2859 3122 2927 ap-

554 2926 744 3016 petit,
798 2946 1306 3010 nonuunquam
1355 2925 1645 2994 intentio
1693 2926 1930 2996 minus
1976 2938 2183 3006 recta,
2236 2947 2416 3012 quae
2463 2925 2549 2995 de
2581 2925 2785 2996 donis
2823 2926 2936 2994 Dei
2970 2924 3136 3015 pla--

554 3035 708 3082 cere
756 3012 1159 3082 hominibus
1203 3013 1509 3099 quaerit,
1565 3013 1962 3082 insidiando
2011 3015 2402 3084 comitatur.
2475 3014 2543 3082 Si
2592 3027 2821 3084 autem
2875 3014 2958 3083 de
3007 3013 3118 3084 his

552 3101 891 3170 divinitus
939 3100 1247 3170 districte
1294 3100 1735 3184 discutimur,
1789 3103 1947 3189 quis
1995 3102 2176 3172 inter
2220 3104 2352 3172 ista
2398 3116 2708 3172 remanet
2737 3103 2985 3172 salutis
3017 3102 3123 3171 lo-

550 3211 699 3270 cuS,
754 3189 1034 3274 quando
1083 3200 1147 3257 et
1196 3189 1378 3258 mala
1426 3202 1683 3270 nostra,
1742 3213 1919 3281 pura
1968 3191 2151 3260 mala
2198 3203 2384 3273 sunt,
2438 3202 2504 3259 et
2541 3193 2746 3270 bona,
2782 3213 2960 3278 quae
2993 3212 3122 3264 nos

550 3277 807 3346 habere
852 3277 1227 3356 credimus,
1283 3299 1459 3367 pura
1505 3279 1688 3348 bona
1735 3301 1885 3348 esse
1934 3300 2373 3366 nequaquam
2423 3281 2774 3370 possunt?
2822 3278 2950 3350 Sed
2983 3277 3116 3349 hoc

554 3365 731 3436 mihi
780 3387 1028 3455 operae
1059 3365 1354 3455 pretium
1388 3367 1615 3448 credo,
1661 3368 1845 3454 quod
1880 3367 2200 3439 fraternis
2232 3368 2522 3438 auribus
2551 3390 2779 3451 omne,
2822 3368 3009 3455 quod
3046 3369 3120 3437 in

549 3475 661 3523 me
709 3453 996 3524 latenter
1045 3453 1193 3543 ipse
1225 3455 1676 3554 reprehende,
1714 3455 2234 3525 incunctancter
2271 3457 2532 3546 aperio.
2577 3457 2750 3539 Quia
2782 3458 2969 3526 enim
3002 3479 3120 3526 ex-

549 3541 872 3633 ponendo
921 3563 1057 3610 non
1107 3541 1323 3612 celavi
1371 3543 1558 3629 quod
1608 3543 1793 3614 sensi
1825 3598 1841 3621 ,
1893 3544 2285 3614 confitendo
2335 3566 2471 3614 non
2524 3545 2875 3614 abscondo
2929 3545 3121 3631 quod

549 3630 817 3721 patior:
873 3653 994 3721 per
1038 3630 1535 3720 expositionem
1586 3631 1874 3721 patefeci
1921 3632 2127 3713 dona,
2173 3654 2297 3723 per
2330 3632 2835 3704 confessionem
2876 3632 3121 3722 detego
3152 3630 3176 3637 ’

548 3719 862 3788 vulnera.
915 3725 992 3788 Et
1039 3719 1205 3805 quia
1255 3719 1325 3788 in
1376 3720 1504 3789 hoc
1556 3732 1693 3789 tam
1744 3742 1997 3822 magno
2046 3721 2356 3790 humano
2403 3743 2690 3813 genere,
2750 3743 2875 3792 nec
2924 3723 3124 3810 parvi

549 3807 825 3887 desunt,
878 3808 1000 3893 qui
1047 3807 1253 3878 dictis
1302 3808 1473 3878 meis
1521 3807 1816 3878 debeant
1862 3809 2158 3880 1nstrui:
2214 3832 2340 3881 nec
2390 3810 2626 3899 magni
2674 3810 2951 3889 desunt,
2996 3810 3121 3895 qui

547 3896 862 3986 cognitae
914 3917 1103 3965 meae
1148 3895 1420 3966 valeant
1466 3897 1854 3966 infirmitati
1910 3898 2259 3968 misereri:
2363 3920 2439 3967 er
2486 3899 2653 3968 haec
2696 3911 2998 3985 ‚utraque
3044 3921 3121 3967 a·-

548 3984 663 4053 liis
709 3984 1061 4066 fratribuS,
1114 3997 1458 4071 quantum
1508 4006 1818 4074 possum,
1874 4008 2114 4054 curam
2163 3921 2464 4067 confero,
2511 3987 2599 4056 ab
2630 3986 2787 4056 aliis
2826 4007 3113 4073 quaero,

547 4072 696 4143 Illis
743 4072 886 4141 dixi
933 4071 1360 4162 exponendO,
1415 4073 1597 4160 quod
1651 4073 1943 4142 faciant:
1998 4073 2150 4144 istis
2197 4076 2431 4165 aperio
2465 4075 2882 4151 confitendo,
2923 4074 3115 4160 quod

546 4173 857 4252 parcant.
911 4160 1058 4230 Illis
1109 4161 1472 4230 verborum
1524 4161 2026 4231 medicamenta
2077 4183 2214 4231 non
2265 4164 2620 4242 subtraho,
2667 4163 2820 4234 istis
2855 4163 3118 4232 lacera-

542 4250 799 4319 tionem
850 4248 1218 4317 vulnerum
1267 4271 1406 4319 non
1454 4249 1827 4319 abscondo.
1883 4250 2105 4340 Igitur
2150 4272 2431 4337 quaeso,
2485 4262 2564 4320 ut
2609 4252 2933 4338 quisquis
2985 4250 3116 4318 hoc

546 4337 830 4429 legerit,
884 4338 1073 4427 apud
1121 4337 1512 4407 districtum
1562 4337 1877 4427 judicem
1939 4338 2263 4408 solatium
2321 4339 2496 4407 mihi
2554 4361 2722 4407 suae
2779 4338 3115 4409 orationis

546 4426 939 4517 impendat,
991 4438 1058 4495 et
1104 4446 1309 4494 omne
1356 4424 1541 4513 quod
1591 4426 1663 4494 in
1715 4447 1827 4495 me
1873 4426 2237 4496 sordidum
2286 4427 2767 4517 deprehendit,
2830 4427 3113 4497 fletibus
