3327 4999
637 303 769 368 408
1169 316 1251 365 ΒΕ
1300 318 1356 365 s.
1410 316 1775 364 cumaeam
1823 317 2022 365 muse.
2075 316 2477 364 munismnu.
2717 298 2966 365 MART.
3018 300 3107 363 ΞΟ

549 410 617 467 et
662 419 897 467 meum
940 419 1195 487 corpus
1243 397 1360 466 illo
1409 397 1738 466 reducere
1777 396 2007 483 vultis,
2061 395 2333 465 videtur
2381 395 2554 463 mihi
2602 396 2972 484 optimum,
3025 406 3106 465 ut

548 485 623 554 in
673 486 1123 555 interioribus
1171 484 1498 553 basilicae
1546 498 1810 554 vestrae
1859 484 2031 553 illud
2086 483 2463 563 tumuletiS,
2502 497 2844 569 quatenus
2874 497 2939 553 et
2968 485 3106 575 ipsi

545 596 707 643 cum
757 573 988 653 vultis,
1044 594 1273 640 meum
1311 572 1708 662 sepulcrum
1761 573 2041 642 visitare
2080 571 2383 661 possitis,
2422 584 2487 640 et
2527 571 2598 639 in
2649 584 2978 661 potestate
3012 573 3104 643 Sit

543 673 792 741 vestra,
829 684 916 729 an
959 661 1177 746 aliqui
1219 660 1336 729 illo
1384 661 1469 730 de
1517 660 2047 731 advenientibus
2078 660 2434 729 accedant.
2467 685 2493 722 ιι
2533 659 2798 728 Gratias
2827 660 3105 749 egimus

541 750 986 840 permissioni
1034 760 1100 817 et
1146 748 1436 817 consilio
1488 748 1703 827 illius,
1757 750 1950 818 flexis
2009 749 2081 816 in
2134 760 2387 816 terram
2449 748 2770 835 genibus,
2837 770 2916 817 ac
2974 749 3099 819 do-

541 860 739 907 mum
779 837 1168 917 redeuntes,
1214 835 1643 922 frequentius
1674 837 1874 905 illum
1904 836 2150 905 exinde
2188 836 2462 903 visitare
2503 858 2640 903 non
2679 836 3098 907 destitimus.

630 929 667 1013 ξ
706 931 863 997 cm.
919 929 1225 1010 Cumque
1273 925 1698 994 increscente
1733 925 2086 1015 languore,
2120 923 2381 992 videret
2413 934 2687 1014 tempus
2723 946 2890 994 suae
2923 946 3116 995 reso-

542 1012 832 1083 lutionis
866 1013 1148 1093 instare,
1182 1013 1527 1103 praecepit
1552 1034 1623 1083 se
1665 1013 1735 1080 in
1776 1035 1973 1082 suam
2012 1010 2572 1080 mansiunculam
2625 1024 2832 1097 atque
2878 1026 3107 1082 orato-

542 1123 700 1171 rum
733 1100 996 1170 referri.
1045 1106 1200 1169 Erat
1239 1114 1468 1169 autem
1519 1101 1690 1170 hora
1738 1101 1875 1169 diei
1918 1100 2139 1169 tertia.
2179 1098 2611 1171 Portavimus
2658 1122 2820 1200 ergo
2871 1100 3097 1179 illum,

545 1190 714 1275 quia
762 1211 925 1278 prae
974 1188 1286 1257 molestia
1336 1189 1729 1278 languoriS,
1787 1188 1935 1278 ipse
1984 1210 2121 1257 non
2175 1187 2443 1257 valebat
2495 1187 2788 1277 ingredi.
2845 1192 2921 1256 At
2980 1188 3106 1257 ubi

548 1278 633 1346 ad
688 1291 953 1365 portam
1008 1277 1473 1366 pervenimus,
1528 1278 1950 1366 rogabamus
1997 1289 2076 1345 ut
2124 1274 2337 1344 alicui
2389 1287 2702 1344 nostrum
2752 1276 2988 1345 liceret
3016 1277 3102 1344 ad

550 1365 1094 1434 ministrandum
1147 1365 1209 1433 ei
1245 1366 1501 1453 pariter
1548 1365 1830 1434 intrare.
1886 1370 2028 1432 Non
2079 1364 2262 1431 enim
2318 1385 2440 1453 per
2487 1385 2707 1433 annos
2765 1364 3110 1453 plurimos

549 1453 899 1541 quispiam
950 1452 1141 1532 illuc,
1197 1465 1464 1541 praeter
1511 1452 1777 1541 ipsum,
1831 1452 2223 1520 intraverat.
2280 1451 2410 1533 Qui
2458 1451 2981 1539 circumspectis
3032 1475 3108 1520 o-

548 1540 833 1609 mnibus
869 1595 883 1621 ,
938 1540 1108 1608 vidit
1154 1539 1457 1620 fratrem,
1498 1540 1704 1630 cujus
1758 1562 1972 1628 supra
2020 1539 2332 1618 memini,
2389 1539 2645 1607 ventris
2713 1540 2905 1608 fluxu
2957 1540 3110 1608 lan-
3194 1582 3199 1586 -

650 1641 873 1696 entem
907 1640 972 1696 et
1004 1628 1120 1696 ait:
1161 1652 1197 1693 «
1236 1628 1626 1698 Walcltstod
1670 1627 2103 1717 ingrediatur
2135 1648 2481 1695 mecum.»
2511 1631 2652 1695 Hoc
2685 1641 2829 1696 erat
2861 1648 3113 1696 nomen

584 1717 806 1784 ratris.
860 1716 990 1797 Qui
1038 1738 1199 1784 cum
1249 1715 1334 1784 ad
1386 1737 1643 1783 nonam
1699 1736 1921 1801 usque
1972 1715 2212 1783 horam
2270 1715 2461 1783 intus
2499 1737 2661 1782 cum
2712 1715 2829 1783 illo
2878 1737 3117 1784 mane-

552 1816 678 1879 ret,
735 1805 833 1872 sic
882 1802 1244 1892 egrediens
1293 1804 1557 1872 vocavit
1590 1824 1723 1870 me:
1765 1826 1801 1868 «
1839 1803 2223 1892 Episcopus
2257 1813 2319 1870 te
2341 1802 2554 1891 jussit
2583 1802 2670 1870 ad
2722 1825 2794 1871 se
2824 1803 3109 1872 intrare.

556 1896 848 1961 Possum
920 1904 1151 1959 autem
1220 1891 1345 1960 tibi
1394 1913 1533 1959 rem
1587 1890 1838 1960 referre
1888 1912 2131 1959 novam
2185 1889 2699 1979 permirabilem
2740 1945 2756 1971 ,
2819 1892 2986 1977 quia
3032 1913 3116 1961 ex

556 2000 695 2065 quo
746 1979 1146 2069 ingrediens
1192 1979 1361 2047 illuc
1414 1978 1599 2069 tetigi
1646 1979 2077 2079 episcopum,
2131 1978 2563 2047 deducturus
2600 2000 2762 2046 eum
2811 1979 2893 2047 ad
2963 2001 3118 2048 ora-

556 2067 838 2147 torium,
891 2068 1222 2136 continuo
1271 2066 1453 2136 sensi
1498 2088 1606 2135 me
1653 2067 1844 2135 omni
1889 2067 2008 2135 illa
2058 2066 2302 2155 longae
2339 2065 2764 2134 infirmitatis
2803 2066 3123 2136 molestia

559 2157 865 2224 carere.»
895 2160 1036 2222 Non
1088 2165 1315 2223 autem
1367 2154 1832 2224 dubitandum
1873 2210 1887 2235 ‚
1942 2176 2286 2244 supernae
2338 2154 2609 2245 pietatis
2658 2154 2788 2223 hoc
2839 2156 3124 2244 dispen-

558 2244 822 2311 satione
871 2255 1318 2331 procuratum
1352 2298 1367 2322 ‚
1420 2255 1499 2311 ut
1544 2243 1660 2329 qui
1715 2243 1972 2311 multos
2020 2255 2221 2311 antea
2270 2264 2507 2332 sospes
2555 2243 2787 2311 adhuc
2851 2243 3123 2312 valens-

555 2351 690 2416 que
759 2342 1164 2412 curaverat,
1220 2331 1409 2399 hunc
1456 2353 1731 2417 quoque
1780 2332 2162 2401 moriturus
2208 2343 2520 2399 curaret:
2586 2342 2932 2416 quatenus
2988 2331 3122 2399 hoc

556 2439 831 2506 quoque
861 2419 1120 2487 indicio
1158 2431 1411 2508 pateret
1444 2419 1650 2488 etiam
1685 2441 1970 2508 corpore
2008 2419 2405 2489 infirmatus
2436 2419 2538 2487 vir
2577 2431 2859 2489 sanctus
2889 2441 3119 2507 quan-

557 2517 704 2576 tum
757 2507 1009 2596 spiritu
1055 2508 1328 2576 valeret.
1366 2513 1441 2576 In
1492 2530 1627 2594 qua
1733 2507 1981 2577 rofecto
2028 2509 2385 2577 curatione
2425 2508 2843 2594 sequebatur
2884 2531 3121 2578 exem-

557 2595 751 2685 plum
804 2594 1227 2664 sanctissimi
1273 2608 1340 2664 et
1385 2617 1659 2664 reveren
1721 2596 1942 2664 issimi
1991 2596 2206 2686 patris
2259 2596 2515 2665 Aurelii
2563 2597 2931 2685 Augustini
2969 2596 3116 2686 epi-

560 2682 775 2772 scopi:
814 2683 935 2769 qui
976 2682 1143 2751 dum
1179 2705 1479 2838 1pressus
1525 2683 1950 2764 infirmitate,
2005 2706 2144 2770 qua
2190 2695 2257 2752 et
2304 2697 2621 2754 mortuus
2667 2697 2791 2764 est,
2831 2685 3122 2754 decum-

558 2770 770 2850 beret,
824 2770 1008 2839 venit
1055 2771 1173 2856 qui
1228 2793 1340 2839 am
1390 2793 1551 2839 cum
1601 2792 1729 2841 suo
1776 2784 2075 2862 aegroto,
2130 2793 2382 2860 rogans
2422 2784 2499 2840 ut
2544 2771 2769 2840 eidem
2823 2794 3119 2842 manum

559 2858 966 2949 imponeret,
1007 2880 1144 2943 quo
1184 2880 1398 2927 sanus
1431 2879 1579 2928 esse
1613 2872 1863 2948 posset.
1914 2864 1991 2929 At
2036 2858 2154 2928 ille
2202 2858 2336 2927 ait:
2379 2882 2415 2924 <‹
2453 2860 2522 2928 Si
2556 2859 2821 2945 aliquid
2877 2861 2948 2929 in
2985 2860 3113 2929 'his

556 2967 855 3036 possem,
912 2945 1082 3012 milti
1122 2946 1249 3014 boc
1298 2946 1537 3032 utique
1581 2946 1912 3035 primitus
1960 2947 2481 3036 praestitissem.
2508 2971 2543 3012 »
2573 2952 2845 3018 Rursus
2871 2948 2955 3028 is,
2996 2950 3121 3034 qui

559 3046 886 3102 venerat:
942 3055 977 3098 «
1016 3038 1124 3113 Te,
1163 3034 1411 3119 inquit,
1467 3034 1744 3103 visitare
1780 3035 2027 3124 jussus
2075 3057 2258 3109 sum,
2324 3035 2670 3122 siquidem
2722 3035 2794 3103 in
2848 3035 3116 3106 somnis

559 3121 820 3190 dictum
872 3121 1131 3210 accepi:
1185 3122 1365 3191 Vade
1413 3122 1499 3190 ad
1550 3123 2009 3212 Augustinum
2064 3122 2307 3211 Episco
2361 3144 2505 3205 um,
2559 3135 2639 3192 ut
2683 3123 2908 3192 eidem
2962 3145 3110 3192 ma-

561 3231 728 3277 num
784 3209 877 3277 im
935 3230 1105 3278 onas
1134 3262 1153 3289 ,
1210 3221 1275 3278 et
1323 3211 1556 3280 salvus
1602 3211 1798 3279 erit.»
1837 3215 1983 3292 Quo
2032 3210 2148 3278 ille
2194 3232 2288 3278 au
2338 3210 2432 3279 ito
2463 3265 2478 3293 ‚
2532 3232 2690 3279 mox
2738 3212 3125 3301 aegrotanti

560 3318 853 3397 manum
942 3297 1310 3367 enedicens
1356 3298 1730 3388 imposuit:
1785 3320 1910 3367 nec
1959 3319 2175 3378 mora,
2232 3320 2480 3367 sanum
2534 3297 2621 3366 ad
2674 3300 2957 3389 propria
3004 3301 3116 3368 ress

562 3396 778 3453 misit.

649 3476 686 3559 ἓ
734 3477 886 3544 44.
943 3472 1198 3541 Intravi
1245 3484 1474 3542 autem
1523 3473 1609 3542 ad
1660 3496 1821 3542 eum
1870 3472 2057 3542 circa
2104 3472 2345 3542 horam
2396 3473 2535 3542 diei
2584 3495 2869 3554 nonam,
2926 3475 3123 3542 inve-

565 3559 779 3646 nique
847 3581 1009 3630 eum
1070 3562 1585 3630 recumbentem
1637 3562 1708 3630 in
1759 3560 2017 3652 angulo
2068 3562 2178 3631 sui
2224 3561 2506 3631 oratorii
2566 3575 2807 3631 contra
2854 3562 3116 3630 altare:

564 3647 867 3717 assidere
914 3648 1109 3738 coepi
1155 3660 1223 3716 et
1268 3649 1439 3738 ipse.
1493 3654 1624 3717 Nec
1682 3648 1900 3718 multa
1951 3648 2360 3734 loquebatur
2391 3705 2405 3730 ‚
2458 3650 2625 3735 quia
2681 3650 2959 3739 pondus
3007 3671 3125 3718 ae-

563 3735 940 3825 gritudinis
979 3735 1372 3806 facultatem
1426 3736 1754 3822 loquendi
1816 3737 2297 3806 minoraverat.
2365 3743 2614 3806 Verum
2667 3759 2778 3807 me
2824 3737 3124 3828 diligen-

564 3825 703 3892 tius
751 3823 1167 3910 inquirente,
1219 3846 1424 3910 quern
1478 3825 2014 3893 haereditarium
2065 3846 2498 3906 sermonem,
2551 3825 2734 3910 quod
2786 3824 3121 3894 ultimum

562 3911 722 3979 Vale
770 3911 1099 3981 fratribus
1147 3912 1587 3998 relinqueret,
1641 3912 1866 4002 coepit
1912 3912 2249 3981 disserere
2298 3935 2545 4002 pauca,
2599 3913 2718 3981 sed
2773 3912 2995 3984 fortia.
3035 3912 3124 3980 de

560 4020 729 4088 pace
757 4012 822 4068 et
852 4000 1264 4080 humilitate,
1311 4000 1773 4086 cavendisque
1801 4000 1926 4080 eiS,
1965 4001 2083 4086 qui
2116 4001 2480 4081 obluctari,
2520 4000 2630 4068 his
2671 4022 2876 4085 quam
2931 3999 3121 4070 oble-

561 4087 732 4156 ctari
766 4087 1072 4157 mallent.
1097 4093 1416 4168 «Pacem,
1455 4088 1704 4175 inquit,
1741 4089 1919 4157 inter
1966 4111 2085 4157 vos
2133 4110 2408 4180 semper
2445 4102 2510 4158 et
2540 4088 2944 4158 charitatem
2997 4110 3120 4157 cu-

561 4175 830 4256 stodite,
869 4190 936 4246 et
972 4197 1132 4244 cum
1174 4176 1259 4244 de
1287 4188 1509 4244 vestro
1557 4189 1739 4247 statu
1771 4176 2144 4246 consilium
2179 4199 2298 4246 vos
2347 4198 2549 4267 agere
2590 4177 2962 4245 necessitas
2998 4198 3121 4266 po-

562 4265 881 4351 poscerit,
936 4264 1167 4331 videre
1214 4263 1541 4333 attentius
1588 4277 1668 4333 ut
1712 4265 2084 4333 unanimes
2131 4264 2436 4334 existatis
2486 4265 2555 4332 in
2597 4264 2931 4337 consiliis.
2989 4263 3115 4333 Sed

561 4361 627 4420 et
673 4373 834 4421 cum
907 4351 1064 4422 aliis
1112 4350 1359 4419 Christi
1417 4352 1631 4421 servis
1693 4366 2008 4422 mutuam
2075 4353 2389 4423 habetote
2445 4353 2920 4433 concordiam,
2991 4373 3119 4421 nec
