3327 4999
660 280 787 347 234
1461 300 1543 347 mi
1589 299 1644 348 s.
1700 296 2014 347 (zanconio
2064 298 2227 347 rar».
2732 281 2979 349 MART.
3035 281 3120 347 ⁴2

622 383 843 454 uietae
903 382 1098 453 valde
1153 393 1219 452 et
1267 380 1521 453 liberae
1570 383 1821 463 mentis
1866 395 1990 453 est.
2070 388 2258 452 Tunc
2307 404 2608 470 namque
2656 383 2829 453 bene
2878 383 3123 474 lingua

622 472 896 563 irigitur
942 472 1014 540 in
1066 492 1427 553 sermone,
1479 494 1641 542 cum
1693 494 1930 543 secure
1979 493 2225 544 sensus
2271 471 2605 557 quieverit
2652 472 2723 540 in
2777 473 3119 561 tranquil·-

570 561 780 632 litate.
834 560 1009 644 Quia
1057 582 1182 629 nec
1212 582 1549 630 concussa
1595 583 1778 649 aqua
1824 561 2202 652 imaginem
2252 560 2683 651 respicientis
2718 561 2965 643 reddit,
2999 560 3123 631 sed

572 663 738 720 tunc
784 649 855 719 in
904 671 987 718 ea
1033 649 1263 718 vultus
1311 650 1730 722 intendentis
1764 650 2122 741 aspicitur,
2155 671 2316 719 cum
2353 670 2489 718 non
2523 662 2854 725 movetur.
2895 655 3121 734 Quam

570 760 734 830 ergo
781 737 1320 821 exhortationem
1369 739 1560 809 vobis
1608 739 1999 841 speculator
2042 751 2261 810 vester
2303 737 2545 811 fratres
2596 738 2989 809 charissimi
3020 738 3126 808 fa-

570 828 729 909 ciat,
775 849 979 915 quem
1011 839 1103 897 tot
1134 848 1361 897 rerum
1391 827 1706 898 confusio
1734 828 2162 920 perturbati»
2195 832 2271 896 Et
2297 827 2502 914 paulo
2533 841 2708 918 post:
2746 827 3126 898 «Sacerdos

571 917 778 987 etiam
819 928 971 1005 post
1008 917 1610 1006 compunctionem
1660 940 1741 987 ac
1792 918 2134 1007 lacrymas
2173 916 2443 1007 cogitur
2476 918 2864 989 necessaria
2901 939 3114 1004 quae-

571 1028 708 1093 que
753 1005 1056 1075 filiorum
1106 1026 1394 1075 suorum
1444 1026 1880 1097 cognoscere,
1924 1019 1989 1075 et
2034 1027 2136 1086 ea,
2175 1026 2352 1091 quae
2398 1004 2651 1097 refugit
2696 1007 2954 1089 anim0,
2991 1028 3119 1096 pa—

574 1095 819 1164 tienter
865 1093 1127 1175 audire,
1180 1106 1385 1181 atque
1433 1106 1586 1185 post
1633 1096 1938 1186 suspiria
1968 1095 2394 1176 coelestium,
2446 1095 2920 1182 quorumlibet
2962 1117 3119 1164 car·

575 1182 839 1254 nalium
891 1183 1258 1253 bominum
1303 1205 1512 1252 onera
1562 1197 1853 1275 portare,
1906 1196 1972 1254 et
2019 1205 2220 1274 saepe
2267 1205 2429 1254 cum
2477 1184 3124 1284 supervenientibus

572 1295 693 1342 cor
737 1272 807 1340 in
858 1271 1196 1341 diversam
1250 1272 1649 1360 qualitatem
1702 1272 2206 1343 transfundere.
2271 1278 2440 1342 Nam
2488 1272 2863 1361 ahquaudo
2892 1273 2976 1342 de
3009 1271 3123 1342 lu-

575 1361 713 1431 cris
762 1360 1244 1461 spiritualibus
1291 1362 1567 1452 gaudet:
1606 1362 1722 1432 sed
1756 1383 1914 1432 cum
1948 1362 2238 1449 quilibet
2271 1381 2585 1432 moerens
2614 1360 3110 1451 supervenerit,

576 1449 715 1519 nisi
759 1472 910 1540 ejus
959 1471 1338 1520 moerorem
1391 1450 1462 1519 in
1518 1472 1590 1519 se
1643 1453 2045 1536 susceperit,
2105 1449 2533 1520 tribulationi
2590 1451 2782 1521 illius
2836 1472 3123 1540 compa-

574 1539 751 1609 tiens
788 1560 925 1608 non
967 1551 1090 1609 est.
1145 1544 1223 1607 Et
1269 1539 1642 1625 aliquando
1690 1540 1776 1609 de
1822 1539 2098 1609 damnis
2145 1539 2540 1608 animarum
2591 1538 2800 1630 luget:
2842 1540 2958 1608 sed
3008 1561 3119 1609 re-
3222 1603 3226 1608 .

570 1642 774 1719 pente
822 1628 1316 1716 superveniunt
1359 1629 1482 1714 qui
1529 1628 1615 1697 de
1673 1629 1819 1698 suis
1873 1627 2442 1718 prosperitatibus
2505 1627 2868 1699 laetantur.
2944 1633 3125 1710 Quo-

570 1738 726 1785 rum
780 1716 837 1784 si
887 1716 1179 1786 laetitiae
1228 1716 1546 1786 sacerdos
1595 1739 1732 1787 non
1781 1717 2190 1807 congaudet,
2246 1716 2480 1786 minus
2527 1739 2761 1786 amare
2808 1716 3120 1787 creditur

458 1882 461 1887 ,
571 1804 798 1886 filios,
856 1805 928 1873 in
982 1827 1279 1891 quorum
1342 1806 1596 1895 gaudio
1658 1828 1792 1876 non
1849 1805 2153 1888 exultat,
2220 1806 2592 1896 praecipue
2647 1828 2808 1876 cum
2859 1805 3120 1875 Paulus

569 1894 785 1963 dicat:
841 1896 1145 1964 Gaudere
1197 1916 1348 1963 cum
1393 1896 1883 1984 gaudentibus,
1937 1895 2098 1986 flere
2137 1917 2288 1963 cum
2332 1895 2643 1984 flentibus
2687 1896 2904 1984 (Rom.
2968 1894 3112 1995 xli).

571 1982 753 2052 Nihil
801 2004 964 2073 ergo
1012 1995 1150 2051 tam
1200 2005 1567 2053 onerosum
1616 1984 1687 2052 in
1729 1983 1973 2053 ordine
2020 1983 2451 2054 sacerdotum
2504 1984 2723 2063 video,
2760 2005 2969 2071 quam
3023 2006 3119 2052 ri-

574 2094 808 2161 gorem
843 2071 1095 2141 mentis
1127 2072 1605 2163 compatiendo
1647 2073 1939 2154 flectere,
1977 2085 2042 2142 et
2072 2094 2232 2169 cum
2267 2073 2580 2161 personis
2619 2071 3116 2163 supervenien-

578 2161 765 2231 tibus
836 2160 1151 2229 animum
1222 2173 1512 2231 mutare.
1587 2167 1666 2231 Et
1735 2175 1963 2232 tamen
2027 2162 2156 2230 hoc
2222 2161 2417 2230 valde
2475 2173 2578 2231 est
2625 2161 3116 2246 necessarium.

576 2254 744 2319 Nam
795 2249 1074 2335 quando
1120 2272 1200 2319 ex
1247 2251 1757 2340 praedicatione
1802 2251 1951 2341 ejus
2001 2250 2086 2319 ad
2135 2249 2299 2318 boni
2347 2251 2575 2341 operis
2622 2250 2913 2340 gratiam
2961 2270 3126 2341 pec—

576 2350 765 2408 cator
811 2338 1188 2420 reducitur,
1243 2338 1302 2407 si
1361 2339 1531 2429 ipse,
1641 2340 1710 2408 ui
1775 2340 2145 2430 praedicat,
2209 2338 2478 2407 videtur
2534 2340 2964 2429 ingratast»

662 2428 699 2515 ξ
744 2431 896 2499 54,
952 2432 1119 2496 Item
1169 2426 1239 2495 in
1279 2427 1417 2497 fine
1449 2429 1600 2519 ejus
1651 2450 1761 2496 em
1794 2428 2164 2497 voluminis
2193 2428 2475 2518 (Homil.
2512 2429 2650 2519 22)
2685 2450 2721 2495 «
2752 2433 2921 2498 Ecce
2950 2427 3124 2495 haec

573 2528 652 2586 ut
717 2517 1004 2586 Domino
1062 2515 1395 2607 largiente
1447 2517 1844 2606 potuimus,
1900 2539 2134 2588 coram
2193 2517 2386 2587 vobis
2433 2516 2676 2587 fratres
2723 2514 3122 2588 charissimi

571 2605 803 2675 rimati
852 2627 1119 2674 sumus.
1174 2611 1383 2675 Nemo
1429 2619 1659 2676 autem
1711 2627 1819 2675 me
1868 2606 2344 2698 reprehendat,
2399 2606 2458 2676 si
2511 2607 2793 2696 posthac
2840 2629 2881 2676 a
2927 2605 3121 2675 locu-

572 2695 756 2765 tione
802 2715 1179 2763 cessavero.
1221 2694 1393 2775 Quia
1440 2695 1621 2764 sicut
1667 2716 1908 2765 omnes
1955 2694 2257 2776 cernitiS,
2316 2708 2585 2767 nostrae
2634 2695 3118 2766 tribulationes

570 2795 1037 2854 excreverunt.
1091 2782 1405 2868 Undique
1454 2783 1705 2874 gladiis
1753 2783 2159 2853 circumfusi
2207 2806 2477 2864 sumuS,
2530 2784 2843 2872 undique
2882 2782 3120 2853 immi-

571 2893 746 2940 nens
794 2871 1033 2940 mortis
1082 2871 1470 2961 periculum
1521 2873 1867 2942 timemus.
1916 2871 2043 2940 Alii
2099 2872 2521 2942 detruncatis
2572 2873 2657 2943 ad
2720 2896 2847 2944 nos
2893 2869 3117 2939 mani-

571 2960 706 3029 bus
754 2959 1086 3040 redeunt,
1139 2959 1261 3028 alii
1307 2960 1530 3049 capti,
1595 2961 1715 3029 alii
1763 2961 2153 3052 interempti
2215 2963 2663 3032 nunciantur.
2711 2969 2865 3033 Jam
2912 2981 3123 3050 cogor

571 3049 886 3138 linguam
918 3048 1005 3116 ab
1043 3049 1465 3140 expositione
1512 3049 1845 3133 retinere,
1879 3049 2044 3136 quia
2081 3049 2304 3119 taedet
2342 3051 2645 3120 animam
2685 3073 2907 3120 meam
2942 3048 3122 3118 vitae

572 3158 788 3206 meae.
854 3142 1007 3205 Jam
1076 3138 1314 3207 nullus
1375 3138 1608 3222 inme
1656 3139 1834 3210 sacri
1880 3139 2136 3226 eloquii
2183 3139 2493 3209 studium
2544 3140 2889 3228 requirat,
2956 3138 3123 3225 quia

571 3247 767 3294 versa
815 3238 915 3294 est
970 3224 1037 3293 in
1093 3226 1355 3296 luctum
1414 3226 1676 3296 cithara
1730 3250 1900 3309 mea,
1956 3241 2021 3297 et
2069 3250 2410 3318 organum
2461 3250 2693 3300 meum
2759 3230 2829 3297 in
2883 3248 3124 3297 vocem

576 3314 918 3384 flentium.
967 3321 1121 3384 Jam
1174 3315 1402 3385 cordis
1452 3315 1698 3386 oculus
1728 3316 1798 3385 in
1837 3317 2322 3405 mysteriorum
2372 3316 2808 3389 discussione
2853 3338 2992 3386 non
3025 3316 3129 3384 vi-

571 3403 765 3494 gilat,
817 3403 980 3490 quia
1028 3403 1423 3473 dormitavit
1469 3404 1703 3473 anima
1743 3426 1894 3474 mea
1945 3426 2108 3495 prae
2150 3405 2398 3474 taedi0.
2449 3411 2605 3475 Jam
2648 3406 2884 3476 minus
2915 3405 3120 3475 lectio

574 3493 813 3562 animo
862 3491 1088 3563 dulcis
1141 3506 1286 3575 est,
1351 3492 1518 3580 quia
1571 3492 1834 3562 oblitus
1891 3516 2043 3562 sum
2099 3492 2523 3564 manducare
2577 3517 2826 3586 panem
2886 3515 3125 3563 meum

576 3604 619 3650 a
665 3603 828 3651 voce
874 3583 1174 3672 gemitus
1223 3582 1381 3651 mei.
1436 3581 1557 3651 Cui
1615 3594 1842 3651 autem
1902 3582 2125 3652 vivere
2173 3605 2308 3652 non
2360 3582 2539 3664 licet,
2606 3584 2693 3654 de
2741 3583 3131 3674 scripturae

574 3691 810 3740 sacrae
849 3670 1170 3740 sensibus
1209 3670 1401 3758 loqui
1447 3691 1514 3738 m
1569 3670 1739 3741 stica
1784 3671 2080 3758 qualiter
2125 3671 2321 3742 libet?
2359 3678 2437 3741 Et
2484 3674 2605 3761 qui
2638 3695 2848 3764 cogor
2891 3673 3123 3761 quoti-

576 3759 687 3828 die
734 3781 967 3828 amara
1018 3759 1273 3842 bibere,
1313 3781 1495 3846 quan
1553 3782 1591 3829 o
1639 3781 1923 3850 possum
1956 3760 2188 3831 dulcia
2221 3762 2665 3852 propinare‘b)

664 3850 701 3935 ξ
747 3853 902 3919 55.
956 3853 1125 3917 Item
1172 3849 1353 3917 idem
1407 3848 1684 3919 Italicae
1731 3849 2045 3939 patritiae
2091 3861 2157 3919 et
2187 3851 2516 3921 Venantio
2544 3851 2967 3921 exmonacho
2999 3871 3129 3941 pa-

577 3936 796 4006 tricio:
835 3936 1247 4018 «Quosdam
1296 3937 1382 4006 de
1430 3938 1662 4007 Sicilia
1702 3938 2070 4021 venientes,
2114 3939 2385 4017 affectu,
2439 3962 2578 4027 quo
2630 3939 2865 4020 debui,
2901 3940 2985 4008 de
3017 3959 3129 4009 so-

575 4025 823 4116 spitate
869 4039 1130 4097 vestrae
1191 4025 1629 4099 excellentiae
1677 4026 2027 4113 requirere
2071 4029 2332 4097 curavi.
2396 4028 2520 4097 Sed
2583 4029 2669 4098 de
2719 4027 3129 4098 assiduitate

573 4114 1092 4206 aegritudinum
1132 4115 1305 4185 mihi
1343 4115 1562 4185 tristia
1617 4116 2147 4206 responderunt.
2185 4122 2366 4187 Haec
2414 4131 2643 4187 autem
2679 4117 2941 4200 dicem,
2991 4138 3123 4187 nec

574 4225 701 4295 ego
748 4203 939 4273 vobis
985 4203 1071 4273 de
1119 4204 1382 4294 meipso
1431 4204 1705 4275 invenio
1752 4203 1968 4281 aliud.
2019 4206 2206 4293 quod
2256 4206 2544 4276 debeam
2595 4206 2951 4288 nunciare,
2986 4205 3130 4277 nisi

573 4291 757 4379 quod
808 4293 1104 4384 peccatis
1165 4293 1335 4363 meis
1388 4293 1837 4375 facientibus,
1890 4316 2045 4364 ecce
2073 4296 2223 4384 jam
2274 4295 2600 4365 undecim
2641 4317 2912 4366 menses
2960 4307 3131 4365 sunt

573 4382 755 4468 quod
807 4381 1001 4452 valde
1050 4403 1284 4452 rarum
1314 4394 1437 4463 est,
1474 4382 1533 4454 si
1572 4381 1657 4451 de
1688 4381 1861 4453 lecto
1892 4405 2173 4474 surgere
2220 4383 2593 4472 aliquando
2639 4384 2855 4476 potui.
2891 4382 3129 4454 Tantis
