3327 4999
176 327 426 397 MART.
477 328 566 393 26
1060 346 1141 393 nn
1188 346 1246 393 s.
1300 346 1587 395 runcano
1635 345 1836 395 Emsc.
2161 302 2169 307 ’
2518 327 2648 392 517

173 425 380 515 signo
425 424 726 515 positum
774 424 1106 506 diximus,
1158 426 1723 497 eruderaverunt.
1786 431 1890 497 Ita
1944 446 2026 495 ex
2074 423 2390 494 vaticinii
2456 424 2739 496 veritate

174 513 503 582 meritum
556 512 779 602 patuit
837 513 1338 603 prophetantis.

261 604 300 688 ἓ
360 605 518 672 84.
575 600 949 671 Defunctus
987 612 1089 671 est
1136 613 1366 670 autem
1406 612 1690 672 sanctus
1724 601 2082 692 Ludgerus
2112 622 2297 669 anno
2333 600 2736 672 Dominicae

166 687 671 759 incarnationis
716 688 1516 788 octingentesimononO,
1583 689 1879 779 septimo
1927 689 2261 758 Calendas
2319 689 2612 778 Aprilis,
2669 701 2737 759 et

170 788 358 847 sexto
407 775 737 846 calendas
789 777 946 865 Maji
994 777 1372 866 depositus.
1429 783 1518 848 De
1549 778 1753 867 cujus
1802 789 2240 848 sacrosancto
2273 777 2571 845 transitu
2607 799 2735 846 no—

168 865 280 935 bis
311 885 448 935 non
501 876 634 932 tam
687 863 1089 944 dolendum,
1144 887 1354 953 quam
1404 864 1855 956 gaudendum
1891 888 2041 936 esse
2081 863 2421 935 videmus.
2460 866 2733 934 Gratias

169 953 356 1022 enim
407 974 610 1051 agere
661 957 791 1021 Deo
836 953 1174 1022 debemus
1219 954 1406 1041 quod
1457 953 1661 1023 talem
1703 954 1953 1023 nostris
2001 952 2436 1043 temporibus
2502 954 2732 1022 virum

170 1054 513 1110 concessit
543 1040 664 1125 qui
703 1052 770 1109 et
799 1040 1151 1131 prioribus
1182 1042 1441 1112 sanctis
1488 1041 1921 1126 aequandus,
1973 1052 2040 1111 et
2089 1042 2302 1129 hujus
2327 1040 2573 1109 aetatis
2604 1041 2731 1110 ho-

172 1128 485 1197 minibus
554 1128 1164 1218 incomparabilis,
1224 1143 1290 1198 ct
1349 1130 1639 1220 posteris
1706 1130 2088 1198 imitandus
2153 1129 2404 1198 existit.
2460 1130 2734 1198 Gratias

171 1238 376 1305 agere
405 1216 742 1286 debemus
779 1216 965 1302 quod
1011 1239 1171 1286 eum
1225 1239 1350 1286 nos
1396 1240 1475 1286 ex
1527 1227 1798 1307 pastore
1851 1232 2216 1308 patronum
2261 1216 2512 1286 habere
2541 1217 2725 1286 fecit.

174 1310 344 1374 Nam
393 1304 712 1389 quamvis
756 1326 998 1373 omnes
1046 1317 1321 1376 sanctos
1371 1306 1571 1375 nobis
1619 1317 1945 1394 patronos
1993 1304 2135 1375 fore
2167 1304 2633 1386 confidamuS,
2681 1304 2739 1375 i-

173 1413 382 1482 psum
436 1405 663 1461 tamen
712 1391 995 1481 speciali
1046 1414 1194 1473 noS,
1227 1394 1382 1462 licet
1430 1393 1778 1483 indignos,
1864 1393 2198 1462 atrocinio
2230 1393 2403 1462 tueri
2444 1414 2580 1462 non
2612 1392 2738 1462 ab·-

172 1480 386 1550 surde
431 1502 798 1569 speramus
827 1482 949 1568 qui
983 1493 1291 1551 nostrum
1324 1481 1593 1570 primus
1635 1481 1782 1550 loco
1844 1480 2128 1550 undavit
2156 1493 2222 1550 et
2261 1480 2456 1550 rexit.
2492 1486 2734 1564 Quan-

174 1579 325 1637 tum
375 1580 605 1637 autem
641 1568 793 1657 ejus
839 1568 1026 1668 apud
1079 1573 1291 1639 Deum
1341 1569 1727 1659 patrocinia
1775 1569 2066 1649 valeant,
2109 1579 2448 1639 testantur
2477 1568 2739 1660 gaudia

177 1656 626 1814 ffifmomm’
671 1678 847 1741 quos
887 1656 1362 1746 interpellatus
1408 1656 1723 1727 exaudit:
1778 1668 2118 1726 testantur
2165 1656 2494 1728 sanitates
2552 1678 2739 1726 mor-

232 1745 251 1811 i
306 1766 533 1823 orum,
584 1744 844 1830 quibus
893 1744 962 1813 in
1008 1745 1216 1815 variis
1270 1745 1797 1815 necessitatibus
1853 1745 2221 1815 succurrit.
2260 1744 2554 1814 Proinde
2595 1766 2735 1814 non
2802 1816 2807 1821 ,

179 1845 260 1901 ut
306 1842 670 1901 mortuum'
711 1832 1136 1922 plangimus,
1185 1833 1303 1901 sed
1355 1845 1431 1902 ut
1477 1855 1633 1904 vere
1659 1834 1996 1902 viventem
2030 1833 2229 1902 nobis
2263 1854 2550 1904 suarum
2586 1854 2742 1923 pre-

178 1942 339 1990 cum
377 1919 714 2001 subsidio,
753 1932 829 1989 ut
869 1921 1231 1991 subveniat
1263 1942 1568 1991 oramus.
1623 1927 1852 2008 Neque
1884 1921 2070 1990 enim
2122 1920 2238 1989 ille
2288 1920 2488 1990 nobis
2552 1941 2740 1989 mor-

182 2021 348 2077 tuus
396 2020 498 2079 est
542 2009 665 2096 qui
716 2009 909 2078 toties
950 2030 1077 2078 nos
1123 2020 1190 2078 et
1234 2009 1685 2099 corporaliter
1730 2022 1953 2090 sanat,
2006 2020 2072 2078 et
2119 2007 2524 2099 spiritaliter
2571 2007 2741 2077 vivi-

179 2096 364 2165 ficat.
418 2102 563 2166 Non
594 2109 697 2166 est
728 2097 1002 2176 absens,
1055 2118 1263 2183 quem
1311 2096 1621 2183 quotidie
1681 2109 1775 2166 tot
1822 2096 2165 2166 miracula
2222 2096 2424 2166 nobis
2464 2117 2744 2185 reprae-

180 2197 478 2253 sentant.
553 2190 695 2254 Non
767 2197 872 2254 est
937 2184 1201 2255 otiosus
1261 2185 1382 2271 qui
1450 2184 1754 2274 singulis
1814 2207 1940 2254 nos
2006 2184 2380 2254 momentis
2446 2205 2740 2253 suorum

180 2293 457 2341 morum
526 2273 860 2361 probitate
904 2286 969 2341 et
1017 2272 1496 2343 sanctissimae
1557 2274 1731 2342 vitae
1795 2272 2131 2361 exemplis
2179 2272 2465 2342 instruit
2516 2283 2583 2340 et
2632 2271 2742 2339 in·-

179 2359 452 2429 format.
491 2365 543 2430 O
584 2382 738 2430 vere
780 2361 1082 2442 beatum,
1120 2374 1187 2430 et
1232 2360 1425 2429 omni
1473 2360 1681 2430 laude
1737 2359 2238 2449 dignissimum
2296 2360 2550 2439 virum,
2604 2363 2741 2428 An-

177 2448 374 2540 gelis,
411 2449 789 2538 Prophetis,
825 2448 1185 2550 Apostolis,
1223 2448 1656 2537 MartyribuS,
1694 2448 2216 2520 Confessoribus
2264 2460 2471 2536 atque
2519 2446 2743 2539 Virgi-

179 2537 389 2606 nibus
439 2559 574 2606 non
624 2538 971 2607 immerito
1018 2537 1607 2627 comparandum:
1663 2543 1758 2606 An
1812 2537 1963 2614 elis,
2015 2537 2249 2606 cordis
2284 2536 2633 2606 munditia
2666 2547 2738 2606 et

177 2624 575 2694 coelestium
642 2625 1267 2717 contemplatione:
1325 2626 1703 2716 Prophetis,
1797 2637 2161 2694 uturorum
2218 2624 2501 2694 notitia:
2555 2629 2732 2724 Apo-

179 2712 415 2794 stoliS‚
467 2727 534 2782 et
581 2713 946 2803 pastoralis
991 2736 1199 2783 curae
1246 2714 1728 2794 successione,
1798 2726 1866 2783 et
1912 2713 2449 2802 praedicationis
2504 2712 2740 2781 imita-

182 2801 400 2870 tione:
456 2803 893 2891 MartyribuS,
937 2802 1171 2872 carnis
1217 2802 1670 2892 castigatione
1708 2814 1773 2871 et
1802 2801 2120 2890 martyrii
2150 2799 2532 2871 desiderio:
2571 2805 2741 2869 Con-

180 2888 582 2970 fessoribuS,
636 2890 854 2959 divini
903 2889 1209 2959 nominis
1247 2911 1480 2959 coram
1517 2890 1799 2990 regibus
1823 2903 1889 2960 et
1920 2889 2245 2980 gentibus
2275 2886 2733 2959 confessione:

177 2976 622 3066 Virginibus,
686 3000 806 3047 cor
855 2979 997 3047 oris
1045 2977 1252 3054 simul
1302 2990 1370 3048 et
1418 2991 1669 3047 mentis
1714 2977 2048 3048 castitate.
2102 2977 2274 3059 Quis
2322 2976 2528 3045 talem
2580 2988 2737 3045 tan-

180 3076 470 3152 tumque
516 3065 740 3134 virum
844 3066 1003 3155 igne
1049 3065 1372 3155 cogitare,
1425 3066 1585 3151 quis
1644 3064 1857 3156 digne
1917 3065 2135 3156 possit
2180 3064 2520 3134 laudare?
2567 3063 2740 3146 Quis

178 3153 333 3242 ejus
383 3153 812 3222 sanctitatem
866 3174 1003 3222 non
1055 3156 1464 3222 veneretur?
1496 3154 1668 3236 Quis
1720 3152 2213 3223 miraculorum
2265 3152 2741 3243 operationem

179 3261 319 3308 non
372 3241 865 3328 obstupescat?
923 3240 1092 3323 Quis
1157 3242 1228 3309 in
1288 3241 1511 3330 signis
1571 3240 2007 3311 occultandis
2071 3242 2225 3331 ejus
2272 3240 2742 3310 humilitatem

180 3348 322 3396 non
374 3327 704 3396 miretur?
752 3329 1002 3416 Majora
1052 3340 1216 3397 sunt
1263 3329 1441 3408 ista,
1503 3350 1713 3415 quam
1781 3341 1860 3397 ut
1905 3329 2116 3418 digne
2162 3351 2243 3398 ea
2292 3342 2564 3398 nostrae
2612 3327 2746 3396 lin-

181 3436 363 3506 guae
393 3413 680 3484 ariditas
709 3416 929 3485 valeat
974 3415 1340 3505 explicare.
1392 3421 1526 3486 Nec
1572 3428 1726 3506 eget
1771 3415 1889 3485 ille
1939 3416 2277 3486 sermonis
2305 3416 2521 3486 nostri
2598 3437 2745 3484 rae-

178 3502 384 3573 conio
442 3514 510 3572 et
559 3515 790 3574 nostra
845 3503 1242 3573 laudatione
1289 3504 1412 3590 qui
1461 3517 1729 3574 tantum
1781 3504 1968 3594 apud
2029 3503 2352 3575 mortales
2400 3525 2525 3593 pro
2578 3503 2744 3590 igiis

179 3591 413 3661 clarus
460 3591 582 3678 qui
616 3602 884 3660 tantum
925 3591 1105 3660 inter
1151 3591 1434 3681 angelos
1479 3604 1547 3662 et
1591 3592 1910 3662 omnium
1940 3603 2340 3662 sanctorum
2389 3591 2638 3660 choros
2669 3592 2743 3660 in

180 3679 370 3750 coelo
401 3692 507 3750 est
536 3678 987 3769 glorificatus,
1026 3679 1148 3748 ubi
1195 3701 1385 3749 nunc
1425 3680 1694 3749 Christo
1718 3679 2160 3767 conjunctus,
2192 3700 2318 3770 pro
2357 3679 2559 3748 nobis
2589 3679 2745 3769 ejus

179 3768 422 3849 servis,
477 3768 760 3854 suisque
808 3766 1092 3837 famulis
1138 3766 1328 3857 apud
1364 3767 1598 3857 ipsum
1640 3767 2019 3837 intercedat
2065 3766 2187 3854 qui
2236 3789 2397 3836 cum
2448 3772 2645 3836 Patre
2678 3776 2746 3837 et

182 3855 446 3945 Spiritu
493 3860 741 3926 Sancto
788 3877 976 3925 unus
1024 3855 1188 3925 vivit
1218 3867 1286 3925 et
1317 3867 1562 3946 regnat
1609 3861 1788 3925 Deus
1836 3854 1907 3924 in
1940 3854 2179 3924 secula
2225 3853 2647 3927 seculorum.
