3327 4999
679 359 808 424 500
1484 375 1561 421 na
1609 373 1667 421 s.
1721 370 2006 422 Luncmto
2052 372 2251 422 masc.
2750 356 2995 425 MART.
3053 356 3151 425 26

589 455 938 525 videntes:
992 454 1320 525 amabant
1367 466 1713 543 postremo
1770 474 2011 524 omnes
2058 475 2217 524 eum
2268 464 2788 544 cognoscentes,
2841 457 3019 526 miro
3074 480 3151 529 e-

579 544 700 635 jus
747 545 832 614 ad
884 543 1198 635 singulos
1230 541 1333 612 vel
1383 563 1639 624 amore,
1688 542 1789 611 vel
1840 542 2097 612 honore
2138 543 2506 632 provocati.
2545 544 2713 626 Quis
2744 545 2929 614 enim
2970 568 3147 616 eum

590 656 729 702 non
778 645 1061 715 amaret,
1115 630 1273 719 quis
1319 652 1458 701 non
1507 630 1897 712 honoraret,
1936 652 2095 701 cum
2144 632 2293 722 ipse
2339 653 2579 702 omnes
2625 644 2690 703 et
2730 634 2934 703 unice
2971 634 3146 704 dili-

588 743 771 812 gere,
808 732 875 791 et
910 741 1351 810 summopere
1381 723 1853 790 veneraretur?
1886 725 2120 807 Itaque
2167 721 2486 807 quamvis
2515 721 2843 792 omnibus
2873 723 3142 794 charus

587 822 789 890 esset,
843 833 884 878 a
932 808 1260 898 magistro
1308 820 1533 878 tamen
1586 808 1864 899 speciali
1900 807 2288 878 dilectionis
2339 809 2697 910 privilegio
2745 811 3131 881 colebatur.

593 899 815 987 Igitur
884 897 1240 987 Ludgerus
1301 896 1486 988 apud
1539 897 1947 988 magistrum
2001 908 2135 968 tres
2182 911 2548 968 continuos
2609 921 2830 969 annos
2890 913 2955 970 et
3016 923 3143 971 sex

588 1007 862 1055 menses
910 1007 1237 1067 manens,
1290 1007 1426 1054 non
1479 984 1706 1055 solum
1767 996 1982 1055 totum
2030 1006 2189 1054 cum
2241 1007 2319 1055 eo
2375 999 2564 1057 vetus
2610 999 2675 1057 ct
2722 1010 2976 1057 novum
3011 994 3143 1058 Te-

593 1085 1012 1143 stamentum
1066 1073 1374 1164 perlegit,
1412 1085 1478 1143 et
1526 1072 1900 1142 nonnullos
1930 1073 2263 1143 secularis
2298 1073 2689 1144 literaturae
2730 1075 2965 1152 libros:
3012 1078 3137 1148 sed

591 1173 656 1230 et
708 1163 1234 1242 monachorum,
1294 1161 1416 1249 qui
1467 1161 1536 1231 in
1593 1161 1712 1232 illo
1763 1161 1911 1231 loco
1972 1174 2189 1244 erant,
2245 1162 2539 1252 perfecte
2585 1163 2827 1234 didicit
2895 1165 3133 1235 vitam.

591 1255 827 1320 Postea
876 1250 959 1320 ad
997 1272 1160 1321 suos
1207 1272 1545 1331 reversuS‚
1600 1250 1778 1340 patri
1828 1251 2149 1341 Gregorio
2182 1263 2247 1319 et
2276 1251 2561 1321 caeteris
2591 1253 2917 1323 omnibus
2950 1267 3138 1323 tanto

589 1338 916 1429 deinceps
964 1339 1221 1428 gratior
1257 1350 1323 1408 et
1370 1338 1647 1429 dignior
1695 1350 1861 1420 erat,
1896 1351 2156 1425 quanto
2192 1351 2355 1409 tunc
2403 1350 2468 1409 et
2516 1339 2873 1411 literarum
2906 1342 3131 1411 scien-

592 1427 684 1495 tia
734 1426 1152 1508 instructior,
1197 1440 1262 1497 et
1308 1426 1642 1497 librorum
1695 1428 1893 1517 copia
1942 1428 2231 1518 plenior,
2267 1440 2334 1497 et
2381 1429 2876 1500 monachorum
2928 1452 3129 1521 regu-

589 1515 675 1585 lis
721 1516 1055 1585 eruditior
1100 1515 1253 1586 fuit.

678 1606 714 1690 ξ
761 1609 857 1673 9.
913 1603 1238 1673 Defuncto
1285 1615 1514 1674 autem
1566 1603 1890 1694 Gregorio
1938 1604 2252 1674 Albricus
2301 1626 2514 1696 nepos
2561 1607 2916 1678 successit.
2952 1611 3020 1677 Is
3049 1615 3131 1676 u-

591 1692 746 1761 nico
795 1692 1185 1781 Ludgerum
1236 1693 1485 1762 affectu
1517 1692 1638 1762 dili
1693 1692 1869 1763 ebat.
1926 1693 2134 1783 Cujus
2190 1694 2602 1783 prudentiae
2651 1707 2716 1764 et
2778 1696 2940 1767 fidei
2988 1718 3122 1765 non

591 1780 902 1870 ignarus,
941 1780 1027 1849 ad
1055 1779 1428 1868 quemdam
1462 1802 1619 1851 eum
1672 1803 1873 1851 ocum
1901 1780 1974 1850 in
2004 1802 2127 1850 sua
2200 1783 2475 1852 arochia
2505 1783 2980 1867 constitutum,
3011 1785 3126 1872 qui

595 1873 924 1939 Daventre
949 1869 1226 1950 dicitur,
1234 1869 1784 2025 tpraedicationis
1810 1872 2022 1939 causa
2050 1882 2116 1939 et
2169 1870 2304 1939 idei
2338 1872 2885 1941 corroborandae
2910 1874 3129 1963 gratia

593 1979 876 2048 pergere
902 1957 1144 2028 suasit.
1183 1962 1228 2025 Α
1305 1958 1493 2026 hunc
1528 1958 1755 2027 locum
1775 1958 2059 2044 quidam
2088 1958 2254 2027 olim
2283 1957 2367 2027 de
2399 1972 2577 2029 terra
2607 1960 2980 2051 Anglorum
3011 1961 3124 2030 Dei

592 2067 855 2127 servus,
902 2047 1183 2116 nomine
1216 2045 1610 2128 Liafwinus‚
1665 2047 1938 2115 divinae
1971 2045 2256 2116 visionis
2290 2046 2761 2119 admonitione
2808 2050 2894 2118 ad
2937 2072 3130 2139 prae-

593 2134 970 2204 dicandum
1022 2135 1302 2217 missuS‚
1356 2147 1421 2204 et
1469 2134 1807 2224 plurimos
1864 2135 1949 2203 ad
1994 2134 2202 2203 fidem
2253 2137 2617 2218 convertit?
2659 2148 2724 2207 et
2769 2137 3126 2207 ecclesiam

589 2222 689 2293 ibi
738 2223 1145 2292 aedificavit:
1179 2223 1248 2291 in
1282 2244 1422 2310 qua
1453 2224 1601 2313 ipse
1647 2245 1870 2310 usque
1917 2222 2001 2291 ad
2053 2222 2234 2293 diem
2284 2223 2720 2296 dormitionis
2773 2248 2939 2296 suae
2978 2248 3132 2317 per-

589 2333 905 2393 manenS,
946 2311 1014 2379 in
1057 2311 1298 2381 eadem
1338 2322 1491 2412 post
1538 2333 1737 2382 suam
1793 2312 1877 2381 de
1927 2310 2054 2380 hoc
2105 2311 2336 2383 seculo
2383 2314 2845 2383 evocationem
2897 2315 3130 2405 sepul-

595 2412 704 2470 tus
752 2412 875 2470 est.
933 2400 1060 2469 Sed
1109 2401 1274 2487 quia
1333 2399 1554 2471 isdem
1613 2400 1807 2470 locus
1855 2399 1922 2468 in
1977 2399 2280 2469 confinio
2330 2405 2748 2472 Francorum
2797 2414 2862 2472 et
2925 2407 3131 2472 Saxo-

591 2512 761 2559 num
812 2489 1098 2581 positus,
1152 2489 1238 2559 ab
1286 2489 1529 2559 iisdem
1567 2489 1974 2571 SaxonibuS,
2028 2488 2197 2558 dum
2230 2489 2458 2560 adhuc
2490 2490 2891 2581 gentilitatis
2938 2513 3127 2562 erro-

589 2578 787 2648 ribus
836 2578 1126 2648 involuti
1160 2591 1570 2660 tenerentur,
1606 2578 1998 2664 frequenter
2030 2578 2437 2668 depopulari
2469 2580 2848 2661 consuevit,
2881 2580 3125 2651 eadem

589 2667 675 2735 ab
723 2667 824 2736 eis
869 2667 1159 2737 ccclesia
1224 2667 1504 2736 incensa
1550 2678 1674 2735 est.
1740 2665 1929 2736 Unde
1988 2666 2148 2753 quia
2218 2681 2592 2738 memorato
2641 2668 2977 2739 sacerdoti
3026 2669 3128 2738 illi

588 2755 804 2825 citum
853 2755 1235 2836 videbatur,
1288 2767 1407 2825 aut
1451 2766 1763 2845 coeptam
1813 2754 1907 2822 ibi
1952 2754 2527 2843 praedicationem
2565 2756 2812 2840 deseri,
2856 2769 2977 2828 aut
3025 2759 3127 2827 lo-

587 2866 749 2913 cum
799 2842 1208 2915 confessoris
1249 2843 1496 2913 Christi
1544 2844 1816 2933 corpori
1864 2842 2252 2914 dedicatum
2315 2844 2596 2936 negligi,
2653 2858 2994 2927 sanctum,
3049 2857 3128 2916 ut

589 2931 918 3013 diximuS‚
973 2931 1364 3021 Ludgerurn
1422 2931 1590 3001 illuc
1651 2931 1999 3022 proficisci
2047 2932 2470 3003 hortabatur.
2525 2933 2734 3023 Cujus
2794 2935 3133 3005 voluntati

591 3042 753 3089 cum
805 3020 1318 3110 promptissime
1365 3020 1514 3110 ipse
1565 3019 1927 3109 paruisset,
1982 3032 2047 3089 et
2085 3020 2171 3089 ad
2233 3020 2460 3091 locum
2510 3023 2815 3105 venienS,
2871 3045 3133 3093 memo-

587 3119 813 3178 ratum
865 3130 1117 3198 corpus
1164 3109 1596 3195 quaesisset,
1654 3127 1779 3177 nec
1829 3109 2245 3190 invenisset,
2299 3109 2480 3180 intra
2526 3111 2868 3181 ambitum
2918 3112 3127 3202 spatii

590 3219 729 3283 quo
806 3195 977 3266 illud
1045 3217 1194 3266 esse
1262 3197 1567 3287 putavit,
1639 3196 2003 3267 aedificare
2067 3197 2425 3267 ecclesiam
2494 3199 2739 3299 coepit.
2825 3205 3132 3286 Cumque

580 3287 728 3375 jam
781 3284 1019 3375 positis
1065 3285 1559 3367 fundamentis,
1614 3286 1906 3376 parietes
1944 3286 2205 3377 erigere
2254 3299 2567 3376 pararet,
2623 3311 2695 3357 in
2758 3287 3018 3358 visione
3064 3290 3130 3358 ei

590 3396 713 3464 per
760 3386 1027 3445 noctem
1093 3386 1372 3444 sanctus
1433 3373 1753 3445 sacerdos
1804 3375 2050 3445 Christi
2100 3373 2467 3444 Liafwinus
2524 3376 2889 3466 apparuit,
2956 3377 3131 3446 bene

586 3485 744 3532 eum
796 3463 1034 3532 dicens
1081 3462 1345 3545 fecisse,
1384 3462 1568 3550 quod
1603 3486 1644 3532 a
1723 3463 2055 3533 entilibus
2102 3462 2405 3533 dirutam
2454 3464 2683 3535 denuo
2730 3463 3129 3534 reaedifica-

499 3620 504 3624 .
587 3563 689 3621 ret
734 3551 1120 3634 ecclesiam,
1174 3551 1434 3621 salvam
1469 3551 1580 3621 sui
1630 3550 1696 3620 la
1747 3550 1885 3622 oris
1931 3552 1994 3620 ei
2042 3551 2226 3641 apud
2279 3556 2491 3620 Deum
2544 3553 2926 3623 mercedem
2980 3576 3130 3622 ma-

589 3661 772 3721 nere,
819 3662 1072 3732 corpus
1113 3661 1268 3709 vero
1317 3662 1521 3711 suum
1574 3640 1706 3710 sub
1755 3639 2042 3708 australi
2089 3639 2387 3709 aedificii
2452 3653 2641 3730 parte
2693 3663 2843 3712 esse
2878 3642 3130 3711 huma-

585 3740 759 3798 tum.
814 3729 1006 3811 Quod
1055 3751 1215 3799 cum
1267 3749 1491 3809 mane,
1548 3727 1819 3797 Domini
1868 3727 2193 3797 laudibus
2238 3728 2560 3818 expletis,
2615 3729 2686 3797 in
2757 3729 2929 3815 loc0,
2990 3751 3130 3817 quo

584 3817 871 3897 dixerat,
928 3818 1075 3907 ipse
1122 3817 1517 3897 invenisset,
1555 3816 1624 3884 in
1675 3816 1914 3885 eadem
1956 3815 2129 3885 illud
2179 3815 2470 3888 ecclesia
2515 3816 2729 3907 digno
2776 3840 2937 3888 cum
2998 3819 3125 3886 ho-

584 3925 750 3973 nore
780 3904 1159 3975 collocavit.
1197 3905 1323 3974 Ubi
1351 3926 1472 3995 per
1506 3904 1620 3974 Dei
1653 3903 1947 3994 gratiam
1979 3903 2064 3972 ad
2100 3904 2605 3974 ostendendum
2644 3904 2743 3974 vel
2780 3928 2985 3975 suum
3023 3906 3124 3976 vel

585 3992 840 4083 sepulti
870 3994 1218 4074 meritum,
1259 3993 1461 4083 plura
1494 4015 1716 4080 usque
1763 3994 1834 4061 in
1885 3992 2296 4063 hodiernum
2334 3992 2517 4062 diem
2552 3992 2892 4064 miracula
2916 3995 3121 4076 fiunt,

583 4093 649 4182 et
695 4102 936 4151 eorum
984 4082 1363 4172 patrocinio
1410 4081 1528 4152 ille
1594 4080 1921 4171 deinceps
1969 4081 2161 4154 locus
2209 4103 2250 4151 a
2296 4080 2660 4172 gentilium
2730 4092 2832 4152 est
2894 4083 3131 4153 incur-

586 4191 779 4239 slone
825 4183 1291 4240 conservatus.

671 4259 707 4345 ξ
756 4262 911 4330 1⁰.
967 4264 1057 4328 Eo
1096 4259 1274 4328 servi
1338 4258 1453 4327 Dei
1502 4258 1573 4327 in
1623 4257 1772 4328 loco
1819 4258 1921 4327 vel
1974 4257 2318 4329 industria
2365 4258 2468 4327 vel
2531 4279 2858 4330 successu
2906 4256 3133 4328 Albri·

585 4366 710 4414 cus
743 4347 1115 4430 animatuS‚
1156 4347 1420 4447 majora
1452 4346 1682 4417 adhuc
1733 4369 1853 4438 per
1891 4369 2050 4417 eum
2082 4360 2147 4417 et
2194 4346 2414 4417 facere
2447 4347 2791 4437 cogitavit,
2830 4357 2895 4416 et
2942 4345 3127 4416 fecit.

588 4434 936 4526 Siquidem
987 4436 1059 4506 in
1103 4435 1391 4506 Frismm
1440 4458 1598 4506 eum
1649 4435 1736 4509 ad
1784 4436 2202 4507 destruenda
2230 4436 2391 4506 fana
2419 4435 2730 4519 deorum,
2765 4446 2832 4506 et
2860 4434 3135 4507 diversa

1936 4561 1981 4586 s
