3327 4999
217 301 465 366 MART.
521 301 606 365 29
2535 298 2651 364 54⁴

545 456 669 555 DE
738 454 1170 556 CYRlLLO
1241 456 1675 557 DlACONO
1749 456 1867 555 ET
1935 454 2429 556 MARTYRE

597 650 674 695 Ex
724 649 888 696 ffls'r.
942 648 1329 698 Ecctsssmsn
1384 649 1774 697 runonoium
1822 612 1945 695 tin.
2001 630 2064 708 3,
2117 647 2255 695 ων.
2302 630 2364 707 6,

833 756 1215 804 mrsnrnms
1259 756 1502 805 JOANNE
1548 755 2143 804 cumsroruonsono

1299 882 1497 936 Anno
1539 883 1683 937 362.

310 1014 496 1089 Quae
546 1007 881 1077 maleficia
929 1008 1001 1077 hi
1049 1009 1168 1095 qui
1229 1007 1401 1078 falso
1475 1008 2005 1078 simulacrorum
2082 1005 2274 1076 cultu
2353 1006 2761 1076 tenebantur

221 1097 555 1175 obstricti,
611 1097 675 1165 id
718 1097 1045 1188 temporis
1088 1098 1251 1186 (sub
1304 1097 1580 1167 Juliano
1629 1096 1975 1187 Apostata)
2028 1096 2457 1174 admiserint,
2509 1116 2756 1181 quam-

217 1210 426 1274 quain
484 1186 825 1275 permulta
870 1199 1033 1256 sunt
1079 1200 1143 1254 et
1174 1208 1350 1276 opus
1383 1198 1775 1275 separatum
1821 1184 2189 1275 postulant,
2242 1207 2369 1274 ego
2419 1198 2644 1253 tamen
2678 1204 2758 1251 ex

224 1275 462 1345 multis
539 1297 758 1364 pauca
831 1297 1103 1344 sumam
1167 1274 1338 1344 mihi
1385 1274 1470 1343 ad
1530 1273 2242 1343 commemorandum.
2310 1272 2623 1343 Ascalonii
2693 1284 2759 1341 et

224 1369 436 1435 Gazae
494 1384 669 1449 quae
727 1376 887 1433 sunt
928 1364 1132 1457 urbes
1179 1363 1620 1443 Palaestinae,
1676 1363 1976 1453 primum
2030 1361 2329 1431 virorum
2395 1360 2760 1431 sacerdotii

223 1452 555 1541 dignitate
587 1466 1063 1520 exornatorum
1099 1464 1163 1519 et
1215 1452 1580 1521 mulierum
1633 1464 2034 1542 perpetuam
2086 1451 2542 1541 virginitatem
2600 1470 2758 1539 pro-

225 1543 562 1611 fessarum
617 1553 879 1611 ventres
927 1540 1350 1620 discindunt,
1403 1540 1650 1609 deinde
1719 1540 2017 1610 farciunt
2069 1540 2344 1609 hordeo:
2413 1539 2497 1608 ad
2548 1551 2762 1607 extre-

228 1652 420 1700 mum
470 1650 587 1697 eos
649 1629 875 1717 porcis
941 1629 1366 1699 devorandos
1432 1629 1791 1718 objiciunt.
1846 1629 2163 1698 Sebastae
2232 1629 2393 1697 item
2438 1648 2615 1714 quae
2662 1638 2762 1695 est

228 1718 399 1788 urbs
446 1716 690 1786 ditioni
741 1717 983 1808 gentiS‚
1037 1717 1121 1786 de
1168 1740 1304 1804 qua
1352 1740 1562 1808 supra
1606 1717 1771 1798 dixi,
1826 1718 2154 1806 subjecta,
2199 1717 2489 1787 Joannis
2534 1716 2765 1806 Bapti-

227 1821 370 1877 stae
406 1806 756 1875 tumulum
806 1807 1146 1895 aperiunt,
1197 1828 1347 1875 ossa
1404 1807 1682 1876 tradunt
1732 1807 1874 1897 igni
1922 1806 2353 1876 absumenda
2397 1818 2462 1874 et
2520 1825 2761 1873 eorum

228 1896 496 1966 cineres
545 1895 801 1985 passim
855 1895 1286 1985 dispergunt.
1371 1895 1606 1964 Scelus
1668 1910 1896 1965 autem
1944 1895 2031 1964 ab
2078 1895 2217 1966 illis
2266 1894 2334 1962 in
2398 1892 2762 1962 Phoenicia

227 1994 570 2074 patratum
604 2038 618 2064 ‚
672 1983 829 2069 quis
876 1997 975 2053 est
1021 2006 1275 2069 quaeso
1330 1986 1448 2070 qui
1498 1985 1645 2052 sine
1694 1984 2020 2073 lacrymis
2072 1983 2283 2084 possit
2341 2002 2762 2051 commemo-

228 2076 436 2141 rare?
483 2077 645 2141 Nam
698 2072 1028 2161 Heliopoli
1079 2095 1256 2159 quae
1301 2085 1402 2141 est
1448 2073 1616 2141 urbs
1668 2074 1921 2142 Libano
1972 2072 2289 2152 finitima,
2343 2070 2760 2140 execrabiles

228 2162 338 2230 isti
390 2161 698 2249 gentiles,
754 2161 1082 2230 recordati
1121 2161 1442 2232 facinoris
1476 2160 1707 2250 Cyrilli
1758 2161 2033 2231 Diaconi
2071 2162 2191 2248 qui
2221 2172 2549 2250 regnante
2598 2164 2764 2227 Con-

230 2251 552 2329 stantino,
590 2249 822 2318 divino
872 2251 1170 2337 quodam
1238 2250 1379 2319 zelo
1449 2271 1828 2330 accensus,
1884 2250 2096 2318 multa
2167 2249 2538 2319 simulacra
2588 2269 2765 2334 quae

231 2340 300 2407 in
351 2361 431 2408 ea
478 2339 647 2408 urbe
695 2338 1116 2420 colebantur,
1152 2339 1594 2439 confregerat,
1641 2360 1773 2408 non
1806 2338 2007 2408 modo
2038 2359 2198 2407 eum
2248 2336 2756 2416 interfecerunt,

231 2428 676 2496 verumetiam
726 2427 1020 2498 dissecto
1068 2440 1337 2509 ventre,
1381 2448 1580 2519 Jecur
1635 2428 1787 2519 ejus
1834 2427 2196 2517 degustare
2243 2448 2377 2495 non
2448 2438 2611 2495 sunt
2659 2445 2765 2492 ve-

231 2517 368 2585 riti.
415 2522 920 2606 Verum‘Deum
988 2518 1220 2587 omnia
1267 2516 1841 2607 contemplantem
1894 2517 2024 2586 hoc
2092 2515 2313 2585 celare
2372 2538 2509 2585 non
2580 2527 2765 2604 pote-

232 2619 404 2685 rant,
458 2606 574 2675 sed
626 2606 890 2677 debitas
923 2608 1028 2676 sui
1083 2606 1397 2676 maleficii
1438 2627 1693 2696 poenas
1723 2606 1782 2675 ei
1825 2605 2183 2674 dederunt.
2235 2611 2401 2674 Nam
2432 2615 2768 2702 quotquot

232 2694 420 2763 illius
468 2695 745 2765 sceleris
794 2695 945 2765 labe
985 2696 1326 2783 inquinati
1359 2708 1540 2771 sunt,
1580 2695 1883 2785 primum
1927 2694 2309 2764 amiserunt
2355 2693 2593 2762 dentes
2646 2713 2766 2777 qui

226 2784 483 2874 pariter
508 2805 748 2853 omnes
795 2784 879 2852 ad
931 2808 1147 2855 unum
1183 2784 1622 2854 excidebant:
1678 2782 1928 2852 deinde
1959 2782 2233 2872 linguas
2286 2781 2762 2872 perdiderunt,

225 2895 402 2959 quae
452 2873 813 2962 putredine
862 2873 1254 2950 tabefactae,
1289 2895 1367 2942 ex
1399 2895 1514 2942 ore
1560 2873 1968 2942 effluebant:
2009 2886 2353 2972 postremo
2389 2870 2610 2940 oculis
2652 2891 2767 2939 or-

230 2961 372 3030 bati
419 2974 622 3030 sunt:
657 2981 952 3048 quorum
1012 2962 1519 3033 calamitatibus
1553 2983 1746 3031 verae
1795 2963 2062 3052 pietatis
2103 2961 2205 3030 vis
2263 2960 2447 3030 clare
2498 2957 2769 3050 praedi·

232 3062 379 3119 cata
423 3063 547 3119 est.

367 3256 492 3354 DE
558 3257 694 3354 SS.
747 3256 1381 3374 ARMOGASTE,
1433 3258 2005 3359 ARCHlMlNO
2059 3258 2178 3357 ΕΤ
2246 3255 2645 3357 SATURO

940 3461 1226 3509 EGREGus
1277 3460 1524 3509 CnmsTt
1569 3460 2071 3509 CONFESSORIBUS

499 3580 576 3625 Ex
609 3579 788 3627 Lumo
827 3564 882 3639 1,
919 3579 1202 3629 VICTORIS
1241 3581 1437 3631 muse.
1475 3581 1640 3629 UTIC.
1678 3583 1756 3628 1)ss
1786 3581 2119 3630 PERSECUT.
2159 3580 2513 3628 VANDALICA

1086 3721 1277 3777 Circa
1317 3724 1450 3777 464
1483 3752 1552 3762 —
1580 3723 1741 3777 Nat.
1774 3721 1948 3778 Acri.

326 3853 361 3935 ξ
410 3856 485 3920 1.
538 3848 736 3927 Alibi,
791 3849 1454 3919 sicutThunazudae
1501 3849 1812 3940 contigit,
1854 3849 2136 3919 Galibus
2168 3850 2317 3919 vico
2356 3852 2777 3931 Ammoniae,

236 3938 336 4007 vel
387 3937 544 4006 aliis
594 3939 663 4006 in
715 3938 906 4018 lociS,
966 3952 1268 4028 tempore
1322 3961 1457 4024 quo
1521 3953 1954 4008 sacramenta
2003 3938 2118 4008 Dei
2167 3938 2422 4029 populo
2471 3941 2780 4097 porrige-

235 4028 535 4108 bantur,
597 4028 1018 4098 introeuntes
1067 4027 1412 4117 (Arriani)
1472 4028 1770 4097 maximo
1846 4027 2075 4096 furore
2121 4048 2372 4118 corpus
2421 4029 2669 4099 Ciristi
2718 4041 2785 4097 ct

237 4117 647 4206 sanguinem
703 4117 1111 4207 pavimentis
1160 4129 1561 4204 sparserunt
1614 4129 1680 4186 et
1744 4116 1913 4186 illud
1967 4116 2251 4206 pollutis
2293 4116 2587 4207 pedibus
2644 4117 2785 4187 cal-

239 4219 588 4276 caverunt.
643 4211 798 4297 Ipse
835 4207 1020 4275 enim
1083 4206 1464 4276 Geisericus
1529 4218 2009 4297 praeceperat,
2064 4205 2158 4275 ita
2204 4206 2785 4295 persuadentibus

239 4295 581 4394 episcopis
632 4296 828 4375 suiS,
886 4310 960 4365 ut
1020 4295 1199 4364 intra
1247 4295 1479 4364 aulam
1545 4318 1741 4365 suam
1793 4295 2235 4382 filiorumque
2309 4316 2593 4364 suorum
2646 4316 2782 4363 non

240 4382 374 4451 nisi
423 4383 689 4454 Arriani
720 4407 842 4475 per
872 4384 1142 4455 diversa
1182 4383 1563 4454 ministeria
1593 4397 2031 4475 ponerentur.
2070 4388 2254 4455 Inter
2290 4385 2462 4454 alios
2500 4397 2780 4453 ventum
