3327 4999
703 330 828 396 364
1322 344 1401 390 na
1449 343 1540 390 ss.
1594 342 1960 392 ιΑΝυοΑωο
2007 344 2081 389 Er
2129 342 2406 391 Aumno
2513 284 2520 287 λ
2765 325 3013 392 MART.
3075 327 3161 393 ⁴9

700 430 737 517 ξ
810 432 904 499 9.
950 423 1193 494 Mulier
1236 423 1573 512 quaedam
1608 428 1674 493 S.
1720 424 2007 493 Bavonis
2049 422 2322 503 ancilla,
2367 421 2833 515 Andresburgi
2863 427 3161 495 eatenus

615 527 1056 592 commorata,
1114 535 1237 603 pro
1308 512 1613 603 neglecto
1665 533 1786 603 per
1829 534 2046 583 annos
2112 533 2363 593 censu,
2426 511 2783 582 oculorum
2847 513 3004 584 visu
3051 526 3163 584 est

615 604 966 675 mulctata.
1003 608 1254 685 Quarto
1282 600 1430 690 jam
1470 622 1651 670 anno
1690 600 1996 671 caecitati
2024 600 2506 682 succumbenS‚
2539 599 2889 671 decaetero
2918 624 3161 673 emen—

612 694 954 763 dationem
1007 690 1359 781 pollicenS,
1413 690 1772 759 candelam
1822 702 2217 761 sanctorum
2257 689 2649 760 luminariis
2691 690 2942 771 attulit,
2981 713 3152 761 cen-

614 804 769 852 sum
822 780 1205 871 neglectum
1259 778 1535 859 retulit,
1589 778 1980 848 illuminata
2035 778 2192 847 ilico
2256 800 2426 847 sana
2494 779 2797 849 recessit.
2848 779 3152 850 Zubleva

613 870 867 939 dicitur
911 881 975 938 et
1022 868 1157 937 alia
1203 867 1386 936 villa:
1425 866 1566 936 illic
1612 868 1949 954 quaedam
2001 867 2250 937 mulier
2282 884 2396 937 sex
2425 889 2767 936 annorum
2798 868 3154 938 curriculo

612 959 1002 1050 patiebatur
1041 956 1368 1047 hydrbpis
1415 956 1759 1026 morbum.
1812 956 2003 1025 Videt
2039 955 2110 1024 in
2143 955 2295 1026 visu
2334 968 2668 1026 nocturno
2715 978 2788 1025 se
2821 957 2990 1028 illuc
3023 957 3153 1027 ad·

615 1048 779 1118 duci
811 1069 967 1116 cum
1018 1046 1358 1115 oblatione
1404 1058 1468 1114 et
1516 1058 1784 1135 recepta
1833 1045 2099 1136 regredi
2161 1044 2502 1135 sospitate.
2561 1044 2751 1127 Quod
2810 1046 3152 1136 evigilans

612 1136 941 1206 continuo
979 1134 1291 1225 explevit,
1343 1134 1412 1202 in
1467 1134 1773 1224 plaustro
1830 1134 1948 1202 illo
1996 1155 2068 1203 se
2113 1132 2362 1202 deduci
2411 1134 2800 1202 mandavit:
2853 1145 2918 1204 et
2958 1148 3150 1225 post-

612 1246 822 1312 quam
856 1224 1212 1294 sanitatem
1264 1223 1710 1313 recuperavit,
1755 1246 1793 1292 a
1840 1222 2121 1292 domino
2151 1243 2277 1291 suo
2325 1222 2653 1291 Hildrado
2685 1222 2934 1292 tradita
2978 1228 3152 1293 San-

610 1327 874 1383 ctorum
917 1312 1087 1402 juri,
1126 1312 1373 1381 deinde
1414 1312 1711 1381 recessit.
1765 1311 2057 1394 Quidam
2094 1310 2361 1379 Hildico
2410 1312 2708 1393 nomine,
2762 1312 2953 1381 omni
3002 1312 3151 1382 dis-

612 1403 880 1494 sipatus
935 1402 1223 1481 actione,
1271 1401 1530 1488 sylvam
1594 1399 2122 1471 ecclesiasticam
2174 1400 2450 1489 saepius
2497 1399 2868 1490 extirpans,
2921 1402 3154 1471 incre-

611 1505 816 1582 patus
865 1490 1135 1559 tandem
1186 1489 1485 1577 quadam
1537 1488 1648 1557 die
1679 1510 1800 1579 per
1845 1510 2091 1558 nomen
2145 1492 2572 1570 Sanctorum,
2619 1501 2696 1558 ut
2727 1489 2968 1559 saltem
3024 1489 3149 1560 de-

612 1581 919 1650 sisteret:
958 1602 1114 1648 cum
1168 1578 1535 1647 monitores
1583 1577 1867 1669 insuper
1901 1599 2061 1648 suos
2088 1599 2249 1646 cum
2298 1578 2574 1659 sanctis,
2615 1578 2840 1647 verbis
2888 1577 3146 1650 vilibus

609 1666 1036 1737 annullaret:
1105 1689 1508 1825 progressus
1556 1666 1867 1753 sequenti
1933 1666 2066 1745 die,
2118 1678 2197 1734 ut
2257 1666 2494 1735 itidem
2545 1666 2826 1747 faceret,
2908 1666 2972 1735 fa
3081 1690 3150 1737 m

608 1778 766 1827 cum
810 1757 1029 1826 securi
1080 1756 1237 1825 iico
1270 1755 1612 1845 superbus
1644 1754 2045 1824 conscendit
2087 1767 2149 1822 et
2200 1755 2527 1823 continuo
2576 1756 2844 1824 inverso
2893 1777 2973 1824 ca
3025 1778 3152 1828 ens

614 1845 811 1927 collo,
850 1857 1087 1935 guttur
1136 1842 1500 1931 liquidum,
1546 1843 1726 1930 quod
1762 1842 2264 1933 blasphemiam
2312 1844 2709 1934 spiraverat,
2762 1843 2968 1925 elisit,
3011 1846 3150 1915 sie—

614 1956 748 2021 que
797 1934 1168 2025 pessimam
1226 1933 1434 2001 vitam
1501 1931 1711 2022 digna
1777 1946 1990 2001 morte
2037 1932 2279 2001 finivit.
2334 1934 2690 2019 Presbyter
2738 1934 3147 2003 Sarabertus

611 2045 894 2110 equum,
948 2021 1181 2091 furtim
1249 2033 1442 2090 noete
1488 2022 1789 2108 quadam
1866 2020 2249 2090 latronibus
2296 2021 2866 2111 subripientibus,
2921 2022 3149 2112 perdi—

612 2111 826 2182 derat.
867 2118 1060 2180 Mane
1107 2122 1452 2200 comperto
1501 2109 1583 2180 ad
1637 2123 1874 2179 notum
1924 2109 2344 2201 praesidium
2394 2110 2723 2188 cucurrit,
2777 2110 3142 2180 candelam

610 2200 833 2270 facere
881 2210 1199 2270 maturat.
1245 2204 1462 2281 Quam
1512 2210 1589 2269 ut
1635 2199 1891 2268 sanctis
1937 2196 2163 2267 attulit
2210 2210 2275 2268 et
2323 2220 2602 2288 precum
2655 2220 2944 2268 suarum
2994 2213 3147 2269 vota

613 2289 1063 2379 deprompsit,
1119 2309 1463 2357 reversum
1493 2309 1746 2375 equum
1798 2287 2059 2356 foribus
2099 2298 2431 2357 astantem
2481 2287 2753 2378 reperit.
2808 2289 2920 2357 Sic
2983 2309 3149 2379 ergo

612 2378 893 2478 copiosa
937 2399 1113 2465 quae
1163 2399 1282 2467 per
1338 2398 1575 2447 eorum
1627 2376 1956 2445 Dominus
2014 2376 2256 2446 merita
2319 2375 2646 2466 dignatus
2693 2387 2793 2445 est
2842 2377 3141 2467 operari,

612 2466 950 2537 miracula
1019 2488 1141 2537 nos
1190 2465 1420 2557 segnis
1489 2465 1846 2535 tenacitate
1911 2464 2164 2536 silentii
2233 2464 2823 2555 perhorrescentes
2872 2466 3148 2536 succin-

607 2578 789 2646 gere,
843 2578 950 2625 res
995 2555 1274 2643 quidem
1328 2554 1852 2636 memorabileS,
1909 2566 2133 2623 tamen
2249 2554 2407 2624 aulo
2454 2555 2708 2624 diffusa
2756 2554 3144 2645 prolixitate

604 2644 1056 2736 signavimus,
1111 2643 1452 2712 Praesenti
1502 2664 1656 2712 vero
1710 2655 2007 2733 tempore
2040 2643 2188 2711 nihi
2221 2643 2496 2714 ominus
2543 2643 2727 2734 apud
2779 2666 2905 2713 nos
2952 2656 3145 2734 gesta

608 2756 741 2824 sup
796 2745 989 2803 etunt
1035 2733 1264 2802 adhuc
1311 2730 1635 2822 perplura
1690 2753 1865 2818 quae
1914 2745 2144 2801 nostra
2191 2731 2424 2800 itidem
2484 2732 2888 2802 mandantes
2939 2735 3143 2805 robo-

603 2756 820 2892 rantia
869 2822 1290 2900 auctoritate,
1340 2820 1603 2910 petistis
1649 2819 1814 2889 huic
1842 2843 2047 2907 quam
2099 2821 2392 2890 breviter
2437 2821 2648 2890 inseri
2698 2819 3018 2891 schedae.

690 2913 728 2998 ξ
772 2915 930 2982 10.
988 2910 1158 2978 Utile
1190 2931 1389 2999 porro
1419 2909 1745 2990 ereditur,
1799 2909 1882 2977 ad
1916 2909 2308 2980 excitandas
2356 2911 2774 2999 torpentium
2823 2923 3135 2992 menteS,

602 2997 873 3070 occulta
914 3003 1313 3068 Sanctorum
1352 2996 1692 3067 miracula
1727 2996 1809 3066 ad
1856 3020 2097 3068 novam
2138 3020 2358 3084 usque
2395 2998 2818 3068 audientiam
2878 2998 3143 3090 impor-

605 3099 793 3157 tare:
847 3108 1142 3174 quorum
1192 3086 1473 3177 probata
1518 3087 1760 3168 virtuS,
1812 3108 2094 3156 cursum
2134 3087 2519 3156 festinantis
2567 3089 2839 3157 animae
2887 3087 2976 3156 ad
3032 3111 3148 3158 su-

606 3198 806 3267 peros
882 3175 1136 3245 sufficit
1209 3175 1661 3244 inflammare.
1728 3176 1894 3257 Quis
1957 3174 2141 3245 enim
2217 3176 2471 3245 auditis
2534 3175 2712 3245 beati
2769 3175 3149 3246 Landoaldi

604 3264 1015 3356 praeconiiS,
1056 3285 1190 3333 non
1241 3264 1466 3333 statim
1519 3264 1799 3333 meliore
1847 3275 2072 3333 mente
2103 3263 2189 3333 ad
2221 3269 2431 3333 Deum
2466 3265 2708 3346 evolat,
2762 3264 2901 3335 nisi
2934 3286 3145 3352 quem

602 3353 687 3423 ad
724 3373 1093 3443 supernam
1142 3352 1519 3422 Jerusalem
1560 3375 1683 3423 nec
1718 3375 1897 3443 speS,
1953 3374 2076 3422 nec
2126 3351 2439 3423 voluntas
2470 3353 2760 3423 excitat?
2789 3359 2960 3423 Nota
2986 3355 3142 3454 ejus

602 3442 843 3511 merita
888 3453 954 3510 et
1001 3453 1095 3511 tot
1144 3440 1496 3512 miraculis
1543 3441 1989 3511 celeberrima
2019 3463 2196 3598 guae
2245 3463 2403 3511 cum
2448 3464 2609 3531 prae
2657 3441 3141 3533 magnitudine

600 3552 737 3599 non
788 3530 970 3619 capit
1018 3530 1277 3612 Oriens,
1332 3543 1670 3600 remotum
1710 3552 1931 3616 usque
1977 3552 2015 3598 a
2112 3530 2541 3600 Occidentem
2588 3543 2748 3602 sunt
2797 3544 3135 3621 porrecta.

600 3625 768 3688 Nam
821 3630 1083 3708 praeter
1127 3641 1207 3688 ea
1251 3641 1427 3705 quae
1473 3619 1703 3688 adhuc
1739 3620 1931 3688 vivus
1977 3619 2136 3709 egit,
2190 3620 2347 3707 quis
2396 3641 2531 3688 non
2583 3619 2870 3689 miretur
2901 3620 2992 3688 ad
3027 3642 3137 3690 se-

598 3706 926 3798 pulcrum
973 3708 1123 3799 ejus
1173 3719 1265 3777 tot
1319 3707 1469 3777 fieri
1527 3709 1850 3788 virtuteS,
1903 3720 2068 3794 quot
2124 3708 2407 3778 veniunt
2453 3707 2905 3799 languentes?
2953 3713 3141 3793 Quae

599 3797 871 3865 cunctis
943 3796 1370 3877 notissimae,
1424 3796 1608 3887 apud
1661 3796 2208 3866 wintershovum
2285 3808 2508 3866 tamen
2563 3796 2783 3887 magis
2833 3797 3144 3867 celebres

595 3884 964 3955 habentur:
1018 3886 1138 3956 ubi
1186 3886 1370 3976 apud
1418 3895 1721 3955 caeteros
1785 3884 2182 3975 divulgata,
2239 3885 2393 3956 visu
2451 3898 2652 3965 teste,
2708 3886 2914 3975 signa
2987 3906 3142 3986 pro·

593 3972 871 4043 bantur.
926 3979 1092 4043 Cum
1124 3974 1336 4065 igitur
1381 3973 1575 4045 surdi
1614 3985 1680 4043 et
1724 3972 1959 4042 claudi
2005 3986 2069 4043 et
2109 3974 2174 4043 id
2227 3996 2446 4066 genus
2505 3973 2682 4043 male
2734 3973 3140 4044 habentium

596 4061 1141 4151 circumquaque
1188 4063 1405 4134 sancti
1468 4062 1707 4132 merita
1754 4061 2147 4143 faterentur,
2201 4062 2664 4154 incongruum
2763 4063 3130 4138 utabatur‚

596 4151 817 4222 sancti
863 4152 1191 4238 reliquias
1236 4151 1486 4222 humili
1520 4151 1808 4221 ecclesia
1854 4151 2166 4233 detineri,
2222 4173 2372 4220 raro
2420 4152 2649 4221 adhuc
2758 4172 2974 4220 onore
3025 4171 3133 4219 ve·

592 4240 844 4320 nerari‚
898 4238 1338 4327 officiumque
1366 4240 1680 4310 divinum
1732 4262 1940 4330 parvo
1974 4242 2527 4331 presbyterorum
2574 4251 2917 4310 conventu
2957 4239 3096 4330 agi.

678 4331 715 4417 ἓ
769 4334 904 4402 11.
949 4333 1134 4411 Quae
1182 4330 1415 4398 omnia
1460 4329 1731 4398 animos
1777 4329 2066 4399 fratrum
2116 4329 2185 4398 in
2236 4329 2578 4400 Gandensi
2607 4329 2641 4364 *
2687 4327 3019 4398 coenobio
3057 4345 3131 4396 eo

643 4457 672 4487 ⁸
698 4455 757 4499 In
785 4454 964 4507 Belgio.
