3327 4999
680 310 809 376 392
1204 325 1285 370 mi
1333 323 1388 370 s.
1443 321 1809 371 cumanam
1856 324 2057 373 nmsc.
2111 324 2511 374 anmsman.
2752 309 2999 374 MART.
3056 311 3151 375 20

591 410 945 501 temporis,
991 430 1117 477 nec
1164 407 1251 475 ad
1300 406 1554 475 lectum
1610 409 1997 497 proprium,
2053 431 2178 478 nec
2230 424 2418 480 extra
2472 410 2958 480 dormitorium
3007 411 3156 482 fra-

589 512 801 579 trum,
854 498 1081 566 locum
1134 495 1434 581 aliquem
1487 494 1558 562 in
1606 517 1745 581 quo
1785 519 2079 585 pausare
2130 512 2379 587 posset,
2417 499 2718 568 haberet.
2775 499 2924 569 Sive
2954 501 3155 570 enim

589 587 760 658 locis
810 584 1292 655 secretioribus
1342 582 1532 652 solus
1580 584 1873 654 orationi
1923 587 2231 664 vacabat,
2288 587 2429 656 sive
2479 587 2657 655 inter
2703 587 3158 677 psallendum

588 676 1006 766 operabatur
1055 672 1403 751 manibUS‚
1468 684 1951 761 torporemque
2003 674 2396 742 dormiendi
2447 675 2823 745 laborando
2876 677 3159 766 propel-

587 763 794 843 lebat,
850 783 973 829 seu
1005 771 1185 829 certe
1233 759 1571 828 circuibat
1612 760 1942 841 insulam,
1999 763 2345 848 quomodo
2394 785 2467 833 se
2515 764 2790 864 singula
2832 785 3158 851 quaeque

587 852 945 928 haberent,
992 849 1153 938 pius
1199 846 1586 936 explorator
1626 849 2011 935 inquirenS,
2061 851 2316 940 pariter
2361 863 2428 920 et
2475 851 2981 942 longitudinem
3013 854 3159 925 sibi

589 937 1019 1030 psalmodiae
1067 958 1145 1004 ac
1182 936 1577 1024 vigiliarum
1614 936 1997 1006 incedendo
2046 939 2404 1009 allevians.

679 1029 716 1113 ξ
775 1031 929 1096 19.
984 1024 1289 1109 Denique
1336 1046 1627 1113 arguere
1687 1026 1947 1095 solebat
1996 1027 2643 1115 pusillanimitatem
2695 1028 2987 1097 fratrum
3023 1031 3154 1116 qui

525 1183 528 1193 ,
592 1115 890 1207 graviter
937 1111 1212 1191 ferrent,
1250 1111 1307 1179 si
1354 1113 1475 1198 qui
1517 1135 1589 1181 se
1640 1127 2013 1183 nocturnae
2047 1116 2148 1184 vel
2202 1116 2626 1184 meridianae
2672 1117 2925 1202 quietis
2976 1130 3157 1186 tem-

592 1225 758 1294 pore
804 1203 1204 1290 importuna
1253 1199 1420 1268 forte
1469 1201 1950 1286 inquietudine
2020 1203 2455 1283 suscitarent,
2527 1204 2807 1273 dicens:
2863 1227 2898 1270 «
2935 1206 3152 1275 Nemo

590 1291 767 1361 mihi
809 1289 1190 1358 molestiam
1225 1287 1387 1356 facit
1419 1310 1528 1356 me
1575 1290 1935 1359 excitando
1969 1290 2054 1358 de
2089 1313 2354 1372 somno,
2394 1292 2510 1360 sed
2554 1293 2784 1382 potius
2819 1292 3150 1364 laetificat

591 1401 703 1448 me
732 1379 851 1464 qui
900 1377 1167 1446 excitat.
1200 1398 1234 1443 »
1271 1376 1456 1445 Facit
1486 1377 1670 1445 enim
1707 1400 1838 1458 me,
1877 1378 2194 1448 discusso
2232 1382 2499 1470 torpore
2531 1382 2784 1461 somni,
2823 1381 3150 1453 utilitatis

593 1466 859 1553 aliquid
910 1487 1110 1555 agere
1156 1464 1257 1533 vel
1309 1464 1630 1552 cogitare.
1672 1471 1964 1535 Tantum
2013 1480 2238 1535 autem
2282 1469 2796 1558 compunctioni
2838 1481 2985 1538 erat
3026 1470 3153 1539 de-

591 1555 803 1635 ditus,
858 1566 1124 1623 tantum
1158 1551 1570 1621 coelestibus
1609 1553 1895 1623 ardebat
1940 1554 2324 1636 desiderii5‚
2362 1569 2439 1625 ut
2459 1558 2841 1626 ..Missarum
2893 1558 3177 1627 solem--

590 1644 709 1711 nia
754 1642 1133 1722 celebrans,
1190 1663 1628 1727 nequaquam
1683 1642 1832 1710 sine
1881 1642 2279 1730 profusione
2328 1644 2795 1733 lacrymarum
2859 1645 3154 1735 implere

592 1744 822 1821 posset
868 1729 1213 1800 officium:
1269 1728 1387 1797 sed
1435 1751 1744 1818 congruo
1793 1730 1959 1799 satis
2007 1732 2270 1813 ordine,
2315 1732 2483 1801 dum
2522 1733 2863 1822 passionis
2911 1736 3148 1804 Domi-

588 1819 789 1888 nicae
838 1817 1165 1907 mysteria
1210 1817 1604 1897 celebraret,
1662 1817 2050 1887 imitaretur
2097 1820 2266 1909 ipse,
2304 1820 2489 1906 quod
2525 1834 2777 1911 ageret,
2829 1822 3144 1912 seipsum

589 1907 906 1975 videlicet
956 1911 1087 1975 Deo
1135 1905 1206 1973 in
1257 1905 1487 1973 cordis
1533 1906 1941 1974 contritione
1976 1908 2364 1988 mactando,
2404 1909 2523 1976 sed
2554 1923 2618 1978 et
2666 1922 2967 1980 astantes
3018 1933 3142 1999 po-

588 1995 791 2086 pulos
840 2016 1121 2063 sursum
1170 1993 1380 2062 corda
1427 1993 1678 2062 habere
1724 2007 1788 2063 et
1835 1995 2092 2084 gratias
2140 2018 2342 2085 agere
2377 1997 2663 2066 Domino
2702 2003 2829 2066 Deo
2880 2010 3136 2081 nostr-0,

592 2083 817 2173 magis
865 2084 1012 2172 ipse
1059 2104 1179 2150 cor
1223 2103 1432 2167 quam
1491 2103 1723 2151 vocem
1773 2083 2176 2163 exaltand0‚
2249 2085 2479 2174 potius
2537 2086 2876 2175 gemendo
2923 2108 3137 2173 quam

589 2171 932 2240 cantando
979 2169 1401 2239 admoneret.
1440 2174 1595 2239 Erat
1641 2169 1784 2239 zelo
1822 2170 2134 2261 justitiae
2179 2171 2507 2252 fervidus,
2562 2173 2649 2240 ad
2699 2174 3140 2264 arguendum

589 2271 993 2350 peccantes:
1026 2271 1170 2327 erat
1203 2258 1451 2347 spiritu
1484 2258 2043 2329 mansuetudinis
2082 2260 2460 2339 modestus,
2502 2261 2589 2328 ad
2630 2260 3138 2351 ignoscendum

640 2346 1142 2416 oenitentibus:
1195 2359 1273 2414 ut
1322 2367 1848 2432 nonnumquam
1904 2346 2038 2416 sibi
2103 2348 2592 2419 confitentibus
2658 2362 2936 2439 peccata
2985 2371 3136 2430 sua,

589 2369 702 2505 Eis
748 2435 870 2522 qui
916 2433 1371 2521 deliquerant,
1410 2434 1598 2524 prior
1636 2435 1808 2524 ipse,
1867 2435 2206 2507 miserans
2255 2437 2566 2518 miserOS,
2607 2436 2952 2527 lacrymas
2982 2437 3139 2507 fun-

594 2525 806 2605 deret,
860 2535 926 2592 et
969 2523 1135 2610 quid
1192 2523 1529 2612 peccatori
1579 2523 1928 2611 agendum
1990 2535 2198 2604 esset,
2270 2527 2417 2615 ipse
2468 2525 2704 2612 justus
2761 2548 2888 2595 suo
2938 2549 3137 2596 mon-

594 2622 838 2681 straret
885 2611 1221 2701 exemplo.
1284 2610 1720 2679 vestimentis
1781 2612 2104 2680 utebatur
2158 2615 2690 2694 communibuS,
2745 2615 2837 2683 ita
2888 2626 3150 2704 tempe-

592 2713 825 2768 ranter
871 2722 1106 2789 agens,
1174 2710 1251 2767 ut
1309 2697 1559 2765 horum
1613 2720 1834 2784 neque
1883 2699 2271 2780 munditiis,
2329 2723 2552 2787 neque
2601 2703 2925 2773 sordibus
2969 2714 3147 2772 esset

593 2788 946 2857 notabilis.
1004 2786 1194 2856 Unde
1241 2807 1463 2871 usque
1511 2785 1715 2855 bodie
1763 2786 1834 2853 in
1883 2787 2120 2856 eodem
2173 2791 2590 2859 monasterio
2638 2791 2950 2880 exemplo
2998 2791 3150 2881 ejus

593 2876 1017 2954 observatur,
1054 2896 1139 2942 ne
1185 2872 1344 2960 quis
1376 2873 1548 2941 varii
1595 2885 1715 2942 aut
1760 2875 2039 2963 pretiosi
2068 2875 2317 2947 coloris
2348 2877 2594 2947 habeat
2625 2877 3139 2948 indumentum:

594 2963 714 3033 sed
751 2985 829 3031 ea
878 2962 1175 3031 maxime
1223 2962 1518 3030 vestium
1571 2962 1799 3051 specie
1846 2964 1985 3033 sint
2034 2967 2359 3045 contenti,
2417 2989 2630 3053 quam
2693 2967 3028 3038 naturalis
3073 2988 3153 3035 o-

594 3052 788 3119 vium
826 3050 987 3118 lana
1038 3048 1406 3118 ministrat.
1448 3050 1571 3118 His
1617 3062 1682 3118 et
1731 3050 2131 3140 hujusmodi
2164 3054 2649 3143 spiritualibus
2679 3055 3019 3124 exercitiis
3046 3055 3153 3124 vir

595 3137 1036 3218 venerabilis,
1073 3149 1138 3206 et
1185 3137 1527 3207 bonorum
1576 3159 2014 3225 quorumque
2045 3139 2131 3208 ad
2164 3162 2235 3210 se
2274 3143 2688 3212 imitandum
2740 3143 3155 3233 provocabat

597 3227 948 3304 affectum,
1004 3237 1069 3294 et
1120 3226 1473 3315 improbos
1501 3248 1813 3314 quosque
1871 3250 1952 3298 ac
1999 3228 2291 3299 rebelles
2328 3231 2504 3300 vitae
2549 3231 2876 3323 regulari,
2911 3254 2953 3300 a
3000 3252 3154 3321 per-

595 3315 850 3384 tinacia
884 3313 995 3382 sui
1046 3315 1406 3384 revocabat
1450 3315 1729 3384 erroris.

682 3405 719 3489 §
785 3405 954 3474 20.
1010 3406 1087 3470 At
1136 3415 1496 3492 postquam
1532 3403 1599 3470 in
1634 3404 1874 3473 eodem
1915 3404 2330 3474 monasterio
2361 3405 2580 3475 multa
2613 3427 2957 3475 annorum
2989 3428 3153 3476 cur-

595 3489 820 3559 ricula
850 3490 1166 3579 explevit,
1221 3490 1495 3558 tandem
1548 3491 1671 3559 diu
1731 3493 2124 3583 concupita,
2162 3494 2475 3579 quaesita
2521 3516 2600 3562 ac
2697 3494 2856 3563 etita
2905 3495 3153 3565 solitu-

594 3577 785 3648 dinis
834 3590 1117 3659 secreta,
1171 3579 1543 3648 comitante
1651 3578 1886 3648 raefati
1937 3580 2216 3650 Abbatis
2277 3581 2387 3650 sui
2452 3582 2636 3650 simu
2721 3595 2786 3651 et
2848 3581 3147 3652 fratrum

650 3665 845 3746 rana,
899 3666 1201 3735 multum
1253 3666 1576 3737 laetabun
1635 3691 1717 3736 us
1764 3667 1957 3737 adiit.
2021 3668 2377 3738 Gaudebat
2442 3690 2781 3756 namque,
2852 3671 3020 3757 quia
3067 3671 3156 3740 de

616 3774 802 3844 onga
853 3754 1268 3842 perfectione
1329 3755 1869 3826 conversationis
1936 3757 2218 3839 activae,
2272 3756 2358 3824 ad
2408 3757 2627 3826 otium
2676 3757 2950 3827 divinae
2999 3781 3156 3849 spe-

590 3841 962 3911 culationis
984 3843 1131 3931 jam
1158 3855 1562 3912 mereretur
1587 3844 1981 3915 ascendere.
2020 3846 2429 3915 Laetabatur
2473 3844 2559 3914 ad
2608 3868 2847 3916 eorum
2896 3861 3160 3917 sortem

588 3950 667 3998 se
717 3930 1138 4020 pertingere,
1209 3931 1297 4001 de
1357 3932 1615 4018 quibus
1661 3932 1939 4002 canitur
1993 3934 2062 4001 in
2115 3933 2426 4002 Psalmo:
2481 3933 3021 4004 «ambulabunt
3066 3934 3154 4005 de

590 4016 845 4087 virtute
893 4017 965 4085 in
1000 4020 1354 4087 virtutem:
1409 4020 1756 4090 videbitur
1795 4025 1973 4091 Deus
2022 4021 2307 4090 deorum
2338 4021 2406 4089 in
2452 4022 2705 4091 Sion.»
2755 4027 2832 4090 Et
2857 4023 3149 4108 quidem

590 4104 663 4174 in
716 4106 964 4196 primis
1011 4107 1187 4176 vitae
1235 4107 1580 4177 solitariae
1626 4108 2045 4178 rudimentis
2078 4108 2355 4179 secessit
2387 4109 2474 4178 ad
2510 4109 2740 4179 locum
2769 4110 3150 4196 quemdam

584 4193 710 4280 qui
773 4194 843 4263 in
913 4194 1365 4266 exterioribus
1430 4196 1581 4284 ejus
1628 4196 1842 4266 cellae
1889 4196 2206 4287 partibus
2254 4198 2578 4268 secretior
2625 4211 3010 4298 appareret.
3074 4202 3153 4267 At

586 4303 750 4351 cum
800 4281 1058 4352 ibidem
1108 4282 1521 4369 aliquandiu
1569 4284 1921 4355 solitarius
1968 4307 2127 4355 cum
2181 4285 2374 4354 hoste
2403 4285 2738 4355 invisibili
2769 4286 3032 4355 orando
3066 4308 3150 4355 ac

577 4369 969 4461 jejunando
1015 4383 1326 4453 certaret,
1382 4370 1657 4441 tandem
1709 4373 1974 4462 majora
2030 4376 2524 4463 praessimens‚
2583 4372 3146 4466 longinquiorem
