3327 4999
221 348 482 414 MART.
537 349 623 413 29
1094 366 1175 412 m:
1223 367 1279 414 s.
1332 365 1640 413 nusi-Amo
1688 366 1931 413 Annam
2577 354 2707 418 559

220 451 508 542 agnovi,
546 471 843 537 quorum
876 448 1261 519 doctrinam
1300 448 1648 520 salubrem
1685 450 1935 539 recepi,
1967 472 2047 519 ex
2077 472 2376 536 quorum
2408 453 2798 523 eruditione

221 539 492 608 multos
539 537 860 606 coelestia
916 560 1125 627 regna
1178 550 1570 627 penetrasse
1620 539 1963 628 comperi?
2024 540 2419 608 Meminisse
2481 553 2543 609 te
2591 542 2796 611 velim

217 626 423 696 illius
473 626 714 694 Isaiae:
763 632 889 693 Vae
940 629 1063 717 qui
1107 627 1269 694 dicit
1329 629 1588 694 malum
1638 628 1901 707 bonum,
1952 638 2016 695 et
2071 630 2312 696 bonum
2353 633 2637 698 malum.
2674 634 2796 698 Ac-

215 715 476 795 celera,
529 727 593 783 et
642 735 928 803 prorsus
975 715 1062 782 ab
1112 714 1240 783 hac
1275 714 1550 782 vesania
1581 712 1874 784 festinus
1907 714 2211 783 recede.»
2246 716 2648 787 Confutatus
2676 717 2794 786 ille

214 804 332 873 his
384 801 638 872 Christi
698 801 1000 870 famulae
1051 802 1424 891 responsiS‚
1499 823 1781 872 rursum
1845 803 1931 871 ad
1982 803 2426 873 Romaricum
2483 816 2547 874 et
2593 812 2792 875 Ama-

213 902 368 962 tum
423 890 730 979 repedat,
767 902 844 959 ut
889 902 1199 977 coeptam
1250 890 1675 974 deceptionis
1725 913 1971 980 rugam
2022 891 2242 961 foveat
2300 907 2367 961 et
2404 894 2787 964 contrahat.

306 981 345 1066 ξ
381 985 536 1049 12.
578 978 706 1047 Sed
745 999 878 1046 non
918 977 1137 1046 defuit
1165 977 1336 1046 ultio
1369 977 1629 1047 divina.
1665 984 1833 1048 Cum
1866 980 2055 1047 enim
2090 979 2176 1048 ad
2215 980 2343 1050 hoc
2365 981 2512 1070 jam
2547 1004 2788 1054 omnes

212 1066 641 1157 aspirarent,
686 1077 764 1134 ut
803 1066 1232 1155 contemptui
1274 1066 1727 1155 pristinorum
1763 1066 2343 1137 documentorum
2395 1069 2793 1140 subscribe-

211 1168 399 1236 rent,
457 1167 523 1223 et
574 1175 972 1223 assensores
1021 1176 1093 1224 se
1135 1155 1572 1253 praeberent:
1639 1155 1946 1244 primum
1999 1155 2147 1246 lupi
2198 1156 2390 1226 rabie
2439 1159 2788 1248 exagitati,

213 1243 400 1312 duos
432 1265 516 1311 ex
547 1242 759 1331 hujus
786 1243 1189 1312 assertionis
1215 1242 1625 1323 fautoribuS,
1658 1265 1777 1332 per
1803 1244 2283 1333 intempestam
2319 1259 2583 1314 noctem
2613 1247 2796 1317 intra

212 1343 418 1421 septa
467 1331 956 1419 irrumpenteS,
997 1331 1348 1399 morsibus
1383 1331 1757 1409 laniarunt,
1813 1343 2016 1416 atque
2052 1332 2239 1421 ipsos
2286 1355 2563 1419 quoque
2598 1336 2789 1404 rabie

214 1419 791 1508 comprehensos,
830 1419 1314 1487 miserabiliter
1360 1420 1562 1488 morti
1614 1419 2070 1489 tradiderunt.
2128 1419 2351 1488 Alium
2409 1423 2786 1507 quendam,

209 1507 540 1577 Plereum
568 1507 686 1593 qui
716 1505 801 1574 ad
833 1507 1017 1574 hunc
1044 1506 1428 1576 discordiae
1451 1506 1754 1592 fomitem
1782 1508 2218 1577 vehementer
2238 1509 2612 1598 aspirabat,
2640 1511 2794 1580 dae-

212 1595 591 1665 moniacus
631 1593 823 1663 furor
854 1595 1170 1684 pervasit,
1203 1607 1405 1680 atque
1445 1595 1845 1686 ignobiliter
1879 1596 2029 1664 neci
2061 1595 2271 1664 dedit:
2309 1619 2473 1665 nam
2507 1600 2790 1688 propria

211 1706 444 1752 manu
496 1682 643 1770 ipse
676 1704 747 1751 se
799 1683 1041 1769 laqueo
1076 1683 1462 1773 suspendit.
1509 1682 1634 1752 Sed
1686 1706 1848 1752 cum
1902 1685 2067 1752 baec
2101 1683 2272 1753 ultio
2306 1685 2606 1754 necdum
2636 1710 2789 1755 cor-

212 1771 480 1862 rigeret
511 1769 1014 1857 delinquenteS,
1062 1771 1379 1860 protinus
1415 1772 1636 1860 major
1685 1784 1917 1840 secuta
1968 1783 2090 1840 est.
2149 1777 2315 1840 Nam
2368 1773 2595 1842 subito
2645 1774 2781 1843 ful-

211 1882 353 1950 gur
406 1859 682 1947 lapsum
719 1881 756 1926 e
794 1858 983 1928 coelo
1016 1881 1271 1948 magno
1303 1859 1570 1949 fragore
1606 1861 1902 1948 percutit
1932 1859 2186 1940 locum,
2226 1860 2586 1929 ecclesiam
2676 1885 2785 1930 er-

208 1960 536 2037 vagatur‚
593 1959 987 2036 tegumenta
1039 1948 1421 2028 subvertit,
1479 1947 1748 2037 plebem
1800 1949 1941 2017 urit
1986 1959 2052 2017 et
2097 1948 2470 2028 exanimat,
2519 1950 2618 2017 sci
2654 1950 2784 2020 icet

211 2047 295 2103 ut
348 2056 676 2123 praesens
722 2036 1053 2104 correctio
1103 2035 1228 2116 illi,
1282 2057 1458 2121 quae
1508 2036 1728 2103 nimia
1774 2035 2220 2125 simplicitate
2271 2037 2780 2124 praeveniente,

212 2122 599 2192 calliditate
625 2145 882 2203 eversa,
921 2124 939 2189 i
998 2145 1208 2192 navae
1243 2124 1675 2213 persuasioni
1710 2145 2075 2192 assensum
2118 2123 2549 2212 praebuerat,
2590 2147 2789 2194 mon-

214 2223 473 2280 straret
521 2211 823 2280 futuram
867 2211 951 2279 de
1004 2233 1114 2280 ere
1164 2212 1338 2280 iram
1389 2211 1650 2301 fugere.
1694 2213 1938 2280 Mortui
1972 2211 2058 2279 ad
2099 2233 2427 2300 praesens
2469 2226 2633 2281 sunt
2664 2236 2791 2283 us-

212 2320 354 2385 que
405 2298 491 2367 ad
547 2299 809 2388 viginti.
865 2300 1120 2368 Deinde
1163 2313 1348 2368 metu
1401 2300 1757 2388 perculsos
1806 2299 2141 2389 paulatim
2195 2321 2382 2368 mors
2409 2295 2672 2391 rapuit,
2715 2312 2790 2370 ut

215 2408 300 2455 ex
351 2409 435 2456 ea
485 2385 765 2468 ultione,
804 2401 879 2456 ut
909 2388 1127 2476 ajunt,
1164 2388 1470 2477 amplius
1516 2409 1725 2473 quam
1761 2388 2273 2477 quinquaginta
2306 2389 2586 2457 extincti
2621 2389 2783 2459 sint:

215 2488 502 2545 auctore
549 2475 830 2561 quidem
880 2475 1197 2545 criminis
1246 2475 1330 2544 ad
1386 2476 1874 2566 poenitentiam
1914 2486 2279 2555 reservato,
2335 2489 2413 2545 ut
2460 2477 2519 2546 si
2572 2499 2790 2568 agno-

217 2577 367 2634 scat
418 2578 484 2633 et
532 2564 801 2644 redeat,
861 2564 1320 2653 proculdubio
1388 2566 1750 2634 sanitatem
1819 2564 2131 2654 recipiat.
2186 2563 2465 2633 Nullum
2534 2566 2789 2633 etenim

216 2652 559 2721 Dominus
601 2653 823 2742 perire
857 2653 1223 2733 desiderat,
1279 2652 1396 2721 sed
1450 2675 1721 2742 semper
1768 2653 2088 2738 quamvis
2138 2653 2469 2742 gravibus
2518 2653 2790 2723 delictis

214 2741 574 2820 obrutum,
629 2753 707 2809 ut
757 2763 877 2829 per
926 2742 1385 2831 poenitentiae
1433 2741 1736 2809 fomenta
1802 2741 2203 2831 resipiscat,
2259 2754 2591 2829 expectat.
2657 2741 2785 2809 Sed

214 2851 379 2898 cum
435 2829 548 2897 ille
599 2830 878 2917 saepius
918 2830 1052 2898 sibi
1101 2830 1342 2898 datum
1396 2829 1855 2919 poenitentiae
1898 2829 2125 2897 locum
2178 2850 2315 2896 non
2349 2840 2778 2919 agnosceret,

214 2928 294 2986 ut
341 2922 417 2985 B.
460 2918 808 2986 Eustachii
858 2918 1218 2997 sententia,
1261 2917 1344 2987 ad
1407 2918 1720 2985 divinum
1765 2918 2113 3005 judicium
2167 2916 2399 3006 ipsum
2451 2917 2784 2998 vocanti5‚

215 3004 665 3094 praevaleret,
720 3018 878 3074 ante
920 3006 1202 3096 triginta
1234 3006 1504 3074 dierum
1556 3004 1936 3085 circulum,
1995 3006 2403 3094 priusquam
2454 3005 2785 3075 vertentis

214 3093 388 3161 anni
439 3105 620 3160 meta
668 3092 1152 3181 compleretur.
1192 3117 1231 3161 a
1270 3116 1462 3162 servo
1499 3117 1648 3174 suo,
1686 3116 1891 3178 quem
1930 3094 2075 3182 ipse
2108 3093 2512 3172 redemerat,
2552 3094 2783 3162 securi

214 3202 619 3268 percussus,
669 3181 949 3250 interiit.
991 3182 1272 3250 Occasio
1319 3182 1636 3250 criminis
1684 3181 2067 3261 dicebatur,
2106 3182 2338 3250 uxoris
2381 3182 2772 3280 permixtio,

216 3272 363 3335 Hoc
415 3268 611 3337 nobis
649 3268 1024 3336 dicendum
1073 3282 1197 3350 est,
1242 3269 1507 3358 justam
1567 3291 1729 3338 eum
1795 3270 2204 3338 sententiam
2258 3269 2477 3337 divini
2516 3268 2775 3358 judicii

215 3353 424 3422 ferire
486 3376 621 3423 non
672 3356 1024 3425 distulisse
1054 3411 1068 3437 ,
1123 3370 1200 3426 ut
1246 3370 1311 3425 et
1359 3370 1820 3426 assentatores
1869 3358 2011 3425 sive
2059 3357 2362 3425 asseclas
2409 3358 2564 3443 ejus
2626 3379 2779 3426 ces-

217 3463 373 3511 sare
420 3463 460 3509 a
509 3441 1041 3513 lacerationibus
1090 3444 1511 3513 famulorum
1567 3445 1683 3513 Dei
1731 3445 2154 3522 admoneret,
2200 3458 2264 3513 et
2297 3444 2412 3512 ille
2464 3467 2584 3533 per
2615 3467 2784 3513 con-

218 3530 594 3601 tumaciam
670 3531 977 3600 admissa
1052 3532 1309 3602 scelera
1385 3533 1625 3601 merita
1673 3532 1937 3601 ultione
1986 3533 2227 3601 lueret.
2284 3537 2564 3600 Amatus
2615 3555 2774 3602 vero

214 3633 281 3688 et
331 3618 741 3688 Romaricus
800 3620 1167 3688 venerabili
1211 3621 1564 3689 Eustachii
1621 3620 2128 3719 indulgentiam
2183 3620 2633 3708 postulantes,
2678 3643 2782 3689 re-

214 3707 398 3798 cepti
448 3720 631 3787 sunt,
685 3720 750 3776 et
791 3709 1111 3777 submota
1157 3708 1446 3788 desidi-21,
1485 3709 1637 3796 ejus
1685 3714 1907 3799 gratia
1955 3709 2312 3776 fruuntur.
2369 3713 2575 3776 Porro
2610 3710 2785 3778 Abe-

215 3795 422 3866 lenus
469 3809 534 3865 et
583 3797 831 3865 caeteri
902 3795 1279 3865 Galliarum
1339 3797 1647 3887 episcopi
1720 3809 1869 3887 post
1918 3797 2003 3865 ad
2055 3796 2446 3865 roboranda
2495 3796 2782 3864 Colum-

213 3884 381 3954 bani
430 3885 743 3953 instituta
793 3885 1129 3973 aspirant:
1183 3897 1249 3954 et
1298 3886 1497 3954 multi
1530 3886 1705 3973 jam,
1746 3908 1979 3953 amore
2027 3884 2208 3953 beati
2261 3883 2667 3952 Columbani
2722 3895 2788 3953 et

216 3974 370 4062 ejus
422 3974 732 4064 regulae,
808 3974 1227 4042 monasteria
1287 3986 1745 4054 construunt,
1802 3972 2045 4042 fratres
2111 3974 2470 4052 adunant,
2538 3994 2787 4062 greges

217 4062 468 4131 Christi
517 4074 966 4152 congregant.
1005 4068 1156 4131 Jam
1211 4084 1369 4130 vero
1418 4063 1661 4132 beatus
1710 4061 2146 4140 EustachiuS,
2187 4061 2313 4130 bas
2344 4060 2638 4150 adeptus
2681 4059 2781 4128 vi-

213 4151 503 4237 ctorias.⁴
547 4152 889 4240 corrigere
938 4151 1418 4236 delinquentes
1467 4151 1717 4230 studet,
1758 4173 1835 4218 ac
1888 4172 2051 4220 suae
2101 4150 2255 4239 paci
2308 4171 2447 4227 eOS,
2502 4148 2623 4234 qui
2674 4171 2781 4216 re-

215 4252 654 4320 manserant,
711 4239 1023 4308 adunare
1073 4239 1452 4309 constit-uit.
1506 4245 1714 4309 Porro
1758 4239 2285 4318 monachorum,
2341 4238 2472 4306 sub
2520 4237 2670 4325 ejus
2710 4258 2783 4304 o-

215 4325 562 4395 bedientia
619 4328 1017 4417 degentium
1090 4328 1161 4395 in
1230 4327 1619 4418 saepedicto
1689 4327 2102 4397 monasterio
2171 4328 2417 4418 ingens
2476 4334 2781 4392 creverat

217 4415 612 4499 multitudO,
664 4429 742 4486 ut
778 4417 928 4506 jam
960 4418 1180 4486 multa
1230 4439 1352 4508 per
1391 4417 1617 4486 vicina
1647 4417 1797 4487 loca
1829 4416 2160 4486 coenobia
2179 4426 2769 4493 construerentur,
