3327 4999
201 327 310 394 EX
350 327 523 396 OCT.
581 329 651 392 Η
939 347 1020 394 nn
1068 347 1126 394 s.
1179 344 1473 396 sunnone
1521 345 1744 396 coron.
1798 343 1999 393 muse.
2533 325 2662 391 679

203 430 551 501 ministros
578 441 644 500 et
675 428 930 500 milites
977 453 1163 513 suoS,
1217 452 1526 519 auroque
1574 430 1852 511 nitidos,
1908 429 2113 499 vilem
2150 428 2296 519 ipse
2340 428 2647 499 tunicam
2684 437 2750 497 et

199 521 583 593 rusticanas
617 518 849 589 ovium
901 519 1114 610 pelles
1140 519 1393 590 induit.
1431 519 1691 590 Lectuli
1720 518 2005 589 delicias
2039 518 2477 587 vehementer
2511 538 2749 607 asper-

202 619 403 679 natus
450 619 574 678 est.
630 612 708 677 In
743 606 1012 677 balneis
1044 631 1203 678 cum
1256 607 1672 690 lavantibus,
1717 607 2034 694 cutisque
2074 606 2363 676 nitorem
2412 627 2751 693 quaeren—

201 696 407 778 tibus,
463 698 572 766 vix
620 695 998 782 aliquando
1048 698 1228 766 lotus
1275 708 1398 766 est.
1444 696 1638 779 Quod
1689 718 1767 766 eo
1816 695 2039 786 magis
2101 695 2360 766 mirum
2408 704 2532 775 est,
2585 694 2750 781 quia

200 786 291 854 ab
323 785 490 876 ipsis
535 784 910 855 cunabulis
957 785 1303 874 ejusmodi
1361 784 1726 855 munditiis
1772 796 1838 852 et
1931 785 2139 874 ompa
2179 783 2368 874 regia
2413 782 2750 854 educatus

197 885 325 944 est.
374 878 555 944 Haec
604 883 834 942 autem
886 894 1010 963 pro
1059 887 1366 964 ternpore
1402 886 1467 942 et
1515 873 1689 954 1000,
1739 894 1852 942 mo
1904 894 1944 942 o
1977 872 2233 962 palam,
2274 870 2479 941 modo
2525 892 2752 940 secre-

199 962 338 1032 tius
368 962 528 1052 egit,
569 971 647 1031 ut
683 973 750 1030 et
796 960 1074 1031 laudem
1110 962 1489 1032 humanam
1524 959 2051 1050 subterfugeret,
2084 972 2151 1029 et
2173 971 2400 1029 tamen
2450 959 2751 1029 subditis

195 1051 592 1140 exemplum
642 1050 770 1119 hoc
817 1072 856 1117 a
907 1051 1086 1120 endo
1134 1050 1509 1139 praeberet.
1548 1049 1743 1120 Multi
1788 1049 1976 1118 enim
2014 1048 2264 1129 νει-δίε,
2321 1047 2482 1138 plus
2526 1068 2752 1116 exem-

200 1138 335 1229 plis
386 1137 759 1229 proficiunt
807 1159 851 1227 p
882 1139 1138 1225 erique.
1193 1138 1390 1228 Apud
1440 1139 1641 1209 mites
1669 1151 1736 1207 et
1782 1136 2085 1206 humiles
2134 1157 2335 1205 nemo
2378 1135 2743 1206 humilior:

192 1239 431 1296 contra
466 1228 561 1296 im
617 1225 819 1295 rohos
866 1238 931 1294 et
969 1226 1182 1295 elatos
1234 1249 1438 1296 nemo
1488 1225 1958 1296 vehementior
2002 1224 2155 1295 fuit.
2185 1229 2386 1295 Hunc
2422 1233 2750 1295 terrorem

200 1315 322 1402 qui
369 1315 541 1384 bene
573 1314 704 1383 1cio
756 1313 1051 1404 obligari
1120 1336 1255 1383 non
1306 1314 1551 1405 potuit,
1606 1313 1936 1405 indigena
1982 1335 2200 1401 aeque
2246 1324 2311 1382 et
2364 1312 2753 1402 alienigena

191 1402 608 1483 formidavit,
643 1412 708 1471 et
747 1415 929 1472 recto
975 1403 1766 1490 convenientissimoque
1813 1402 2060 1472 ordine
2106 1401 2360 1483 omniS,
2409 1401 2497 1470 ad
2540 1423 2748 1488 quem

202 1489 709 1591 magnitudinis
755 1491 906 1582 ejus
935 1490 1122 1562 fama
1170 1491 1498 1582 pervenit,
1542 1492 1769 1581 primo
1815 1512 1978 1562 eum
2011 1491 2274 1572 timere,
2317 1500 2552 1580 postea
2579 1511 2747 1559 con-

200 1590 420 1650 suevit
467 1600 724 1650 amare.

279 1671 316 1755 ξ
382 1672 541 1741 ²8.
587 1672 990 1737 Sanctorum
1040 1689 1329 1759 corpora
1375 1679 1579 1755 atque
1636 1666 1969 1755 reliquias
2017 1679 2084 1737 et
2129 1665 2478 1755 quaelibet
2525 1667 2752 1736 moni-

196 1768 451 1837 menta,
503 1768 581 1826 ut
627 1755 776 1826 suis
824 1757 1206 1845 patrocinia
1238 1757 1627 1827 cumularet
1654 1768 1719 1825 et
1771 1778 1893 1847 per
1921 1756 2177 1826 multos
2226 1754 2520 1846 populos
2567 1755 2754 1826 ultra

199 1844 508 1931 citraque
556 1843 687 1913 hac
720 1842 1109 1915 celebritate
1144 1845 1433 1946 gloriam
1465 1844 1736 1913 Domini
1767 1856 2202 1936 propagaret,
2258 1843 2751 1931 undecumque

198 1932 512 2022 collegit:
566 1933 652 2001 iis
699 1932 849 2001 loca
894 1942 960 2000 et
1006 1933 1391 2003 minlsteria
1428 1934 1622 2002 omni
1672 1943 1963 2023 sumptu
2009 1944 2075 2001 et
2121 1943 2461 2023 apparatu
2515 1933 2752 2022 copio-

196 2021 346 2090 sius
397 2020 850 2110 praeparavit.
908 2025 998 2089 De
1057 2023 1316 2109 quibus
1378 2021 1679 2111 singulis
1729 2021 1932 2110 plura
2004 2032 2232 2091 essent
2301 2018 2636 2100 dicenda,
2690 2021 2751 2089 si

196 2121 595 2199 paterentur
641 2109 982 2200 promissa
1030 2109 1464 2199 compendia.
1504 2109 1772 2178 Indicia
1819 2119 1983 2179 sunt
2031 2109 2198 2178 haec
2251 2108 2545 2178 invictae
2587 2107 2753 2178 fidei

192 2218 331 2284 qua
380 2219 514 2266 non
565 2219 646 2266 ea
691 2218 871 2284 quae
917 2219 1085 2279 sua,
1140 2198 1258 2268 sed
1330 2220 1508 2285 quae
1573 2207 1737 2267 sunt
1796 2202 1964 2267 Jesu
2030 2197 2314 2277 Christi,
2386 2197 2746 2284 quaesivit.

194 2285 525 2355 Baculum
560 2297 626 2356 et
658 2296 970 2355 catenam
1020 2286 1239 2356 sancti
1269 2285 1447 2356 Petri
1493 2308 1633 2373 qua
1680 2284 2077 2376 diligentia,
2111 2307 2249 2373 quo
2297 2284 2579 2368 fervore,
2614 2308 2754 2374 quo

196 2374 452 2464 gaudio
493 2374 867 2455 Coloniam,
922 2374 1214 2444 alterum
1264 2374 1443 2457 Meti,
1497 2375 1785 2445 alteram
1822 2379 2037 2443 Roma
2080 2373 2464 2456 adduxerit,
2510 2396 2752 2446 omnes

194 2464 556 2533 noverunt.
595 2466 674 2532 In
721 2463 926 2554 cujus
972 2464 1231 2534 honore
1279 2462 1566 2534 domum
1601 2462 1753 2553 ejus
1803 2461 2413 2533 honoratissimam
2466 2463 2744 2533 mirabi-

194 2551 349 2622 liter
394 2552 773 2642 ampliavit‚
877 2573 1039 2620 uam
1088 2552 1174 2621 de
1233 2552 1529 2642 pulchra
1599 2550 2150 2642 pulcherrimam
2202 2550 2381 2621 fecit.
2450 2552 2750 2641 Inclytos

192 2650 257 2710 et
307 2640 783 2731 praecellentis
857 2662 1054 2711 amae
1085 2653 1445 2731 martyres,
1500 2638 1915 2721 Patroclum,
1971 2639 2350 2730 Eliphium,
2401 2640 2749 2711 Privatum

192 2741 257 2798 et
304 2729 735 2830 Gregorium,
789 2749 1089 2815 quorum
1183 2741 1327 2800 esta
1358 2741 1521 2802 sunt
1569 2728 2092 2819 permagnifica,
2133 2728 2377 2798 merita
2420 2728 2745 2818 gloriosa,

192 2818 576 2908 patroclnia
625 2828 790 2888 tutat
845 2817 1158 2908 Christop
1213 2818 1338 2897 ori,
1385 2817 1747 2904 sanctique
1797 2816 2254 2897 Pantaleonis,
2307 2827 2386 2885 ut
2437 2816 2584 2905 jam
2644 2817 2753 2886 di—

191 2918 379 2976 ctum
418 2919 541 2987 est,
597 2906 928 2995 pretiosas
978 2905 1330 2993 reliquiaS,
1386 2906 1645 2993 quibus
1685 2926 1759 2974 se
1794 2905 2103 2994 patronis
2141 2903 2515 2996 specialius
2564 2905 2752 2976 dele-

194 2995 401 3094 gavit,
454 3006 697 3085 utputa
729 3015 1040 3085 gemmas
1088 2995 1521 3085 gratissimas
1549 3007 1615 3064 et
1661 2992 2076 3093 dulcissima
2103 2994 2417 3094 pignora,
2463 2993 2565 3094 ad·
2596 3016 2756 3064 san-

191 3096 574 3182 ctissjmam
622 3105 788 3153 suae
810 3082 1174 3197 ‘Ecclesiae
1221 3083 1454 3154 sedem
1506 3083 1682 3152 miro
1721 3083 1991 3153 ambitu
2039 3104 2248 3153 varus
2297 3081 2382 3152 de
2433 3082 2607 3154 locis
2647 3096 2752 3153 at-

197 3184 426 3240 traxit.

280 3261 316 3345 §
389 3260 543 3332 24.
599 3257 725 3327 Sed
776 3258 1142 3329 solicitudo
1191 3259 1428 3350 magni
1469 3257 1817 3349 pontificis
1848 3259 2023 3328 nihil
2063 3256 2566 3348 negligendum
2617 3258 2751 3329 du·

193 3368 382 3425 cem,
426 3359 502 3415 ut
550 3346 846 3435 perfecta
875 3368 1190 3434 quaeque
1236 3348 1323 3416 de
1371 3347 1644 3439 magnis
1680 3348 1984 3418 maxima
2026 3347 2298 3427 faceret,
2349 3346 2752 3438 imperfecta

196 3434 571 3523 suppleret,
628 3434 937 3535 neglecta
986 3436 1352 3591 magnifice
1383 3435 1784 3518 illustraret,
1833 3436 2058 3507 modis
2118 3434 2447 3509 omnibus
2497 3435 2748 3526 invigi-

196 3523 405 3592 labat.
459 3529 795 3605 Quoclrca
843 3534 1067 3592 ratum
1156 3524 1320 3605 uxit,
1375 3535 1450 3593 ut
1498 3523 1726 3594 locum
1778 3524 2153 3611 quemdam
2204 3524 2560 3599 saxoniae.
2619 3529 2750 3594 Su-

196 3611 451 3682 satium
504 3612 808 3692 nomine,
864 3611 1069 3683 rebus
1124 3612 1339 3681 seculi
1387 3612 1821 3702 opulentum,
1877 3613 2133 3712 populo
2181 3613 2492 3703 plenum,
2550 3610 2751 3703 longe

197 3701 470 3787 lateque
501 3699 1014 3790 circumpositis
1054 3704 1397 3769 Saxonum
1442 3702 1789 3790 gentibuS,
1847 3700 2307 3770 nihllominus
2365 3700 2751 3790 provincia-

198 3811 357 3858 rum
420 3788 698 3879 populis
756 3789 1225 3868 notissimum,
1296 3789 1412 3857 sed
1467 3788 1821 3879 religionis
1889 3789 2120 3858 adhuc
2169 3810 2344 3878 pene
2392 3789 2745 3878 ignarum,

196 3877 309 3945 his
359 3876 581 3945 sancti
627 3876 921 3946 Patrocli
969 3877 1383 3967 pignoribus
1411 3876 1757 3957 decorare,
1823 3889 1889 3946 et
1935 3876 2449 3963 quodammodo
2496 3878 2585 3947 ad
2645 3899 2754 3947 sa-

195 3978 549 4035 cramenta
598 3964 870 4035 futurae
918 3965 1163 4036 salutis
1212 3965 1472 4034 initiari
1518 3965 1893 4035 debuisset:
1952 3964 2367 4034 fiducialiter
2414 3988 2628 4055 agens
2677 3966 2749 4034 in

197 4054 343 4133 illo,
386 4067 452 4124 et
498 4052 789 4123 credens
836 4052 1021 4140 quod
1093 4055 1551 4124 aromatizans
1600 4053 1838 4123 fumus
1900 4052 2017 4122 ille
2062 4054 2186 4140 qui
2235 4053 2305 4122 in
2356 4053 2753 4125 manifesta-

197 4142 382 4211 tione
446 4143 668 4212 sancti
715 4141 868 4230 ejus
926 4142 1278 4231 corporis,
1361 4142 1541 4214 sicut
1600 4163 1816 4232 supra
1873 4141 2231 4223 diximus,
2311 4142 2752 4214 invisibiliter

195 4250 521 4319 aspersus
546 4242 612 4302 et
649 4229 1070 4300 sensibiliter
1116 4230 1437 4320 cognitus
1471 4241 1596 4313 est,
1652 4252 1776 4321 per
1821 4229 2079 4300 samam
2114 4230 2521 4302 meritorum
2569 4232 2745 4322 ejus,

197 4317 438 4388 multis
471 4320 641 4389 foret
673 4317 1099 4409 profuturus.
1156 4320 1349 4389 Unde
1396 4319 1652 4390 factum
1702 4331 1839 4402 est,
1891 4331 1968 4391 ut
2012 4340 2267 4410 corpus
2318 4321 2499 4390 beati
2571 4342 2752 4390 mar-

199 4405 371 4497 tyris
418 4429 458 4478 a
506 4407 880 4480 venerabili
910 4412 1232 4480 Brunone
1277 4408 1808 4501 Archiepiscopo
1839 4407 2122 4480 Colonia
2151 4407 2554 4490 deductum,
2589 4430 2749 4479 cum
