3327 4999
259 355 502 422 MART.
560 355 641 419 19
1270 367 1349 415 na
1397 368 1452 416 s.
1504 367 1778 415 Josnrno
2574 349 2702 416 355

250 457 665 549 pepercisset
700 455 936 546 justus
982 452 1370 524 adulterae?
1417 453 1764 543 Scriptum
1793 462 1900 523 est
1945 462 2209 521 autem:
2261 452 2517 542 Jo'seph
2549 464 2780 522 autem

248 549 355 617 vir
384 547 535 637 ejus
581 568 741 615 cum
782 556 960 615 esset
997 543 1256 631 justus,
1308 552 1374 611 et
1419 541 1629 610 nollet
1656 562 1807 612 eam
1850 540 2228 622 traducere,
2273 541 2487 611 voluit
2518 542 2787 612 occulte

247 636 590 706 dimittere
619 656 796 703 eam.
838 637 1013 702 Bene
1035 652 1196 701 cum
1243 641 1420 701 esset
1455 632 1716 720 justuS,
1748 629 1970 701 noluit
1999 651 2150 699 eam
2182 630 2579 700 traducere:
2618 631 2788 717 quia

239 727 425 797 sicut
471 722 1185 821 nequaquam-justus
1229 732 1429 801 esset,
1486 720 1544 788 si
1604 720 1952 809 cognitam
2019 741 2205 788 ream
2273 720 2782 789 consensisset:
2891 784 2900 794 ,

236 815 345 886 sic
405 812 865 883 nihilominus
914 822 1151 901 Justus
1212 830 1349 878 non
1406 819 1623 890 esset,
1691 809 1752 879 si
1804 808 2162 898 probatam
2211 807 2564 877 innoxiam
2618 830 2789 877 con-

237 904 641 974 demnasset
683 901 743 970 ²⁴.

332 1000 372 1074 ἓ
438 997 525 1062 ²1.
580 995 745 1060 Cum
793 1010 956 1079 ergo
991 988 1228 1077 justus
1285 997 1501 1067 esset,
1563 997 1631 1055 et
1677 984 1886 1054 nollet
1931 1006 2081 1055 eam
2131 984 2512 1065 traducere,
2576 983 2792 1057 voluit

232 1081 585 1152 dimittere
631 1099 806 1159 eam,
853 1082 1073 1159 Quare
1120 1074 1333 1146 voluit
1379 1074 1722 1144 dimittere
1745 1078 1947 1144 eam?
1978 1073 2220 1164 Accipe
2265 1084 2331 1143 et
2377 1074 2446 1142 in
2482 1073 2609 1143 hoc
2642 1094 2781 1143 non

234 1193 495 1250 meam,
548 1167 666 1239 sed
714 1172 990 1236 Patruin
1024 1166 1454 1237 sententiam.
1496 1170 1775 1253 Propter
1808 1163 1933 1232 hoc
1979 1163 2236 1253 Joseph
2278 1163 2493 1232 voluit
2548 1162 2789 1231 dimit-

232 1274 380 1332 tere
410 1279 590 1338 eam,
646 1267 920 1346 propter
972 1253 1158 1342 quod
1213 1266 1277 1323 et
1331 1259 1567 1323 Petrus
1617 1252 1985 1322 Dominum
2033 1275 2072 1321 a
2120 1275 2192 1322 se
2242 1250 2638 1343 repellebat,
2677 1250 2790 1319 di·-

233 1371 444 1419 cens:
498 1346 614 1415 Exi
643 1367 684 1414 a
723 1367 855 1424 me,
910 1345 1214 1426 Domine,
1268 1343 1432 1430 quia
1463 1343 1667 1411 homo
1719 1353 2029 1431 peccator
2060 1363 2244 1422 sum3
2282 1353 2560 1431 propter
2587 1338 2774 1427 quod

236 1450 305 1508 et
345 1435 663 1507 Centurio
712 1455 751 1503 a
810 1434 1014 1502 domo
1062 1454 1190 1502 sua
1234 1453 1392 1501 eum
1452 1431 1878 1522 prohibebat,
1918 1453 2078 1500 cum
2115 1430 2409 1500 diceret:
2466 1428 2776 1510 Domine,

236 1549 380 1596 non
434 1546 589 1594 sum
640 1523 895 1613 dignus
940 1534 1017 1592 ut
1048 1522 1260 1591 intres
1308 1520 1440 1590 sub
1481 1532 1732 1589 tectum
1782 1541 2038 1588 meum.
2082 1524 2182 1588 Ita
2230 1540 2392 1610 ergo
2422 1529 2487 1587 et
2521 1518 2782 1609 Josepb

237 1614 615 1705 indignum
664 1626 729 1680 et
766 1623 1182 1702 peccatorem
1232 1631 1306 1679 se
1353 1611 1701 1700 reputanS,
1734 1608 2003 1678 dicebat
2037 1608 2216 1677 intra
2263 1631 2358 1688 se,
2396 1629 2434 1676 a
2483 1606 2603 1677 tali
2642 1619 2706 1677 et
2738 1614 2780 1676 a

241 1715 431 1774 tanta
466 1723 601 1771 non
650 1701 895 1769 debere
943 1699 1076 1769 sibi
1123 1699 1304 1769 ultra
1331 1698 1668 1767 familiare
1704 1697 2034 1790 praestari
2067 1696 2625 1777 contubernium,
2657 1718 2779 1765 cu-

233 1794 355 1883 jus
404 1812 614 1880 supra
665 1811 736 1859 se
768 1788 1154 1857 mirabilem
1188 1788 1676 1877 expavescebat
1720 1787 2148 1877 dignitatem.
2189 1785 2470 1855 Videbat
2516 1796 2580 1854 et
2620 1784 2786 1854 hor-

245 1882 438 1950 rebat
484 1879 756 1947 divinae
792 1879 1213 1967 praesentiae
1248 1877 1708 1946 certissimum
1809 1888 2138 1945 estantem
2173 1874 2487 1966 insigne:
2518 1884 2583 1943 et
2610 1872 2778 1960 quia

248 1968 652 2056 mysterium
705 1981 1059 2057 penetrare
1109 1988 1241 2035 non
1292 1977 1573 2056 poterat,
1631 1963 1775 2034 vole
1825 1976 1893 2034 at
1924 1963 2265 2034 dimittere
2292 1985 2467 2032 eam.
2504 1962 2787 2052 Expavit

248 2062 487 2126 Petrus
518 2054 854 2147 potentiae
886 2054 1432 2146 magnitudinem
1461 2078 1476 2119 ι
1528 2054 1797 2143 expavit
1829 2053 2143 2122 Centurio
2180 2050 2602 2145 praesentiae
2633 2071 2783 2119 rna-

238 2145 578 2237 jestatem.
629 2145 989 2214 Exhorruit
1038 2144 1367 2212 nimirum
1416 2154 1482 2212 et
1532 2149 1690 2212 sose
1746 2142 1812 2223 b,
1869 2142 2048 2211 sicut
2096 2141 2324 2222 hom0,
2361 2138 2572 2230 hujus
2607 2138 2778 2208 tanti

248 2234 568 2305 miraculi
616 2234 1007 2313 novitatem,
1064 2232 1371 2321 mysterii
1430 2230 1675 2322 prosun
1734 2231 2001 2299 itatem:
2054 2242 2119 2299 et
2164 2230 2315 2298 ideo
2350 2226 2617 2299 occulte
2667 2248 2781 2296 vo-

242 2324 378 2393 luit
431 2322 772 2393 dimittere
823 2344 998 2391 eam.
1054 2321 1340 2401 MirariS,
1394 2320 1579 2406 quod
1627 2320 1891 2409 Josepb
1943 2318 2384 2409 praegnantis
2427 2338 2574 2387 sese
2620 2338 2782 2385 con-

242 2412 455 2485 sortio
522 2412 807 2503 virginis
867 2411 1227 2502 judicabat
1301 2409 1718 2499 indignum,
1791 2431 1952 2477 cum
2021 2403 2268 2477 audias
2331 2419 2397 2475 et
2465 2417 2776 2475 sanctam

241 2502 589 2573 Elisabeth
620 2502 771 2590 ejus
821 2522 955 2570 non
1018 2522 1212 2591 posse
1251 2498 1425 2569 ferre
1466 2497 1945 2590 praesentiam,
2001 2496 2135 2567 nisi
2169 2520 2332 2567 cum
2380 2508 2669 2566 tremore
2716 2504 2783 2563 et

243 2591 670 2661 reverentia?
715 2591 817 2659 Ait
865 2611 1199 2676 namque:
1254 2588 1445 2658 Unde
1496 2588 1620 2657 hoc
1665 2587 1859 2669 mihi,
1894 2597 1968 2656 ut
1993 2586 2217 2655 veniat
2264 2597 2481 2654 mater
2508 2582 2779 2652 Domini

245 2680 380 2748 mei
427 2679 514 2748 ad
550 2682 706 2748 me?
755 2679 913 2747 Ideo
961 2678 1190 2764 itaque
1233 2678 1492 2768 Joseph
1536 2675 1753 2746 voluit
1791 2675 2131 2744 dimittere
2179 2697 2355 2742 eam.

331 2771 367 2856 ξ
427 2773 519 2841 3.
576 2768 704 2837 Sed
765 2789 979 2854 quare
1032 2765 1317 2848 occulte,
1371 2779 1435 2836 et
1497 2788 1632 2835 non
1687 2763 1963 2855 palam?
2008 2770 2101 2834 Ne
2147 2762 2462 2832 videlicet
2508 2759 2784 2829 divortii

238 2879 455 2926 causa
502 2857 987 2943 inquireretur,
1049 2856 1433 2947 exigeretur
1493 2856 1690 2924 ratio.
1746 2853 1928 2935 Quid
1977 2853 2161 2922 enim
2236 2852 2340 2922 vir
2394 2852 2631 2942 justus
2682 2870 2785 2918 rc-

237 2968 272 3016 s
326 2946 608 3015 onderet
659 2945 908 3036 populo
955 2945 1168 3014 durae
1213 2945 1520 3024 cerviciS‚
1559 2942 1816 3034 populo
1864 2964 1998 3012 non
2031 2940 2335 3011 credenti
2386 2952 2451 3010 et
2504 2949 2783 3009 contra-

290 3035 549 3103 icenti?
590 3034 657 3103 Si
705 3034 959 3103 diceret
1005 3034 1188 3121 quod
1239 3033 1595 3113 sentiebat,
1647 3031 1831 3119 quod
1881 3031 1965 3099 de
2011 3030 2203 3100 illius
2251 3029 2547 3121 puritate
2594 3049 2783 3098 com-

238 3123 669 3224 probaverat,
712 3144 937 3191 nonne
985 3144 1141 3191 mox
1172 3121 1512 3192 increduli
1545 3135 1609 3190 et
1637 3119 1951 3189 crudeles
1979 3120 2027 3187 J
2031 3118 2235 3189 udaei
2266 3120 2778 3188 subsannarent

237 3212 468 3293 1llum,
535 3211 922 3302 lapidarent
980 3210 1219 3279 illam?
1266 3209 1556 3292 Quando
1615 3230 1917 3296 namque
1964 3208 2227 3277 veritati
2277 3206 2634 3276 crederent
2679 3216 2780 3272 ta-

239 3302 423 3370 centi
474 3301 544 3370 in
578 3312 794 3380 utero,
848 3321 1058 3386 quam
1107 3309 1337 3389 postea
1363 3307 1924 3387 contempserunt
1952 3296 2362 3366 clamantem
2392 3295 2462 3364 in
2496 3292 2791 3383 templo?

241 3390 423 3472 Quid
470 3389 770 3459 facerent
808 3388 1102 3457 necdum
1138 3410 1176 3456 a
1232 3387 1518 3477 parenti,
1572 3387 1687 3456 cui
1737 3386 2174 3475 postmodum
2225 3384 2477 3475 impias
2525 3403 2785 3451 manus

239 3479 629 3568 injecerunt
673 3478 878 3547 etiam
922 3476 1188 3545 miracu
1221 3477 1278 3546 is
1339 3475 1777 3547 coruscanti?
1843 3475 2076 3545 Merito
2140 3496 2303 3565 ergo
2362 3473 2467 3540 vir
2517 3472 2786 3562 justuS,

242 3589 329 3636 ne
377 3579 497 3636 aut
547 3567 856 3648 mentiri,
922 3577 1040 3635 aut
1098 3566 1455 3635 diffamare
1524 3578 1882 3655 cogeretur
1943 3563 2333 3642 innoxiam,
2401 3559 2616 3629 voluit
2679 3580 2793 3629 oc—

242 3656 428 3726 culte
477 3656 819 3725 dimittere
866 3677 1046 3724 eam.

328 3746 366 3832 ἓ
428 3750 511 3818 4.
568 3745 684 3814 Sin
733 3766 889 3813 vero
938 3744 1134 3812 aliter
1179 3745 1335 3830 quis
1367 3743 1634 3822 sentiat,
1676 3753 1740 3811 et
1761 3743 1926 3811 Jose
1978 3741 2026 3808 h
2056 3740 2235 3809 sicut
2268 3737 2622 3807 hominem
2654 3736 2788 3804 du-

235 3834 500 3906 bitasse
547 3833 943 3903 contendat:
999 3832 1117 3902 sed
1165 3834 1329 3919 quia
1367 3833 1601 3922 justus
1631 3842 1797 3911 erat,
1835 3852 1922 3898 no
1958 3830 2138 3898 uisse
2165 3827 2445 3915 quidem
2474 3825 2791 3894 habitare

238 3945 408 3995 curn
457 3946 531 3992 ea
587 3935 857 4013 propter
904 3921 1395 4012 suspicionem,
1434 3943 1558 3990 nec
1612 3931 1832 3987 tamen
1882 3919 2071 4007 (quia
2127 3919 2285 4007 pius
2332 3914 2507 4004 erat)
2554 3912 2791 3983 tradu-

240 4034 394 4082 cere
444 4012 738 4082 voluisse
786 4023 1198 4100 suspectam,
1255 4023 1319 4078 et
1365 4010 1515 4078 ideo
1562 4008 1854 4077 voluerit
1898 4006 2162 4076 occ'ulte
2209 4004 2552 4074 dimittere
2585 4023 2776 4071 eam:

238 4100 546 4171 Breviter
575 4099 973 4191 respondeO,
1009 4100 1215 4169 etiam
1249 4100 1346 4167 sic
1377 4098 1876 4168 dubitationem
1906 4096 2096 4164 illam
2121 4096 2169 4163 J
2172 4094 2384 4184 oseph
2420 4093 2634 4163 fuisse
2666 4112 2786 4158 ne-

246 4190 613 4260 cessariam
663 4212 839 4276 quae
885 4188 1119 4258 divino
1169 4187 1417 4257 meruit
1447 4187 1812 4256 certificari
1840 4182 2140 4254 oraculo,
2183 4184 2291 4253 Sic
2330 4183 2587 4273 quippe
2616 4178 2788 4278 scri-

245 4291 439 4364 ptum
471 4292 613 4350 est:
668 4284 847 4347 Haec
894 4289 1123 4347 autem
1171 4299 1249 4346 eo
1282 4277 1646 4358 coenante,
1693 4275 1973 4354 scilicet,
2015 4272 2198 4360 quod
2249 4271 2512 4342 occulte
2546 4269 2786 4337 dimit-

246 4377 415 4438 teret
459 4390 659 4448 eam,
721 4367 1043 4458 apparuit
1107 4366 1167 4435 ei
1216 4388 1388 4456 ange.
1420 4388 1501 4434 us
1550 4366 1621 4433 in
1672 4364 1970 4446 somnis,
2042 4363 2318 4432 dicens:
2371 4357 2633 4448 Joseph
2684 4354 2790 4424 fili

293 4498 321 4524 ⁸²
351 4497 443 4537 cm·
471 4496 515 4537 8.
550 4495 729 4544 <Ioseph
768 4494 1007 4544 virginem
1037 4504 1145 4534 oum
1177 4494 1373 4534 vidisset
1406 4494 1595 4533 uterum
1626 4493 1878 4542 gerentem,
1911 4490 2057 4533 vellet
2089 4501 2190 4532 eam
2222 4487 2407 4529 occulto
2440 4484 2692 4526 dimittere.
