3327 4999
176 324 413 391 MART.
474 323 519 386 6
1100 330 1177 375 DE
1227 329 1282 373 s.
1338 321 1574 372 comm
1622 317 1794 365 vino.
2570 283 2653 345 39

166 425 467 497 flammis
529 418 780 490 exurit.
822 421 1045 484 Immo
1094 433 1250 481 vero
1297 409 1504 478 etiam
1547 402 1682 494 ipsi
1733 406 1887 479 Deo,
1936 393 2157 464 multa
2202 390 2264 460 ei
2322 397 2581 458 secreta
2632 402 2739 451 re-

166 516 385 585 velare
437 508 725 587 volenti,
767 505 865 575 sic
917 503 1068 592 ipsa
1102 495 1496 589 respondit:
1535 489 1866 561 «Domine
1917 491 2119 563 Deus,
2172 477 2427 549 sufficit
2460 472 2634 543 mihi
2685 481 2747 539 te

171 604 393 675 solum
449 616 896 688 cognoscere,
935 603 1000 659 et
1030 599 1305 680 peccata
1342 606 1516 664 mea,
1554 596 1935 663 eorumque
1983 572 2108 640 abs
2160 580 2220 637 te
2278 565 2522 634 venian
2575 558 2750 629 obti-

170 713 406 761 nere.»
448 694 663 756 Porro
717 682 920 752 totius
967 676 1263 748 instituti
1315 666 1758 742 Franciscani
1806 659 2150 754 generalis
2182 655 2490 724 Minister
2536 650 2623 719 ab
2671 669 2753 716 ea

172 777 613 849 admonitus,
657 770 994 859 quasdam
1044 788 1168 857 pro
1216 774 1352 833 toto
1401 760 1522 829 illo
1570 756 1826 828 Ordine
1873 745 2398 820 constitutiones
2448 735 2754 830 praecla-

172 892 283 939 ras
337 881 406 936 et
456 863 672 934 utiles
720 856 1132 947 composuit,
1186 865 1400 938 utque
1448 843 1841 917 accuratius
1891 844 2350 909 servarentur,
2408 827 2753 914 quasdam

172 956 447 1027 Coletae
499 950 746 1020 laudes
778 944 1175 1016 admiscuit.
1212 946 1400 1023 Quae
1449 936 1607 1005 licet
1655 954 1792 1001 non
1844 926 2049 998 modo
2083 921 2365 1000 utiliter,
2400 916 2512 986 sed
2545 914 2754 983 etiam

174 1041 582 1115 necessario
632 1036 998 1127 adjunctae
1035 1041 1264 1101 essent
1312 1049 1434 1118 pro
1484 1023 1693 1093 totius
1741 1015 2020 1090 Ordinis
2069 1010 2312 1087 salute,
2369 1017 2437 1075 at
2483 1003 2605 1073 illa
2653 1014 2759 1070 ta-

176 1156 363 1205 men.
403 1128 684 1217 quoties
716 1148 831 1195 eas
881 1123 1031 1213 ipsa
1080 1125 1436 1210 praesente
1485 1109 1758 1182 recitari
1820 1103 2175 1196 oportebat
2224 1118 2348 1188 pro
2396 1088 2757 1163 communi

173 1221 506 1293 omnium
560 1216 850 1303 fratrum
882 1222 947 1280 et
995 1227 1307 1280 sororum
1360 1201 1603 1280 salute,
1642 1219 1780 1267 non
1831 1192 2052 1286 potuit
2099 1190 2248 1258 sine
2277 1182 2496 1253 animi
2538 1177 2758 1250 multo

176 1311 423 1380 dolore
472 1327 596 1375 eas
645 1302 907 1371 audire.

269 1402 309 1485 ξ
378 1403 477 1467 6.
536 1392 728 1461 Sicut
767 1401 994 1458 autem
1028 1384 1145 1455 ille
1176 1382 1568 1450 humanum
1601 1386 1668 1444 et
1697 1369 2111 1441 familiarem
2164 1387 2234 1434 se
2334 1355 2601 1429 raebuit
2630 1353 2760 1421 mi-

175 1488 362 1558 seris
413 1478 938 1574 peccatoribus:
993 1475 1086 1543 ita
1133 1483 1197 1540 et
1231 1469 1477 1548 Coleta,
1542 1460 1863 1552 quamvis
1911 1476 2184 1527 summe
2245 1385 2763 1519 abominaretur

183 1586 467 1669 peecata
521 1568 759 1638 omnia
786 1567 857 1634 in
911 1570 1123 1632 Deum
1174 1557 1504 1633 admissa,
1562 1568 1944 1636 numquam
1979 1557 2204 1613 tamen
2239 1536 2638 1608 abominata
2662 1540 2765 1598 est

179 1662 615 1756 peccatore3‚
670 1656 1180 1741 cujuscumque
1242 1645 1343 1714 illi
1400 1642 1506 1712 vel
1560 1660 1787 1719 sexus,
1843 1634 1945 1703 vel
2011 1625 2458 1723 professionis
2505 1629 2759 1696 essent,

182 1766 754 1823 commemorans
803 1752 1080 1832 propter
1127 1734 1408 1805 illorum
1444 1730 1738 1801 salutem
1793 1722 2137 1793 Christum
2189 1711 2633 1785 descendisse
2681 1707 2766 1775 de

184 1841 427 1914 coelis,
483 1855 699 1920 seque
748 1832 818 1899 in
866 1850 1107 1897 eorum
1156 1843 1447 1893 numero
1495 1821 1862 1908 reponens,
1918 1817 2153 1896 ltaque
2202 1826 2342 1875 sem
2401 1823 2474 1870 er
2505 1797 2662 1867 illos
2692 1796 2765 1864 in
2849 1801 2852 1804 ’

192 1928 487 1999 Domino
537 1919 987 1998 confortabat,
1043 1909 1553 1983 humanissime
1600 1902 1994 1994 adjuvabat,
2046 1892 2312 1996 ingenti
2409 1881 2768 1958 enevoleri·

193 2018 289 2087 tia
326 2010 900 2106 prosequebatur.
940 2010 1088 2087 Quo
1139 2000 1366 2079 fiebat,
1421 2008 1497 2066 ut
1546 1993 1751 2063 multi
1801 1986 2099 2081 peccatis
2132 1978 2468 2074 implicati
2498 1975 2587 2045 ad
2614 1992 2766 2041 eam

198 2106 495 2175 fidenter
542 2097 969 2174 accederent,
1014 2092 1213 2178 eique
1277 2083 1620 2179 permulta
1669 2103 1795 2150 sua
1856 2072 2196 2145 immania
2256 2067 2517 2158 flagitia
2566 2061 2773 2132 refer-

197 2205 351 2264 rent
398 2210 582 2277 quae
631 2184 811 2255 nulli
857 2202 1168 2268 unquam
1218 2181 1702 2266 exposuerant.
1758 2166 1886 2236 Illa
1933 2184 2089 2231 vero
2138 2173 2275 2229 tam
2328 2154 2615 2225 comiter
2654 2171 2773 2218 eos

196 2282 553 2358 audiebat,
610 2288 750 2344 tam
797 2270 1166 2342 efficaciter
1214 2262 1652 2340 admonebat,
1705 2268 1784 2325 ut
1828 2268 1895 2323 et
1943 2257 2154 2320 Deum
2204 2261 2267 2315 et
2315 2253 2594 2335 peccata
2645 2260 2772 2310 sua

196 2378 684 2464 agnoscerent,
736 2374 803 2431 et
848 2383 928 2429 ex
976 2358 1211 2427 animo
1257 2351 1509 2420 vellent
1557 2367 1759 2437 agere
1809 2337 2326 2434 poenitentiam.

290 2463 328 2547 ξ
392 2463 472 2529 2.
532 2454 661 2524 Ubi
710 2472 864 2520 vero
896 2443 1233 2537 comperit
1262 2459 1617 2512 summum
1653 2431 2052 2505 Pontificem
2094 2423 2287 2504 velle,
2340 2432 2419 2491 ut
2465 2414 2777 2487 Abbatis-

204 2571 319 2620 sae
366 2545 591 2616 obiret
640 2561 924 2619 munus,
983 2533 1254 2605 tametsi
1301 2529 1497 2599 initio
1547 2547 1683 2595 non
1752 2519 1994 2591 habuit
2052 2511 2408 2591 coenobia,
2461 2520 2527 2576 et
2585 2514 2774 2597 post-

201 2659 419 2726 quam
467 2656 551 2703 ea
599 2628 865 2708 habuit,
920 2646 1055 2694 non
1106 2634 1335 2691 tamen
1368 2618 1463 2686 ita
1491 2627 1570 2685 ut
1594 2636 1720 2705 par
1749 2621 1916 2689 erat,
1952 2606 2190 2676 clausa
2224 2601 2436 2678 fuere,
2463 2606 2528 2664 et
2559 2591 2781 2661 multa

203 2730 278 2796 in
327 2725 429 2794 eis
478 2720 879 2791 visebantur
907 2708 1327 2783 offendicula
1357 2726 1534 2793 quae
1568 2697 1850 2771 labendi
1878 2694 2311 2767 occasionem
2338 2685 2771 2788 praeberent:

203 2815 321 2885 his
367 2827 599 2881 tamen
654 2826 789 2874 non
839 2800 1223 2878 absterrita,
1287 2800 1368 2865 ea
1417 2792 1779 2866 sedulitate
1826 2797 1891 2856 et
1937 2779 2283 2852 industria
2336 2772 2508 2845 illud
2559 2769 2781 2838 coluit

204 2901 610 2973 Abbatissae
662 2914 940 2971 munuS,
979 2901 1056 2958 ut
1103 2887 1190 2956 ad
1254 2884 1369 2953 Dei
1416 2881 1735 2972 gloriam,
1803 2887 1867 2944 et
1907 2869 2183 2944 Ordinis
2232 2865 2342 2935 sui
2392 2859 2777 2955 profectum

205 2991 448 3080 omnia
482 3004 808 3077 prospere
853 2976 1299 3051 succederent
1346 2972 1610 3056 absque
1655 2962 2061 3034 confusione
2116 2971 2181 3027 et
2231 2947 2775 3045 perturbatione.

207 3078 502 3150 Interim
553 3092 827 3161 semper
874 3067 993 3136 illa
1024 3066 1249 3156 ajebat
1298 3083 1370 3132 se
1420 3057 1591 3126 nihil
1640 3071 1980 3139 umquam
2035 3045 2201 3118 boni
2249 3042 2513 3112 fecisse.
2571 3042 2781 3105 Porro

209 3167 647 3249 ubicumque
664 3180 812 3228 eam
890 3154 1231 3225 rae-sidere
1250 3147 1574 3240 oportuit,
1604 3143 1744 3214 sive
1774 3142 1841 3209 in
1867 3135 2202 3227 Capitulo,
2236 3143 2314 3202 ut
2341 3137 2610 3206 vocant,
2642 3123 2785 3194 sive

213 3259 289 3327 in
342 3250 723 3329 refectorio,
765 3268 840 3315 ve
916 3242 1107 3323 alibi,
1162 3250 1348 3310 tanto
1373 3232 1878 3324 corripiebatur
1912 3228 2153 3295 timore
2179 3244 2257 3291 ac
2288 3233 2605 3294 tremore,
2642 3209 2788 3280 acsi

218 3364 546 3418 summus
595 3337 713 3406 ille
760 3354 993 3405 coram
1044 3330 1313 3399 adesset
1354 3324 1605 3481 iudex,
1672 3319 1877 3408 cujus
1934 3326 2000 3384 et
2047 3308 2434 3403 praesentia
2483 3325 2554 3372 se
2591 3298 2789 3390 judi-

216 3432 424 3504 cabat
455 3427 846 3516 indignam,
884 3432 951 3491 et
997 3420 1279 3490 absente
1328 3438 1350 3482 1
1383 3413 1446 3482 lo
1495 3430 1783 3511 prorsus
1833 3426 1970 3473 non
2011 3401 2297 3501 dignam
2327 3414 2505 3482 quae
2543 3387 2790 3477 quovis

223 3520 431 3592 modo
480 3516 639 3586 aliis
678 3510 1116 3604 praesideret.
1172 3509 1455 3593 Semper
1503 3499 1716 3590 lgitur
1747 3509 1885 3564 tam
1918 3489 2195 3583 publice
2220 3505 2431 3573 quam
2464 3476 2792 3572 privatim

221 3609 558 3681 ultimum
593 3602 727 3674 sibi
775 3597 1027 3689 delegit
1056 3595 1314 3674 locum,
1365 3601 1432 3659 et
1477 3608 1638 3658 cum
1691 3583 1836 3653 sola
1885 3590 2084 3660 esset,
2125 3598 2262 3645 non
2312 3573 2450 3642 fere
2485 3566 2624 3637 nisi
2672 3574 2793 3634 aut

104 3765 131 3768 a
223 3698 424 3769 flexis
468 3692 792 3787 genibuS,
857 3698 980 3757 aut
1024 3681 1227 3753 humi
1275 3678 1573 3749 residere
1620 3674 1768 3742 visa
1812 3682 1938 3749 est,
2000 3676 2187 3736 tanto
2238 3659 2516 3753 perfusa
2562 3655 2790 3743 lacry-

224 3806 507 3858 marum
555 3780 803 3859 imbre,
866 3786 944 3845 ut
990 3784 1055 3844 et
1100 3771 1302 3841 cibus
1362 3779 1427 3836 et
1473 3765 1627 3856 ipsa
1668 3757 1996 3850 lacrymis
2040 3752 2318 3823 madere
2367 3747 2790 3816 viderentur.

220 3871 606 3962 Aliquoties
652 3870 743 3939 ob
776 3863 1194 3936 incidentem
1236 3856 1559 3929 morbum
1591 3850 1854 3924 solebat
1890 3844 1994 3917 uti
2018 3839 2386 3931 cujusdam
2421 3832 2799 3906 sanctimo-

226 3963 441 4034 nialis
487 3960 700 4050 opera
746 3954 833 4025 ad
869 3949 1199 4023 dicendas
1248 3965 1485 4038 preces
1519 3939 1856 4019 horariaS,
1894 3946 1960 4005 et
2005 3931 2145 4002 alia
2190 3926 2533 4016 quaedam
2582 3919 2801 4012 pieta-

224 4053 321 4123 tis
365 4047 693 4119 exercitia
739 4038 1199 4113 absolvenda:
1252 4034 1371 4105 sed
1400 4044 1548 4103 tum
1590 4025 1919 4098 omnibus
1950 4043 2023 4095 se
2055 4019 2450 4090 inferiorem
2481 4028 2796 4083 censens,

229 4140 468 4298 potius
498 4133 826 4206 novitiam
878 4128 1181 4218 quadam
1230 4124 1367 4194 sibi
1398 4118 1771 4191 adhibebat
1818 4125 1885 4184 et
1933 4107 2348 4201 simplicem,
2404 4121 2614 4190 quam
2645 4117 2805 4188 pro-

261 4249 489 4300 essam
537 4236 605 4294 et
661 4222 979 4291 doctam:
1029 4237 1180 4286 eam
1234 4234 1323 4283 ue
1384 4207 1599 4279 voluit
1644 4217 1711 4277 et
1759 4202 2088 4273 inchoare
2136 4195 2374 4266 divina
2431 4186 2685 4268 officia,
2737 4195 2805 4253 et

236 4318 448 4388 etiam
498 4308 937 4387 concludere,
994 4327 1067 4376 se
1112 4235 1479 4394 indignam
1513 4295 1861 4366 arbitrans
1908 4309 2088 4378 quae
2136 4285 2206 4355 id
2242 4282 2523 4352 faceret.

326 4408 365 4492 ξ
429 4407 512 4476 S.
565 4401 767 4471 Prius
814 4410 1071 4476 autem,
1123 4410 1338 4481 quam
1389 4383 1855 4457 monasticum
1904 4378 2222 4448 indueret
2261 4369 2610 4460 habitum,
2641 4383 2806 4432 cum
