3327 4999
216 338 324 406 Ex
365 338 541 405 JUL.
596 342 638 406 8
1055 361 1137 409 mt
1183 361 1240 409 s,
1293 360 1586 410 nrsraooo
1632 358 1934 409 triscoro
2556 343 2687 410 603

215 436 430 506 unius
462 436 786 509 milliaris
819 439 1043 529 spatia
1081 441 1215 509 sibi
1263 440 1747 524 vendicabant.
1781 440 1950 509 Inde
1975 438 2250 522 accidit,
2288 452 2369 513 ut
2413 440 2515 511 vel
2568 463 2776 511 vena-

219 524 448 605 tionis,
514 525 616 594 vel
690 526 1094 617 piscationis
1161 529 1229 597 in
1294 528 1710 619 propinquis
1775 527 2215 608 fluminibuS‚
2268 528 2373 598 vel
2423 529 2777 618 lignorum

216 613 751 695 caedendorum,
789 615 893 684 vel
923 615 1219 685 aliarum
1252 638 1483 685 rerum
1515 616 2060 686 necessariarum
2092 620 2308 686 causa
2349 616 2418 685 in
2448 639 2599 686 eam
2634 615 2777 706 syl-

216 722 368 768 vam
440 700 751 790 plerique
817 703 1366 792 ingrederentur,
1420 715 1485 789 et
1543 704 1818 773 beatum
1884 703 2290 775 Disibbdum
2337 719 2459 773 aut
2508 704 2781 775 radices

214 787 675 869 effodientem,
715 801 836 859 aut
884 791 1022 860 alia
1060 793 1445 862 necessaria
1495 793 2039 878 circumquaque
2067 791 2503 881 colligentem
2538 793 2780 861 crebro

215 889 598 947 cernerent.
652 878 823 948 Inde
870 901 1027 949 vero
1075 881 1299 971 coepit
1357 892 1510 970 post
1567 878 1803 966 aliqua
1871 879 2199 970 temporis
2262 879 2486 969 spatia
2533 881 2600 949 in
2657 901 2779 970 po-

216 964 370 1054 puli
420 965 732 1035 notitiam
786 968 1037 1037 venire.
1073 969 1238 1038 Jam
1297 970 1483 1038 enim
1527 989 1769 1038 rumor
1814 989 2103 1057 sparsus
2141 981 2288 1037 erat
2325 969 2395 1036 in
2458 968 2773 1057 vulgum,

217 1064 539 1123 sanctum
588 1054 964 1140 quemdam
1015 1057 1394 1136 hominem,
1448 1078 1610 1125 cum
1660 1055 1924 1142 aliquot
1971 1055 2177 1126 sociis
2224 1077 2263 1125 a
2293 1060 2423 1124 Deo
2450 1056 2773 1137 missum,

209 1139 282 1209 in
330 1163 490 1210 eum
543 1143 772 1212 locum
825 1143 1207 1215 advenisse.
1263 1144 1458 1233 Quod
1491 1166 1650 1213 cum
1691 1144 2038 1233 plerisque
2070 1143 2516 1213 admirationi
2565 1155 2769 1225 esset,

212 1228 298 1297 ad
348 1250 508 1298 eum
548 1231 989 1311 accedebant,
1042 1244 1107 1301 et
1152 1232 1238 1301 de
1286 1233 1493 1301 rebus
1540 1232 1835 1303 utilibus
1865 1253 2027 1301 cum
2070 1231 2190 1300 illo
2218 1253 2571 1302 sermones
2603 1253 2773 1301 con·

212 1316 544 1387 ferebant.
598 1319 1037 1409 Accipiebant
1082 1334 1312 1390 autem
1365 1320 1453 1389 ab
1500 1341 1579 1389 eo
1620 1319 1827 1389 verba
1880 1318 2128 1389 salutis
2182 1330 2247 1389 et
2296 1319 2494 1389 vitae.
2547 1320 2642 1388 Ab
2692 1341 2772 1389 eo

210 1404 400 1475 enim
462 1417 809 1495 tempore,
876 1429 1014 1494 quo
1061 1430 1101 1477 a
1151 1408 1369 1499 patria
1420 1408 1698 1477 exulare
1743 1407 1983 1489 voluit,
2048 1429 2268 1493 usque
2317 1408 2387 1475 in
2442 1429 2769 1498 praesens

213 1493 506 1563 multam
559 1508 883 1584 posuerat
926 1516 1205 1585 operam
1258 1497 1326 1564 in
1362 1496 1587 1586 gentis
1624 1496 1777 1587 ejus
1806 1496 2045 1585 lingua
2084 1495 2438 1575 discenda,
2474 1517 2770 1581 eamque

213 1602 340 1670 pro
387 1603 515 1652 suo
565 1582 768 1652 modo
816 1596 880 1652 et
926 1605 1171 1673 capere
1216 1596 1282 1653 et
1312 1585 1696 1672 exprimere
1744 1596 2030 1673 poterat.
2090 1583 2280 1652 Unde
2327 1583 2588 1652 facturn
2639 1596 2766 1664 est,

205 1682 285 1738 ut
329 1670 589 1756 quibus
637 1671 754 1740 ille
802 1693 1155 1741 sermones
1187 1685 1259 1742 et-
1299 1672 1814 1742 adhortationes
1864 1671 2327 1741 indeficientis
2388 1673 2564 1740 vitae
2615 1694 2774 1762 pro-

210 1758 460 1837 mebat,
527 1759 577 1826 ii
640 1781 748 1828 res
806 1761 1077 1849 corpori
1143 1760 1596 1829 sustentando
1646 1759 2072 1828 necessarias
2119 1760 2182 1828 ei
2229 1772 2295 1828 et
2353 1760 2559 1827 sociis
2622 1760 2775 1850 ejus

209 1866 413 1931 saepe
461 1846 1005 1937 suppeditarent.
1064 1847 1186 1917 Ille
1233 1869 1392 1917 vero
1412 1870 1571 1917 cum
1615 1848 1823 1917 sociis
1852 1847 2000 1917 suis
2042 1868 2381 1937 pauperes
2410 1859 2475 1915 et
2514 1869 2771 1937 egenos

209 1933 568 2024 colligen5‚
606 1935 938 2022 quicquid
989 1935 1075 2004 de
1122 1936 1308 2005 victu
1333 1936 1739 2022 quotidiano
1769 1948 2181 2021 superesset,
2227 1934 2365 2003 illis
2398 1935 2777 2004 distribue-

206 2020 346 2090 bat.
401 2026 685 2111 Semper
729 2024 919 2092 enim
971 2025 1307 2094 memoria
1348 2025 1706 2099 retinebat,
1771 2023 2108 2091 Adamum
2160 2044 2197 2091 e
2248 2023 2404 2091 cibo
2450 2023 2769 2111 periisse:

207 2109 738 2196 attendebatque
784 2113 1180 2193 Antonium,
1222 2112 1597 2180 Macarium
1645 2125 1712 2180 et
1757 2111 1857 2180 eis
1904 2110 2170 2181 similes
2220 2124 2474 2200 patreS‚
2537 2111 2773 2180 herbis

209 2210 276 2265 et
322 2219 566 2288 aspero
615 2199 798 2269 victu
845 2199 1058 2269 fuisse
1096 2211 1475 2279 contentoS,
1515 2211 1860 2269 uteorum
1911 2198 2366 2268 confirmatus
2411 2199 2769 2287 exemplis,

210 2287 482 2375 corpori
531 2308 656 2357 suo
704 2286 947 2357 molles
993 2300 1058 2357 et
1104 2287 1434 2357 delicatos
1481 2288 1673 2356 cibos
1725 2307 1860 2355 non
1903 2286 2355 2376 permitteret,
2397 2307 2482 2354 ne
2531 2286 2618 2355 ab
2648 2308 2775 2354 an·

209 2373 403 2460 tiquo
450 2386 765 2464 serpente
810 2375 1267 2465 deciperetur.
1339 2380 1606 2457 Quanto
1654 2386 1884 2443 autem
1937 2373 2161 2462 magis
2209 2372 2574 2463 affligebat
2621 2394 2776 2443 car-

209 2483 367 2531 nem
438 2484 689 2545 suam,
753 2474 941 2534 tanto
1000 2464 1199 2534 illum
1264 2469 1443 2534 Deus
1502 2462 1878 2552 copiosiori
1934 2463 2236 2552 augebat
2298 2461 2520 2552 gratia
2581 2465 2711 2532 sua
2745 2516 2761 2543 ,

205 2562 463 2708 etdpieii)
487 2552 828 2621 miracula
884 2574 1160 2639 quoque
1224 2574 1388 2622 eum
1453 2551 1792 2621 celebrem
1861 2550 2275 2637 cunctisque
2324 2549 2769 2619 manifestum

206 2659 279 2707 re
380 2661 416 2708 e
469 2652 559 2708 at.

295 2728 332 2812 ξ
398 2733 557 2798 10.
614 2728 942 2798 Permulti
977 2729 1162 2798 enim
1212 2728 1296 2797 ad
1346 2750 1507 2797 eum
1544 2725 1828 2796 adducti
1875 2725 2142 2794 infirmi
2194 2736 2263 2794 et
2301 2724 2589 2806 debileS,
2652 2746 2775 2813 per

206 2814 359 2904 ejus
412 2815 655 2885 merita
692 2816 1027 2886 divinitus
1056 2830 1335 2907 repente
1383 2814 1605 2885 curati
1637 2827 1823 2883 sunt.
1862 2813 1987 2883 Sed
2027 2813 2392 2903 hocipsum
2433 2812 2546 2880 ille
2598 2833 2763 2901 prae

204 2901 599 2972 humilitate
648 2902 1129 2984 reformidans,
1183 2906 1532 2973 humanas
1587 2901 1854 2980 laudeS,
1897 2913 2237 2989 quantum
2281 2900 2498 2980 licuit,
2544 2899 2762 2969 decli-

204 2990 419 3057 navit.
480 2995 683 3059 Fama
738 3013 893 3060 vero
942 2993 1327 3061 sanctitatis
1365 2993 1517 3082 ejus
1570 3012 1691 3080 per
1745 3002 1953 3058 totam
2007 2989 2356 3079 regionem
2409 2988 2757 3069 volitante,

208 3077 496 3162 quidam
549 3079 853 3167 religiosi
912 3080 1228 3148 homines
1275 3080 1359 3148 ad
1403 3101 1560 3148 eum
1604 3099 1847 3147 venere
1929 3098 2359 3163 parvumque
2388 3076 2768 3146 oratorium

206 3165 279 3232 in
335 3167 589 3234 montis
637 3167 979 3235 descensu
1006 3189 1244 3236 versus
1272 3167 1615 3235 Orientem
1657 3166 1718 3234 ei
1745 3164 2227 3244 aedificarunt,
2263 3165 2334 3233 in
2369 3187 2505 3251 quo
2534 3165 2774 3232 divina

205 3250 435 3321 officia
485 3275 645 3321 cum
680 3254 828 3324 suis
875 3254 1273 3335 celebraret,
1314 3267 1389 3323 ut
1438 3266 1585 3324 tum
1614 3254 1782 3343 ipsi,
1836 3267 1982 3321 tum
2017 3254 2137 3321 alii
2178 3252 2263 3322 ad
2291 3275 2450 3322 eum
2484 3253 2765 3322 venien-

201 3351 329 3416 teS‚
377 3338 552 3407 vitae
600 3341 805 3411 verba
852 3353 918 3411 et
968 3364 1227 3432 pascua
1260 3342 1349 3410 ab
1411 3363 1491 3410 eo
1544 3341 1994 3429 perciperent.
2048 3341 2177 3409 Alii
2223 3353 2454 3410 autem
2505 3341 2592 3408 ad
2656 3362 2772 3409 oc-

200 3425 547 3496 cidentem
598 3428 669 3495 in
721 3428 1007 3518 planitie
1103 3430 1253 3499 edis
1292 3429 1602 3519 ejusdem
1640 3429 1917 3507 montis,
1958 3449 2199 3517 uepres
2245 3440 2310 3497 et
2351 3428 2634 3497 frutices
2660 3450 2772 3496 ex-

201 3515 564 3603 tirpanteS,
616 3516 814 3586 beato
862 3517 1008 3586 viro
1056 3452 1290 3587 iiortos
1321 3529 1389 3585 et
1438 3515 1784 3606 pecudum
1822 3537 2079 3604 pascua
2117 3536 2462 3604 parvaque
2488 3517 2771 3604 tuguria

199 3616 660 3694 appararunt.
716 3610 996 3694 Propter
1039 3627 1156 3675 eos
1204 3606 1511 3684 fruticeS,
1563 3624 1740 3689 quos
1765 3603 1972 3692 vulgo
2007 3604 2327 3672 studinos
2363 3617 2633 3683 vocant,
2675 3604 2773 3672 lo—

199 3714 330 3760 cus
363 3692 477 3761 ille
527 3692 728 3761 initio
774 3693 1003 3762 dictus
1050 3705 1152 3762 est
1197 3694 1700 3763 Studernheim.
1753 3691 1945 3760 Multi
1985 3703 2216 3759 autem
2247 3690 2453 3758 etiam
2503 3713 2583 3759 ex
2618 3691 2769 3760 lon-

260 3781 492 3866 inquis
549 3780 953 3871 regionibus
1017 3781 1101 3850 ad
1172 3783 1450 3850 beatum
1521 3780 1748 3848 virum
1811 3779 2228 3858 confluxere,
2282 3777 2555 3848 animas
2602 3801 2770 3849 suas

202 3801 388 3936 {ona
442 3868 579 3937 fide
626 3883 690 3938 et
722 3890 843 3958 spe
866 3868 977 3937 illi
1026 3868 1616 3939 commendantes,
1657 3867 1943 3946 Interim
1986 3865 2142 3953 ejus
2196 3865 2591 3956 provinciae
2641 3867 2764 3935 ha-

198 3954 557 4038 bitatores,
610 3957 847 4026 divino
895 3957 1231 4027 instinctu
1263 3955 1689 4046 compuncti,
1729 3955 1970 4023 timere
2016 3954 2151 4023 sibi
2205 3965 2605 4044 coeperunt,
2661 3975 2770 4023 se-

201 4063 342 4130 que
385 4045 847 4137 negligentiae
906 4058 1331 4116 accusarunt
1374 4045 1561 4130 quod
1617 4043 1848 4112 locum
1898 4042 2126 4123 illum,
2163 4063 2368 4128 quem
2432 4042 2770 4112 Dominus

199 4130 292 4200 ad
346 4132 676 4203 honorem
726 4146 793 4203 et
821 4132 1116 4223 gloriam
1158 4134 1462 4202 nominis
1489 4131 1599 4202 sui
1633 4152 1756 4221 per
1785 4142 2104 4199 sanctum
2137 4151 2348 4200 suum
2384 4130 2752 4210 visitasset,

202 4219 345 4309 ipsi
380 4233 517 4291 tam
551 4221 1025 4312 propinquum
1059 4243 1196 4291 non
1230 4221 1525 4301 adirent,
1579 4241 1706 4288 nec
1753 4218 2199 4288 facultatibus
2248 4218 2395 4289 suis
2442 4229 2772 4286 ornarent

206 4319 277 4376 et
325 4324 679 4400 augerent.
717 4311 889 4380 Inde
936 4309 1108 4380 adeo
1145 4309 1402 4380 factum
1451 4320 1576 4398 est,
1630 4319 1711 4378 ut
1756 4306 2111 4406 principes
2165 4319 2231 4376 et
2278 4305 2546 4376 nobiles
2590 4326 2770 4395 opu-

206 4393 517 4486 lentique
579 4399 900 4486 homines
931 4454 947 4483 ‚
1000 4419 1165 4470 cum
1216 4397 1482 4485 reliquo
1536 4396 1689 4486 ejus
1746 4394 2051 4487 regioms
2100 4394 2356 4487 populo
2391 4448 2408 4474 ,
2462 4404 2767 4463 montem
