3327 4999
228 338 477 403 MART.
526 337 615 403 20
925 354 1004 400 m:
1052 353 1109 400 s.
1160 350 1535 400 vutramno
1582 349 1783 399 musc-
1838 350 2062 399 anoN.
2556 336 2684 402 377

228 434 544 507 molestia
616 433 946 522 corporis.
997 432 1119 509 His
1164 443 1230 501 et
1277 431 1678 521 hujusmodi
1726 430 2222 502 miraculorum
2265 433 2507 527 signis,
2545 435 2774 522 qualis

226 524 435 595 fuerit
470 524 621 613 ejus
668 523 827 603 vita,
868 522 1124 593 arbiter
1169 533 1488 590 aeternus
1535 520 1834 590 edocuit.
2145 514 2168 543 ⁸

318 616 357 700 ξ
402 617 561 686 1⁰.
619 611 827 701 Cujus
873 610 1078 681 etiam
1124 610 1507 680 doctrinam
1544 609 1613 677 id
1651 609 1944 678 maxime
1990 609 2518 681 commendabat
2546 612 2769 681 omni-

224 702 387 783 buS,
442 701 606 788 quia
654 722 789 770 non
842 699 1038 769 aliter
1082 698 1372 779 vivebat,
1425 719 1637 784 quam
1705 697 2014 768 docebat.
2085 699 2266 770 Nihil
2324 700 2505 769 enim
2563 700 2776 790 hujus

228 791 480 861 mundi
511 810 864 877 quaerere,
918 789 1016 857 nil
1065 810 1297 858 amare
1343 788 1653 857 curabat.
1722 790 1979 857 Cuncta
2009 809 2188 875 quae
2236 788 2369 859 sibi
2417 812 2458 858 a
2496 790 2778 879 regibus

225 879 335 951 vel
384 879 712 949 divitibus
758 877 973 947 seculi
1020 877 1484 957 donabantur,
1534 896 1688 945 mox
1738 875 2049 946 hilariter
2080 878 2506 977 pauperibus
2539 899 2653 947 ero
2703 900 2779 947 a·

226 969 371 1040 bat.
426 974 789 1054 Nunquam
840 965 1203 1046 divitibus,
1240 965 1521 1035 honoris
1569 964 1710 1034 sive
1760 965 2024 1035 timoris
2072 970 2316 1056 grana,
2361 967 2419 1035 si
2451 988 2628 1054 quae
2708 989 2780 1036 e-

232 1057 620 1144 liquissent,
675 1055 1021 1125 reticebat:
1074 1055 1192 1124 sed
1241 1076 1483 1145 aspera
1518 1052 1674 1123 illos
1707 1053 2090 1123 invectione
2121 1055 2529 1144 corrigebat,
2573 1069 2778 1142 atque

228 1146 318 1217 ad
367 1146 839 1234 eleemosynas
884 1165 1310 1235 operumque
1356 1144 1699 1213 bonorum
1748 1143 2220 1215 executionem
2267 1156 2330 1213 et
2380 1144 2606 1216 verbis
2661 1167 2778 1214 ex-

229 1235 489 1306 citabat
519 1247 584 1304 et
612 1233 905 1303 actibus.
950 1232 1249 1318 Denique
1277 1254 1436 1301 cum
1488 1230 1909 1302 sacrificium
1944 1231 2262 1301 victimae
2292 1232 2616 1304 salutaris
2646 1238 2779 1302 Deo

228 1325 524 1401 offerret,
578 1344 714 1392 non
765 1321 942 1392 elata
988 1322 1057 1389 in
1114 1319 1329 1390 altum
1381 1342 1581 1399 voce,
1640 1320 1758 1389 sed
1812 1320 2112 1411 profusis
2166 1344 2248 1391 ex
2306 1321 2446 1391 imo
2509 1335 2779 1412 pectore

230 1412 587 1501 lacrymis,
634 1411 919 1479 Domino
966 1421 1118 1479 vota
1175 1409 1727 1479 commendabat.
1760 1414 2066 1497 Cumque
2122 1409 2430 1479 docendo
2489 1411 2776 1480 verb-um

232 1501 348 1570 Dei
398 1502 469 1569 in
518 1498 822 1590 praefata
872 1496 1218 1582 provincia
1265 1498 1541 1587 degeret
1587 1510 1967 1588 occupatus
2003 1553 2018 1578 ‚
2087 1498 2318 1569 divino
2378 1500 2777 1570 admonitus

230 1588 536 1670 oraculo,
609 1588 811 1657 rediit
865 1587 948 1656 ad
1007 1587 1393 1656 venerabile
1426 1587 1835 1656 coenobium
1889 1587 2347 1667 Fontanellae‚
2400 1589 2565 1676 quia
2613 1609 2782 1658 suae

230 1677 673 1748 resolutionis
711 1677 891 1745 diem
919 1677 1065 1765 jam
1102 1675 1408 1766 proxime
1440 1677 1697 1745 instare
1735 1689 2166 1765 cognoverat:
2211 1677 2390 1746 sicut
2430 1677 2577 1768 ipse
2606 1699 2779 1765 quo-

229 1789 367 1855 que
414 1778 718 1855 tempore
778 1765 1015 1834 eodem
1068 1764 1464 1845 nonnullis,
1521 1763 1640 1834 sed
1691 1765 1917 1834 verbis
1980 1766 2545 1849 obscurioribus,
2598 1788 2779 1853 quae

230 1868 467 1947 postea
500 1854 856 1923 manifeste
902 1852 1120 1921 intelli
1173 1865 1384 1932 erent,
1440 1853 1639 1923 solita
1674 1853 1808 1922 sibi
1848 1855 2003 1923 beni
2064 1854 2352 1925 nissima
2400 1855 2767 1924 dilectione

229 1944 600 2036 pandebat.
654 1942 1083 2026 Quibusdam
1157 1964 1261 2010 loc
1322 1942 1507 2011 idem
1558 1941 1765 2010 etiam
1820 1944 2008 2013 mani
2039 1956 2177 2012 este
2227 1943 2589 2013 revelabat.
2643 1949 2775 2013 Re-

230 2054 426 2103 verso
457 2045 685 2102 autem
731 2053 809 2100 eo
853 2031 939 2099 ad
987 2030 1393 2100 coenobium
1429 2030 1887 2111 Fontanellae‚
1931 2032 2075 2101 acri
2124 2033 2346 2121 coepit
2395 2032 2637 2101 ardore
2680 2031 2778 2101 fe-

229 2122 463 2191 brium
516 2120 812 2222 fatigari,
867 2131 931 2188 et
979 2141 1101 2209 per
1147 2119 1425 2206 aliquod
1480 2132 1747 2200 tempus
1793 2119 2029 2189 eadem
2072 2121 2380 2210 corporis
2421 2119 2778 2192 laborabat

231 2210 584 2281 molestia:
639 2231 708 2278 tn
784 2231 923 2295 quo
991 2220 1125 2277 toto
1174 2208 1324 2297 ipso
1373 2219 1677 2297 tempore
1723 2220 1788 2277 et
1843 2208 2185 2277 conditori
2232 2209 2489 2299 gratias
2547 2232 2771 2301 agere,

230 2310 301 2369 et
345 2298 589 2368 fratres
635 2298 913 2388 publice
971 2318 1051 2366 ac
1110 2295 1422 2384 privatim
1485 2318 1621 2365 non
1687 2312 1694 2315 ”
1747 2297 2274 2367 raetermittebat
2320 2298 2586 2369 docere.
2650 2297 2780 2367 Ad-

233 2387 560 2457 monebat
607 2407 907 2474 namque
952 2408 1109 2465 eOS,
1178 2397 1254 2455 ut
1300 2384 1616 2455 virtutem
1671 2319 2058 2456 dilectionis
2105 2397 2170 2454 et
2233 2387 2423 2476 pacis
2468 2387 2555 2456 ad
2604 2388 2780 2456 invi-

235 2497 385 2546 cem
435 2488 499 2546 et
546 2476 632 2546 ad
694 2497 933 2547 omnes
994 2486 1365 2545 servarent.
1435 2475 1753 2546 Instituta
1800 2496 2073 2563 quoque
2113 2474 2522 2576 disciplinae
2573 2498 2777 2567 regu-

238 2564 439 2646 lariS‚
488 2587 664 2653 quae
710 2588 751 2634 a
799 2576 1073 2635 sanctae
1134 2564 1630 2634 recordationis
1693 2576 1883 2655 patre
1951 2565 2449 2654 Wandreglsilo
2511 2566 2776 2634 didice-

236 2667 438 2734 rant,
495 2655 593 2723 vel
646 2655 716 2723 in
766 2653 916 2744 ipso
978 2652 1303 2735 viderant,
1370 2653 1440 2722 in
1493 2666 1906 2745 patrumque
1972 2653 2527 2744 praecedentium
2578 2654 2776 2724 sactis

238 2742 383 2813 sive
439 2743 637 2812 dictis
684 2743 1106 2820 invenerant,
1162 2742 1505 2812 indefessa
1551 2742 1882 2812 instantia
1942 2754 2418 2830 sequerentur.
2474 2744 2778 2830 Denique

235 2831 617 2922 subjunxit,
671 2831 851 2900 diem
907 2831 1017 2899 sui
1063 2830 1293 2901 obitus
1341 2831 1410 2899 in
1465 2832 1773 2920 proximo
1814 2831 2201 2901 imminere.
2248 2837 2555 2919 Cumque
2603 2832 2774 2900 haec

231 2933 300 2991 et
348 2920 745 3011 hujusmodi
800 2920 998 3010 plura
1031 2932 1308 2990 sanctae
1339 2911 1831 2990 eibortationis
1862 2921 2070 2990 verba
2102 2921 2168 2989 in
2183 2933 2279 2990 ter
2310 2929 2504 2991 sacra
2539 2921 2776 2990 Missa-

232 3032 395 3080 rum
446 3009 781 3082 solemnia
827 3008 928 3078 eis
974 3009 1396 3095 loqueretur,
1451 3022 1655 3095 atque
1704 3024 2020 3101 percepta
2069 3010 2219 3099 ejus
2268 3010 2766 3091 benedictione,

232 3098 322 3168 de
370 3120 493 3168 suo
542 3112 681 3168 tam
729 3098 864 3166 cito
910 3118 1239 3187 responso
1289 3099 1514 3167 tristes
1562 3099 1942 3186 flentesque
1986 3099 2390 3179 existerent,
2447 3099 2648 3168 rediit
2693 3098 2781 3168 ad

234 3187 552 3268 stratum,
586 3187 771 3273 quod
812 3186 1008 3276 juxta
1054 3185 1414 3256 ecclesiam
1467 3191 1532 3254 S.
1573 3187 1901 3276 Stephani
1953 3188 2275 3276 martyris
2307 3187 2374 3256 in
2419 3188 2784 3257 mansiun-

232 3274 396 3345 cula
426 3298 552 3346 sua
583 3274 824 3344 fratres
848 3275 909 3344 ei
947 3287 1541 3364 praeparaverant.
1577 3273 1817 3360 Ibique
1848 3275 2180 3366 languore
2213 3276 2544 3367 corporiS‚
2575 3298 2784 3362 quem

232 3364 360 3436 diu
407 3376 855 3454 protraxerat,
911 3385 1025 3449 per
1071 3363 1219 3433 dies
1265 3363 1800 3453 ingravescente,
1855 3366 2170 3455 septimO,
2223 3376 2299 3433 ut
2348 3365 2481 3434 sibi
2529 3364 2779 3434 divini-

234 3468 350 3525 tus
398 3453 817 3544 promissum
869 3450 1111 3532 fuerat,
1146 3449 1280 3532 die,
1320 3465 1682 3542 postquam
1720 3453 1984 3522 obitum
2019 3475 2223 3522 suum
2264 3454 2602 3522 Dominici
2632 3475 2782 3523 cor-

234 3542 427 3634 poris
472 3554 537 3611 et
586 3541 949 3632 sanguinis
996 3541 1432 3631 perceptione
1478 3541 1799 3624 munivit,
1836 3541 2057 3612 soluta
2104 3542 2191 3610 ab
2237 3542 2583 3630 ergastulo
2629 3563 2783 3611 cor-

233 3632 425 3723 poris
456 3629 689 3700 anima
723 3642 981 3711 sancta,
1027 3628 1440 3699 ducentibus
1470 3630 1762 3719 angelis.
1800 3643 2116 3700 aeternae
2148 3629 2493 3700 felicitatis
2523 3631 2782 3721 gaudia

201 3733 301 3792 vet
343 3720 689 3791 consortia
735 3719 993 3788 civium
1043 3719 1236 3808 petiit
1283 3740 1775 3808 supernorum.

322 3812 540 3897 §11
616 3808 798 3878 Obiit
857 3829 1012 3876 vero
1075 3808 1512 3877 venerandus
1579 3807 1881 3897 pontifex
1933 3812 2014 3876 ’13
2077 3806 2350 3876 Calend.
2407 3807 2774 3899 Aprilium,

235 3920 423 3968 anno
500 3897 893 3967 Dominicae
968 3896 1467 3966 incarnationis
1531 3917 1748 3965 nccxx.
1827 3894 2288 3986 sepultusque
2347 3909 2496 3978 est,
2554 3898 2778 3987 primo

234 3986 518 4073 quidem
584 3985 658 4054 in
718 3984 1004 4055 ecclesia
1060 3990 1131 4055 B.
1185 3985 1379 4054 Pauli
1438 3984 1740 4075 Apostoli
1777 3985 1975 4074 juxta
2037 3984 2456 4054 sacerdotem
2509 3985 2783 4056 Domini

237 4075 843 4166 Wandregisilum‚
880 4074 948 4142 in
995 4074 1270 4144 dextera
1359 4087 1523 4143 arte:
1564 4073 1632 4141 in
1684 4096 1821 4161 quo
1871 4072 2018 4143 loco
2057 4072 2279 4163 jacuit
2373 4096 2448 4143 er
2494 4079 2781 4144 a‘nnos9

242 4167 531 4235 Sanctus
575 4185 850 4252 quoque
898 4176 1091 4253 pater
1123 4167 1287 4234 Wan
1345 4161 1669 4254 regisilus
1716 4161 2049 4249 requievit
2094 4162 2164 4230 in
2218 4183 2297 4231 ea
2349 4187 2456 4232 em
2488 4163 2783 4234 basilica

242 4253 444 4322 annis
488 4259 598 4323 40.
652 4251 1028 4323 Ansbertus
1074 4253 1279 4321 annis
1326 4257 1390 4322 2.
1430 4250 1767 4321 Translati
1814 4273 2090 4338 quoque
2122 4264 2286 4321 sunt
2331 4251 2492 4320 inde
2531 4252 2603 4320 in
2652 4252 2776 4320 ba—

243 4340 509 4411 silicam
565 4348 637 4411 B.
699 4341 877 4410 Petri
924 4346 971 4410 A
1023 4341 1224 4410 ostoli
1271 4362 1310 4409 a
1359 4345 1424 4410 S.
1487 4340 1697 4411 Baino
1744 4340 2068 4431 episcopo
2113 4340 2313 4410 urbis
2363 4346 2776 4419 Tarvennae,

240 4441 307 4500 et
337 4444 593 4502 rectore
641 4430 963 4501 Fontanel
996 4430 1183 4512 ensis
1226 4429 1564 4512 coenobii,
1600 4429 1732 4499 sub
1780 4451 1965 4500 anno
2013 4428 2375 4520 regiminis
2400 4430 2507 4502 sui
2550 4435 2614 4510 5,
2659 4428 2781 4514 qui
