3327 4999
240 346 347 412 EX
395 342 718 411 AUG.-16
1060 359 1139 406 ns
1184 360 1240 405 S.
1293 356 1607 407 MACIDVIO
1654 357 1952 407 EmSCOPO
2563 340 2691 405 6t7

242 449 469 520 Solam
520 468 713 536 spem
755 444 1143 513 futurorum
1195 442 1394 512 nobis
1461 444 1677 532 pretio
1726 443 2044 514 omnium
2103 466 2334 514 rerum
2389 455 2786 515 nostrarum

238 537 493 616 vendit,
531 555 828 622 quarum
878 531 1393 601 usumfructum
1442 532 1589 621 ipse
1638 533 1706 601 in
1746 532 2287 622 praesentiarum
2333 533 2540 624 capit.
2573 538 2788 620 Saepe

239 627 650 697 lacessentes
682 635 998 693 sanctum
1032 621 1256 690 virum
1296 633 1429 688 tam
1481 620 1838 710 injuriosis
1888 622 2391 694 invectionibus
2442 622 2644 691 omni
2672 644 2789 712 ge-

238 737 398 786 nere
450 711 945 805 persecutionis
994 732 1150 778 eum
1199 724 1628 798 exasperant,
1673 722 1738 780 et
1789 711 2101 779 homines
2157 710 2311 797 ejus
2361 710 2581 779 saevis
2632 734 2783 779 ver-

236 804 519 873 beribus
568 812 1024 871 tormentant:
1090 799 1280 867 omni
1333 820 1563 869 rerum
1621 799 2008 890 direptione
2054 799 2344 869 omnino
2399 800 2778 869 Ecclesiam

244 894 356 962 Dei
409 893 786 961 devastant.

250 978 362 1069 ’χξ
423 986 574 1054 16.
630 977 931 1048 Pontifex
981 975 1391 1054 Maelovius,
1452 976 1573 1063 qui
1639 988 1796 1046 ante
1855 981 2066 1045 Deum
2133 989 2197 1046 et
2265 976 2593 1048 homines
2641 977 2793 1045 sine

235 1069 511 1158 querela
543 1068 885 1156 justitiam
936 1078 1160 1135 tenere
1211 1065 1476 1135 volebat
1560 1066 1852 1156 pusillos
1899 1065 2147 1135 Christi
2196 1066 2367 1136 adeo
2407 1067 2493 1136 ab
2544 1065 2781 1155 impiis

240 1158 719 1239 scandalizari,
780 1155 1060 1247 gravius
1106 1176 1314 1240 quam
1369 1154 1505 1224 dici
1552 1156 1786 1244 possit,
1856 1152 2135 1224 ferebat.
2191 1161 2317 1224 Pro
2381 1154 2517 1223 illis
2564 1155 2775 1224 etiam

238 1247 617 1338 sacrilegis,
667 1259 802 1315 tam
834 1257 1036 1313 acuto
1085 1243 1406 1312 avaritiae
1462 1243 1746 1311 stimulo
1799 1242 2163 1334 instigatis
2225 1244 2433 1312 nimis
2472 1242 2768 1324 dolebat,

236 1358 410 1423 quos
456 1335 639 1426 apud
681 1341 890 1404 Deum
929 1332 1117 1402 nulla
1156 1332 1582 1431 ignorantiae
1609 1332 1961 1403 excusatio
1998 1331 2414 1411 absolvebat,
2451 1354 2625 1420 quos
2675 1332 2775 1400 vi-

237 1426 475 1495 dentes
521 1439 586 1494 et
616 1423 923 1492 volentes·
964 1421 1309 1508 cupiditas
1358 1420 1426 1488 in
1481 1443 1809 1511 praeceps
1858 1421 2191 1490 trahebat.
2229 1421 2398 1490 Inde
2445 1421 2629 1490 enim
2664 1443 2780 1490 ne-

236 1537 445 1601 quam
495 1525 559 1582 et
609 1512 897 1581 lividum
950 1509 1208 1578 invidia
1255 1509 1535 1579 oculum
1603 1510 1968 1591 habebant,
2026 1510 2209 1579 unde
2261 1523 2487 1600 patres
2533 1531 2775 1579 eorum

237 1603 400 1673 boni
450 1602 741 1672 fuerant.
781 1606 1007 1669 Patres
1055 1598 1313 1687 quippe
1358 1620 1595 1666 eorum
1647 1612 1926 1687 peccata
1974 1621 2123 1679 sua,
2177 1599 2651 1687 eleemosynas
2686 1598 2786 1667 fa-

242 1690 538 1771 ciendo,
609 1689 1068 1758 redemerant:
1125 1686 1268 1767 isti,
1338 1687 1792 1775 eleemosynis
1841 1688 2268 1776 derogando,
2329 1702 2605 1775 peccata
2653 1710 2782 1756 sua

239 1780 785 1851 cumulaverant.
847 1776 970 1845 Ille
1029 1776 1275 1845 doctus
1334 1775 1404 1843 in
1475 1776 1800 1865 patientia
1867 1798 1994 1845 sua
2055 1776 2402 1864 possidere
2461 1776 2771 1845 animam

242 1892 468 1946 suam,
523 1893 548 1931 c
605 1868 697 1947 Si,
754 1866 1001 1952 inquit.
1060 1864 1390 1933 Dominus
1426 1886 1619 1933 meus
1646 1871 1851 1934 Jesus
1881 1863 2207 1955 fugiendo
2246 1865 2613 1934 declinavit
2642 1866 2776 1933 Ju-

239 1958 571 2026 daeorum
624 1954 1007 2045 perfidiam,
1059 1975 1187 2023 cur
1231 1975 1356 2041 ego
1418 1951 1892 2026 homunculus
1942 1975 2074 2022 non
2127 1953 2414 2022 devitem
2466 1952 2774 2022 cedendo

237 2046 529 2115 istorum
581 2044 959 2113 malitiam?
1005 2047 1173 2111 Ecce
1206 2043 1369 2128 quia
1428 2042 1538 2110 isti
1589 2056 1666 2111 ut
1703 2042 1942 2132 vulpes
1977 2042 2201 2111 foveas
2250 2042 2652 2121 dolositatis,
2710 2052 2778 2111 et

237 2148 314 2205 ut
364 2133 674 2203 volucres
707 2133 960 2203 habent
994 2131 1193 2199 nidos
1224 2131 1565 2211 vanitatiS,
1602 2144 1667 2200 et
1724 2153 1849 2202 nos
1896 2152 2057 2200 cum
2095 2131 2260 2200 Filio
2305 2131 2604 2200 hominis
2639 2151 2777 2198 non

238 2223 581 2293 habemus
610 2222 731 2292 ubi
778 2233 986 2311 caput
1034 2219 1450 2289 reclinemus
1489 2220 1558 2287 in
1592 2219 1773 2289 illis:
1825 2219 2178 2300 cedamuS,
2231 2232 2295 2289 et
2342 2220 2777 2289 occasionem

239 2311 572 2404 peccandi
622 2311 690 2379 in
745 2332 891 2390 nos,
946 2307 1182 2380 saltem
1235 2307 1561 2397 fugiendo
1616 2308 1960 2378 tollamus.
1995 2308 2464 2378 Excutiendus
2492 2321 2595 2379 est
2628 2306 2785 2397 pul-

239 2402 342 2470 vis
389 2400 474 2469 de
524 2400 816 2490 pedibus
866 2397 1115 2466 nostris
1164 2397 1230 2464 in
1286 2397 1754 2465 testimonium
1808 2396 1967 2465 illis.
2005 2398 2271 2483 thuia
2302 2419 2433 2465 non
2469 2396 2775 2466 sunthic

238 2489 367 2559 filii
420 2489 627 2579 pac-is,
672 2487 853 2579 apud
891 2509 1062 2573 quos
1113 2509 1242 2576 pax
1293 2485 1539 2555 Christi
1592 2484 2001 2573 requiescat,
2042 2508 2171 2576 pax
2232 2501 2462 2556 nostra
2510 2486 2595 2555 ad
2650 2507 2774 2555 nos

236 2578 487 2648 redeat.
534 2578 819 2665 Quando
868 2576 1038 2645 dixit
1102 2575 1433 2644 Dominus
1484 2587 1713 2644 noster
1757 2576 1989 2654 Jesns,
2057 2580 2222 2646 Cum
2328 2578 2614 2644 ersecntt'
2660 2597 2775 2644 vos

231 2669 489 2758 suerint
518 2669 585 2735 in
619 2668 889 2735 civitate
920 2668 1071 2746 ίεια,
1102 2667 1180 2754 [α
1234 2666 1321 2732 ite
1350 2666 1420 2733 in
1451 2660 1663 2733 aliam
1687 2684 1711 2727 .·
1757 2663 2090 2754 praevidit
2132 2686 2251 2754 pro
2283 2679 2426 2733 ecto
2467 2665 2641 2732 hanc
2672 2663 2779 2731 fu·

287 2756 471 2825 iendi
501 2756 926 2826 occasionem
977 2688 1396 2840 quangoque
1424 2753 1620 2822 nobis
1650 2752 2151 2822 incutiendam.
2188 2759 2484 2843 Agamus
2520 2753 2773 2838 itaque,

262 2858 496 2926 ratres,
542 2845 906 2914 instanter:
958 2843 1311 2922 cedamus,
1363 2864 1640 2929 quaeSO,
1705 2842 2060 2932 patienter.
2100 2865 2134 2895 ····
2165 2847 2265 2912 Ita
2300 2842 2402 2910 vir
2437 2842 2592 2932 pius
2621 2863 2777 2910 exe—

230 2948 464 3004 cratus
522 2934 715 3003 illam
772 2931 1145 3023 pessimam
1196 2931 1731 3020 generationem,
1785 2930 2020 3000 intulit
2068 2930 2207 2999 illis
2257 2930 2570 3000 meritam
2623 2953 2771 2998 ma·-

230 3023 714 3102 ledictionem,
785 3021 949 3109 quia
1013 3019 1499 3109 elongaverant
1551 3042 1594 3088 a
1641 3040 1714 3089 se
1765 3020 2335 3089 benedictionem.
2392 3020 2500 3088 Sic
2552 3025 2771 3088 Moses

230 3111 348 3180 ille
390 3111 802 3180 mitissimus
848 3130 1057 3197 super
1103 3130 1342 3179 omnes
1390 3109 1730 3188 homine3‚
1782 3109 1901 3194 qui
1956 3109 2404 3179 morabantur
2452 3109 2517 3177 in
2560 3121 2761 3178 terra:

231 3200 330 3268 sic
362 3199 599 3276 Isaias,
654 3198 753 3268 sic
783 3198 1141 3275 seremias,
1196 3197 1438 3266 offensi
1490 3198 1833 3267 cervicosa
1883 3198 2135 3286 ingrati
2185 3198 2426 3288 populi
2477 3197 2763 3280 duritia,

230 3287 708 3376 obligaverunt
752 3308 867 3355 eos
914 3285 1339 3354 devotatione
1387 3285 1726 3375 pessima,
1793 3286 2055 3355 scilicet
2104 3287 2562 3376 imprecantes
2614 3308 2770 3376 pro-

232 3386 384 3465 pter
429 3396 665 3443 eorum
726 3374 1337 3465 impoenitentiam,
1386 3395 1470 3443 ne
1517 3372 1892 3442 attenderet
1940 3380 2115 3443 Deus
2171 3398 2406 3445 eorum
2464 3387 2614 3445 vota
2659 3374 2766 3443 vel

230 3462 593 3532 sacrificia.
658 3463 924 3532 Eliseus
968 3463 1225 3553 quippe
1274 3461 1682 3530 insultantes
1731 3462 1859 3532 sibi
1923 3484 2172 3553 pueros
2239 3462 2633 3543 maledixit,
2702 3473 2769 3532 et

232 3551 736 3622 maledictionis
828 3573 1038 3621 oenae
1083 3573 1199 3620 eos
1262 3550 1547 3619 addixit.
1612 3549 1794 3631 Quid
1847 3550 1929 3619 de
1977 3551 2421 3619 dominorum
2477 3551 2764 3620 Domino

229 3641 457 3710 dicam
506 3640 727 3728 quiin
776 3574 1075 3710 iiculnea
1126 3653 1399 3730 propter
1448 3638 2050 3708 infoecunditatem
2102 3639 2252 3728 ejus
2283 3662 2321 3706 a
2356 3661 2427 3710 se
2479 3639 2773 3709 maledi-

232 3743 363 3810 cta,
416 3743 480 3799 et
526 3727 844 3807 arefacta,
883 3728 1294 3798 devotationi
1325 3727 1617 3797 sub'ecit
1648 3726 1930 3817 dignam
1964 3726 2441 3797 maledictione
2471 3732 2509 3796 J
2519 3728 2775 3797 udaeo-

229 3823 387 3890 rum
426 3818 837 3909 perfidiam?
898 3824 1038 3888 Hoc
1086 3816 1399 3918 exemplo
1492 3828 1687 3886 eatus
1755 3815 2122 3885 Maelovius
2187 3816 2539 3885 maledixit
2591 3817 2766 3898 suis,

228 3921 308 3977 ut
355 3907 586 3977 traditi
646 3919 926 3976 satanae
981 3907 1050 3975 in
1109 3906 1464 3974 interitum
1512 3904 1766 3983 carnis,
1818 3904 2192 3973 animabus
2240 3918 2469 3975 tamen
2520 3927 2766 3975 eorum

227 4011 565 4066 reservata
613 4017 734 4086 spe
772 3995 1040 4075 salutis,
1091 3994 1493 4065 desisterent
1519 3994 1605 4062 ab
1638 4015 1841 4083 opere
1890 3992 2308 4081 iniquitatis:
2343 4005 2409 4063 et
2456 3994 2578 4081 qui
2613 4016 2768 4086 pro-

230 4099 381 4175 pter
424 4084 752 4155 duritiam
792 4083 1023 4155 cordis
1069 4083 1178 4154 sui
1226 4083 1851 4153 thesaurizaverant
1888 4082 2021 4151 sibi
2077 4082 2187 4151 Dei
2236 4083 2438 4163 iram,
2494 4083 2774 4152 tandem

227 4174 515 4244 emolliti
565 4196 685 4266 per
734 4173 1245 4264 poenitentiam,
1276 4171 1799 4241 reconciliarent
1845 4170 1978 4240 sibi
2026 4171 2139 4240 Dei
2190 4171 2770 4242 misericordiam.

317 4265 355 4351 ξ
421 4268 555 4336 1⁷.
609 4268 783 4353 Ergo
843 4284 966 4354 per
1024 4261 1352 4332 scandala
1413 4260 1791 4361 impiorum
1839 4258 2173 4350 expulsus
2219 4283 2260 4330 a
2308 4283 2435 4331 suo
2496 4261 2781 4349 Episco-

228 4365 419 4442 patu,
473 4364 803 4443 apparato
850 4350 1078 4422 omnis
1127 4348 1566 4451 profectionis
1612 4361 2028 4429 commeatu,
2059 4347 2343 4419 collecto
2389 4370 2667 4436 quoque
2697 4348 2782 4420 fi·

231 4440 377 4511 deli
414 4441 910 4511 monachorum
972 4438 1419 4531 discipulatu,
1485 4437 1693 4529 longo
1741 4437 2199 4529 navigationis
2247 4453 2485 4509 exacto
2534 4458 2772 4519 cursu,
