3327 4999
622 341 705 406 36
1452 361 1530 407 DE
1581 361 1635 406 s.
1692 360 1924 409 coLETA
1974 360 2144 407 vme.
2748 344 2995 410 MART.
3048 346 3092 408 6

534 424 736 495 ludos
769 447 1010 494 omnes
1044 437 1109 494 et
1139 425 1444 496 levitates
1479 440 1685 513 atque
1716 427 2148 497 curiositates
2188 427 2608 518 puellarum,
2648 441 3096 498 contemnere

536 514 784 582 mundi
834 515 1166 585 vanitates
1213 526 1278 584 et
1324 514 1735 605 applausus.
1782 517 1919 584 Etsi
1961 530 2216 596 autem,
2259 538 2463 587 sexus
2496 517 2900 586 infirmitate
2932 538 3096 606 pro-

531 602 813 671 hibente
862 625 997 670 non
1050 625 1196 674 sese
1243 603 1511 672 abdidit
1542 604 1613 671 in
1654 606 1991 684 eremum,
2028 618 2096 672 at
2144 617 2369 673 tamen
2422 605 2495 672 in
2549 605 2854 695 paternis
2901 606 3096 674 aedi-

532 691 687 771 bus,
724 691 952 776 quoad
1000 692 1150 781 ejus
1198 691 1347 760 fieri
1397 692 1642 781 potuit,
1683 691 1884 783 plane
1919 715 1991 761 se
2023 693 2234 784 gessit
2272 693 2679 762 solitariam:
2712 694 3094 780 quemdam

532 778 669 847 sibi
718 801 1005 868 parvum
1056 780 1367 870 deligens
1416 780 1671 859 locum,
1704 781 1791 849 ab
1839 780 1996 849 aliis
2047 793 2466 872 separatum,
2525 782 2647 850 ubi
2696 794 2976 869 tamque
3018 783 3092 850 in

533 867 827 936 oratorio
876 880 1194 937 accurate
1241 890 1389 938 sese
1436 869 1791 938 exercebat
1819 868 1891 937 in
1934 869 2067 958 piis
2108 869 2695 952 meditationibus,
2736 870 2808 939 in
2845 874 3097 941 timore

531 969 597 1023 et
644 977 878 1025 amore
927 959 1065 1035 Dei,
1109 958 1398 1047 ejusque
1444 957 1639 1027 cultu
1688 980 1766 1026 ac
1816 958 2178 1039 famulam,
2213 958 2474 1027 crebris
2521 980 2798 1045 quoque
2844 961 3099 1029 oratio-

532 1044 743 1113 nibus
791 1044 1075 1116 devotis:
1118 1067 1239 1114 nec
1276 1067 1585 1132 unquam
1636 1046 1725 1115 ab
1773 1045 1892 1115 illo
1941 1046 2074 1115 nisi
2126 1069 2302 1126 raro,
2360 1047 2570 1134 idque
2617 1048 2983 1136 compulsa
3031 1061 3100 1118 et

534 1132 751 1201 invita
780 1133 1286 1223 egrediebatur.
1325 1140 1528 1203 Porro
1558 1156 1793 1204 coram
1843 1134 2058 1204 seculi
2106 1135 2511 1205 hominibus
2546 1136 2799 1204 mirum
2837 1136 2906 1204 in
2945 1159 3097 1205 mo-

535 1220 704 1290 dum
758 1223 1145 1291 verecunda
1196 1222 1347 1302 fuit,
1403 1223 1638 1309 eisque
1689 1222 1894 1313 plane
1940 1236 2262 1292 extranea
2308 1237 2444 1293 toto
2496 1224 2669 1293 vitae
2717 1246 2885 1293 suae
2917 1237 3095 1294 tem-

534 1331 724 1401 pore.
782 1310 977 1379 Unde
1022 1311 1295 1397 quoties
1342 1310 1577 1397 aliqua
1625 1311 1982 1468 religionis
2034 1310 2423 1393 necessitas,
2478 1312 2578 1381 vel
2621 1312 2760 1381 alia
2806 1315 3099 1399 quaevis

534 1420 748 1468 causa
824 1413 1011 1468 extra
1074 1400 1568 1470 monasterium
1607 1455 1621 1480 ,
1677 1422 1754 1469 ve
1843 1423 1969 1470 sua
2018 1400 2278 1491 privata
2326 1402 2620 1473 oratoria
2669 1422 2821 1470 eam
2871 1403 3103 1493 coegit

532 1486 739 1562 exire.
783 1508 1013 1556 coram
1057 1488 1484 1574 quibuslibet
1515 1488 1722 1557 etiam
1758 1488 2043 1579 privatis
2074 1489 2386 1589 personis
2416 1489 2584 1558 adeo
2617 1490 3095 1570 erubescebat,

536 1576 711 1643 adeo
781 1576 914 1645 sibi
987 1576 1529 1666 contemptibilis
1575 1589 1639 1645 et
1697 1600 1766 1645 re
1823 1578 2229 1646 rehenstone
2296 1577 2505 1667 digna
2557 1577 2960 1658 videbatur,
3020 1592 3102 1649 ut

536 1664 898 1753 suoipsius
923 1664 1193 1764 judicio
1232 1687 1587 1751 nunquam
1624 1664 1725 1734 vel
1813 1665 2054 1734 icendo
2088 1665 2191 1736 vel
2223 1664 2536 1735 faciendo
2573 1666 2850 1755 publice
2882 1667 3103 1758 quip-

589 1752 727 1821 iam
778 1753 943 1822 boni
980 1807 994 1832 ,
1052 1766 1313 1822 tantum
1377 1776 1449 1822 se
1509 1754 1888 1843 profectum
1943 1752 2182 1824 fecisse
2229 1753 2692 1836 existimaret,
2745 1768 3098 1841 quantum

560 1840 803 1910 ecisset
838 1896 852 1921 ‚
908 1841 966 1909 si
1015 1863 1246 1910 secum
1303 1842 1799 1931 permansisset
1845 1841 2036 1910 <lomi
2084 1842 2270 1932 apud
2323 1847 2538 1912 Deum
2602 1855 2666 1912 et
2719 1843 3099 1914 Dominum

532 1951 765 1997 suum.
820 1929 1143 1999 Solebant
1193 1929 1542 1998 interdum
1594 1930 1865 2019 puellae
1913 1944 2320 2000 coaetaneae
2359 1953 2510 1999 earn
2563 1930 2880 2011 invisere,
2919 1946 2985 2001 et
3023 1934 3096 2002 in

531 2038 682 2085 eam
734 2040 973 2087 curam
1025 2018 1557 2109 diligentissime
1605 2019 2033 2101 incumbere,
2071 2031 2149 2088 ut
2197 2041 2430 2089 secum
2483 2041 2633 2090 eam
2683 2020 3087 2091 educerent:

534 2105 654 2174 sed
708 2106 879 2174 niliil
949 2106 1219 2176 efficere
1268 2119 1629 2198 poterant:
1688 2107 1901 2176 immo
1952 2130 2106 2177 vero
2160 2107 2463 2177 sentiens
2513 2107 2630 2176 illa
2680 2108 3100 2198 plerumque

533 2194 604 2261 in
640 2195 892 2285 spiritu
941 2195 1095 2266 illas
1134 2209 1481 2275 venturaS,
1535 2196 2044 2265 studiosissime
2076 2218 2223 2266 sese
2255 2195 2647 2267 occultabat
2682 2197 2782 2265 vel
2819 2197 2952 2266 sub
2987 2198 3090 2267 le-

533 2295 665 2361 em,
721 2283 821 2352 vel
874 2282 1065 2363 alibi,
1121 2284 1340 2353 donec
1389 2285 1820 2373 cognovisset
1867 2306 1983 2352 eas
2032 2285 2308 2356 abiisse.
2507 2349 2520 2362 ,

623 2373 659 2457 ξ
712 2377 799 2442 2.
854 2377 1011 2440 Erat
1044 2372 1322 2458 quidem
1361 2394 1645 2461 corpore
1728 2395 1928 2451 arva,
1969 2385 2184 2442 aetate
2205 2373 2508 2462 juvenis,
2545 2372 2662 2443 sed
2700 2374 3099 2463 grandaeva

529 2459 796 2551 ingenti
866 2460 1208 2532 desiderio
1258 2460 1552 2549 perfecte
1601 2396 1940 2550 diligendi
1991 2467 2202 2531 Deum
2253 2474 2627 2531 creatorem
2680 2484 2886 2532 suum
2927 2518 2942 2543 ,
3007 2462 3097 2531 il-

534 2547 822 2635 lumque
870 2549 1182 2632 timendi,
1225 2550 1329 2617 illi
1378 2550 1723 2618 serviendi
1773 2550 2087 2630 fideliter,
2133 2564 2197 2620 et
2232 2550 2471 2619 sedulo
2503 2551 2956 2638 obsequendi,
2994 2552 3098 2620 ef-

530 2637 812 2706 ficiendi
845 2650 920 2706 ut
949 2638 1036 2706 ab
1084 2638 1416 2707 omnibus
1464 2638 1784 2707 similiter
1811 2651 1877 2707 et
1903 2653 2463 2729 cognosceretur,
2499 2652 2564 2707 et
2597 2639 2983 2720 timeretur,
3026 2654 3095 2710 et

532 2747 745 2816 super
780 2726 1013 2795 omnia
1055 2740 1428 2795 amaretur.
1461 2732 1618 2795 Erat
1652 2727 1787 2795 vita
1820 2741 1884 2795 et
1914 2727 2427 2796 conversatione
2462 2729 2772 2808 honesta,
2822 2742 3101 2797 matura

529 2813 732 2882 bonis
786 2815 1117 2893 moribuS,
1186 2837 1518 2883 sensuum
1574 2815 1869 2904 perfecta
1916 2815 2272 2895 domitrix,
2312 2816 2406 2885 ita
2462 2829 2537 2884 ut
2587 2838 2834 2886 sensus
2888 2816 3099 2906 plane

529 2900 805 2970 clausos
854 2902 1136 2971 haberet
1183 2903 1264 2971 ad
1319 2903 1577 2982 omnia,
1614 2924 1792 2990 quae
1826 2903 2289 2973 conscientiae
2326 2904 2741 2993 purissimae
2780 2904 3097 2991 aliquam

530 3002 809 3079 possent
856 2989 1124 3059 adferre
1175 2991 1423 3061 labem.
1482 2992 1912 3061 conversatio
1962 2993 2114 3082 ejus
2166 3014 2299 3060 non
2356 3005 2491 3061 tam
2545 3006 2836 3073 terrena,
2876 3016 3096 3080 quam

526 3077 840 3148 coelestis
875 3078 1254 3160 videbatur,
1291 3093 1354 3149 et
1387 3081 1704 3181 angelica
1756 3081 1982 3170 potius
2031 3101 2238 3167 quam
2284 3080 2615 3162 humana,
2653 3082 2910 3171 optime
2946 3105 3098 3152 mo·

526 3178 673 3235 rata
721 3180 787 3236 et
835 3167 1152 3254 religiose
1198 3183 1621 3268 composlta,
1696 3191 1820 3238 nec
1885 3169 2028 3237 ulla
2080 3181 2341 3258 poterat
2387 3170 2457 3237 in
2508 3191 2588 3238 ea
2639 3170 2738 3239 vel
2791 3170 3090 3251 vanitas,

527 3254 627 3323 vel
666 3254 902 3325 levitas
950 3256 1397 3346 deprehendi.
1436 3261 1690 3329 Omnes
1736 3257 1890 3344 ejus
1929 3257 2401 3338 manationes,
2456 3258 2643 3327 dicta
2687 3272 2753 3327 et
2792 3258 2974 3328 facta
3022 3282 3095 3328 o-

525 3344 739 3424 mnia,
797 3348 973 3436 pur-a
1019 3358 1083 3414 et
1132 3345 1320 3414 fideli
1368 3346 1794 3416 conscientia
1840 3368 1918 3415 eo
1970 3314 2174 3436 plane
2226 3346 2486 3416 intenta
2525 3358 2770 3427 erant,
2823 3358 2902 3417 ut
2967 3371 3094 3438 pro

522 3432 789 3503 viribus
839 3447 1309 3520 exequeretur,
1362 3435 1543 3522 quod
1599 3447 1875 3524 gratum
1924 3446 2103 3504 esset
2153 3440 2330 3516 Deo,
2384 3445 2450 3503 et
2500 3436 2847 3536 proximos
2896 3437 3095 3504 aedi-

525 3520 764 3590 ficaret
811 3534 876 3591 et
914 3522 999 3591 ad
1054 3522 1374 3612 pietatem
1425 3524 1763 3593 invitaret.
1819 3529 1921 3592 Ita
1969 3523 2198 3604 fiebat,
2237 3535 2312 3593 ut
2349 3523 2659 3612 plerique
2706 3523 3094 3594 admodum

524 3610 831 3699 religiosi
906 3611 1221 3682 homines
1273 3633 1407 3680 non
1461 3623 1715 3681 temere
1770 3611 2218 3702 colligerent,
2277 3613 2652 3702 pretiosum
2705 3613 2982 3682 virtutis
3029 3625 3098 3686 et

523 3700 785 3789 gratiae
817 3700 1223 3770 thesaurum
1275 3701 1341 3768 in
1393 3722 1472 3768 ea
1508 3700 1740 3780 latere,
1779 3722 1988 3786 quem
2027 3706 2203 3771 Deus
2244 3702 2540 3771 mitteret
2587 3701 2656 3768 in
2711 3702 3087 3782 mundum,

522 3787 609 3856 ob
657 3789 1119 3858 exhortandos
1165 3801 1230 3858 et
1275 3788 1673 3858 excitandos
1725 3790 2012 3858 miseros
2065 3802 2477 3879 peccatores,
2518 3800 2592 3859 ut
2634 3790 2806 3859 vitae
2839 3791 2908 3858 in
2947 3813 3098 3859 me-

524 3875 663 3946 lius
711 3877 1249 3947 commutandae
1298 3876 1612 3947 sedulam
1666 3889 1999 3948 navarent
2045 3899 2352 3968 operam.
2387 3884 2461 3946 ln
2500 3901 2580 3948 eo
2628 3879 2840 3958 enim,
2878 3901 3092 3965 quem

525 3965 853 4046 diximus,
896 3966 1042 4037 loco
1076 3965 1406 4046 solitario,
1459 3966 1788 4035 continue
1837 3967 2228 4036 macerabat
2265 3980 2331 4036 et
2367 3967 2826 4038 mortificabat
2865 3980 3094 4036 tener-

524 4055 786 4125 rimum
834 4078 953 4125 cor
1006 4055 1333 4124 usculum
1385 4076 1620 4134 suum,
1662 4055 1890 4126 sobrie
1937 4069 2001 4125 et
2052 4076 2256 4146 parce
2303 4077 2383 4124 ac
2431 4055 2699 4124 duriter
2749 4056 2922 4124 illud
2964 4057 3092 4124 ha-

524 4144 773 4223 hendo,
810 4144 881 4212 in
984 4143 1129 4214 uris
1177 4142 1497 4212 cubando
1546 4145 1922 4214 asseribus:
1977 4144 2185 4215 unico
2226 4156 2545 4213 contenta
2595 4166 2810 4230 eoque
2857 4145 2978 4213 vili
3017 4168 3095 4212 o-

527 4231 910 4324 perimento
942 4286 956 4312 ,
1011 4245 1076 4300 et
1124 4253 1403 4301 carnem
1460 4232 1722 4302 nudam
1772 4231 2051 4302 nodosis
2101 4232 2449 4323 stringens
2498 4231 2882 4302 chordulis.
2941 4233 3096 4302 Fuit

524 4342 682 4389 vero
729 4319 1027 4410 eleganti
1074 4321 1384 4409 corporis
1459 4320 1679 4390 forma
1713 4375 1727 4401 ,
1786 4331 2070 4390 venusta
2119 4320 2331 4401 facie,
2385 4335 2450 4390 et
2496 4321 2845 4411 imprimis
2896 4333 3097 4412 grata

524 4420 728 4498 atque
777 4409 1102 4478 amabilis
1137 4465 1152 4490 ‚
1211 4409 1477 4478 tametsi
1528 4408 1649 4478 illa
1697 4431 2010 4500 semper,
2064 4409 2236 4480 dum
2286 4409 2417 4479 suit
2484 4410 2557 4479 in
2624 4431 2912 4502 corpore
2943 4464 2964 4490 ,
3030 4423 3095 4479 et
