3327 4999
158 378 387 446 MART.
446 381 491 443 6
1076 398 1154 443 nr,
1204 398 1259 444 s.
1313 397 1547 445 comm
1592 398 1762 445 vnio.
2524 378 2607 444 73

153 492 573 574 paupertate,
610 494 677 551 et
742 481 1003 569 absque
1032 480 1178 550 ullo
1217 482 1665 572 operimento,
1729 480 1934 552 sicuti
1997 482 2308 552 Christus
2359 481 2593 552 nudus
2623 480 2694 549 in

155 593 343 640 cruce
390 570 731 662 pependit
768 575 920 658 (a).

239 662 273 747 ξ
319 665 488 732 (u.
546 663 642 729 Ea
677 661 871 741 hora,
913 682 1053 748 qua
1101 660 1447 751 migravit,
1484 661 1554 729 in
1605 659 2027 748 quibusdam
2077 659 2537 741 monasteriiS,
2576 682 2700 729 au-

149 748 316 818 ditae
381 761 563 818 sunt
627 772 826 820 voces
892 750 1093 842 longe
1154 749 1609 819 suavissimae
1658 749 2082 819 cantantium
2136 749 2601 839 Angelorum,
2661 769 2700 817 e

149 838 386 924 quibus
438 860 594 908 una
641 837 742 908 sic
789 860 831 907 a
878 838 1236 909 nonnullis
1302 838 1529 907 dicere
1577 839 1816 908 audita
1863 850 2004 908 est:
2067 838 2494 908 Venerabilis
2543 836 2700 906 reli-

152 928 323 1017 giosa
359 949 572 999 soror
618 926 841 996 Coleta
880 928 1201 1019 migravit
1229 927 1314 997 ad
1354 927 1748 997 Dominum.
1803 933 1879 997 In
1931 926 2229 1014 quodam
2283 928 2700 998 monasterio

147 1016 304 1103 ejus,
342 1038 560 1087 soror
586 1016 924 1103 quaedam
961 1039 1127 1108 prae
1160 1017 1446 1086 caeteris
1476 1018 1755 1086 amabat
1785 1016 2107 1087 Coletam.
2144 1016 2219 1085 Ei
2253 1016 2370 1086 illa
2398 1016 2700 1085 moriens

148 1119 296 1175 ante
352 1105 671 1175 mediam
723 1117 990 1175 noctem
1040 1129 1126 1197 ap
1182 1105 1363 1175 aruit
1409 1105 1480 1174 in
1530 1106 1810 1196 regione
1856 1106 2235 1196 longinqua
2284 1107 2579 1175 moranti
2626 1105 2698 1174 in

149 1195 360 1264 forma
414 1194 899 1286 pulcherrima
944 1207 1011 1264 et
1057 1218 1138 1286 sp
1171 1193 1649 1276 endidissima‚
1697 1195 1810 1266 sed
1863 1194 1949 1264 ob
1992 1194 2274 1263 nimiam
2311 1194 2692 1264 claritatem

143 1282 379 1352 faciem
434 1283 597 1375 ejus
644 1283 873 1353 videre
923 1306 1056 1353 non
1106 1284 1349 1375 potuit.
1406 1288 1482 1353 In
1518 1283 1653 1352 alio
1697 1282 2110 1354 monasterio
2154 1283 2384 1371 procul
2446 1294 2702 1352 remoto

145 1394 329 1443 soror
374 1372 729 1459 quaedam
779 1394 1216 1463 summopere
1263 1372 1582 1463 cupiebat
1630 1372 1860 1442 videre
1898 1394 2076 1453 eam,
2114 1371 2505 1459 multasque
2539 1371 2699 1440 iun-

145 1459 341 1530 debat
388 1462 481 1530 ad
536 1460 1002 1530 beatissimam
1054 1462 1332 1531 Mariam
1386 1483 1644 1551 preceS,
1683 1474 1760 1531 ut
1797 1483 1921 1551 per
1948 1483 2097 1530 eam
2136 1473 2365 1551 posset
2411 1481 2695 1550 compos

147 1549 288 1619 fieri
315 1551 461 1620 voti
503 1550 640 1618 sui.
687 1549 973 1618 Putabat
1016 1551 1223 1632 enim,
1266 1550 1322 1621 si
1358 1550 1456 1619 vel
1507 1556 1649 1620 unzi
1701 1550 1868 1620 hora
1917 1549 2196 1620 vidisset
2228 1572 2403 1630 eam,
2444 1549 2511 1619 id
2560 1548 2696 1619 sibi

147 1660 419 1728 semper
448 1638 920 1729 profuturum.
953 1643 1040 1707 Ea
1075 1640 1286 1731 igitur
1318 1652 1533 1719 nocte,
1624 1651 1729 1708 ost
1760 1661 1969 1727 quam
2020 1639 2189 1708 obiit
2236 1638 2482 1721 Coleta‚
2525 1638 2698 1708 vidit

150 1749 181 1798 s
310 1727 740 1797 iosissimam
806 1727 1155 1814 quandam
1230 1741 1294 1798 et
1340 1750 1583 1797 venera
1639 1728 1800 1797 ilem
1852 1727 2233 1804 dominam,
2289 1728 2493 1817 cujus
2549 1726 2707 1817 pul-

156 1838 192 1884 c
243 1816 470 1885 titudo
523 1815 739 1885 nullis
788 1828 1013 1906 posset
1062 1817 1283 1887 verbis
1329 1817 1681 1907 explicari.
1721 1817 1883 1907 Ejus
1930 1815 2143 1886 facies
2183 1839 2468 1906 prorsus
2501 1815 2703 1885 lucu-

164 1901 340 1972 lenta
374 1905 531 1984 fuit,
589 1904 812 1974 instar
857 1904 1161 1994 crystalli
1210 1906 1347 1974 soli
1393 1906 1769 1997 oppositae.
1805 1911 2010 1975 Porro
2048 1920 2147 1975 ter
2181 1928 2302 1996 per
2328 1905 2703 1975 oratorium

174 1991 673 2074 deambulabat,
707 1994 1257 2082 sequebaturque
1282 2016 1434 2063 eam
1467 2017 1635 2084 puer
1662 1995 2246 2085 elegantissimuS,
2287 1993 2458 2064 facie
2491 2014 2708 2081 aeque

176 2078 422 2162 lucida,
469 2083 680 2152 semel
731 2095 933 2169 atque
980 2084 1229 2155 iterum
1281 2083 1379 2152 sic
1428 2082 1702 2153 dicens:
1743 2107 1778 2149 «
1814 2089 1981 2153 Ecce
2031 2105 2223 2152 soror
2270 2082 2514 2163 Coleta‚
2550 2104 2709 2151 ecce

180 2190 366 2238 soror
394 2171 629 2241 Coleta.
669 2194 705 2237 »
737 2177 907 2241 Tum
957 2194 1112 2241 vero
1161 2194 1355 2241 soror
1403 2172 1570 2242 haec
1619 2172 1859 2241 videns
1905 2183 1971 2240 et
2017 2172 2333 2253 audiens,
2370 2172 2547 2241 miro
2575 2171 2706 2241 fuit

176 2257 438 2347 perfusa
481 2260 767 2351 gaudio,
823 2261 1003 2347 quod
1056 2272 1363 2330 cerneret
1409 2283 1586 2342 eam,
1641 2261 1849 2348 cujus
1896 2260 2220 2330 visendae
2260 2282 2535 2330 summo
2591 2261 2707 2330 ssa-

169 2362 421 2436 grasset
449 2348 822 2419 desiderio:
860 2371 1160 2437 cumque
1206 2349 1404 2419 vellet
1450 2363 1755 2420 caeteras
1802 2349 2180 2418 inclamare
2228 2371 2518 2431 sororeS,
2568 2371 2706 2420 non

170 2437 381 2526 potuit
414 2460 649 2508 vocem
681 2439 1087 2530 exprimere.
1142 2439 1428 2509 Putabat
1460 2452 1687 2511 autem
1740 2438 1912 2509 velle
1949 2460 2100 2508 eam
2151 2437 2428 2508 visitare
2471 2460 2710 2508 mona-

171 2527 473 2597 sterium:
528 2527 789 2597 dictum
839 2530 1024 2598 enim
1074 2541 1219 2598 erat
1266 2530 1326 2597 ei
1376 2528 1605 2598 adhuc
1658 2529 1973 2610 novitiae,
2010 2527 2194 2615 quod
2227 2528 2430 2597 etiam
2468 2527 2537 2597 in
2572 2528 2711 2618 spi-
2753 2564 2756 2567 >

173 2614 299 2684 ritu
341 2617 649 2687 visitaret
699 2618 1133 2687 monasteria.
1189 2624 1553 2706 Postquam
1603 2640 1763 2688 vero
1809 2618 1893 2687 ad
1945 2617 2330 2687 dormitorii
2379 2616 2558 2686 fores
2601 2639 2711 2685 ve-

174 2702 283 2782 nit,
327 2704 447 2774 illa
480 2706 781 2775 evanuit.
829 2705 1075 2776 Eodem
1113 2707 1248 2788 die,
1282 2708 1516 2798 eoipso
1553 2720 1879 2796 tempore,
1933 2728 2073 2794 quo
2121 2706 2343 2776 Coleta
2391 2704 2705 2787 decessit,

166 2815 350 2863 soror
402 2794 570 2864 haec
622 2794 767 2865 sola
813 2796 1124 2887 ingressa
1171 2807 1273 2867 est
1321 2796 1391 2864 in
1441 2797 1842 2877 oratorium,
1901 2795 2186 2865 Domino
2237 2815 2474 2886 preces
2523 2793 2713 2862 obla-

166 2892 337 2952 tura:
394 2905 699 2970 cumque
747 2906 817 2953 se
865 2885 1302 2955 submisisset
1351 2886 1422 2953 in
1473 2907 1723 2976 genua,
1780 2906 1933 2953 mox
1981 2884 2246 2954 audivit
2295 2905 2489 2954 voces
2537 2882 2711 2952 altas

160 2984 221 3040 et
265 2972 497 3041 claras
544 2974 831 3062 grandis
878 2973 1368 3055 multitudini5‚
1422 2974 1680 3062 quibus
1734 2973 2085 3043 suaviores
2147 2974 2216 3041 in
2267 2973 2395 3042 hoc
2448 2972 2711 3041 mundo

246 3061 427 3150 rcipi
475 3082 614 3131 non
664 3073 962 3151 possent3
1016 3062 1445 3149 sublatisque
1482 3063 1553 3132 in
1606 3061 1875 3132 coelum
1924 3062 2168 3142 oculis,
2235 3061 2405 3131 vidit
2464 3060 2713 3130 faciem

190 3149 617 3231 aculeatam,
651 3173 859 3237 quam
896 3163 1091 3220 nocte
1123 3151 1404 3230 viderat,
1435 3152 1504 3220 in
1536 3150 1763 3220 medio
1797 3164 1932 3220 tam
1959 3150 2253 3220 dulciter
2281 3151 2706 3220 canentium.

164 3239 302 3307 Etsi
352 3250 584 3307 autem
636 3239 806 3309 nihil
864 3239 1112 3309 horum
1170 3254 1310 3310 tum
1364 3240 1797 3331 intelligeret,
1841 3240 1952 3331 pie
1982 3251 2209 3308 tamen
2243 3239 2714 3308 crediditesse

161 3347 314 3396 eam
370 3326 630 3396 Coletae
680 3328 1186 3398 lucidissimam
1237 3330 1585 3410 animam,
1639 3351 1847 3416 quam
1901 3327 2135 3420 Angeli
2187 3328 2257 3396 in
2307 3328 2532 3398 coelos
2595 3326 2714 3395 de-

165 3414 520 3484 ducerent.
576 3416 740 3486 Aliis
785 3439 1060 3505 quoque
1109 3418 1384 3488 duabus
1431 3441 1551 3508 per
1597 3417 1824 3488 visum
1874 3430 2146 3487 ostensa
2190 3431 2292 3486 est
2334 3417 2568 3486 anima
2599 3420 2718 3484 Co-

169 3501 341 3573 letae
407 3525 564 3574 cum
633 3506 848 3575 multa
913 3506 1135 3598 gloria
1192 3519 1257 3576 et
1322 3507 1698 3577 reverentia
1745 3530 1785 3576 a
1834 3507 2091 3576 sanctis
2140 3519 2204 3575 et
2252 3506 2528 3596 Angelis
2580 3505 2714 3578 fre-

167 3592 645 3679 quentissimis
691 3594 854 3664 duci
901 3596 970 3663 in
1022 3594 1335 3676 coelum,
1380 3596 1618 3666 multis
1649 3618 1799 3665 eam
1838 3596 2287 3683 sequentibus
2317 3593 2711 3676 animabuS,

169 3695 499 3781 quas-‘ut
545 3682 758 3753 altera
803 3689 884 3753 ex
932 3684 1018 3753 iis
1065 3684 1257 3768 vidit,
1311 3684 1429 3755 illa
1476 3685 1622 3755 suis
1677 3684 1935 3754 meritis
1983 3697 2047 3753 et
2096 3684 2419 3778 precibus
2466 3705 2502 3752 e
2553 3705 2716 3774 pur-

174 3783 455 3861 gatorns
503 3772 744 3862 poenis
792 3772 1138 3856 liberarat,
1183 3773 1518 3845 hactenus
1567 3775 1665 3844 ibi
1715 3775 2047 3844 detentas.

225 3987 293 4039 (a)
322 3990 509 4030 Coletoe
528 3990 645 4041 (non
662 3999 749 4039 per
774 3993 1000 4042 Apocopen
1036 3992 1089 4031 ut
1109 4000 1249 4040 sopra
1267 3992 1315 4030 in
1336 3991 1526 4030 exordio
1562 3991 1709 4039 hujus
1740 3989 1967 4030 historiae
1992 4000 2016 4030 e
2037 3989 2237 4037 quadam
2262 3990 2375 4028 nota
2392 3988 2561 4028 leviter
2595 3997 2721 4027 acce·

182 4044 309 4090 ptum
329 4044 741 4091 deprehendimus,
767 4046 849 4084 sed
870 4055 955 4094 per
976 4046 1232 4095 Apueresffm
1250 4055 1305 4085 ex
1326 4045 1553 4092 Nicoleta)
1577 4045 1671 4084 fuit.
1688 4048 1936 4093 paternum
1962 4052 2220 4091 cognomen
2239 4043 2389 4082 Boua.
2407 4043 2519 4091 EJus
2549 4051 2722 4090 corpus

184 4093 397 4135 Gendivo
418 4095 706 4138 Poiiniecum
727 4099 775 4138 in
806 4099 983 4139 Gallias
1013 4099 1298 4138 translatum
1321 4109 1347 4137 a
1365 4099 1678 4148 migrantibus
1699 4098 1815 4146 ipsis
1837 4096 2107 4136 Collectinis
2134 4096 2579 4136 sanctimonialibus
2600 4106 2721 4135 nuno

184 4156 509 4190 mxxxiii.
531 4151 779 4191 Gnlncuns
814 4154 1057 4201 mutante
1076 4162 1237 4192 rerum
1266 4151 1526 4197 eversione,
1545 4152 1855 4200 reliquiarum
1878 4151 1921 4190 S.
1942 4150 2131 4190 Coletae
2167 4151 2485 4189 incolumitati
2522 4148 2724 4188 feliciter

187 4203 431 4247 provisum.
451 4204 495 4244 S,
518 4205 753 4256 virginem
770 4205 1013 4246 miraculis
1033 4207 1082 4244 et
1100 4207 1404 4246 veneratione
1421 4205 1776 4245 celeberrimam
1796 4203 1950 4244 officio
1964 4204 2157 4253 proprio
2171 4204 2263 4244 coli
2279 4205 2378 4252 jem
2393 4202 2724 4244 concesserant

188 4259 384 4302 quatuor
404 4257 580 4299 Summi
600 4259 876 4304 Pontificem
905 4259 1009 4309 eius
1029 4260 1328 4299 canonizatio
1356 4259 1593 4299 celebrate
1611 4259 1686 4298 est.
1705 4267 1828 4298 nmo
1852 4258 2031 4297 saeculi
2049 4258 2199 4298 nostri
2217 4259 2430 4308 septimo.
