3327 4999
734 359 862 423 628
1481 374 1559 421 nn
1606 375 1660 422 s.
1716 372 1999 427 mulcro
2040 308 2341 422 mscopo
2697 353 2802 419 Ex
2850 353 3070 420 sssr‘r.
3133 353 3176 418 3

642 455 1051 526 revelatione
1096 476 1175 524 co
1227 475 1539 536 noscens,
1593 452 2023 525 severissime
2053 476 2168 526 eos
2217 452 2650 544 objurgavit:
2701 452 2820 525 sed
2865 474 3024 523 cum
3058 470 3179 525 eos

645 545 1018 646 poeniteret
1070 543 1140 612 id
1216 543 1453 627 coisse,
1507 544 1578 612 in
1626 544 1920 636 gratiam
1968 542 2125 615 illos
2173 543 2451 633 recepit,
2503 541 2886 615 admonens
2930 554 3006 613 ut
3055 543 3179 614 de-

640 652 883 726 inceps
929 633 1266 705 cautiores
1312 644 1559 703 essent.
2260 646 2265 653 '

727 726 764 811 ξ
822 729 957 796 11.
1010 725 1228 806 Quam
1277 744 1432 793 vero
1464 734 1612 813 post
1660 722 1829 793 haec
1876 735 2109 793 sancte
2164 733 2230 792 et
2275 721 2593 814 religiose
2637 721 2880 791 beatus
2927 725 3174 792 Rema-

640 812 791 882 clus
840 812 1098 893 vixerit,
1134 811 1293 900 quis
1339 812 1505 883 satis
1534 834 2073 883 commemorare
2117 814 2370 900 queat?
2460 810 2568 881 uis
2616 811 2765 902 ejus
2796 831 2960 901 erga
2986 834 3181 882 com-—

642 901 933 973 missum
984 900 1119 992 ipsi
1160 923 1438 993 gregem
1487 901 1996 973 solicitudinem
2044 900 2375 993 explicet?
2486 899 2733 970 onebat
2785 921 3048 983 omnes,
3102 917 3185 971 ut

638 1015 680 1060 a
725 990 1145 1062 blandientis
1192 991 1438 1062 mundi
1484 990 1846 1062 lenociniis
1894 992 2026 1061 sibi
2064 1000 2402 1074 caverent,
2441 1013 2481 1060 a
2526 990 2715 1060 curis
2764 989 3008 1060 mundi
3038 991 3178 1061 hu—

632 1081 755 1170 jus
801 1102 874 1150 se
906 1079 1392 1162 subducerent,
1446 1079 1781 1151 fraternae
1820 1082 1970 1171 paci
2005 1093 2070 1150 et
2114 1079 2518 1152 concordiae
2567 1079 2942 1162 studerent,
2993 1080 3178 1150 viam

640 1169 1124 1240 mandatorum
1176 1170 1286 1239 Dei
1326 1169 1863 1327 inoffensoipede
1904 1173 2215 1252 tererent,
2271 1169 2612 1240 mundum
2660 1179 2725 1238 et
2770 1168 2921 1258 ejus
2977 1170 3180 1261 cupi-

641 1259 886 1330 ditates
931 1257 1339 1340 fastidirent,
1390 1270 1456 1328 et
1500 1282 1627 1330 ceu
1700 1261 1853 1329 oeni
1883 1260 2120 1331 florem
2171 1259 2359 1330 brevi
2407 1270 2909 1337 exarescentem
2943 1280 3180 1351 prom-

639 1350 777 1440 ptis
813 1348 1066 1419 animis
1112 1348 1494 1430 calcarent,
1539 1347 1858 1419 coelestia
1913 1361 2140 1420 mente
2184 1360 2251 1420 et
2309 1349 2575 1419 actione
2619 1361 3180 1419 consectarentur

638 1451 704 1507 et
749 1450 1166 1530 appeterent.
1221 1443 1527 1527 Cumque
1575 1439 1644 1507 in
1695 1438 1805 1510 his
1851 1450 2236 1510 versaretur
2264 1493 2279 1522 ,
2348 1438 2592 1530 majori
2663 1438 2886 1529 coepit
2932 1437 3178 1508 ardere

637 1526 977 1598 desiderio
1027 1527 1310 1598 liberius
1358 1526 1648 1597 vacandi
1687 1532 1843 1609 De0‚
1891 1540 1968 1598 ut
2014 1540 2244 1620 posset
2288 1549 2496 1615 quam
2533 1526 2891 1625 suavisxsit
2936 1529 3175 1598 Domi—

640 1640 799 1696 nus,
856 1629 1153 1710 gustare.
1220 1617 1509 1708 Optabat
1582 1636 1740 1687 vero
1786 1617 2091 1706 aliquam
2137 1616 2273 1689 sibi
2320 1617 2653 1688 rationem
2719 1615 2989 1687 oStendi
3036 1638 3179 1704 qua

641 1704 914 1777 facilius
963 1707 1030 1776 id
1079 1706 1435 1777 obtineret.
1490 1711 1612 1776 Per
1659 1706 1730 1776 id
1789 1719 2060 1799 tempus
2107 1707 2498 1800 sigebertus
2546 1712 2684 1777 Rex
2743 1706 2892 1775 loca
2937 1705 3178 1777 divino

638 1795 858 1867 cultui
893 1796 1375 1887 mancipanda,
1413 1796 1485 1867 in
1518 1795 1777 1884 quibus
1809 1818 1942 1868 non
1992 1810 2186 1867 erant
2216 1796 2406 1880 lociS,
2444 1814 2605 1867 cum
2638 1795 2903 1888 ingenti
2950 1796 3173 1867 animi

636 1885 992 1956 devotione
1036 1885 1394 1956 condebat:
1447 1885 1725 1956 condita
1762 1886 1865 1957 'vel
1892 1909 1933 1957 a
1971 1909 2065 1967 se,
2097 1886 2198 1957 vel
2230 1909 2271 1956 a.
2294 1886 2730 1977 superiorum
2780 1896 3173 1976 temporum

638 1976 962 2066 RegibuS‚
1002 1975 1500 2066 benignissima
1548 1975 1860 2068 largitate
1903 1987 1970 2046 et
2012 1975 2264 2067 opibus
2317 1974 2782 2056 sustentabat,
2835 1986 3040 2061 atque
3089 1997 3175 2045 ne

640 2064 912 2135 debitus
961 2069 1093 2135 Deo
1141 2064 1372 2137 cultus
1402 2064 1561 2136 'illic
1611 2063 2286 2166 negligereturffitam
2336 2065 2515 2136 beati
2579 2063 2907 2147 Remacli,
2956 2085 3171 2153 quam

635 2164 1058 2224 caeterorum
1108 2154 1538 2225 sacerdotum
1588 2154 1946 2247 vigilantia
1980 2155 2289 2225 curabat.
3263 2238 3266 2241 Δ

723 2246 759 2331 ξ
805 2248 954 2316 12.
1010 2248 1085 2313 In
1136 2265 1214 2313 eo
1268 2243 1416 2315 loco
1462 2266 1669 2332 quem
1720 2244 2403 2336 Casaecongidunum
2450 2253 2716 2325 vocant,
2769 2243 2852 2313 ad
2906 2246 3173 2313 Sesma·

636 2354 789 2402 rum
825 2332 1139 2415 fluvium,
1194 2332 1375 2402 idem
1426 2339 1563 2404 Rex
1594 2356 1957 2426 procerum
2006 2334 2297 2405 consilio
2335 2334 2404 2403 in
2454 2333 2784 2403 honorem
2819 2333 3170 2424 Apostolo-

636 2442 791 2491 rum
840 2421 1017 2492 Petri
1055 2435 1120 2492 et
1166 2421 1361 2507 Pauli
1390 2435 1593 2512 atque
1637 2424 1921 2497 Joannis
1949 2424 2360 2495 coenobium
2399 2423 2708 2494 condidit
2751 2422 2936 2511 quod
2966 2445 3006 2492 a
3061 2434 3170 2492 tus

632 2512 973 2582 videretur
1021 2512 1080 2582 is
1138 2512 1329 2585 locus
1389 2515 1884 2584 monachorum
1950 2515 2356 2586 habitationi
2403 2527 2468 2584 et
2530 2513 2889 2584 instituto:
2956 2513 2979 2583 i
3030 2534 3166 2600 que

633 2624 761 2673 sua
798 2600 1203 2673 liberalitate
1232 2602 1491 2685 ditavit,
1543 2605 1853 2696 egregios
1889 2605 2003 2675 Dei
2050 2626 2281 2676 servos
2309 2605 2379 2674 in
2429 2603 2600 2673 illud
2649 2601 2957 2683 adduxit,
2992 2624 3171 2690 quo-

631 2712 789 2761 rum
836 2692 1113 2762 beatum
1147 2691 1547 2762 Remaclum
1582 2693 1797 2764 voluit
1842 2716 1989 2764 esse
2036 2695 2453 2796 provisorem
2501 2704 2705 2781 atque
2749 2692 2950 2762 etiam
3011 2714 3165 2762 ma—

631 2780 924 2871 gistrum
971 2793 1038 2851 et
1068 2781 1551 2862 institutorem,
1606 2793 1685 2851 ut
1729 2805 1810 2853 ex
1856 2805 1933 2854 eo
1980 2783 2326 2855 discerent
2369 2781 2849 2853 convenienter
2895 2793 3175 2852 sancto-

541 2871 545 2886 '
631 2893 788 2940 rum
839 2882 1110 2961 patrum
1184 2869 1534 2941 traditioni
1581 2870 1827 2942 vivere.
1880 2877 2070 2943 Extat
2134 2873 2473 2961 hodieque
2533 2871 2728 2942 locus
2774 2870 3109 2941 orationis
3149 2927 3167 2954 ,

629 2959 780 3050 ejus
810 2961 1016 3051 opera
1063 2959 1133 3028 in
1175 2980 1348 3051 rupe
1404 2960 1697 3042 excisuS‚
1752 2960 1823 3031 in
1871 2983 2008 3050 quo
2062 2962 2442 3033 etiamnum
2495 2960 2676 3031 male
2749 2959 3174 3032 habentibus

632 3060 1064 3140 praestantur
1110 3047 1442 3118 beneficia
1472 3050 1933 3134 curationum.
1971 3049 2119 3121 Illic
2147 3052 2333 3122 enim
2369 3052 2474 3121 vir
2520 3049 2998 3123 sanctissimus
3028 3053 3174 3119 Deo

632 3158 780 3208 sese
827 3136 1145 3219 hostiam,
1191 3137 1481 3229 je‘uniis
1526 3150 1592 3209 et
1637 3139 1892 3232 vigiliis
1939 3153 2387 3223 maceratam,
2443 3139 2853 3228 aliquandiu
2897 3138 3176 3209 obtule-

627 3238 754 3308 rat,
807 3239 873 3296 et
920 3226 1183 3297 Christo
1257 3227 1644 3300 amiliarius
1690 3230 2125 3320 conjunctus,
2177 3230 2449 3300 divinae
2498 3228 3066 3320 contemplationi
3098 3223 3178 3300 se

627 3315 1022 3397 dediderat,
1077 3329 1280 3405 atque
1344 3317 1669 3390 salutaris
1716 3318 2064 3390 doctrinae
2119 3319 2373 3411 pluviis
2421 3319 2854 3391 subditorum
2893 3330 3175 3409 pectora

627 3403 970 3497 irrigarat.
1035 3406 1130 3476 Ad
1178 3407 1329 3499 ejus
1386 3408 1659 3478 tandem
1712 3409 1843 3478 loci
1921 3420 2336 3500 pertaesum,
2399 3409 2743 3479 incertum
2791 3429 3001 3495 quam
3081 3407 3173 3478 ob

626 3517 908 3566 causam
938 3552 953 3579 ,
1016 3495 1152 3569 nisi
1190 3496 1373 3585 quod
1422 3497 1606 3568 fama
1638 3498 1913 3589 sparsit,
1950 3499 2180 3570 locum
2211 3497 2412 3569 illum
2442 3497 2696 3568 multas
2743 3497 3177 3588 persensisse

628 3584 979 3659 molestias
1026 3607 1067 3656 a
1116 3586 1614 3677 potentioribus
1658 3587 1782 3675 qui
1814 3588 2266 3660 circumcirca
2298 3587 2769 3659 morabantur:
2809 3586 2998 3677 regia
3044 3609 3177 3657 au-

625 3674 934 3746 ctoritate
979 3687 1046 3745 et
1092 3675 1497 3749 necessariis
1525 3676 1895 3748 comitibus
1935 3679 2247 3749 munitus
2296 3690 2578 3748 sanctus
2607 3676 3011 3778 EpiscopuS,
3047 3681 3177 3745 Ar-

628 3763 980 3836 duennam
1029 3765 1317 3856 sylvam,
1369 3766 1747 3858 paludibus
1786 3778 1850 3838 et
1879 3767 2234 3840 montibus
2264 3766 2690 3859 impeditam,
2744 3776 2933 3858 petit:
2977 3768 3179 3836 War-

624 3853 955 3925 chinnam
1009 3854 1311 3926 rivulum
1379 3856 1681 3927 accedit:
1735 3856 1992 3927 invenit
2061 3856 2204 3927 illic
2265 3867 2448 3928 certa
2493 3854 2796 3939 indicia,
2850 3854 2999 3926 loca
3046 3853 3181 3925 illa

621 3944 973 4032 quondam
1022 3943 1446 4016 idololatriae
1477 3944 1686 4018 fuisse
1721 3946 2135 4038 mancipata;
2169 3945 2536 4017 erantillic
2584 3944 2649 4015 la
2701 3945 2871 4029 ides,
2906 3944 3178 4015 Dianae

618 4045 684 4102 et
731 4033 799 4103 id
860 4055 1081 4125 genus
1137 4035 1546 4125 portentosis
1594 4036 1997 4107 nominibus
2043 4036 2385 4128 inscripti,
2439 4036 2542 4106 vel
2590 4056 2627 4105 e
2704 4035 2851 4137 gies
2912 4055 3169 4105 eorum

620 4121 984 4194 habentes:
1037 4120 1257 4195 fontes
1304 4124 1536 4207 etiam,
1590 4124 1955 4195 hominum
1987 4125 2269 4214 quidem
2310 4124 2553 4197 usibus
2599 4137 2765 4216 apti,
2823 4123 2940 4193 sed
2990 4145 3178 4214 gen-

619 4211 861 4283 tilismi
907 4213 1257 4285 erroribus
1302 4214 1570 4306 polluti,
1641 4227 1846 4303 atque
1893 4215 1979 4286 ob
2029 4215 2098 4285 id
2145 4216 2526 4287 etiamnum
2578 4213 2998 4284 daemonum
3050 4213 3172 4281 in-

618 4299 959 4373 festationi
1005 4302 1304 4374 obnoxii.
1350 4304 1571 4396 Igitur
1617 4304 1933 4378 adhibita
1976 4304 2410 4376 ad'uratione
2438 4326 2557 4395 per
2604 4302 2853 4374 Christi
2880 4312 3168 4371 'nomen

616 4401 682 4491 et
729 4396 794 4461 S.
831 4392 1066 4463 Crucis
1114 4392 1313 4495 signo
1351 4415 1695 4485 expresso,
1750 4395 1977 4467 locum
2025 4394 2225 4465 ilum
2274 4394 2360 4465 ad
2394 4393 2810 4465 daemonum
2841 4391 3180 4462 incursa-

616 4491 799 4552 none
853 4481 1227 4553 vindicavit
1280 4493 1347 4553 et
1411 4483 1743 4575 expiavit,
1806 4506 2100 4574 moxque
2146 4507 2325 4574 aqua
2385 4485 2473 4554 ab
2528 4482 2677 4573 ipso
2729 4502 2855 4552 suo
2926 4492 3180 4552 meatu
