3327 4999
126 318 342 382 MART.
395 319 436 382 6
1028 340 1105 385 na
1156 338 1211 384 s.
1266 338 1501 385 cornu
1550 337 1720 384 v1nc.
2487 320 2574 383 45

126 413 428 485 foeminae
451 416 777 504 undique
806 417 891 486 ad
924 440 1073 487 eam
1107 419 1615 499 confluxerunt,
1655 430 1934 487 sanctae
1967 416 2323 508 religionis
2351 416 2663 485 habitum

121 504 194 573 ab
233 526 302 573 ea
335 517 677 596 petentes.
734 511 918 590 Quas
979 506 1098 576 illa
1144 507 1577 586 examinanS,
1633 506 1920 575 admisit
1968 528 2143 592 quas
2205 506 2469 595 putavit
2519 505 2668 575 ido-

121 613 279 661 neas
332 599 431 663 Ita
482 616 704 685 parvo
753 595 974 686 spatio
1033 594 1292 663 multae
1342 617 1414 663 se
1456 594 1556 664 illi
1607 595 2100 684 adjunxerunt,
2156 598 2527 680 coactaque
2565 605 2669 663 est

122 695 364 771 propter
427 684 791 774 ingentem
847 682 1367 752 multitudinem
1419 685 1677 773 augere
1725 684 2057 753 coenobia
2119 696 2265 752 tum
2327 683 2663 767 fratrum,

120 784 239 836 tum
283 794 636 840 sororum.
696 776 776 840 Ut
822 771 1004 840 enim
1069 773 1141 839 in
1211 794 1424 859 supra
1492 785 1872 841 memorata
1940 771 2201 839 visione
2251 770 2540 841 terribili
2599 792 2671 839 o-

116 870 392 929 stensum
435 860 506 929 ei
556 871 726 942 erat,
762 882 840 929 ex
870 860 1061 928 omni
1098 859 1235 928 fere
1284 860 1649 929 hominum
1703 882 1976 960 genere,
2027 882 2068 927 a
2099 860 2358 946 quibus
2405 859 2671 950 gravis-

113 946 260 1015 sime
303 950 622 1018 offensus
669 961 815 1017 erat
864 954 1038 1017 Deus
1071 1001 1086 1027 ,
1139 948 1223 1017 ad
1279 953 1342 1016 S.
1400 948 1745 1018 Francisci
1817 948 2107 1019 Ordines
2173 963 2307 1017 tres
2360 970 2482 1016 seu
2537 947 2663 1016 tria

112 1035 396 1106 instituta
444 1060 523 1106 se
555 1036 779 1115 ,multi
812 1036 1277 1115 contulerunt,
1332 1038 1554 1106 acturi
1604 1038 2101 1126 poenitentiam
2150 1048 2216 1104 et
2275 1041 2488 1105 Deum
2540 1035 2673 1105 sibi

110 1126 553 1195 conciliaturi.
601 1125 795 1208 Quod
847 1125 1085 1211 utique
1136 1126 1339 1195 fiebat
1388 1131 1594 1215 opera
1647 1125 1911 1195 Coletae
1965 1124 2282 1215 virginis,
2335 1124 2674 1210 quemad-

114 1213 375 1282 modum
410 1215 589 1284 satis
630 1227 967 1285 testantur
1017 1214 1433 1282 monasteria
1468 1214 1538 1282 in
1574 1213 1868 1283 diversis
1920 1213 2368 1304 regionibuS,
2398 1214 2468 1281 in
2511 1219 2675 1283 Ger-

112 1303 341 1381 mania,
401 1303 721 1383 Francia,
777 1302 1204 1401 Burgundia,
1279 1302 1627 1373 Sabaudia
1674 1316 1740 1371 et
1787 1302 1955 1373 alibi
2007 1307 2088 1371 ea
2149 1314 2394 1390 agente
2441 1312 2671 1370 extru-

110 1402 222 1470 cta,
271 1392 373 1461 vel
429 1392 823 1460 reformata.
881 1396 948 1459 St
990 1390 1301 1476 quivero
1333 1404 1562 1460 essent
1600 1392 1720 1477 qui
1744 1392 1956 1480 justis
2006 1390 2391 1460 rationibus
2447 1390 2540 1458 im
2599 1411 2670 1458 e-

112 1476 240 1552 diti,
286 1480 419 1549 tale
451 1480 727 1549 vivendi
765 1501 985 1569 genus
1020 1478 1375 1569 suscipere
1407 1502 1542 1548 non
1594 1490 1897 1567 possent,
1933 1480 2167 1547 animo
2200 1491 2427 1547 tamen
2461 1411 2665 1545 valbe

109 1568 443 1657 conjuncti
494 1569 692 1637 fuere
723 1568 1007 1647 Coletae,
1047 1581 1253 1653 atque
1300 1568 1452 1656 ejus
1491 1567 1962 1637 reformationi
2009 1589 2144 1637 non
2196 1566 2419 1637 solum
2471 1587 2669 1654 egre-

152 1657 282 1724 ium
334 1658 670 1735 favorem,
721 1655 1097 1744 sedetiam
1156 1677 1291 1724 non
1352 1656 1696 1725 mediocre
1756 1655 2069 1725 studium
2118 1666 2184 1722 et
2231 1676 2429 1744 opem
2488 1664 2670 1723 attu-

109 1677 341 1813 ῗρηιῐιῑ.
398 1747 811 1836 Complures
845 1766 1011 1812 sane
1044 1756 1348 1833 spectata
1399 1744 1752 1814 nobilitate
1802 1744 2162 1824 foeminae,
2208 1743 2492 1822 divitiis,
2543 1743 2670 1810 llo-

116 1832 382 1902 noribus
430 1848 499 1903 et
548 1832 1035 1904 stemmatibus
1100 1834 1513 1923 contemptis
1544 1888 1559 1914 ‚
1616 1838 1682 1902 S.
1738 1833 1971 1902 Clarae
2045 1832 2438 1901 institutum
2489 1830 2671 1899 ultro

118 1922 449 2011 amplexae
484 1934 678 1993 sunt.
734 1926 809 1990 Et
843 1920 1025 2008 quod
1078 1921 1189 1989 his
1228 1921 1457 2009 majus
1505 1933 1629 1997 est,
1686 1921 1889 1990 multi
1938 1942 2143 1990 sexus
2190 1921 2556 2006 utriusque
2586 1941 2667 1987 ex

118 2011 423 2082 omnibus
465 2010 876 2080 monasticis
921 2009 1311 2089 ordinibus,
1361 2009 1710 2109 permissu
1759 2010 2198 2099 superiorum
2232 2030 2547 2088 suorum,
2584 2007 2671 2075 ad

121 2097 411 2250 foletana
464 2099 886 2170 monasteria
932 2098 1064 2166 sub
1112 2098 1538 2189 perfectioris
1609 2097 1784 2167 vitae
1845 2109 2197 2188 praetextu
2231 2118 2319 2165 wse
2370 2109 2673 2167 transtu·

143 2201 350 2255 erunt.

196 2276 230 2360 ξ
275 2281 420 2346 16.
478 2281 703 2357 Quam
734 2287 963 2345 autem
1056 2287 1199 2344 rata
1228 2274 1434 2343 fuerit
1462 2280 1593 2343 Deo
1628 2273 1946 2342 Coletana
1979 2270 2393 2352 reformatio,
2431 2294 2676 2359 quam-

124 2383 239 2446 que
260 2365 408 2452 ejus
441 2364 905 2434 sectatoribus
936 2386 1009 2433 sa
1044 2363 1283 2442 utaris,
1322 2363 1623 2450 quodam
1660 2361 1778 2431 ille
1810 2362 2010 2451 signo
2039 2361 2338 2430 evidenti
2377 2361 2678 2431 ostendit

125 2450 361 2523 Coletae
407 2453 712 2523 ancillae
747 2474 936 2524 suae.
975 2458 1142 2522 Cum
1173 2451 1361 2521 enim
1392 2451 1767 2539 aliquando
1793 2450 2132 2521 conferret
2162 2472 2321 2520 cum
2365 2449 2672 2538 quodam

124 2561 154 2605 e
202 2543 645 2613 confessariis
693 2542 841 2610 suis
887 2542 972 2610 de
1021 2543 1106 2609 iis
1157 2541 1363 2611 rebus
1408 2563 1586 2628 quae
1635 2541 1800 2610 huic
1851 2539 2364 2619 reformationi,
2420 2561 2678 2628 oppor-

128 2639 307 2700 tunae
351 2646 418 2700 et
468 2631 906 2700 necessariae
955 2629 1389 2709 videbantur,
1442 2643 1764 2698 cernente
1815 2640 2006 2719 patre
2055 2629 2196 2708 illo,
2252 2627 2545 2696 caelitus
2603 2627 2674 2695 in

124 2717 254 2814 ejus
296 2719 588 2788 brachia
636 2719 967 2818 delapsus
1010 2731 1112 2786 est
1165 2716 1524 2787 funiculus
1570 2718 1883 2804 quidam,
1941 2718 2118 2785 miro
2167 2715 2523 2786 confectus
2570 2736 2680 2784 ar-

128 2805 332 2888 tificio,
388 2809 617 2878 instar
681 2808 858 2876 nivis
926 2806 1291 2875 candidus,
1347 2813 1563 2888 Quem
1644 2806 1760 2875 illa
1837 2818 2221 2874 reverenter
2268 2803 2670 2893 accipiens»,

124 2894 488 2984 explicavit,
550 2895 723 2964 nihil
773 2908 1001 2964 tamen
1052 2916 1274 2981 neque
1325 2895 1551 2975 verbo,
1591 2915 1813 2980 neque
1857 2894 2055 2982 signo
2103 2894 2435 2980 cuiquam
2491 2892 2680 2960 indi-

128 3003 291 3054 cans.
346 2991 579 3055 Potest
628 2996 857 3053 autem
909 3006 1032 3074 per
1076 3005 1237 3052 eum
1273 2982 1671 3052 funiculum
1719 2983 1944 3071 accipi
1993 2993 2212 3051 status
2277 2982 2393 3051 ille
2442 2980 2683 3050 Refor-

128 3085 475 3153 matorum‚
516 3072 851 3142 funiculis
881 3094 953 3141 se
1000 3071 1471 3162 cingentium:
1525 3093 1646 3161 per
1693 3071 2090 3152 candorem,
2131 3070 2476 3140 munditia
2523 3091 2678 3139 cor-

129 3161 293 3255 poris
337 3174 403 3236 et
451 3163 734 3232 animae
781 3171 985 3247 atque
1032 3160 1495 3230 conscientiae
1523 3181 1662 3246 qua
1711 3158 1961 3229 debent
1992 3181 2142 3229 esse
2192 3158 2509 3249 praediti:
2561 3179 2683 3248 per

131 3246 184 3314 td
220 3251 397 3336 quod
450 3249 748 3321 coelitus
796 3250 1038 3339 lapsus
1087 3260 1211 3329 est,
1267 3259 1545 3339 gratum
1577 3269 1728 3317 esse
1770 3253 1900 3318 Deo
1950 3248 2137 3317 hunc
2185 3259 2466 3328 statum,
2501 3246 2685 3335 ejus-

130 3355 243 3420 que
290 3339 737 3428 professoreS,
791 3338 1143 3428 imprimis
1193 3359 1350 3406 vero
1380 3336 1605 3427 ipsius
1642 3335 2204 3406 reformatricem.

205 3427 237 3511 ἓ
279 3434 412 3500 12.
472 3434 764 3498 Sanctae
813 3426 1238 3516 paupertatis
1288 3426 1506 3494 virtus
1553 3447 1764 3512 quam
1802 3425 2013 3494 chara
2060 3423 2266 3495 fuerit
2314 3423 2485 3493 Filio
2537 3423 2677 3503 Dei,

135 3528 387 3604 propter
420 3539 551 3585 nos
584 3517 964 3595 incernam,
1004 3537 1084 3585 ex
1112 3514 1478 3604 Evangelio
1514 3525 1735 3604 potest
1763 3513 2244 3582 animadverti.
2285 3518 2444 3581 Earn
2475 3511 2682 3611 etiam

135 3601 227 3670 sui
263 3604 565 3675 instituti
616 3604 1147 3674 fundamentum
1199 3625 1349 3673 esse
1395 3602 1614 3673 voluit
1679 3602 2123 3673 beatissimus
2172 3614 2364 3692 pater
2409 3606 2687 3670 Franc1-

138 3709 300 3771 scus,
355 3693 616 3763 Christi
660 3705 726 3762 et
780 3698 827 3761 A
880 3691 1259 3762 ostolorum
1308 3692 1461 3781 ejus
1512 3701 1809 3761 sectator
1853 3690 2409 3760 ardentissimus.
2465 3690 2690 3758 Coleta

136 3797 388 3866 quoque
435 3783 632 3872 virgo
682 3803 815 3870 pru
867 3781 1227 3850 entissime
1279 3781 1367 3850 ab
1422 3781 1622 3849 initio
1675 3801 1900 3866 usque
1964 3779 2051 3849 ad
2101 3779 2309 3847 finem
2378 3779 2690 3868 impense

138 3887 263 3936 earn
303 3871 584 3948 amavit,
626 3871 778 3961 ejus
827 3869 1055 3938 studio
1088 3868 1447 3938 facultates
1477 3891 1721 3939 omnes
1757 3869 2187 3959 pauperibus
2235 3866 2524 3955 elargita
2558 3877 2683 3946 est,

144 3963 439 4045 tantoque
488 3959 635 4028 zelo
707 3980 860 4027 eam
920 3979 1194 4048 semper
1239 3957 1476 4036 coluit,
1520 3968 1597 4027 ut
1645 3957 1734 4026 ab
1781 3978 1860 4026 eo
1915 3970 2220 4046 tempore
2271 3977 2408 4042 quo
2457 3955 2541 4024 ad
2606 3959 2690 4023 E-

144 4047 470 4135 vangelica
521 4046 817 4117 consilia
849 4046 1173 4117 sectanda
1204 4058 1439 4115 vocata
1468 4045 1617 4126 fuit,
1657 4067 2041 4132 numquam
2074 4045 2426 4135 deincepS‚
2462 4065 2689 4131 quan-

148 4136 370 4205 tumvis
420 4157 760 4226 magnum
810 4137 1084 4225 urgeret
1113 4135 1298 4225 gelu,
1331 4134 1506 4204 alias
1556 4134 1810 4204 habere
1843 4147 2059 4204 vestes
2109 4133 2424 4212 voluerit,
2483 4154 2686 4223 prae-

149 4227 228 4285 ter
270 4222 584 4294 habitum
635 4223 879 4303 vilem,
936 4245 1231 4310 eumque
1279 4223 1635 4304 refectum,
1704 4223 2012 4292 tunicam
2062 4244 2277 4291 unam
2341 4243 2478 4291 non
2540 4220 2689 4291 suf-

154 4303 387 4406 fultam,
464 4312 586 4383 sed
637 4310 1063 4402 simplicem,
1121 4311 1551 4402 palliumque
1599 4311 1917 4401 simplex.
1975 4317 2187 4398 Atque
2251 4311 2380 4380 hoc
2445 4309 2691 4378 habitu

153 4407 231 4462 uti
273 4401 482 4471 voluit
532 4423 671 4469 non
726 4421 1007 4490 prorsus
1056 4423 1252 4483 nov0,
1293 4399 1411 4473 sed
1450 4400 1546 4471 vel
1601 4401 1878 4492 partim,
1933 4400 2038 4469 vel
2086 4422 2166 4469 ex
2202 4411 2398 4468 totoe
2450 4419 2682 4488 panno
