3327 4999
168 348 425 416 MART.
475 346 558 415 ⁴3
913 369 991 415 mc
1040 367 1097 416 s.
1145 367 1502 418 NICRPHORO
1563 368 1964 417 urmatten».
2503 354 2636 419 289

173 469 454 518 summa
502 446 743 517 fuerat:
797 447 1107 535 quicum
1149 448 1361 540 impie
1411 450 1691 521 sentiret
1732 447 1812 519 et'
1845 447 2025 550 apud
2079 451 2177 519 Im
2235 457 2562 521 eratorem
2604 473 2726 521 au-

170 535 483 606 ctoritate
513 547 740 627 posset
773 550 973 606 antea
1007 537 1415 627 plurimum,
1441 560 1556 609 eos
1591 538 1971 609 mendaciis
1991 550 2057 607 et
2083 537 2171 606 do
2205 537 2292 629 is,
2323 538 2726 630 impruden-

174 638 284 695 ter
308 624 949 712 inconsiderateque
973 626 1310 708 confictis,
1350 627 1418 696 in
1454 627 1827 717 impietatis
1864 627 2262 696 barathrum
2301 627 2718 718 impellebat.

176 719 273 783 Eo
304 713 513 805 igitur
557 727 836 804 propter
883 714 1146 805 flagitia
1191 716 1471 802 quaein
1522 721 1736 786 Deum
1785 715 2179 798 admiserat,
2225 737 2365 787 uno
2411 716 2724 786 omnium

181 824 525 874 consensu
553 815 619 873 et
657 803 925 872 cunctis
968 816 1113 873 tum
1166 826 1577 896 magnorum
1640 810 1740 873 Im
1795 817 2165 887 eratorum‚
2222 816 2366 874 tum
2423 805 2727 875 universi

174 904 411 962 coetus
458 891 912 961 Ecclesiastici
945 892 1295 983 suffragiis
1344 916 1383 963 a
1431 915 1622 964 sacra
1659 915 1730 963 se
1783 916 1819 963 e
1857 915 2016 963 cum
2060 893 2443 985 ignominia
2485 895 2719 985 eject0,

178 980 562 1050 methodius
605 981 712 1050 vir
755 993 823 1050 et
854 981 989 1050 vita
1023 993 1085 1050 et
1134 980 1447 1051 doctrina
1494 981 1691 1052 valde
1738 983 2069 1073 probatus
2112 994 2177 1051 et
2208 982 2328 1069 qui
2368 1004 2491 1072 pro
2546 981 2722 1052 veri-

178 1081 312 1139 tate
341 1080 406 1139 et
433 1068 763 1160 religione
798 1070 1137 1160 permulta
1178 1072 1555 1141 certamina
1585 1069 1952 1162 etlongum
1987 1069 2269 1139 exilium
2322 1069 2718 1161 pertulerat,

175 1170 380 1245 atque
427 1158 589 1227 inde
621 1158 845 1249 plagis
877 1169 944 1228 et
986 1180 1257 1228 carcere
1302 1159 1427 1229 diu
1471 1160 1823 1230 cruciatus
1872 1158 2205 1240 redierat,
2273 1158 2599 1228 omnibus
2648 1159 2720 1227 in

175 1247 508 1337 dignitate
534 1247 922 1317 constitutis
956 1248 1525 1338 approbantibus,
1563 1248 1821 1319 electus
1851 1260 1952 1317 est
1988 1248 2109 1335 qui
2140 1269 2404 1317 sacram
2442 1247 2721 1338 reginae

173 1336 460 1406 urbium
496 1335 788 1405 civitatis
828 1335 1055 1407 sedem
1091 1337 1445 1408 obtineret.
1482 1342 1671 1406 Tunc
1703 1337 1939 1407 Niceae
1969 1336 2354 1406 secundum
2389 1336 2724 1427 divinitus

170 1425 466 1494 electum
518 1436 833 1495 sanctum
869 1426 1391 1495 oecumenicum
1427 1426 1834 1507 Concilium,
1887 1424 2071 1513 quod
2121 1431 2357 1494 Irenae
2411 1429 2721 1514 Impera·-

172 1514 391 1594 tricis,
432 1534 668 1582 verum
704 1514 792 1583 ab
849 1513 1002 1604 ipsa
1106 1534 1224 1583 ace
1273 1536 1523 1583 nomen
1578 1514 1897 1585 habentis
1945 1526 2011 1584 et
2074 1512 2383 1583 Tharasii
2435 1513 2722 1583 maximi

169 1601 695 1689 beatissimique
751 1602 1048 1672 Patriarc
1104 1624 1183 1672 ae
1220 1602 1450 1673 studio
1513 1603 1935 1673 celebratum
1984 1613 2109 1683 est,
2163 1601 2405 1695 merito
2443 1601 2719 1671 firmam

169 1690 474 1762 obtinuit
522 1692 993 1761 auctoritatem
1029 1712 1108 1760 ac
1166 1691 1400 1774 robur,
1435 1713 1597 1761 curn
1656 1713 1896 1761 omnes
1949 1712 2148 1778 quae,
2200 1695 2332 1760 Deo
2373 1691 2723 1780 aspirante

173 1781 243 1849 in
315 1780 468 1870 ipso
542 1779 813 1849 decreta
871 1779 1188 1863 fuerant,
1244 1781 1792 1872 comprobarent.
1851 1786 2044 1850 Tunc
2098 1801 2337 1849 omnes
2381 1781 2722 1851 Ecclesiae

174 1890 382 1940 suum
418 1867 679 1955 ubique
725 1868 937 1938 decus
987 1881 1389 1959 receperunt
1427 1881 1493 1939 et
1538 1868 2033 1939 venerabilium
2071 1868 2454 1937 imaoeinum
2493 1868 2724 1959 splen-

174 1957 339 2027 dore
387 1956 693 2037 fuerunt,
746 1956 1149 2027 illustratae:
1186 1958 1553 2048 ejectisque
1600 1957 1742 2026 illis
1787 1957 1908 2045 qui
1956 1979 2071 2027 eas
2119 1924 2375 2026 nefarie
2428 1955 2721 2027 insecta-

170 2047 451 2147 bantur,
508 2045 894 2146 sacerdotes
942 2046 1014 2114 in
1061 2046 1161 2117 eis
1190 2068 1270 2115 ac
1317 2046 1554 2126 duces,
1607 2045 1775 2115 recti
1819 2045 2161 2135 dogmatis
2210 2044 2523 2127 studiosi,
2560 2056 2723 2116 sunt

171 2146 557 2204 constitum.

274 2225 313 2310 ξ
366 2226 526 2294 1⁰.
578 2222 1044 2306 Quadriennio
1101 2223 1121 2291 i
1177 2223 1314 2292 itur
1361 2234 1534 2313 post,
1588 2222 2101 2293 sacratissimus
2149 2220 2555 2303 Methodius,
2621 2221 2724 2290 di-

174 2311 341 2380 vino
391 2309 896 2401 plane‘Spiritu
941 2312 1140 2402 impu
1173 2334 1315 2394 suS,
1382 2324 1767 2403 opportune
1817 2309 2293 2401 sapienterque
2343 2311 2530 2401 piam
2581 2315 2722 2379 Iin-

177 2398 584 2491 peratricem
651 2399 1070 2471 Theodoram
1145 2400 1545 2481 admonuit,
1597 2422 1734 2469 non
1787 2422 1938 2470 esse
1999 2422 2080 2469 ex
2127 2400 2405 2490 Imperii
2452 2412 2519 2469 et
2566 2399 2724 2468 Rei-

177 2485 500 2579 publicae
530 2488 887 2582 dignitate,
939 2489 1118 2577 quod
1173 2489 1601 2561 venerandus
1631 2502 1698 2559 et
1745 2487 1921 2560 inter
1967 2488 2394 2559 Patriarchas
2429 2487 2721 2558 illustris

181 2576 601 2667 Nicephorus
646 2578 766 2666 qui
795 2601 919 2668 pro
948 2579 1283 2669 gloriosae
1316 2579 1756 2666 sinceraeque
1804 2578 1962 2648 fidei
2009 2577 2404 2648 defensione
2451 2600 2490 2646 a
2525 2600 2721 2649 sacra

181 2664 344 2734 sede
380 2665 733 2757 depulSUS,
790 2668 858 2736 in
908 2666 1311 2758 longissimo
1357 2668 1559 2737 exilio
1608 2666 1977 2738 defunctus
2009 2677 2175 2748 erat,
2229 2665 2713 2757 negligeretur:

179 2753 302 2824 sed
348 2756 537 2824 omni
598 2755 824 2825 studio
871 2754 1261 2826 curandum
1309 2779 1492 2838 esse,
1551 2769 1626 2827 ut
1680 2756 1995 2825 divinum
2043 2778 2295 2846 corpus
2361 2754 2581 2845 ipsius
2641 2755 2714 2822 in

174 2842 516 2914 civitatem
588 2857 1073 2935 reportaretur.
1126 2844 1481 2932 «Alioquin
1517 2845 1767 2937 ingrati
1814 2843 2031 2915 animi
2091 2843 2333 2913 vitium
2371 2898 2386 2924 ,
2437 2842 2712 2930 inquit,

170 2953 311 3002 non
360 2932 797 3016 evitabimuS,
852 2933 909 3004 si
962 2944 1111 3035 post
1143 2945 1431 3004 mortem
1464 2935 1667 3004 etiarn
1706 2933 1936 3034 ipsum
1989 2933 2060 3001 in
2089 2931 2315 3011 exilio,
2360 2944 2715 3018 tamquam

162 3021 325 3111 jure
357 3021 792 3103 damnatum,
856 3022 1379 3110 reliquerimus:
1432 3037 1834 3113 praesertim
1882 3044 2042 3091 cum
2096 3042 2229 3090 non
2290 3020 2715 3111 ignoremuS,

172 3132 289 3180 eos
336 3111 459 3198 qui
506 3133 584 3180 ex
634 3132 878 3202 genere
909 3122 1102 3181 erant
1146 3111 1426 3203 ioseph,
1481 3112 1551 3180 in
1605 3109 2101 3180 benedictionis
2149 3121 2338 3200 parte
2377 3109 2715 3200 posuisse,

168 3211 250 3270 ut
295 3199 514 3290 patris
544 3222 699 3268 ossa
745 3211 897 3290 post
941 3200 1236 3288 quadrin
1292 3212 1481 3270 entos
1531 3200 1669 3268 sere
1714 3221 1932 3270 annos
1962 3220 2041 3268 ex
2079 3201 2379 3289 Aegypto
2427 3198 2497 3267 in
2550 3197 2721 3266 Cha-

171 3287 558 3357 nanitidem
592 3301 1047 3378 exportarent.
1101 3223 1292 3371 Quoffi
1342 3310 1502 3359 cum
1549 3289 1644 3357 ita
1676 3288 1786 3369 sit,
1840 3308 1965 3358 nos
2004 3287 2124 3374 qui
2154 3309 2401 3357 sumus
2446 3286 2719 3377 pietatis

169 3377 323 3457 filii,
366 3376 634 3447 diutius
682 3378 936 3467 privari
982 3377 1326 3467 patiemur
1372 3376 1587 3467 patris
1634 3376 1825 3445 illius
1883 3375 2289 3466 praesentia,
2342 3397 2382 3444 a
2428 3396 2563 3463 quo
2610 3373 2721 3443 di-

173 3465 355 3536 vinis
420 3464 852 3536 documentis
922 3466 1202 3537 enutriti
1268 3470 1558 3537 sumus?
1619 3469 1799 3534 Haec
1858 3463 2137 3551 quidem
2189 3465 2500 3534 omniurn
2548 3484 2722 3550 quas

173 3555 488 3625 intuetur
516 3553 641 3626 sol.
686 3556 964 3625 urbium
1017 3554 1604 3656 praestantissima
1644 3568 1710 3622 et
1745 3552 1929 3644 regia
1970 3552 2232 3634 civitas,
2284 3552 2461 3622 saevi
2520 3550 2721 3621 ducis

173 3656 379 3732 atque
434 3643 725 3733 pastoris
774 3645 882 3715 sui
914 3643 1242 3730 reliquias
1291 3653 1561 3712 sanctas
1609 3641 1950 3711 desiderat
1996 3664 2171 3730 quas
2215 3641 2326 3732 pie
2370 3650 2721 3711 conservet

169 3746 235 3803 et
283 3732 491 3802 colat.
548 3733 795 3822 Sponsi
858 3732 969 3801 sui
1018 3730 1401 3822 praesentia
1469 3731 1741 3800 fruatur
1807 3752 2087 3800 rursum
2150 3728 2372 3820 ipsius
2419 3728 2723 3799 Ecclesia

168 3820 679 3901 amantissima,
717 3834 783 3891 et
813 3842 949 3908 quo
994 3821 1145 3889 vivo
1176 3819 1635 3910 injustissima
1686 3818 2127 3910 Imperatoris
2178 3839 2389 3887 manu
2429 3817 2724 3908 spoliata

170 3911 326 3991 fuit,
383 3910 637 3978 mortui
673 3931 947 4000 corpus,
985 3920 1331 3978 annuente
1362 3909 1670 3979 studiosa
1711 3908 2003 3998 pastoris
2033 3906 2497 3997 Imperatrice,
2534 3927 2725 3978 com-

173 3999 539 4099 plectatur.
595 3998 826 4068 Cernis
873 3997 1460 4085 quemadmodum
1510 3997 1622 4066 hic
1654 3996 1978 4088 populus,
2012 3996 2132 4082 qui
2165 4016 2286 4086 per
2332 4008 2395 4065 te
2436 4016 2725 4067 securus

174 4108 245 4154 in
291 4108 451 4155 vera
501 4085 830 4177 religione
866 4086 1313 4174 conquiescit,
1369 4085 1760 4156 incredibili
1809 4084 2036 4154 studio
2085 4097 2238 4175 post
2283 4096 2574 4154 mortem
2620 4095 2721 4153 et-

180 4173 341 4256 iam,
392 4175 646 4265 spiritu
676 4196 907 4244 vocem
947 4176 1098 4264 ejits
1145 4176 1387 4245 audire
1442 4173 1919 4265 concupiscit?
1967 4173 2158 4255 Quod
2208 4172 2267 4244 si
2316 4172 2726 4243 tabernacu-

178 4261 327 4331 lum
372 4266 522 4354 ejus
563 4275 831 4333 tantum
879 4263 967 4333 ad
1002 4286 1074 4333 se
1121 4263 1413 4335 relatum
1462 4264 1837 4356 aspexerit,
1891 4284 1963 4335 se
2008 4262 2206 4331 illurn
2256 4263 2277 4331 i
2333 4284 2488 4331 sum
2538 4282 2724 4331 rece-

181 4349 363 4442 pisse
392 4353 773 4444 spirantem
813 4352 1233 4423 existimabit
1279 4364 1343 4422 et
1393 4364 1746 4440 tamquam
1779 4352 2178 4421 thesaurum
2227 4373 2266 4420 a
2298 4351 2529 4437 iquem
2567 4371 2725 4451 pre-

177 4439 633 4512 tiosissimum
665 4442 984 4512 recondet
1000 4454 1065 4511 et
1090 4441 1550 4512 observabit.»
1568 4443 1689 4513 His
1711 4441 2033 4534 precibus
2053 4452 2119 4512 et
2139 4438 2726 4511 cohortationibus

333 4571 580 4634 surius
612 4599 637 4616 -
690 4567 848 4631 Vitae
873 4568 981 4637 ΕΗ.
1015 4601 1040 4615 ·
1066 4568 1194 4635 Vol.
1238 4569 1341 4633 111.
2413 4569 2488 4627 1⁹
