<?xml version="1.0" encoding="UTF-8"?>
<!DOCTYPE html PUBLIC "-//W3C//DTD XHTML 1.0 Transitional//EN"
    "http://www.w3.org/TR/xhtml1/DTD/xhtml1-transitional.dtd">
<html xmlns="http://www.w3.org/1999/xhtml" xml:lang="en" lang="en">
 <head>
  <title>
</title>
<meta http-equiv="Content-Type" content="text/html;charset=utf-8" />
  <meta name='ocr-system' content='tesseract 3.04.00' />
  <meta name='ocr-capabilities' content='ocr_page ocr_carea ocr_par ocr_line ocrx_word'/>
</head>
<body>
  <div class='ocr_page' id='page_1' title='image "./historiaeseuvit04lippgoog_0420.png"; bbox 0 0 3327 4999; ppageno 0'>
   <div class='ocr_carea' id='block_1_1' title="bbox 685 301 3169 373">
    <p class='ocr_par' dir='ltr' id='par_1_1' title="bbox 685 301 3169 373">
     <span class='ocr_line' id='line_1_1' title="bbox 685 301 3169 373; baseline -0.003 -1"><span class='ocrx_word' id='word_1_1' title='bbox 685 308 818 373; x_wconf 74' lang='lat'>406</span> <span class='ocrx_word' id='word_1_2' title='bbox 1221 323 1301 369; x_wconf 73' lang='lat' dir='ltr'>nn</span> <span class='ocrx_word' id='word_1_3' title='bbox 1350 322 1404 369; x_wconf 86' lang='lat' dir='ltr'>s.</span> <span class='ocrx_word' id='word_1_4' title='bbox 1459 321 1824 370; x_wconf 64' lang='lat' dir='ltr'>cumauro</span> <span class='ocrx_word' id='word_1_5' title='bbox 1872 321 2074 369; x_wconf 70' lang='lat' dir='ltr'>muse.</span> <span class='ocrx_word' id='word_1_6' title='bbox 2125 319 2529 369; x_wconf 67' lang='lat' dir='ltr'>mesmmv.</span> <span class='ocrx_word' id='word_1_7' title='bbox 2773 301 3021 366; x_wconf 82' lang='lat' dir='ltr'><strong>MART.</strong></span> <span class='ocrx_word' id='word_1_8' title='bbox 3077 302 3169 365; x_wconf 73' lang='lat'>20</span> 
     </span>
    </p>
   </div>
   <div class='ocr_carea' id='block_1_2' title="bbox 587 403 3196 4450">
    <p class='ocr_par' dir='ltr' id='par_1_2' title="bbox 592 403 3196 2692">
     <span class='ocr_line' id='line_1_2' title="bbox 605 403 3167 497; baseline -0.003 -20"><span class='ocrx_word' id='word_1_9' title='bbox 605 430 715 478; x_wconf 87' lang='lat' dir='ltr'>me</span> <span class='ocrx_word' id='word_1_10' title='bbox 762 408 831 477; x_wconf 91' lang='lat' dir='ltr'>in</span> <span class='ocrx_word' id='word_1_11' title='bbox 870 407 1001 477; x_wconf 90' lang='lat' dir='ltr'>hac</span> <span class='ocrx_word' id='word_1_12' title='bbox 1063 407 1423 475; x_wconf 81' lang='lat' dir='ltr'>mansione</span> <span class='ocrx_word' id='word_1_13' title='bbox 1461 407 1661 497; x_wconf 84' lang='lat' dir='ltr'>juxta</span> <span class='ocrx_word' id='word_1_14' title='bbox 1708 405 2082 476; x_wconf 91' lang='lat' dir='ltr'>oratorium</span> <span class='ocrx_word' id='word_1_15' title='bbox 2141 427 2377 474; x_wconf 88' lang='lat' dir='ltr'>meum</span> <span class='ocrx_word' id='word_1_16' title='bbox 2444 404 2527 473; x_wconf 90' lang='lat' dir='ltr'>ad</span> <span class='ocrx_word' id='word_1_17' title='bbox 2583 403 2944 472; x_wconf 81' lang='lat' dir='ltr'>meridiem</span> <span class='ocrx_word' id='word_1_18' title='bbox 2991 425 3167 472; x_wconf 90' lang='lat' dir='ltr'>con-</span> 
     </span>
     <span class='ocr_line' id='line_1_3' title="bbox 598 491 3168 585; baseline -0.002 -19"><span class='ocrx_word' id='word_1_19' title='bbox 598 507 701 566; x_wconf 91' lang='lat' dir='ltr'>tra</span> <span class='ocrx_word' id='word_1_20' title='bbox 753 494 1153 565; x_wconf 80' lang='lat' dir='ltr'>orientalem</span> <span class='ocrx_word' id='word_1_21' title='bbox 1224 506 1502 563; x_wconf 88' lang='lat' dir='ltr'>sanctae</span> <span class='ocrx_word' id='word_1_22' title='bbox 1554 495 1792 564; x_wconf 83' lang='lat' dir='ltr'>Crucis</span> <span class='ocrx_word' id='word_1_23' title='bbox 1845 494 2147 585; x_wconf 78' lang='lat' dir='ltr'>plagam,</span> <span class='ocrx_word' id='word_1_24' title='bbox 2201 514 2409 579; x_wconf 90' lang='lat' dir='ltr'>quam</span> <span class='ocrx_word' id='word_1_25' title='bbox 2461 492 2722 562; x_wconf 87' lang='lat' dir='ltr'>ibidem</span> <span class='ocrx_word' id='word_1_26' title='bbox 2777 491 2987 559; x_wconf 82' lang='lat' dir='ltr'>erexi.</span> <span class='ocrx_word' id='word_1_27' title='bbox 3049 496 3168 561; x_wconf 89' lang='lat' dir='ltr'>Est</span> 
     </span>
     <span class='ocr_line' id='line_1_4' title="bbox 599 580 3163 670; baseline -0.003 -16"><span class='ocrx_word' id='word_1_28' title='bbox 599 597 832 654; x_wconf 89' lang='lat' dir='ltr'>autem</span> <span class='ocrx_word' id='word_1_29' title='bbox 883 583 967 652; x_wconf 93' lang='lat' dir='ltr'>ad</span> <span class='ocrx_word' id='word_1_30' title='bbox 1003 582 1475 669; x_wconf 75' lang='lat' dir='ltr'>Aquilonalem</span> <span class='ocrx_word' id='word_1_31' title='bbox 1524 583 1833 667; x_wconf 82' lang='lat' dir='ltr'>eiusdem</span> <span class='ocrx_word' id='word_1_32' title='bbox 1870 582 2151 651; x_wconf 86' lang='lat' dir='ltr'>oratorii</span> <span class='ocrx_word' id='word_1_33' title='bbox 2200 591 2461 670; x_wconf 89' lang='lat' dir='ltr'>partem</span> <span class='ocrx_word' id='word_1_34' title='bbox 2515 580 2988 668; x_wconf 81' lang='lat' dir='ltr'>sarcophagus</span> <span class='ocrx_word' id='word_1_35' title='bbox 3020 591 3163 647; x_wconf 90' lang='lat' dir='ltr'>ter-</span> 
     </span>
     <span class='ocr_line' id='line_1_5' title="bbox 599 667 3165 760; baseline -0.002 -19"><span class='ocrx_word' id='word_1_36' title='bbox 599 670 718 742; x_wconf 81' lang='lat' dir='ltr'>rae</span> <span class='ocrx_word' id='word_1_37' title='bbox 750 672 1007 760; x_wconf 83' lang='lat' dir='ltr'>cespite</span> <span class='ocrx_word' id='word_1_38' title='bbox 1054 671 1357 749; x_wconf 88' lang='lat' dir='ltr'>abditus,</span> <span class='ocrx_word' id='word_1_39' title='bbox 1395 692 1602 757; x_wconf 88' lang='lat' dir='ltr'>quem</span> <span class='ocrx_word' id='word_1_40' title='bbox 1651 671 1818 739; x_wconf 90' lang='lat' dir='ltr'>olim</span> <span class='ocrx_word' id='word_1_41' title='bbox 1850 670 2018 739; x_wconf 87' lang='lat' dir='ltr'>mihi</span> <span class='ocrx_word' id='word_1_42' title='bbox 2064 670 2296 738; x_wconf 88' lang='lat' dir='ltr'>Cudda</span> <span class='ocrx_word' id='word_1_43' title='bbox 2329 667 2743 738; x_wconf 87' lang='lat' dir='ltr'>venerabilis</span> <span class='ocrx_word' id='word_1_44' title='bbox 2775 667 3001 737; x_wconf 88' lang='lat' dir='ltr'>Abbas</span> <span class='ocrx_word' id='word_1_45' title='bbox 3033 667 3165 736; x_wconf 86' lang='lat' dir='ltr'>do-</span> 
     </span>
     <span class='ocr_line' id='line_1_6' title="bbox 600 755 3156 847; baseline -0.002 -19"><span class='ocrx_word' id='word_1_46' title='bbox 600 761 811 829; x_wconf 91' lang='lat' dir='ltr'>navit.</span> <span class='ocrx_word' id='word_1_47' title='bbox 876 764 952 828; x_wconf 93' lang='lat' dir='ltr'>In</span> <span class='ocrx_word' id='word_1_48' title='bbox 1012 758 1143 826; x_wconf 90' lang='lat' dir='ltr'>boc</span> <span class='ocrx_word' id='word_1_49' title='bbox 1191 779 1445 847; x_wconf 90' lang='lat' dir='ltr'>corpus</span> <span class='ocrx_word' id='word_1_50' title='bbox 1496 780 1729 828; x_wconf 90' lang='lat' dir='ltr'>meum</span> <span class='ocrx_word' id='word_1_51' title='bbox 1796 758 2150 846; x_wconf 82' lang='lat' dir='ltr'>reponite,</span> <span class='ocrx_word' id='word_1_52' title='bbox 2213 755 2635 826; x_wconf 86' lang='lat' dir='ltr'>involventes</span> <span class='ocrx_word' id='word_1_53' title='bbox 2696 756 2764 823; x_wconf 92' lang='lat' dir='ltr'>in</span> <span class='ocrx_word' id='word_1_54' title='bbox 2834 755 3156 835; x_wconf 88' lang='lat' dir='ltr'>sindone,</span> 
     </span>
     <span class='ocr_line' id='line_1_7' title="bbox 599 843 3158 934; baseline -0.002 -18"><span class='ocrx_word' id='word_1_55' title='bbox 599 870 811 934; x_wconf 88' lang='lat' dir='ltr'>quam</span> <span class='ocrx_word' id='word_1_56' title='bbox 863 846 1228 916; x_wconf 86' lang='lat' dir='ltr'>invenietis</span> <span class='ocrx_word' id='word_1_57' title='bbox 1278 846 1453 915; x_wconf 90' lang='lat' dir='ltr'>istic.</span> <span class='ocrx_word' id='word_1_58' title='bbox 1517 846 1719 917; x_wconf 90' lang='lat' dir='ltr'>Nolui</span> <span class='ocrx_word' id='word_1_59' title='bbox 1784 847 2065 933; x_wconf 90' lang='lat' dir='ltr'>quidem</span> <span class='ocrx_word' id='word_1_60' title='bbox 2129 848 2209 913; x_wconf 74' lang='lat' dir='ltr'>ea</span> <span class='ocrx_word' id='word_1_61' title='bbox 2275 846 2506 914; x_wconf 90' lang='lat' dir='ltr'>vivens</span> <span class='ocrx_word' id='word_1_62' title='bbox 2572 843 2797 923; x_wconf 90' lang='lat' dir='ltr'>indui,</span> <span class='ocrx_word' id='word_1_63' title='bbox 2855 843 2973 911; x_wconf 91' lang='lat' dir='ltr'>sed</span> <span class='ocrx_word' id='word_1_64' title='bbox 3029 865 3158 932; x_wconf 91' lang='lat' dir='ltr'>pro</span> 
     </span>
     <span class='ocr_line' id='line_1_8' title="bbox 600 932 3161 1020; baseline -0.002 -16"><span class='ocrx_word' id='word_1_65' title='bbox 600 956 835 1005; x_wconf 88' lang='lat' dir='ltr'>amore</span> <span class='ocrx_word' id='word_1_66' title='bbox 882 934 1171 1002; x_wconf 88' lang='lat' dir='ltr'>dilectae</span> <span class='ocrx_word' id='word_1_67' title='bbox 1233 940 1362 1003; x_wconf 91' lang='lat' dir='ltr'>Deo</span> <span class='ocrx_word' id='word_1_68' title='bbox 1427 934 1767 1004; x_wconf 82' lang='lat' dir='ltr'>foeminae</span> <span class='ocrx_word' id='word_1_69' title='bbox 1813 956 1991 1020; x_wconf 88' lang='lat' dir='ltr'>quae</span> <span class='ocrx_word' id='word_1_70' title='bbox 2052 934 2232 1002; x_wconf 89' lang='lat' dir='ltr'>hanc</span> <span class='ocrx_word' id='word_1_71' title='bbox 2282 933 2455 1002; x_wconf 86' lang='lat' dir='ltr'>mihi</span> <span class='ocrx_word' id='word_1_72' title='bbox 2506 932 2717 1011; x_wconf 89' lang='lat' dir='ltr'>misit,</span> <span class='ocrx_word' id='word_1_73' title='bbox 2759 937 3010 1000; x_wconf 84' lang='lat' dir='ltr'>vercae</span> <span class='ocrx_word' id='word_1_74' title='bbox 3061 932 3161 1000; x_wconf 90' lang='lat' dir='ltr'>vi-</span> 
     </span>
     <span class='ocr_line' id='line_1_9' title="bbox 601 1022 3155 1111; baseline -0.001 -20"><span class='ocrx_word' id='word_1_75' title='bbox 601 1022 849 1092; x_wconf 89' lang='lat' dir='ltr'>delicet</span> <span class='ocrx_word' id='word_1_76' title='bbox 895 1022 1314 1102; x_wconf 86' lang='lat' dir='ltr'>Abbatissae,</span> <span class='ocrx_word' id='word_1_77' title='bbox 1369 1022 1456 1090; x_wconf 89' lang='lat' dir='ltr'>ad</span> <span class='ocrx_word' id='word_1_78' title='bbox 1505 1022 2011 1091; x_wconf 88' lang='lat' dir='ltr'>obvolvendum</span> <span class='ocrx_word' id='word_1_79' title='bbox 2061 1043 2313 1111; x_wconf 89' lang='lat' dir='ltr'>corpus</span> <span class='ocrx_word' id='word_1_80' title='bbox 2364 1041 2594 1089; x_wconf 88' lang='lat' dir='ltr'>meum</span> <span class='ocrx_word' id='word_1_81' title='bbox 2646 1041 2993 1089; x_wconf 85' lang='lat' dir='ltr'>reservare</span> <span class='ocrx_word' id='word_1_82' title='bbox 3035 1042 3155 1089; x_wconf 92' lang='lat' dir='ltr'>cu-</span> 
     </span>
     <span class='ocr_line' id='line_1_10' title="bbox 597 1107 3153 1197; baseline -0.002 -17"><span class='ocrx_word' id='word_1_83' title='bbox 597 1110 816 1180; x_wconf 82' lang='lat' dir='ltr'>ravi.»</span> <span class='ocrx_word' id='word_1_84' title='bbox 850 1115 1029 1179; x_wconf 89' lang='lat' dir='ltr'>Haec</span> <span class='ocrx_word' id='word_1_85' title='bbox 1060 1132 1184 1197; x_wconf 78' lang='lat' dir='ltr'>ego</span> <span class='ocrx_word' id='word_1_86' title='bbox 1212 1110 1504 1179; x_wconf 88' lang='lat' dir='ltr'>audiens</span> <span class='ocrx_word' id='word_1_87' title='bbox 1532 1134 1545 1177; x_wconf 89' lang='lat'>:</span> <span class='ocrx_word' id='word_1_88' title='bbox 1582 1111 1950 1190; x_wconf 84' lang='lat' dir='ltr'>«ObsecrO,</span> <span class='ocrx_word' id='word_1_89' title='bbox 1992 1110 2304 1195; x_wconf 87' lang='lat' dir='ltr'>inquam,</span> <span class='ocrx_word' id='word_1_90' title='bbox 2436 1120 2556 1189; x_wconf 92' lang='lat' dir='ltr'>ter,</span> <span class='ocrx_word' id='word_1_91' title='bbox 2588 1108 2754 1195; x_wconf 90' lang='lat' dir='ltr'>quia</span> <span class='ocrx_word' id='word_1_92' title='bbox 2788 1107 3153 1176; x_wconf 85' lang='lat' dir='ltr'>infirmum</span> 
     </span>
     <span class='ocr_line' id='line_1_11' title="bbox 598 1195 3156 1285; baseline -0.001 -18"><span class='ocrx_word' id='word_1_93' title='bbox 598 1210 665 1267; x_wconf 89' lang='lat' dir='ltr'>et</span> <span class='ocrx_word' id='word_1_94' title='bbox 714 1199 1130 1267; x_wconf 91' lang='lat' dir='ltr'>moriturum</span> <span class='ocrx_word' id='word_1_95' title='bbox 1181 1209 1242 1266; x_wconf 93' lang='lat' dir='ltr'>te</span> <span class='ocrx_word' id='word_1_96' title='bbox 1272 1198 1506 1277; x_wconf 88' lang='lat' dir='ltr'>audi0,</span> <span class='ocrx_word' id='word_1_97' title='bbox 1554 1199 1826 1285; x_wconf 88' lang='lat' dir='ltr'>aliquos</span> <span class='ocrx_word' id='word_1_98' title='bbox 1856 1198 1942 1266; x_wconf 91' lang='lat' dir='ltr'>de</span> <span class='ocrx_word' id='word_1_99' title='bbox 1980 1197 2313 1267; x_wconf 89' lang='lat' dir='ltr'>fratribus</span> <span class='ocrx_word' id='word_1_100' title='bbox 2399 1197 2459 1266; x_wconf 92' lang='lat' dir='ltr'>ic</span> <span class='ocrx_word' id='word_1_101' title='bbox 2491 1197 2576 1264; x_wconf 92' lang='lat' dir='ltr'>ad</span> <span class='ocrx_word' id='word_1_102' title='bbox 2611 1195 3156 1265; x_wconf 88' lang='lat' dir='ltr'>ministrandum</span> 
     </span>
     <span class='ocr_line' id='line_1_12' title="bbox 600 1284 3157 1374; baseline -0.002 -18"><span class='ocrx_word' id='word_1_103' title='bbox 600 1286 726 1356; x_wconf 86' lang='lat' dir='ltr'>tibi</span> <span class='ocrx_word' id='word_1_104' title='bbox 774 1307 1130 1355; x_wconf 89' lang='lat' dir='ltr'>remanere</span> <span class='ocrx_word' id='word_1_105' title='bbox 1180 1287 1560 1374; x_wconf 78' lang='lat' dir='ltr'>permittas,</span> <span class='ocrx_word' id='word_1_106' title='bbox 1591 1308 1627 1352; x_wconf 85' lang='lat'>»</span> <span class='ocrx_word' id='word_1_107' title='bbox 1698 1292 1772 1355; x_wconf 76' lang='lat' dir='ltr'>At</span> <span class='ocrx_word' id='word_1_108' title='bbox 1820 1286 1934 1355; x_wconf 92' lang='lat' dir='ltr'>ille</span> <span class='ocrx_word' id='word_1_109' title='bbox 1979 1286 2106 1354; x_wconf 88' lang='lat' dir='ltr'>ait:</span> <span class='ocrx_word' id='word_1_110' title='bbox 2162 1290 2320 1353; x_wconf 84' lang='lat' dir='ltr'>«Ite</span> <span class='ocrx_word' id='word_1_111' title='bbox 2370 1284 2615 1353; x_wconf 91' lang='lat' dir='ltr'>modo:</span> <span class='ocrx_word' id='word_1_112' title='bbox 2671 1297 2978 1373; x_wconf 89' lang='lat' dir='ltr'>tempore</span> <span class='ocrx_word' id='word_1_113' title='bbox 3025 1306 3157 1352; x_wconf 89' lang='lat' dir='ltr'>au-</span> 
     </span>
     <span class='ocr_line' id='line_1_13' title="bbox 600 1372 3153 1464; baseline -0.002 -22"><span class='ocrx_word' id='word_1_114' title='bbox 600 1385 735 1443; x_wconf 86' lang='lat' dir='ltr'>tem</span> <span class='ocrx_word' id='word_1_115' title='bbox 786 1386 1177 1464; x_wconf 90' lang='lat' dir='ltr'>opportuno</span> <span class='ocrx_word' id='word_1_116' title='bbox 1227 1373 1529 1443; x_wconf 82' lang='lat' dir='ltr'>redite.»</span> <span class='ocrx_word' id='word_1_117' title='bbox 1572 1378 1877 1461; x_wconf 89' lang='lat' dir='ltr'>Cumque</span> <span class='ocrx_word' id='word_1_118' title='bbox 1924 1373 2328 1463; x_wconf 88' lang='lat' dir='ltr'>diligentius</span> <span class='ocrx_word' id='word_1_119' title='bbox 2366 1373 2758 1453; x_wconf 80' lang='lat' dir='ltr'>obsecrans,</span> <span class='ocrx_word' id='word_1_120' title='bbox 2815 1385 2893 1441; x_wconf 93' lang='lat' dir='ltr'>ut</span> <span class='ocrx_word' id='word_1_121' title='bbox 2942 1372 3153 1439; x_wconf 88' lang='lat' dir='ltr'>mini-</span> 
     </span>
     <span class='ocr_line' id='line_1_14' title="bbox 602 1459 3158 1552; baseline -0.002 -19"><span class='ocrx_word' id='word_1_122' title='bbox 602 1474 824 1533; x_wconf 87' lang='lat' dir='ltr'>strum</span> <span class='ocrx_word' id='word_1_123' title='bbox 878 1462 1279 1550; x_wconf 91' lang='lat' dir='ltr'>susciperet,</span> <span class='ocrx_word' id='word_1_124' title='bbox 1336 1483 1773 1549; x_wconf 85' lang='lat' dir='ltr'>nequaquam</span> <span class='ocrx_word' id='word_1_125' title='bbox 1825 1463 2196 1552; x_wconf 88' lang='lat' dir='ltr'>impetrare</span> <span class='ocrx_word' id='word_1_126' title='bbox 2252 1460 2573 1540; x_wconf 90' lang='lat' dir='ltr'>valerem,</span> <span class='ocrx_word' id='word_1_127' title='bbox 2614 1460 2887 1529; x_wconf 89' lang='lat' dir='ltr'>tandem</span> <span class='ocrx_word' id='word_1_128' title='bbox 2939 1459 3158 1528; x_wconf 87' lang='lat' dir='ltr'>inter-</span> 
     </span>
     <span class='ocr_line' id='line_1_15' title="bbox 600 1548 3196 1639; baseline -0 -22"><span class='ocrx_word' id='word_1_129' title='bbox 600 1550 860 1639; x_wconf 90' lang='lat' dir='ltr'>rogavi,</span> <span class='ocrx_word' id='word_1_130' title='bbox 922 1550 1201 1636; x_wconf 86' lang='lat' dir='ltr'>quando</span> <span class='ocrx_word' id='word_1_131' title='bbox 1268 1550 1678 1619; x_wconf 89' lang='lat' dir='ltr'>deberemus</span> <span class='ocrx_word' id='word_1_132' title='bbox 1728 1550 1992 1619; x_wconf 91' lang='lat' dir='ltr'>reverti.</span> <span class='ocrx_word' id='word_1_133' title='bbox 2048 1549 2177 1632; x_wconf 90' lang='lat' dir='ltr'>Qui</span> <span class='ocrx_word' id='word_1_134' title='bbox 2226 1548 2356 1618; x_wconf 88' lang='lat' dir='ltr'>ait:</span> <span class='ocrx_word' id='word_1_135' title='bbox 2412 1548 2762 1630; x_wconf 84' lang='lat' dir='ltr'>«Quando</span> <span class='ocrx_word' id='word_1_136' title='bbox 2809 1552 2989 1616; x_wconf 87' lang='lat' dir='ltr'>Deus</span> <span class='ocrx_word' id='word_1_137' title='bbox 3040 1570 3196 1616; x_wconf 84' lang='lat' dir='ltr'>vo·-</span> 
     </span>
     <span class='ocr_line' id='line_1_16' title="bbox 601 1636 3159 1727; baseline -0 -22"><span class='ocrx_word' id='word_1_138' title='bbox 601 1636 831 1719; x_wconf 92' lang='lat' dir='ltr'>luerit‚</span> <span class='ocrx_word' id='word_1_139' title='bbox 868 1651 932 1707; x_wconf 92' lang='lat' dir='ltr'>et</span> <span class='ocrx_word' id='word_1_140' title='bbox 961 1637 1107 1726; x_wconf 89' lang='lat' dir='ltr'>ipse</span> <span class='ocrx_word' id='word_1_141' title='bbox 1128 1638 1321 1707; x_wconf 91' lang='lat' dir='ltr'>vobis</span> <span class='ocrx_word' id='word_1_142' title='bbox 1346 1638 1792 1707; x_wconf 89' lang='lat' dir='ltr'>ostenderit.»</span> <span class='ocrx_word' id='word_1_143' title='bbox 1818 1638 2154 1718; x_wconf 82' lang='lat' dir='ltr'>Fecimus,</span> <span class='ocrx_word' id='word_1_144' title='bbox 2179 1649 2254 1706; x_wconf 86' lang='lat' dir='ltr'>ut</span> <span class='ocrx_word' id='word_1_145' title='bbox 2264 1637 2593 1727; x_wconf 89' lang='lat' dir='ltr'>jusserat.</span> <span class='ocrx_word' id='word_1_146' title='bbox 2622 1636 3159 1722; x_wconf 89' lang='lat' dir='ltr'>Convocatisque</span> 
     </span>
     <span class='ocr_line' id='line_1_17' title="bbox 604 1724 3158 1816; baseline -0 -24"><span class='ocrx_word' id='word_1_147' title='bbox 604 1745 762 1793; x_wconf 87' lang='lat' dir='ltr'>mox</span> <span class='ocrx_word' id='word_1_148' title='bbox 810 1727 879 1794; x_wconf 92' lang='lat' dir='ltr'>in</span> <span class='ocrx_word' id='word_1_149' title='bbox 932 1726 1293 1795; x_wconf 89' lang='lat' dir='ltr'>ecclesiam</span> <span class='ocrx_word' id='word_1_150' title='bbox 1347 1726 1679 1795; x_wconf 81' lang='lat' dir='ltr'>fratribus</span> <span class='ocrx_word' id='word_1_151' title='bbox 1713 1727 2005 1803; x_wconf 89' lang='lat' dir='ltr'>cunctis,</span> <span class='ocrx_word' id='word_1_152' title='bbox 2036 1726 2218 1816; x_wconf 88' lang='lat' dir='ltr'>jussi</span> <span class='ocrx_word' id='word_1_153' title='bbox 2268 1724 2645 1793; x_wconf 88' lang='lat' dir='ltr'>orationem</span> <span class='ocrx_word' id='word_1_154' title='bbox 2682 1724 2829 1792; x_wconf 80' lang='lat' dir='ltr'>fieri</span> <span class='ocrx_word' id='word_1_155' title='bbox 2872 1724 3158 1791; x_wconf 85' lang='lat' dir='ltr'>sincin—</span> 
     </span>
     <span class='ocr_line' id='line_1_18' title="bbox 604 1810 3151 1903; baseline -0.001 -23"><span class='ocrx_word' id='word_1_156' title='bbox 604 1813 1039 1882; x_wconf 89' lang='lat' dir='ltr'>termissione</span> <span class='ocrx_word' id='word_1_157' title='bbox 1088 1835 1212 1903; x_wconf 91' lang='lat' dir='ltr'>pro</span> <span class='ocrx_word' id='word_1_158' title='bbox 1258 1834 1375 1883; x_wconf 89' lang='lat' dir='ltr'>eo:</span> <span class='ocrx_word' id='word_1_159' title='bbox 1438 1814 1601 1900; x_wconf 91' lang='lat' dir='ltr'>quia</span> <span class='ocrx_word' id='word_1_160' title='bbox 1652 1814 1945 1893; x_wconf 89' lang='lat' dir='ltr'>videtur,</span> <span class='ocrx_word' id='word_1_161' title='bbox 1985 1814 2335 1899; x_wconf 89' lang='lat' dir='ltr'>inquiens,</span> <span class='ocrx_word' id='word_1_162' title='bbox 2378 1812 2551 1880; x_wconf 88' lang='lat' dir='ltr'>mihi</span> <span class='ocrx_word' id='word_1_163' title='bbox 2597 1834 2678 1880; x_wconf 82' lang='lat' dir='ltr'>ex</span> <span class='ocrx_word' id='word_1_164' title='bbox 2723 1810 3151 1896; x_wconf 86' lang='lat' dir='ltr'>quibusdam</span> 
     </span>
     <span class='ocr_line' id='line_1_19' title="bbox 601 1899 3147 2000; baseline 0 -35"><span class='ocrx_word' id='word_1_165' title='bbox 601 1901 831 1971; x_wconf 88' lang='lat' dir='ltr'>verbis</span> <span class='ocrx_word' id='word_1_166' title='bbox 878 1900 1070 1970; x_wconf 91' lang='lat' dir='ltr'>illius</span> <span class='ocrx_word' id='word_1_167' title='bbox 1118 1901 1682 2000; x_wconf 87' lang='lat' dir='ltr'>appropinquare</span> <span class='ocrx_word' id='word_1_168' title='bbox 1729 1902 1938 1982; x_wconf 90' lang='lat' dir='ltr'>diem,</span> <span class='ocrx_word' id='word_1_169' title='bbox 1978 1922 2116 1987; x_wconf 93' lang='lat' dir='ltr'>quo</span> <span class='ocrx_word' id='word_1_170' title='bbox 2151 1902 2237 1969; x_wconf 90' lang='lat' dir='ltr'>sit</span> <span class='ocrx_word' id='word_1_171' title='bbox 2267 1901 2577 1969; x_wconf 80' lang='lat' dir='ltr'>exiturus</span> <span class='ocrx_word' id='word_1_172' title='bbox 2624 1899 2709 1969; x_wconf 88' lang='lat' dir='ltr'>ad</span> <span class='ocrx_word' id='word_1_173' title='bbox 2753 1899 3147 1968; x_wconf 90' lang='lat' dir='ltr'>Dominum.</span> 
     </span>
     <span class='ocr_line' id='line_1_20' title="bbox 606 1986 3154 2080; baseline -0.002 -22"><span class='ocrx_word' id='word_1_174' title='bbox 606 1993 806 2058; x_wconf 84' lang='lat' dir='ltr'>Eram</span> <span class='ocrx_word' id='word_1_175' title='bbox 874 2000 1101 2057; x_wconf 89' lang='lat' dir='ltr'>autem</span> <span class='ocrx_word' id='word_1_176' title='bbox 1167 1989 1481 2059; x_wconf 83' lang='lat' dir='ltr'>solicitus</span> <span class='ocrx_word' id='word_1_177' title='bbox 1530 1989 1614 2057; x_wconf 92' lang='lat' dir='ltr'>de</span> <span class='ocrx_word' id='word_1_178' title='bbox 1663 1989 1889 2057; x_wconf 87' lang='lat' dir='ltr'>reditu</span> <span class='ocrx_word' id='word_1_179' title='bbox 1938 2002 2215 2080; x_wconf 90' lang='lat' dir='ltr'>propter</span> <span class='ocrx_word' id='word_1_180' title='bbox 2274 1988 2744 2056; x_wconf 86' lang='lat' dir='ltr'>infirmitatem</span> <span class='ocrx_word' id='word_1_181' title='bbox 2794 1986 2978 2075; x_wconf 88' lang='lat' dir='ltr'>ejus:</span> <span class='ocrx_word' id='word_1_182' title='bbox 3033 1986 3154 2055; x_wconf 89' lang='lat' dir='ltr'>sed</span> 
     </span>
     <span class='ocr_line' id='line_1_21' title="bbox 604 2073 3155 2166; baseline -0.001 -23"><span class='ocrx_word' id='word_1_183' title='bbox 604 2076 917 2163; x_wconf 90' lang='lat' dir='ltr'>quinque</span> <span class='ocrx_word' id='word_1_184' title='bbox 956 2076 1205 2146; x_wconf 88' lang='lat' dir='ltr'>diebus</span> <span class='ocrx_word' id='word_1_185' title='bbox 1251 2076 1511 2147; x_wconf 92' lang='lat' dir='ltr'>obstitit</span> <span class='ocrx_word' id='word_1_186' title='bbox 1561 2089 1953 2166; x_wconf 86' lang='lat' dir='ltr'>tempestas,</span> <span class='ocrx_word' id='word_1_187' title='bbox 2011 2099 2095 2145; x_wconf 90' lang='lat' dir='ltr'>ne</span> <span class='ocrx_word' id='word_1_188' title='bbox 2129 2076 2351 2145; x_wconf 90' lang='lat' dir='ltr'>redire</span> <span class='ocrx_word' id='word_1_189' title='bbox 2401 2097 2782 2165; x_wconf 87' lang='lat' dir='ltr'>possemus.</span> <span class='ocrx_word' id='word_1_190' title='bbox 2819 2073 3012 2157; x_wconf 89' lang='lat' dir='ltr'>Quod</span> <span class='ocrx_word' id='word_1_191' title='bbox 3046 2074 3155 2142; x_wconf 90' lang='lat' dir='ltr'>di-</span> 
     </span>
     <span class='ocr_line' id='line_1_22' title="bbox 600 2163 3158 2253; baseline 0 -24"><span class='ocrx_word' id='word_1_192' title='bbox 600 2164 865 2233; x_wconf 89' lang='lat' dir='ltr'>vinitus</span> <span class='ocrx_word' id='word_1_193' title='bbox 912 2164 1390 2253; x_wconf 90' lang='lat' dir='ltr'>dispensatum</span> <span class='ocrx_word' id='word_1_194' title='bbox 1441 2164 1695 2246; x_wconf 85' lang='lat' dir='ltr'>fuisse,</span> <span class='ocrx_word' id='word_1_195' title='bbox 1764 2166 1860 2233; x_wconf 92' lang='lat' dir='ltr'>rei</span> <span class='ocrx_word' id='word_1_196' title='bbox 1962 2165 2222 2233; x_wconf 87' lang='lat' dir='ltr'>robavit</span> <span class='ocrx_word' id='word_1_197' title='bbox 2267 2178 2576 2233; x_wconf 88' lang='lat' dir='ltr'>eventus.</span> <span class='ocrx_word' id='word_1_198' title='bbox 2641 2168 2725 2232; x_wconf 92' lang='lat' dir='ltr'>Ut</span> <span class='ocrx_word' id='word_1_199' title='bbox 2770 2163 2956 2231; x_wconf 91' lang='lat' dir='ltr'>enim</span> <span class='ocrx_word' id='word_1_200' title='bbox 3007 2183 3158 2230; x_wconf 92' lang='lat' dir='ltr'>om-</span> 
     </span>
     <span class='ocr_line' id='line_1_23' title="bbox 602 2249 3153 2340; baseline -0.001 -21"><span class='ocrx_word' id='word_1_201' title='bbox 602 2252 925 2340; x_wconf 90' lang='lat' dir='ltr'>nipotens</span> <span class='ocrx_word' id='word_1_202' title='bbox 974 2257 1152 2320; x_wconf 91' lang='lat' dir='ltr'>Deus</span> <span class='ocrx_word' id='word_1_203' title='bbox 1199 2251 1543 2322; x_wconf 89' lang='lat' dir='ltr'>famulum</span> <span class='ocrx_word' id='word_1_204' title='bbox 1592 2275 1798 2321; x_wconf 91' lang='lat' dir='ltr'>suum</span> <span class='ocrx_word' id='word_1_205' title='bbox 1863 2275 1898 2319; x_wconf 90' lang='lat' dir='ltr'>a</span> <span class='ocrx_word' id='word_1_206' title='bbox 1988 2254 2178 2321; x_wconf 92' lang='lat' dir='ltr'>omni</span> <span class='ocrx_word' id='word_1_207' title='bbox 2240 2252 2391 2321; x_wconf 91' lang='lat' dir='ltr'>labe</span> <span class='ocrx_word' id='word_1_208' title='bbox 2441 2251 2838 2320; x_wconf 90' lang='lat' dir='ltr'>mundanae</span> <span class='ocrx_word' id='word_1_209' title='bbox 2884 2249 3153 2339; x_wconf 83' lang='lat' dir='ltr'>fragili-</span> 
     </span>
     <span class='ocr_line' id='line_1_24' title="bbox 605 2337 3154 2430; baseline -0.001 -22"><span class='ocrx_word' id='word_1_210' title='bbox 605 2340 763 2408; x_wconf 84' lang='lat' dir='ltr'>tatis</span> <span class='ocrx_word' id='word_1_211' title='bbox 811 2339 897 2407; x_wconf 92' lang='lat' dir='ltr'>ad</span> <span class='ocrx_word' id='word_1_212' title='bbox 1010 2362 1214 2409; x_wconf 91' lang='lat' dir='ltr'>urum</span> <span class='ocrx_word' id='word_1_213' title='bbox 1267 2341 1674 2430; x_wconf 85' lang='lat' dir='ltr'>castigaret,</span> <span class='ocrx_word' id='word_1_214' title='bbox 1729 2352 1941 2426; x_wconf 89' lang='lat' dir='ltr'>utque</span> <span class='ocrx_word' id='word_1_215' title='bbox 1989 2339 2402 2409; x_wconf 90' lang='lat' dir='ltr'>adversariis</span> <span class='ocrx_word' id='word_1_216' title='bbox 2452 2340 2644 2428; x_wconf 81' lang='lat' dir='ltr'>ejuS,</span> <span class='ocrx_word' id='word_1_217' title='bbox 2710 2360 2923 2425; x_wconf 91' lang='lat' dir='ltr'>quam</span> <span class='ocrx_word' id='word_1_218' title='bbox 2977 2337 3154 2405; x_wconf 90' lang='lat' dir='ltr'>nihil</span> 
     </span>
     <span class='ocr_line' id='line_1_25' title="bbox 596 2427 3152 2509; baseline -0.002 -13"><span class='ocrx_word' id='word_1_219' title='bbox 596 2438 836 2496; x_wconf 88' lang='lat' dir='ltr'>contra</span> <span class='ocrx_word' id='word_1_220' title='bbox 886 2428 930 2495; x_wconf 87' lang='lat' dir='ltr'><strong>fi</strong></span> <span class='ocrx_word' id='word_1_221' title='bbox 984 2428 1044 2496; x_wconf 90' lang='lat' dir='ltr'>ei</span> <span class='ocrx_word' id='word_1_222' title='bbox 1101 2428 1415 2497; x_wconf 88' lang='lat' dir='ltr'>virtutem</span> <span class='ocrx_word' id='word_1_223' title='bbox 1455 2428 1775 2509; x_wconf 90' lang='lat' dir='ltr'>valerent,</span> <span class='ocrx_word' id='word_1_224' title='bbox 1815 2428 2223 2509; x_wconf 83' lang='lat' dir='ltr'>ostenderet,</span> <span class='ocrx_word' id='word_1_225' title='bbox 2278 2427 2494 2496; x_wconf 87' lang='lat' dir='ltr'>voluit</span> <span class='ocrx_word' id='word_1_226' title='bbox 2538 2449 2698 2495; x_wconf 87' lang='lat' dir='ltr'>eum</span> <span class='ocrx_word' id='word_1_227' title='bbox 2742 2438 2928 2496; x_wconf 90' lang='lat' dir='ltr'>tanto</span> <span class='ocrx_word' id='word_1_228' title='bbox 2976 2438 3152 2494; x_wconf 89' lang='lat' dir='ltr'>tem-</span> 
     </span>
     <span class='ocr_line' id='line_1_26' title="bbox 592 2515 3151 2671; baseline -0 -88"><span class='ocrx_word' id='word_1_229' title='bbox 592 2537 761 2671; x_wconf 65' lang='lat' dir='ltr'>pore</span> <span class='ocrx_word' id='word_1_230' title='bbox 809 2529 1244 2606; x_wconf 89' lang='lat' dir='ltr'>segregatum</span> <span class='ocrx_word' id='word_1_231' title='bbox 1295 2518 1380 2586; x_wconf 90' lang='lat' dir='ltr'>ab</span> <span class='ocrx_word' id='word_1_232' title='bbox 1431 2517 1858 2598; x_wconf 57' lang='lat' dir='ltr'>bominibus„</span> <span class='ocrx_word' id='word_1_233' title='bbox 1898 2530 1963 2586; x_wconf 91' lang='lat' dir='ltr'>et</span> <span class='ocrx_word' id='word_1_234' title='bbox 2002 2539 2167 2586; x_wconf 89' lang='lat' dir='ltr'>suae</span> <span class='ocrx_word' id='word_1_235' title='bbox 2205 2517 2436 2586; x_wconf 90' lang='lat' dir='ltr'>carnis</span> <span class='ocrx_word' id='word_1_236' title='bbox 2480 2516 2715 2584; x_wconf 90' lang='lat' dir='ltr'>dolore</span> <span class='ocrx_word' id='word_1_237' title='bbox 2757 2528 2823 2585; x_wconf 90' lang='lat' dir='ltr'>et</span> <span class='ocrx_word' id='word_1_238' title='bbox 2874 2515 3151 2601; x_wconf 89' lang='lat' dir='ltr'>antiqui</span> 
     </span>
     <span class='ocr_line' id='line_1_27' title="bbox 646 2603 1978 2692; baseline 0 -20"><span class='ocrx_word' id='word_1_239' title='bbox 646 2603 811 2674; x_wconf 88' lang='lat' dir='ltr'>ostis</span> <span class='ocrx_word' id='word_1_240' title='bbox 859 2605 1108 2672; x_wconf 87' lang='lat' dir='ltr'>acriori</span> <span class='ocrx_word' id='word_1_241' title='bbox 1138 2605 1511 2673; x_wconf 89' lang='lat' dir='ltr'>certamine</span> <span class='ocrx_word' id='word_1_242' title='bbox 1563 2604 1865 2692; x_wconf 88' lang='lat' dir='ltr'>probari.</span> <span class='ocrx_word' id='word_1_243' title='bbox 1973 2609 1978 2612; x_wconf 72' lang='grc'>’</span> 
     </span>
    </p>

    <p class='ocr_par' dir='ltr' id='par_1_3' title="bbox 587 2691 3153 4450">
     <span class='ocr_line' id='line_1_28' title="bbox 690 2691 3135 2781; baseline -0.002 -18"><span class='ocrx_word' id='word_1_244' title='bbox 690 2693 726 2778; x_wconf 68' lang='grc' dir='ltr'>ξ</span> <span class='ocrx_word' id='word_1_245' title='bbox 774 2696 917 2763; x_wconf 73' lang='grc'>41.</span> <span class='ocrx_word' id='word_1_246' title='bbox 1010 2697 1091 2760; x_wconf 90' lang='lat' dir='ltr'>Ut</span> <span class='ocrx_word' id='word_1_247' title='bbox 1150 2704 1378 2762; x_wconf 90' lang='lat' dir='ltr'>autem</span> <span class='ocrx_word' id='word_1_248' title='bbox 1434 2692 1701 2761; x_wconf 87' lang='lat' dir='ltr'>reddita</span> <span class='ocrx_word' id='word_1_249' title='bbox 1751 2692 2245 2779; x_wconf 86' lang='lat' dir='ltr'>tranquillitate</span> <span class='ocrx_word' id='word_1_250' title='bbox 2292 2691 2599 2760; x_wconf 87' lang='lat' dir='ltr'>insulam</span> <span class='ocrx_word' id='word_1_251' title='bbox 2666 2691 3135 2781; x_wconf 81' lang='lat' dir='ltr'>repetivimuS,</span> 
     </span>
     <span class='ocr_line' id='line_1_29' title="bbox 590 2778 3144 2871; baseline -0.001 -23"><span class='ocrx_word' id='word_1_252' title='bbox 590 2779 989 2849; x_wconf 88' lang='lat' dir='ltr'>invenimus</span> <span class='ocrx_word' id='word_1_253' title='bbox 1034 2801 1221 2859; x_wconf 88' lang='lat' dir='ltr'>eum,</span> <span class='ocrx_word' id='word_1_254' title='bbox 1270 2801 1396 2849; x_wconf 91' lang='lat' dir='ltr'>suo</span> <span class='ocrx_word' id='word_1_255' title='bbox 1446 2781 1860 2849; x_wconf 87' lang='lat' dir='ltr'>monasterio</span> <span class='ocrx_word' id='word_1_256' title='bbox 1908 2802 2290 2871; x_wconf 88' lang='lat' dir='ltr'>egressum,</span> <span class='ocrx_word' id='word_1_257' title='bbox 2353 2779 2589 2849; x_wconf 91' lang='lat' dir='ltr'>sedere</span> <span class='ocrx_word' id='word_1_258' title='bbox 2637 2778 2708 2847; x_wconf 90' lang='lat' dir='ltr'>in</span> <span class='ocrx_word' id='word_1_259' title='bbox 2758 2779 2967 2848; x_wconf 91' lang='lat' dir='ltr'>domo</span> <span class='ocrx_word' id='word_1_260' title='bbox 3002 2833 3016 2856; x_wconf 89' lang='lat'>,</span> <span class='ocrx_word' id='word_1_261' title='bbox 3072 2778 3144 2846; x_wconf 91' lang='lat' dir='ltr'>in</span> 
     </span>
     <span class='ocr_line' id='line_1_30' title="bbox 589 2867 3145 2956; baseline -0.001 -20"><span class='ocrx_word' id='word_1_262' title='bbox 589 2889 729 2953; x_wconf 90' lang='lat' dir='ltr'>qua</span> <span class='ocrx_word' id='word_1_263' title='bbox 777 2889 904 2936; x_wconf 89' lang='lat' dir='ltr'>nos</span> <span class='ocrx_word' id='word_1_264' title='bbox 954 2888 1232 2935; x_wconf 90' lang='lat' dir='ltr'>manere</span> <span class='ocrx_word' id='word_1_265' title='bbox 1279 2867 1698 2939; x_wconf 63' lang='lat' dir='ltr'>solebamus</span> <span class='ocrx_word' id='word_1_266' title='bbox 1753 2874 1831 2937; x_wconf 90' lang='lat' dir='ltr'>Et</span> <span class='ocrx_word' id='word_1_267' title='bbox 1877 2869 2043 2955; x_wconf 90' lang='lat' dir='ltr'>quia</span> <span class='ocrx_word' id='word_1_268' title='bbox 2091 2868 2464 2938; x_wconf 78' lang='lat' dir='ltr'>necessitas</span> <span class='ocrx_word' id='word_1_269' title='bbox 2511 2867 2851 2953; x_wconf 86' lang='lat' dir='ltr'>quaedam</span> <span class='ocrx_word' id='word_1_270' title='bbox 2907 2888 3145 2956; x_wconf 87' lang='lat' dir='ltr'>posce-</span> 
     </span>
     <span class='ocr_line' id='line_1_31' title="bbox 590 2954 3139 3056; baseline -0.001 -31"><span class='ocrx_word' id='word_1_271' title='bbox 590 2956 731 3035; x_wconf 86' lang='lat' dir='ltr'>bat,</span> <span class='ocrx_word' id='word_1_272' title='bbox 768 2955 1034 3034; x_wconf 85' lang='lat' dir='ltr'>fratres,</span> <span class='ocrx_word' id='word_1_273' title='bbox 1087 2955 1207 3040; x_wconf 88' lang='lat' dir='ltr'>qui</span> <span class='ocrx_word' id='word_1_274' title='bbox 1258 2977 1529 3023; x_wconf 91' lang='lat' dir='ltr'>mecum</span> <span class='ocrx_word' id='word_1_275' title='bbox 1572 2968 1923 3035; x_wconf 89' lang='lat' dir='ltr'>venerant,</span> <span class='ocrx_word' id='word_1_276' title='bbox 1970 2956 2370 3056; x_wconf 87' lang='lat' dir='ltr'>renavigare</span> <span class='ocrx_word' id='word_1_277' title='bbox 2400 2955 2485 3022; x_wconf 90' lang='lat' dir='ltr'>ad</span> <span class='ocrx_word' id='word_1_278' title='bbox 2529 2955 2919 3044; x_wconf 84' lang='lat' dir='ltr'>proximum</span> <span class='ocrx_word' id='word_1_279' title='bbox 2954 2954 3139 3033; x_wconf 78' lang='lat' dir='ltr'>litus,</span> 
     </span>
     <span class='ocr_line' id='line_1_32' title="bbox 592 3043 3144 3134; baseline -0.001 -23"><span class='ocrx_word' id='word_1_280' title='bbox 592 3043 742 3132; x_wconf 89' lang='lat' dir='ltr'>ipse</span> <span class='ocrx_word' id='word_1_281' title='bbox 792 3063 1158 3110; x_wconf 89' lang='lat' dir='ltr'>remanens</span> <span class='ocrx_word' id='word_1_282' title='bbox 1207 3043 1276 3111; x_wconf 90' lang='lat' dir='ltr'>in</span> <span class='ocrx_word' id='word_1_283' title='bbox 1327 3043 1598 3123; x_wconf 89' lang='lat' dir='ltr'>insula,</span> <span class='ocrx_word' id='word_1_284' title='bbox 1654 3044 2017 3114; x_wconf 83' lang='lat' dir='ltr'>confestim</span> <span class='ocrx_word' id='word_1_285' title='bbox 2072 3056 2248 3134; x_wconf 84' lang='lat' dir='ltr'>patri</span> <span class='ocrx_word' id='word_1_286' title='bbox 2298 3043 2760 3112; x_wconf 85' lang='lat' dir='ltr'>ministerium</span> <span class='ocrx_word' id='word_1_287' title='bbox 2817 3044 3144 3131; x_wconf 89' lang='lat' dir='ltr'>praebere</span> 
     </span>
     <span class='ocr_line' id='line_1_33' title="bbox 592 3129 3144 3220; baseline -0.001 -21"><span class='ocrx_word' id='word_1_288' title='bbox 592 3130 853 3199; x_wconf 90' lang='lat' dir='ltr'>curavi.</span> <span class='ocrx_word' id='word_1_289' title='bbox 911 3129 1265 3216; x_wconf 88' lang='lat' dir='ltr'>Siquidem</span> <span class='ocrx_word' id='word_1_290' title='bbox 1296 3131 1706 3201; x_wconf 87' lang='lat' dir='ltr'>calefaciens</span> <span class='ocrx_word' id='word_1_291' title='bbox 1741 3153 2020 3220; x_wconf 89' lang='lat' dir='ltr'>aquam,</span> <span class='ocrx_word' id='word_1_292' title='bbox 2077 3131 2449 3201; x_wconf 85' lang='lat' dir='ltr'>abluebam</span> <span class='ocrx_word' id='word_1_293' title='bbox 2501 3131 2744 3220; x_wconf 89' lang='lat' dir='ltr'>pedem</span> <span class='ocrx_word' id='word_1_294' title='bbox 2792 3131 2968 3219; x_wconf 84' lang='lat' dir='ltr'>ejus,</span> <span class='ocrx_word' id='word_1_295' title='bbox 3022 3129 3144 3216; x_wconf 92' lang='lat' dir='ltr'>qui</span> 
     </span>
     <span class='ocr_line' id='line_1_34' title="bbox 591 3217 3148 3310; baseline 0.001 -25"><span class='ocrx_word' id='word_1_296' title='bbox 591 3218 816 3307; x_wconf 72' lang='lat' dir='ltr'>gratia</span> <span class='ocrx_word' id='word_1_297' title='bbox 862 3217 1116 3286; x_wconf 89' lang='lat' dir='ltr'>diutini</span> <span class='ocrx_word' id='word_1_298' title='bbox 1168 3220 1458 3288; x_wconf 91' lang='lat' dir='ltr'>tumoris</span> <span class='ocrx_word' id='word_1_299' title='bbox 1496 3220 1816 3310; x_wconf 88' lang='lat' dir='ltr'>jamtunc</span> <span class='ocrx_word' id='word_1_300' title='bbox 1865 3220 2071 3289; x_wconf 87' lang='lat' dir='ltr'>ulcus</span> <span class='ocrx_word' id='word_1_301' title='bbox 2119 3218 2439 3299; x_wconf 89' lang='lat' dir='ltr'>habebat,</span> <span class='ocrx_word' id='word_1_302' title='bbox 2494 3241 2572 3287; x_wconf 91' lang='lat' dir='ltr'>ac</span> <span class='ocrx_word' id='word_1_303' title='bbox 2625 3218 3010 3307; x_wconf 81' lang='lat' dir='ltr'>profluente</span> <span class='ocrx_word' id='word_1_304' title='bbox 3042 3241 3148 3287; x_wconf 87' lang='lat' dir='ltr'>sa·</span> 
     </span>
     <span class='ocr_line' id='line_1_35' title="bbox 598 3305 3146 3395; baseline 0 -23"><span class='ocrx_word' id='word_1_305' title='bbox 598 3305 758 3384; x_wconf 90' lang='lat' dir='ltr'>nie,</span> <span class='ocrx_word' id='word_1_306' title='bbox 814 3308 983 3374; x_wconf 74' lang='lat' dir='ltr'>cura</span> <span class='ocrx_word' id='word_1_307' title='bbox 1031 3305 1406 3395; x_wconf 91' lang='lat' dir='ltr'>indigebat.</span> <span class='ocrx_word' id='word_1_308' title='bbox 1461 3308 1586 3376; x_wconf 90' lang='lat' dir='ltr'>Sed</span> <span class='ocrx_word' id='word_1_309' title='bbox 1658 3320 1725 3377; x_wconf 91' lang='lat' dir='ltr'>et</span> <span class='ocrx_word' id='word_1_310' title='bbox 1783 3307 2022 3377; x_wconf 90' lang='lat' dir='ltr'>vinum</span> <span class='ocrx_word' id='word_1_311' title='bbox 2072 3307 2482 3376; x_wconf 89' lang='lat' dir='ltr'>calefaciens</span> <span class='ocrx_word' id='word_1_312' title='bbox 2552 3306 2796 3386; x_wconf 86' lang='lat' dir='ltr'>attuli,</span> <span class='ocrx_word' id='word_1_313' title='bbox 2850 3327 3146 3391; x_wconf 89' lang='lat' dir='ltr'>eumque</span> 
     </span>
     <span class='ocr_line' id='line_1_36' title="bbox 591 3392 3143 3492; baseline 0.001 -33"><span class='ocrx_word' id='word_1_314' title='bbox 591 3404 871 3492; x_wconf 89' lang='lat' dir='ltr'>gustare</span> <span class='ocrx_word' id='word_1_315' title='bbox 919 3393 1176 3482; x_wconf 88' lang='lat' dir='ltr'>rogavi.</span> <span class='ocrx_word' id='word_1_316' title='bbox 1258 3395 1584 3465; x_wconf 88' lang='lat' dir='ltr'>Videbam</span> <span class='ocrx_word' id='word_1_317' title='bbox 1651 3417 1952 3482; x_wconf 89' lang='lat' dir='ltr'>namque</span> <span class='ocrx_word' id='word_1_318' title='bbox 2001 3396 2073 3464; x_wconf 91' lang='lat' dir='ltr'>in</span> <span class='ocrx_word' id='word_1_319' title='bbox 2140 3395 2315 3464; x_wconf 85' lang='lat' dir='ltr'>facie</span> <span class='ocrx_word' id='word_1_320' title='bbox 2360 3395 2557 3485; x_wconf 84' lang='lat' dir='ltr'>ejuS,</span> <span class='ocrx_word' id='word_1_321' title='bbox 2613 3392 2779 3479; x_wconf 84' lang='lat' dir='ltr'>quia</span> <span class='ocrx_word' id='word_1_322' title='bbox 2848 3393 3143 3462; x_wconf 89' lang='lat' dir='ltr'>multum</span> 
     </span>
     <span class='ocr_line' id='line_1_37' title="bbox 588 3479 3144 3572; baseline 0 -24"><span class='ocrx_word' id='word_1_323' title='bbox 588 3481 825 3550; x_wconf 75' lang='lat' dir='ltr'>media</span> <span class='ocrx_word' id='word_1_324' title='bbox 872 3479 1082 3549; x_wconf 91' lang='lat' dir='ltr'>simul</span> <span class='ocrx_word' id='word_1_325' title='bbox 1130 3495 1194 3552; x_wconf 92' lang='lat' dir='ltr'>et</span> <span class='ocrx_word' id='word_1_326' title='bbox 1235 3481 1567 3572; x_wconf 91' lang='lat' dir='ltr'>languore</span> <span class='ocrx_word' id='word_1_327' title='bbox 1614 3497 1760 3552; x_wconf 90' lang='lat' dir='ltr'>erat</span> <span class='ocrx_word' id='word_1_328' title='bbox 1807 3484 2144 3553; x_wconf 78' lang='lat' dir='ltr'>defessuS.</span> <span class='ocrx_word' id='word_1_329' title='bbox 2199 3481 2547 3572; x_wconf 87' lang='lat' dir='ltr'>Completa</span> <span class='ocrx_word' id='word_1_330' title='bbox 2607 3481 2989 3560; x_wconf 86' lang='lat' dir='ltr'>curatione,</span> <span class='ocrx_word' id='word_1_331' title='bbox 3040 3501 3144 3549; x_wconf 88' lang='lat' dir='ltr'>re·-</span> 
     </span>
     <span class='ocr_line' id='line_1_38' title="bbox 590 3566 3137 3670; baseline 0 -34"><span class='ocrx_word' id='word_1_332' title='bbox 590 3566 767 3667; x_wconf 76' lang='lat' dir='ltr'>sedit</span> <span class='ocrx_word' id='word_1_333' title='bbox 813 3569 1092 3654; x_wconf 87' lang='lat' dir='ltr'>quietus</span> <span class='ocrx_word' id='word_1_334' title='bbox 1141 3569 1211 3636; x_wconf 92' lang='lat' dir='ltr'>in</span> <span class='ocrx_word' id='word_1_335' title='bbox 1264 3583 1507 3641; x_wconf 88' lang='lat' dir='ltr'>stratu:</span> <span class='ocrx_word' id='word_1_336' title='bbox 1545 3571 1768 3640; x_wconf 89' lang='lat' dir='ltr'>resedi</span> <span class='ocrx_word' id='word_1_337' title='bbox 1818 3583 1883 3640; x_wconf 91' lang='lat' dir='ltr'>et</span> <span class='ocrx_word' id='word_1_338' title='bbox 1929 3593 2055 3670; x_wconf 92' lang='lat' dir='ltr'>ego</span> <span class='ocrx_word' id='word_1_339' title='bbox 2093 3571 2295 3660; x_wconf 83' lang='lat' dir='ltr'>juxta</span> <span class='ocrx_word' id='word_1_340' title='bbox 2326 3592 2512 3638; x_wconf 92' lang='lat' dir='ltr'>eum.</span> <span class='ocrx_word' id='word_1_341' title='bbox 2551 3573 2858 3656; x_wconf 88' lang='lat' dir='ltr'>Cumque</span> <span class='ocrx_word' id='word_1_342' title='bbox 2892 3569 3137 3647; x_wconf 91' lang='lat' dir='ltr'>sileret,</span> 
     </span>
     <span class='ocr_line' id='line_1_39' title="bbox 592 3654 3144 3749; baseline 0 -26"><span class='ocrx_word' id='word_1_343' title='bbox 592 3654 760 3723; x_wconf 79' lang='lat' dir='ltr'>dixi:</span> <span class='ocrx_word' id='word_1_344' title='bbox 798 3678 833 3721; x_wconf 83' lang='lat'>«</span> <span class='ocrx_word' id='word_1_345' title='bbox 866 3656 1094 3738; x_wconf 90' lang='lat' dir='ltr'>Video,</span> <span class='ocrx_word' id='word_1_346' title='bbox 1149 3659 1435 3727; x_wconf 84' lang='lat' dir='ltr'>Domine</span> <span class='ocrx_word' id='word_1_347' title='bbox 1480 3659 1829 3749; x_wconf 86' lang='lat' dir='ltr'>episcope,</span> <span class='ocrx_word' id='word_1_348' title='bbox 1883 3680 2049 3745; x_wconf 78' lang='lat' dir='ltr'>quia</span> <span class='ocrx_word' id='word_1_349' title='bbox 2098 3658 2399 3728; x_wconf 89' lang='lat' dir='ltr'>multum</span> <span class='ocrx_word' id='word_1_350' title='bbox 2450 3670 2728 3725; x_wconf 87' lang='lat' dir='ltr'>vexatus</span> <span class='ocrx_word' id='word_1_351' title='bbox 2773 3678 2847 3724; x_wconf 90' lang='lat' dir='ltr'>es</span> <span class='ocrx_word' id='word_1_352' title='bbox 2906 3657 2993 3725; x_wconf 91' lang='lat' dir='ltr'>ab</span> <span class='ocrx_word' id='word_1_353' title='bbox 3041 3656 3144 3723; x_wconf 89' lang='lat' dir='ltr'>in-</span> 
     </span>
     <span class='ocr_line' id='line_1_40' title="bbox 588 3742 3139 3834; baseline 0.001 -24"><span class='ocrx_word' id='word_1_354' title='bbox 588 3742 939 3824; x_wconf 82' lang='lat' dir='ltr'>firmitate,</span> <span class='ocrx_word' id='word_1_355' title='bbox 995 3755 1364 3834; x_wconf 88' lang='lat' dir='ltr'>postquam</span> <span class='ocrx_word' id='word_1_356' title='bbox 1415 3746 1834 3817; x_wconf 89' lang='lat' dir='ltr'>recessimus</span> <span class='ocrx_word' id='word_1_357' title='bbox 1882 3768 1923 3814; x_wconf 88' lang='lat' dir='ltr'>a</span> <span class='ocrx_word' id='word_1_358' title='bbox 1977 3759 2061 3816; x_wconf 89' lang='lat' dir='ltr'>te.</span> <span class='ocrx_word' id='word_1_359' title='bbox 2115 3751 2194 3814; x_wconf 87' lang='lat' dir='ltr'>Et</span> <span class='ocrx_word' id='word_1_360' title='bbox 2243 3746 2527 3826; x_wconf 89' lang='lat' dir='ltr'>mirum,</span> <span class='ocrx_word' id='word_1_361' title='bbox 2563 3766 2777 3830; x_wconf 91' lang='lat' dir='ltr'>quare</span> <span class='ocrx_word' id='word_1_362' title='bbox 2815 3743 3139 3822; x_wconf 74' lang='lat' dir='ltr'>nolueriS,</span> 
     </span>
     <span class='ocr_line' id='line_1_41' title="bbox 587 3831 3147 3920; baseline 0.001 -22"><span class='ocrx_word' id='word_1_363' title='bbox 587 3841 666 3899; x_wconf 87' lang='lat' dir='ltr'>ut</span> <span class='ocrx_word' id='word_1_364' title='bbox 703 3831 975 3918; x_wconf 90' lang='lat' dir='ltr'>aliquos</span> <span class='ocrx_word' id='word_1_365' title='bbox 1027 3845 1364 3914; x_wconf 89' lang='lat' dir='ltr'>nostrum,</span> <span class='ocrx_word' id='word_1_366' title='bbox 1418 3834 1537 3920; x_wconf 90' lang='lat' dir='ltr'>qui</span> <span class='ocrx_word' id='word_1_367' title='bbox 1591 3835 1716 3903; x_wconf 86' lang='lat' dir='ltr'>tibi</span> <span class='ocrx_word' id='word_1_368' title='bbox 1764 3833 2265 3913; x_wconf 88' lang='lat' dir='ltr'>ministrarent,</span> <span class='ocrx_word' id='word_1_369' title='bbox 2307 3834 2420 3902; x_wconf 89' lang='lat' dir='ltr'>hic</span> <span class='ocrx_word' id='word_1_370' title='bbox 2469 3832 2980 3902; x_wconf 84' lang='lat' dir='ltr'>dimitteremus</span> <span class='ocrx_word' id='word_1_371' title='bbox 3027 3831 3147 3901; x_wconf 86' lang='lat' dir='ltr'>ab·</span> 
     </span>
     <span class='ocr_line' id='line_1_42' title="bbox 588 3919 3150 4013; baseline 0 -26"><span class='ocrx_word' id='word_1_372' title='bbox 588 3930 905 3988; x_wconf 82' lang='lat' dir='ltr'>eunteS.»</span> <span class='ocrx_word' id='word_1_373' title='bbox 955 3923 1032 3988; x_wconf 83' lang='lat' dir='ltr'>At</span> <span class='ocrx_word' id='word_1_374' title='bbox 1080 3919 1196 3989; x_wconf 91' lang='lat' dir='ltr'>ille</span> <span class='ocrx_word' id='word_1_375' title='bbox 1243 3922 1381 3990; x_wconf 88' lang='lat' dir='ltr'>ait:</span> <span class='ocrx_word' id='word_1_376' title='bbox 1426 3923 1581 3990; x_wconf 80' lang='lat' dir='ltr'>«Dei</span> <span class='ocrx_word' id='word_1_377' title='bbox 1633 3922 2065 4013; x_wconf 75' lang='lat' dir='ltr'>providentia</span> <span class='ocrx_word' id='word_1_378' title='bbox 2095 3934 2162 3990; x_wconf 91' lang='lat' dir='ltr'>et</span> <span class='ocrx_word' id='word_1_379' title='bbox 2203 3921 2549 3990; x_wconf 89' lang='lat' dir='ltr'>voluntate</span> <span class='ocrx_word' id='word_1_380' title='bbox 2596 3932 2867 4008; x_wconf 86' lang='lat' dir='ltr'>gestum</span> <span class='ocrx_word' id='word_1_381' title='bbox 2915 3930 3039 4000; x_wconf 89' lang='lat' dir='ltr'>est,</span> <span class='ocrx_word' id='word_1_382' title='bbox 3071 3927 3150 3988; x_wconf 85' lang='lat' dir='ltr'>ut</span> 
     </span>
     <span class='ocr_line' id='line_1_43' title="bbox 589 4007 3143 4098; baseline 0 -25"><span class='ocrx_word' id='word_1_383' title='bbox 589 4007 981 4094; x_wconf 78' lang='lat' dir='ltr'>praesentia</span> <span class='ocrx_word' id='word_1_384' title='bbox 1028 4019 1094 4076; x_wconf 91' lang='lat' dir='ltr'>et</span> <span class='ocrx_word' id='word_1_385' title='bbox 1141 4009 1401 4079; x_wconf 83' lang='lat' dir='ltr'>auxilio</span> <span class='ocrx_word' id='word_1_386' title='bbox 1447 4010 1819 4081; x_wconf 90' lang='lat' dir='ltr'>destitutus</span> <span class='ocrx_word' id='word_1_387' title='bbox 1870 4011 2204 4089; x_wconf 82' lang='lat' dir='ltr'>humanO,</span> <span class='ocrx_word' id='word_1_388' title='bbox 2267 4009 2503 4096; x_wconf 86' lang='lat' dir='ltr'>aliqua</span> <span class='ocrx_word' id='word_1_389' title='bbox 2536 4011 2805 4098; x_wconf 77' lang='lat' dir='ltr'>paterer</span> <span class='ocrx_word' id='word_1_390' title='bbox 2835 4008 3143 4076; x_wconf 89' lang='lat' dir='ltr'>adversa.</span> 
     </span>
     <span class='ocr_line' id='line_1_44' title="bbox 590 4095 3153 4187; baseline 0 -25"><span class='ocrx_word' id='word_1_391' title='bbox 590 4098 959 4180; x_wconf 89' lang='lat' dir='ltr'>Postquam</span> <span class='ocrx_word' id='word_1_392' title='bbox 1011 4095 1197 4164; x_wconf 91' lang='lat' dir='ltr'>enim</span> <span class='ocrx_word' id='word_1_393' title='bbox 1247 4119 1288 4165; x_wconf 90' lang='lat' dir='ltr'>a</span> <span class='ocrx_word' id='word_1_394' title='bbox 1337 4120 1446 4167; x_wconf 94' lang='lat' dir='ltr'>me</span> <span class='ocrx_word' id='word_1_395' title='bbox 1494 4098 1790 4187; x_wconf 88' lang='lat' dir='ltr'>digressi</span> <span class='ocrx_word' id='word_1_396' title='bbox 1830 4098 2018 4179; x_wconf 83' lang='lat' dir='ltr'>estiS,</span> <span class='ocrx_word' id='word_1_397' title='bbox 2059 4097 2390 4166; x_wconf 91' lang='lat' dir='ltr'>continuo</span> <span class='ocrx_word' id='word_1_398' title='bbox 2433 4096 2658 4186; x_wconf 91' lang='lat' dir='ltr'>coepit</span> <span class='ocrx_word' id='word_1_399' title='bbox 2705 4095 3003 4185; x_wconf 86' lang='lat' dir='ltr'>languor</span> <span class='ocrx_word' id='word_1_400' title='bbox 3048 4095 3153 4163; x_wconf 90' lang='lat' dir='ltr'>in·</span> 
     </span>
     <span class='ocr_line' id='line_1_45' title="bbox 590 4183 3151 4272; baseline 0.001 -23"><span class='ocrx_word' id='word_1_401' title='bbox 590 4203 1014 4272; x_wconf 84' lang='lat' dir='ltr'>gravescere:</span> <span class='ocrx_word' id='word_1_402' title='bbox 1067 4183 1359 4271; x_wconf 90' lang='lat' dir='ltr'>ideoque</span> <span class='ocrx_word' id='word_1_403' title='bbox 1407 4186 1492 4254; x_wconf 93' lang='lat' dir='ltr'>de</span> <span class='ocrx_word' id='word_1_404' title='bbox 1524 4208 1679 4255; x_wconf 88' lang='lat' dir='ltr'>mea</span> <span class='ocrx_word' id='word_1_405' title='bbox 1732 4186 2091 4255; x_wconf 90' lang='lat' dir='ltr'>mansione</span> <span class='ocrx_word' id='word_1_406' title='bbox 2138 4207 2174 4254; x_wconf 92' lang='lat' dir='ltr'>e</span> <span class='ocrx_word' id='word_1_407' title='bbox 2228 4185 2522 4265; x_wconf 86' lang='lat' dir='ltr'>rediens,</span> <span class='ocrx_word' id='word_1_408' title='bbox 2577 4184 2716 4253; x_wconf 89' lang='lat' dir='ltr'>huc</span> <span class='ocrx_word' id='word_1_409' title='bbox 2763 4183 3039 4263; x_wconf 90' lang='lat' dir='ltr'>intravi,</span> <span class='ocrx_word' id='word_1_410' title='bbox 3072 4193 3151 4251; x_wconf 89' lang='lat' dir='ltr'>ut</span> 
     </span>
     <span class='ocr_line' id='line_1_46' title="bbox 591 4270 3152 4361; baseline 0 -24"><span class='ocrx_word' id='word_1_411' title='bbox 591 4270 1021 4357; x_wconf 88' lang='lat' dir='ltr'>quicumque</span> <span class='ocrx_word' id='word_1_412' title='bbox 1068 4286 1371 4343; x_wconf 89' lang='lat' dir='ltr'>vestrum</span> <span class='ocrx_word' id='word_1_413' title='bbox 1417 4273 1586 4341; x_wconf 91' lang='lat' dir='ltr'>mihi</span> <span class='ocrx_word' id='word_1_414' title='bbox 1624 4273 2085 4343; x_wconf 87' lang='lat' dir='ltr'>ministraturi</span> <span class='ocrx_word' id='word_1_415' title='bbox 2121 4296 2159 4341; x_wconf 93' lang='lat' dir='ltr'>a</span> <span class='ocrx_word' id='word_1_416' title='bbox 2218 4273 2547 4352; x_wconf 90' lang='lat' dir='ltr'>venirent,</span> <span class='ocrx_word' id='word_1_417' title='bbox 2583 4272 2698 4340; x_wconf 86' lang='lat' dir='ltr'>hic</span> <span class='ocrx_word' id='word_1_418' title='bbox 2730 4293 2838 4340; x_wconf 90' lang='lat' dir='ltr'>me</span> <span class='ocrx_word' id='word_1_419' title='bbox 2873 4280 3152 4361; x_wconf 88' lang='lat' dir='ltr'>possent</span> 
     </span>
     <span class='ocr_line' id='line_1_47' title="bbox 589 4356 3151 4450; baseline 0.001 -25"><span class='ocrx_word' id='word_1_420' title='bbox 589 4356 923 4441; x_wconf 89' lang='lat' dir='ltr'>invenire,</span> <span class='ocrx_word' id='word_1_421' title='bbox 972 4381 1098 4430; x_wconf 90' lang='lat' dir='ltr'>nec</span> <span class='ocrx_word' id='word_1_422' title='bbox 1145 4382 1373 4431; x_wconf 90' lang='lat' dir='ltr'>meam</span> <span class='ocrx_word' id='word_1_423' title='bbox 1410 4362 1845 4433; x_wconf 88' lang='lat' dir='ltr'>mansionem</span> <span class='ocrx_word' id='word_1_424' title='bbox 1877 4382 2153 4432; x_wconf 89' lang='lat' dir='ltr'>necesse</span> <span class='ocrx_word' id='word_1_425' title='bbox 2185 4360 2517 4431; x_wconf 87' lang='lat' dir='ltr'>haberent</span> <span class='ocrx_word' id='word_1_426' title='bbox 2546 4358 2841 4450; x_wconf 84' lang='lat' dir='ltr'>ingredi.</span> <span class='ocrx_word' id='word_1_427' title='bbox 2891 4363 2987 4428; x_wconf 83' lang='lat' dir='ltr'>Ex</span> <span class='ocrx_word' id='word_1_428' title='bbox 3009 4379 3151 4446; x_wconf 90' lang='lat' dir='ltr'>quo</span> 
     </span>
    </p>
   </div>
  </div>
 </body>
</html>
