3327 4999
717 325 847 393 742
1424 344 1501 389 na
1550 342 1641 391 ss.
1697 342 1866 391 imm
1915 342 1988 391 m·
2036 337 2234 391 socns
2271 342 2386 389 uu.
2714 320 2820 387 Ex
2870 318 3047 385 DEC.
3117 321 3202 385 10

628 449 964 509 sermone,
1004 449 1162 498 eum
1205 427 1403 516 jubet
1448 426 1945 518 comprehendi
1988 439 2052 498 et
2099 426 2485 497 conservari
2529 425 2597 492 in
2649 423 2993 523 custodia,
3035 436 3198 492 tan-

628 529 773 587 tum
824 518 1063 587 dicens
1094 517 1599 588 assistentibus:
1641 517 1710 584 Si
1758 518 2019 586 venerit
2065 515 2212 584 dies
2260 514 2628 594 crastinuS,
2682 512 2854 582 sciet
2903 513 3020 581 hic
3076 533 3195 580 so-

631 605 816 677 lidus
882 617 1105 696 mysta
1161 604 1466 686 Galilaei‚
1531 605 1760 693 qualis
1807 627 1933 696 ego
1982 628 2136 676 sum
2197 603 2465 673 amicus
2515 602 2818 673 inimicis
2868 606 3192 690 Impera·

631 706 853 765 torum
906 707 972 763 et
1017 695 1328 774 deorum,
1382 706 1447 763 et
1496 717 1583 763 an
1636 694 1725 764 sit
1771 715 1957 763 unus
1994 698 2192 772 Deus,
2234 715 2320 761 an
2372 691 2597 761 multi.

716 785 752 871 ἓ
810 786 890 854 8.
948 782 1253 852 Crastino
1310 794 1536 852 autem
1600 783 1711 852 die
1769 783 1828 850 ei
1879 781 2228 871 proposito
2280 780 2650 861 tribunali,
2706 790 2771 848 et
2820 789 3192 869 spectante

627 883 762 941 toto
810 871 1091 962 populo,
1143 883 1209 941 et
1256 871 1739 946 assistentibus
1789 869 2223 949 satellitibUS,
2283 870 2429 959 ipse
2479 868 2907 959 praesidenS,
2967 868 3195 957 jussit

627 973 943 1030 sanctum
993 959 1333 1030 assistere.
1390 965 1556 1029 Cum
1607 961 1735 1029 hoc
1784 972 2013 1029 autem
2073 958 2326 1028 sactum
2377 969 2577 1037 esset,
2630 970 2695 1027 et
2745 957 2920 1027 laeto
2971 956 3176 1027 vultu

626 1061 690 1119 et
737 1047 1046 1118 interrito
1076 1048 1310 1118 animo
1360 1060 1617 1137 martyr
1665 1048 2010 1128 astitisset,
2065 1047 2236 1116 dixit
2282 1045 2711 1116 Praefectus:
2781 1068 2818 1112 «
2854 1050 3172 1133 Aequum

626 1147 748 1219 est,
803 1159 841 1205 o
892 1142 1106 1217 Mena,
1161 1159 1436 1207 omnem
1489 1137 1840 1207 hominem
1901 1138 2235 1206 honorare
2295 1140 2536 1224 RegeS,
2572 1147 2636 1205 et
2684 1139 2950 1224 Regum
3008 1133 3181 1203 deos

628 1225 869 1306 colere,
934 1237 998 1294 et
1048 1237 1395 1315 praeterea
1492 1239 1635 1296 rato
1694 1248 1844 1296 esse
1891 1225 2124 1294 animo
2189 1225 2257 1292 in
2309 1224 2808 1294 benefactores:
2854 1233 2975 1294 aut
3022 1222 3178 1313 ipse

627 1325 858 1403 aperte
903 1314 1093 1394 doce,
1146 1314 1313 1401 quid
1346 1315 1431 1383 ad
1485 1337 1633 1384 iaec
1680 1314 1903 1384 facere
1936 1325 2265 1404 oporteat.
2306 1336 2341 1378 »
2376 1317 2668 1383 Sanctus
2694 1334 2875 1392 vero,
2915 1335 2954 1378 «
2985 1315 3184 1382 Eate-

630 1424 786 1483 nuS,
823 1403 1071 1489 inquit,
1124 1425 1163 1471 o
1212 1402 1570 1484 Praefecto,
1616 1414 1809 1492 grato
1838 1424 1986 1471 esse
2014 1404 2246 1471 animo
2276 1413 2539 1492 oportet
2568 1402 2634 1469 in
2673 1399 3174 1478 benefactores,

582 1501 969 1578 *quatenus
1009 1504 1074 1560 et
1128 1491 1187 1560 ei
1236 1492 1355 1578 qui
1404 1504 1505 1560 est
1551 1503 1813 1582 gratuS,
1857 1502 1922 1560 et
1970 1492 2030 1559 ei
2092 1491 2160 1560 in
2230 1511 2436 1577 quem
2498 1490 2627 1559 hoc
2687 1490 2783 1570 fit,
2847 1488 2916 1557 id
2969 1488 3181 1559 fuerit

627 1579 817 1649 utile.
883 1580 1170 1661 Quando
1234 1591 1463 1650 autem
1529 1590 1769 1650 contra
1818 1601 2149 1669 magnum
2201 1579 2515 1664 utrisque
2563 1578 2758 1648 affert
2804 1577 3178 1654 damnum,

628 1678 793 1737 tunc
848 1678 1113 1757 oportet
1175 1669 1422 1757 rejecta
1468 1690 1545 1737 ea
1602 1689 1780 1755 quae
1826 1680 1927 1737 est
1973 1690 2134 1736 cum
2189 1667 2466 1747 damnn,
2537 1651 3043 1746 benevolentia,
3103 1688 3184 1735 ea

629 1754 968 1846 praeferre
999 1778 1174 1844 quae
1221 1757 1604 1828 conferunt.
1665 1761 1879 1847 Reges
1932 1778 2085 1825 vero
2137 1757 2473 1825 honorare
2514 1755 2796 1841 quidem
2849 1765 3176 1825 sanctum

627 1857 727 1914 est
761 1855 1040 1935 propter
1074 1855 1470 1935 potestatem
1520 1855 1599 1915 et
1634 1845 2127 1935 principatum.
2166 1843 2453 1927 Quando
2504 1855 2731 1913 autem
2760 1843 2806 1911 ii
2841 1864 2979 1912 non
3013 1855 3184 1913 sunt

629 1946 806 2003 recte
837 1946 902 2003 et
934 1955 1100 2003 sane
1147 1933 1367 2004 affecti
1419 1935 1486 2003 in
1539 1939 1752 2004 Deum
1808 1934 1929 2020 qui
1985 1943 2087 2002 est
2147 1933 2415 2022 primus
2452 1933 2906 2032 principatus,
2949 1953 3178 2020 neque

626 2022 712 2102 ei,
766 2033 842 2092 ut
890 2043 1015 2111 par
1060 2032 1184 2103 est,
1239 2022 1567 2091 honorem
1628 2021 2014 2102 tribuerint,
2071 2043 2206 2092 non
2256 2021 2548 2090 dixerim
2597 2042 2713 2090 eos
2757 2041 2913 2090 esse
2964 2020 3184 2091 hono—

629 2110 904 2180 randos,
961 2109 1349 2192 Quinetiam
1399 2132 1638 2181 eorum
1688 2109 1787 2179 dii
1836 2132 1971 2180 non
2007 2121 2168 2180 sunt
2195 2123 2444 2179 temere
2477 2108 2773 2189 colendi,
2815 2109 2953 2178 nisi
2987 2110 3185 2200 prius

626 2199 1270 2279 examinaverimuS,
1294 2220 1381 2267 an
1408 2221 1557 2268 vere
1636 2199 1876 2278 ossint,
1902 2219 2382 2286 quaecumque
2413 2208 2675 2287 oportet
2702 2200 2916 2267 Deum
2949 2220 3182 2288 posse:

626 2298 692 2356 et
722 2307 914 2366 num,
950 2308 1109 2356 cum
1143 2298 1208 2355 et
1254 2298 1480 2357 ortum
1510 2288 1599 2355 ha
1650 2298 1896 2358 eantet
1930 2286 2377 2376 principium,
2418 2286 2555 2354 line
2591 2307 2869 2373 quoque
2893 2285 3181 2357 careant

627 2385 692 2443 et
739 2374 877 2442 sint
908 2373 1352 2444 immortales
1409 2376 1523 2444 Sin
1576 2387 1806 2444 autem
1855 2375 1955 2443 eis
2004 2375 2253 2442 horum
2304 2374 2480 2443 desit
2526 2374 2817 2462 aliquid,
2859 2396 2977 2444 eos
3026 2377 3185 2463 qui·

627 2462 785 2531 dem
836 2474 1098 2553 oportet
1137 2463 1510 2554 despicere.
1567 2462 1922 2546 Quomodo
1967 2463 2150 2531 enim
2203 2462 2407 2533 fucrit
2459 2468 2635 2534 Deus
2685 2462 3186 2554 imperfectus?

627 2551 911 2621 ferventi
962 2564 1187 2621 autem
1222 2552 1562 2623 desiderio
1595 2564 1658 2623 et
1701 2552 1962 2622 mundo
2010 2551 2213 2621 corde
2240 2553 2679 2640 quaerendus
2712 2564 2814 2622 est
2851 2558 3031 2625 Deus
3061 2557 3183 2643 qui

627 2653 728 2710 est
777 2661 929 2710 vere
982 2645 1180 2711 Deus,

716 2731 752 2816 ξ
810 2734 904 2801 9.
960 2734 1142 2820 «Ego
1192 2730 1427 2830 igitur,
1484 2742 1560 2799 ut
1608 2732 1755 2821 ipse
1783 2731 1940 2813 sciS,
1978 2754 2017 2800 o
2047 2731 2408 2814 Praefecto,
2447 2754 2606 2803 cum
2641 2745 2705 2804 et
2733 2756 2957 2803 essem
2987 2734 3188 2804 Athe-

628 2817 910 2899 niensiS,
958 2830 1023 2887 et
1072 2829 1361 2908 patriam
1408 2818 1624 2918 legem
1667 2819 1946 2907 jamdiu
1998 2821 2433 2902 honorarem,
2465 2835 2529 2890 et
2562 2822 2630 2890 in
2683 2834 2915 2892 tenera
2947 2822 3184 2893 adhue

627 2918 844 2975 aetate
902 2906 1179 2976 amissis
1241 2908 1643 2996 parenubus
1704 2930 1924 2976 essem
1992 2908 2223 2979 nescio
2292 2909 2638 2996 quomodo
2708 2910 3069 2983 studiosus
3117 2926 3182 2982 et

626 2993 826 3063 valde
866 2993 1275 3073 laboriosus,
1318 2996 1525 3064 statui
1578 3017 1977 3083 percurrere
2008 3018 2286 3066 omnem
2321 3001 2735 3067 Graecorum
2785 2997 3178 3069 fabulosam

625 3081 1034 3151 doctrinam.
1091 3086 1231 3151 Hoc
1281 3104 1437 3152 vero
1484 3106 1523 3151 a
1574 3106 1683 3152 me
1745 3084 1931 3153 brevi
1980 3096 2082 3154 est
2127 3085 2539 3166 confectum,
2594 3108 3016 3175 omnemque
3065 3111 3178 3159 eo-

625 3192 782 3239 rum
835 3169 1195 3240 scientiam
1244 3182 1309 3239 et
1348 3182 1559 3241 artem
1613 3185 1930 3242 accurate
1980 3174 2313 3263 percurri.
2356 3178 2523 3244 Cum
2582 3175 2692 3244 vix
2742 3176 3022 3246 tandem
3061 3199 3181 3248 au-

626 3271 758 3327 tem
812 3257 1257 3348 accepissem,
1285 3280 1432 3330 esse
1481 3261 1661 3350 apud
1720 3261 2138 3332 Christianos
2169 3283 2445 3350 quoque
2492 3264 2832 3350 quasdam
2868 3267 3177 3357 Scriptu-

628 3369 763 3427 ras,
801 3345 931 3416 fuit
981 3346 1153 3415 mihi
1195 3346 1422 3418 studio
1462 3370 1577 3417 eas
1627 3349 1873 3441 legere.
1929 3354 2095 3420 Cum
2142 3373 2298 3421 vero
2332 3352 2675 3442 legissem,
2737 3353 3179 3425 animadver-

628 3436 851 3506 tebam
905 3435 973 3504 in
1032 3436 1132 3506 eis
1182 3447 1441 3506 tantam
1505 3437 1714 3507 latere
1763 3439 2175 3520 utilitatem,
2246 3453 2506 3541 quanta
2554 3462 2639 3509 ne
2687 3442 2826 3511 dici
2888 3442 3175 3530 quidem

629 3536 888 3614 potest:
943 3534 1009 3593 et
1036 3546 1154 3596 eas
1187 3525 1546 3596 conferens
1593 3548 1754 3597 cum
1807 3533 2060 3597 Graeca
2107 3529 2502 3619 disciplina,
2541 3529 2974 3600 inveniebam
3035 3555 3175 3601 ma-

627 3635 837 3702 gnam
888 3613 1371 3695 differentiam,
1429 3637 1684 3702 easque
1714 3614 1890 3686 inter
1938 3638 2008 3685 se
2059 3639 2371 3717 pugnare
2435 3619 2636 3705 quasi
2680 3641 2760 3688 ex
2808 3618 3169 3690 diametro.

625 3706 702 3771 In
757 3700 896 3770 illis
927 3702 1209 3789 quidem
1260 3703 1579 3774 virtutem
1629 3716 1695 3772 et
1745 3705 2117 3786 veritatem,
2174 3727 2243 3774 1n
2297 3706 2426 3775 hac
2489 3717 2717 3775 autem
2767 3728 3074 3777 errorem
3115 3722 3176 3778 et

625 3789 1162 3879 improbitatem.
1203 3795 1370 3860 Nam
1421 3812 1598 3878 quae
1646 3806 1810 3863 sunt
1856 3793 2041 3882 apud
2093 3793 2512 3863 Christianos
2541 3794 2821 3881 quidem
2866 3797 3174 3887 Scriptu-

623 3898 760 3956 rae,
806 3877 1148 3947 inducunt
1197 3879 1444 3949 Christi
1495 3880 1779 3949 virtutes
1829 3886 1958 3950 Deo
2014 3882 2517 3964 convenienteS,
2573 3895 2639 3952 et
2694 3884 2955 3972 alioqui
3007 3885 3172 3954 sim-

624 3965 862 4055 plices,
916 3966 1327 4054 divinaeque
1363 3978 1672 4048 naturae,
1726 3982 1791 4038 et
1838 3969 1971 4038 sibi
2005 3983 2533 4056 consequentes:
2589 3977 3003 4041 Graecorum
3056 3997 3175 4044 au-

626 4064 758 4122 tem
795 4053 938 4121 Scri
999 4066 1209 4137 turae,
1266 4055 1610 4125 inducunt
1640 4061 1852 4126 Deum
1888 4057 2276 4146 praeditum
2328 4059 2656 4128 humanis
2694 4060 3171 4132 affectionibus

626 4164 661 4211 e
700 4153 938 4231 pertur
990 4143 1337 4213 ationibus
1366 4166 1378 4210 :
1414 4150 1477 4213 et
1503 4157 1665 4215 sunt
1694 4145 1970 4232 quidem
2003 4145 2246 4237 plenae
2279 4147 2660 4229 mendaciO,
2694 4148 2938 4239 plenae
2968 4151 3172 4219 etiam

629 4229 1044 4301 turbulentis
1103 4232 1320 4302 animi
1350 4232 1689 4304 motibus:
1743 4235 2039 4325 repletae
2086 4257 2360 4324 quoque
2394 4235 2922 4327 intemperantia
2947 4250 3013 4306 et
3049 4239 3174 4309 im-

630 4317 1119 4418 moderatione,
1176 4320 1507 4391 habentes
1563 4321 1727 4394 deos
1768 4323 1943 4393 inter
1973 4345 2044 4394 se
2079 4335 2485 4414 pugnantes,
2524 4324 2870 4413 victosque
2900 4339 2968 4395 et
3018 4350 3170 4398 sau-

629 4420 845 4477 clatos
894 4408 980 4477 ab
1028 4408 1454 4492 hominibus,
1510 4410 1578 4479 in
1637 4432 1811 4499 quos
1846 4411 2030 4482 cadit
2063 4412 2413 4483 interitus:
2444 4425 2508 4483 et
2540 4413 3169 4487 innumerabilibus
