3327 4999
670 317 800 382 424
1424 333 1504 377 mi
1552 332 1608 378 s.
1661 329 2010 379 annumero
2056 331 2299 377 Annus
2747 310 2995 375 MART.
3055 312 3132 375 2⁴¹

582 418 986 509 spatharius
1025 417 1243 505 Riggo
1281 415 1661 495 dicebatur,
1708 414 1822 484 cui
1869 414 2334 483 calceamenta
2370 434 2494 482 sua
2548 412 2888 512 praebuit,
2942 433 3151 481 eum-

579 529 717 593 que
765 505 966 579 indui
1019 504 1326 574 vestibus
1393 503 1746 592 regalibus
1793 501 1973 583 fecit,
2042 523 2247 589 quem
2296 500 2498 587 quasi
2547 522 2617 569 in
2669 521 2963 590 persona
3011 522 3150 570 sua

582 614 870 684 pergere
925 592 1011 661 ad
1052 592 1170 661 Dei
1230 591 1583 661 hominem
1637 590 2002 681 praecepit.
2069 595 2147 659 In
2196 588 2400 678 cujus
2439 587 2769 674 obsequio
2829 599 2963 658 tres
3021 588 3153 674 qui

585 682 721 752 sibi
772 702 934 770 prae
978 679 1266 749 caeteris
1312 678 1686 748 adhaerere
1740 687 2259 758 consueverant,
2284 677 2568 746 comites
2618 675 2829 755 misit,
2879 675 3155 746 scilicet

580 758 1032 849 Vultericuffi‚
1073 767 1494 837 Rudericum
1542 778 1611 834 et
1666 764 2112 846 Blindinum,
2167 776 2245 834 ut
2292 776 2450 832 ante
2498 763 2673 833 servi
2727 763 2841 831 Dei
2902 763 3151 834 oculos

578 857 817 947 ipsum
866 877 1096 945 regem
1145 854 1432 923 Totilam
1481 875 1630 924 esse
1663 853 2097 931 simulantes,
2137 852 2290 941 ejus
2321 851 2517 921 lateri
2562 850 3141 920 obambularent:

585 936 706 1014 cui
749 943 886 1012 alia
923 962 1198 1029 quoque
1244 942 1608 1027 obsequia.
1671 940 1843 1010 alios
1906 941 2293 1030 spatharios
2343 939 2683 1029 praebuit.
2735 948 2832 1008 ut·
2875 949 3015 1007 tam
3062 960 3150 1009 ex

582 1031 844 1100 eisdem
893 1031 1244 1118 obsequiis
1276 1051 1485 1116 quam
1535 1050 1616 1098 ex
1652 1029 2023 1118 purpureis
2055 1028 2361 1097 vestibus
2408 1049 2523 1096 rex
2548 1047 2699 1097 esse
2746 1020 3170 1115 putaretur.‘

585 1124 894 1205 Cumque
941 1119 1121 1188 idem
1161 1118 1378 1207 Riggo
1411 1117 1750 1186 decoratis
1812 1117 2139 1196 vestibus,
2190 1117 2694 1201 obsequentum
2755 1113 3146 1200 frequentia

591 1206 984 1287 comitatus,
1025 1206 1520 1275 monasterium
1567 1203 1812 1274 suisset
1858 1204 2235 1294 ingressus,
2289 1203 2394 1272 vir
2440 1202 2556 1271 Dei
2610 1201 2888 1275 eminus
2950 1201 3147 1270 sede-

590 1296 729 1364 bat.
784 1299 998 1376 Quem
1075 1294 1457 1363 venientem
1531 1291 1991 1381 conspiciens,
2046 1312 2204 1360 cum
2265 1291 2411 1379 jam
2461 1292 2548 1360 ab
2595 1312 2673 1358 eo
2722 1288 2951 1358 audiri
3020 1311 3143 1378 po-

589 1383 852 1462 tuisset,
906 1381 1249 1460 clamavit,
1303 1380 1832 1449 dicens:«Pone
1865 1378 1988 1459 fili,
2044 1400 2243 1467 pone:
2298 1379 2425 1446 hoc
2471 1377 2656 1463 quod
2710 1387 2962 1465 portas,
3000 1398 3142 1445 non

586 1482 689 1539 est
722 1481 994 1539 tuum.»
1030 1470 1160 1551 Qui
1192 1468 1407 1557 Riggo
1440 1468 1757 1556 protinus
1790 1467 1860 1534 in
1903 1479 2150 1536 terram
2179 1465 2444 1546 cecidit,
2489 1477 2554 1534 et
2582 1464 2748 1550 quia
2777 1476 2965 1533 tanto
2993 1465 3144 1533 viro

585 1556 881 1626 illudere
929 1558 1528 1646 praesumpsisset,
1582 1554 1885 1643 expavit,
1951 1575 2329 1639 omnesque
2374 1553 2492 1640 qui
2540 1575 2702 1622 cum
2752 1574 2830 1621 eo
2878 1551 2966 1619 ad
3019 1552 3146 1622 ho·-

589 1644 849 1712 minem
902 1645 1014 1713 Dei
1055 1644 1437 1723 veniebant,
1478 1656 1696 1711 terrae
1742 1642 2159 1712 consternati
2190 1653 2374 1710 sunt.
2430 1645 2562 1710 Sur
2611 1652 2801 1709 entes
2849 1650 3083 1709 autem
3120 1693 3136 1720 ,

587 1731 675 1800 ad
723 1753 883 1800 eum
925 1732 1210 1801 minime
1261 1731 1727 1819 propinquare
1761 1741 2421 1819 praesumpserunt:
2476 1750 2549 1796 se
2645 1728 2730 1796 ad
2772 1749 2982 1797 suum
3032 1749 3144 1795 re·

584 1841 739 1974 {em
793 1819 1068 1973 iieversi,
1125 1819 1635 1888 nunciaverunt
1692 1817 1967 1907 trepidi,
2032 1818 2103 1886 in
2153 1828 2415 1903 quanta
2473 1815 2822 1885 velocitate
2869 1814 3146 1884 fuerant

641 1928 678 1976 e
736 1929 804 1975 re
858 1928 1031 1975 ensl.

678 1928 726 2075 ἕ
772 1998 942 2065 ⁶2⁰.
987 2000 1177 2062 Tunc
1207 2015 1326 2083 per
1373 2014 1444 2062 se
1478 1991 1657 2061 idem
1692 1991 1908 2061 Totila
1938 1991 2022 2059 ad
2060 1991 2176 2060 Dei
2210 1989 2560 2060 hominem
2593 1991 2899 2062 accessit:
2933 2013 3145 2078 quem

590 2103 753 2151 cum
805 2081 1006 2181 longe
1053 2082 1400 2151 sedentem
1451 2092 1806 2159 cerneret,
1863 2101 1995 2147 non
2033 2101 2249 2148 ausus
2297 2078 2643 2160 accedere,
2699 2101 2846 2150 sese
2892 2079 2965 2146 in
3011 2090 3149 2148 ter-

589 2190 740 2238 ram
782 2169 992 2238 dedit.
1048 2169 1168 2238 Cui
1216 2191 1376 2237 cum
1446 2169 1548 2236 vir
1593 2169 1711 2236 Dei
1759 2167 1866 2236 bis
1930 2180 2110 2236 terve
2165 2166 2444 2245 diceret,
2502 2170 2634 2235 Sur
2683 2188 2764 2247 e,
2818 2166 2937 2236 sed
2993 2166 3149 2265 ipse

594 2269 754 2325 ante
799 2279 959 2326 eum
1022 2257 1107 2326 de
1178 2269 1356 2326 terra
1422 2255 1684 2355 erigere
1724 2277 1796 2325 se
1843 2277 1981 2323 non
2054 2254 2377 2324 auderet:
2440 2258 2613 2322 Bene
2669 2256 2844 2325 ictus
2893 2255 3150 2323 Christi

592 2350 760 2414 Jesu
807 2344 1115 2414 famulus
1163 2366 1284 2433 per
1321 2357 1557 2413 semen
1614 2364 1771 2411 sum
1821 2343 2149 2432 dignatus
2194 2354 2297 2411 est
2344 2342 2666 2411 accedere
2712 2342 2800 2411 ad
2852 2362 3086 2432 regem
3124 2397 3143 2421 ,

596 2443 1154 2522 prostratumque
1200 2432 1285 2501 de
1333 2444 1510 2501 terra
1560 2366 1804 2501 fimavit
1848 2442 1914 2498 et
1960 2431 2045 2498 de
2078 2431 2226 2501 suis
2266 2430 2534 2499 actibus
2582 2430 3001 2520 increpavit,
3045 2443 3152 2499 at-

596 2542 730 2606 que
778 2521 848 2588 in
883 2521 1126 2608 paucis
1174 2521 1608 2590 sermonibus
1653 2530 1903 2588 cuncta
1959 2539 2135 2604 quae
2185 2518 2286 2587 illi
2332 2531 2526 2588 erant
2576 2531 2880 2597 ventura,
2944 2540 3151 2609 prae*-

598 2608 979 2690 nunciavit,
1018 2608 1294 2676 dicens:
1332 2607 1586 2675 «Multa
1634 2606 1817 2675 mala
1863 2606 2056 2686 faciS,
2089 2607 2306 2675 multa
2340 2606 2524 2676 mala
2569 2606 2788 2676 fecisti
2824 2630 2839 2673 :
2873 2605 3024 2694 jam
3074 2628 3151 2675 a-

592 2694 925 2783 liquando
964 2697 1050 2765 ab
1091 2695 1451 2781 iniquitate
1491 2694 1924 2779 conquiesce.
1993 2694 2325 2780 Equidem
2370 2699 2659 2764 Romam
2699 2695 3151 2784 ingressurus

590 2805 687 2863 ρε,
745 2804 933 2852 mare
980 2784 1420 2860 transiturus,
1481 2803 1723 2850 novem
1780 2782 1984 2850 annis
2040 2804 2361 2872 regnans,
2427 2781 2693 2850 decimo
2756 2781 3149 2850 morieris»

591 2870 859 2954 Quibus
906 2870 1183 2951 auditis,
1239 2891 1353 2938 rex
1392 2869 1826 2937 vehementer
1874 2869 2173 2948 territus,
2226 2870 2531 2939 oratione
2580 2869 2788 2958 petita
2834 2870 3144 2938 recessit‘:

592 2972 799 3044 atque
830 2979 911 3026 ex
944 2956 1064 3026 illo
1100 2958 1248 3045 jam
1293 2968 1605 3044 tempore
1644 2956 1880 3025 minus
1912 2957 2216 3026 crudelis
2245 2955 2396 3034 suit,
2431 2968 2496 3028 et
2543 2978 2677 3025 non
2721 2955 2941 3025 multo
2992 2969 3155 3045 post

592 3050 882 3114 Romam
932 3044 1124 3125 adiit,
1164 3044 1250 3113 ad
1287 3043 1589 3113 Siciliam
1624 3045 1940 3133 perrexit.
1976 3049 2167 3113 Anno
2207 3057 2432 3113 autem
2468 3045 2663 3133 regni
2702 3045 2812 3112 sui
2845 3044 3146 3125 decim0‚

591 3132 1083 3220 omnipotentis
1121 3132 1234 3200 Dei
1272 3132 1539 3221 judicio
1586 3153 1881 3221 regnum
1910 3154 2071 3200 cum
2105 3133 2242 3200 vita
2278 3131 2596 3220 perdidit.
2644 3137 2995 3200 Praeterea
3027 3137 3153 3202 Ca-

590 3219 885 3289 nusinae
932 3219 1216 3290 antistes
1253 3219 1583 3289 ecclesiae
1630 3220 1716 3288 ad
1768 3220 2091 3289 eumdem
2144 3220 2255 3287 Dei
2311 3218 2652 3289 famulum
2700 3220 2935 3288 venire
2972 3242 3150 3289 con-

591 3318 907 3381 sueverat
949 3328 1156 3392 quem
1204 3307 1308 3376 vir
1357 3307 1471 3376 Dei
1522 3328 1643 3395 pro
1694 3306 1868 3375 vitae
1906 3329 2071 3375 suae
2120 3306 2360 3376 merito
2418 3306 2614 3375 valde
2671 3307 3025 3396 diligebat.
3078 3312 3151 3377 Is

595 3395 827 3481 itaque
874 3394 1045 3462 dum
1092 3416 1252 3464 cum
1304 3394 1422 3463 illo
1469 3395 1555 3463 de
1607 3395 1923 3484 ingressu
1971 3394 2154 3483 regis
2212 3394 2466 3463 Totilae
2520 3408 2585 3464 et
2634 3399 2982 3464 Romanae
3028 3417 3153 3463 ur-

590 3483 703 3553 bis
751 3482 1131 3572 perditione
1159 3481 1583 3568 colloquium
1632 3482 1934 3563 haberet,
1987 3482 2179 3550 dixit:
2209 3487 2376 3550 «Per
2411 3482 2596 3551 hunc
2633 3504 2860 3571 regem
2903 3483 3150 3552 civitas

591 3570 724 3639 ista
772 3570 1183 3649 destruetur,
1220 3582 1296 3639 ut
1338 3571 1487 3659 jam
1536 3570 1841 3660 amplius
1874 3591 2009 3639 non
2049 3569 2670 3639 inhabitetur.»Cui
2722 3571 2824 3638 vir
2870 3570 3149 3639 Domini

588 3658 992 3747 respondit:
1030 3663 1290 3727 «Roma
1323 3680 1362 3726 a
1402 3658 1726 3757 gentibus
1775 3679 1907 3727 non
1940 3657 2531 3738 exterminabitur,
2559 3657 2677 3726 sed
2728 3659 3152 3746 tempestati-

589 3746 765 3826 bus,
845 3746 1190 3824 coruscis,
1245 3745 1643 3814 turbinibus
1691 3768 1772 3815 ac
1822 3758 2230 3814 terraemotu
2277 3746 2579 3834 fatigata,
2651 3758 3027 3815 marcescet
3075 3746 3148 3813 in

593 3832 1037 3924 semetipsa.»
1066 3833 1276 3922 Cujus
1311 3833 1708 3922 prophetiae
1751 3834 2069 3918 mysteria
2117 3834 2317 3905 nobis
2354 3834 2504 3923 jam
2546 3832 2724 3902 sacta
2758 3845 2925 3903 sunt
2987 3832 3146 3902 luce

594 3920 890 3990 clariora
933 3920 1054 4006 qui
1113 3921 1181 3988 in
1241 3920 1370 3989 hac
1418 3923 1593 3991 urbe
1638 3919 1978 3991 dissoluta
2025 3921 2322 4002 moenia,
2383 3942 2655 3990 eversas
2701 3920 2969 4002 domos,
3026 3920 3150 3990 de-

593 4018 887 4079 structas
935 4007 1259 4080 ecclesias
1308 4009 1584 4079 turbine
1631 4008 2007 4090 cernimuS,
2059 4009 2347 4099 ejusque
2392 4007 2731 4088 aedificia,
2787 4007 2992 4098 longo
3038 4031 3151 4078 se-

594 4095 711 4164 nio
763 4095 1013 4166 lassata
1057 4096 1223 4182 quia
1271 4096 1496 4166 ruinis
1571 4097 2161 4166 crebrescentibus
2210 4109 2733 4186 prosternantur
2782 4096 3101 4165 videmus
3131 4150 3148 4176 ,

594 4183 915 4271 quamvis
949 4183 1077 4252 hoc
1106 4188 1497 4253 Honoratus
1527 4184 1678 4274 ejus
1716 4185 2128 4275 discipuluS,
2168 4185 2373 4274 cujus
2400 4184 2571 4253 mihi
2604 4183 2933 4253 relatione
2961 4204 3159 4252 com-

596 4282 870 4362 pertum
920 4282 1060 4352 est,
1130 4293 1565 4358 nequaquam
1614 4294 1696 4340 ex
1754 4295 1869 4342 ore
1920 4272 2108 4341 illius
2164 4272 2447 4341 audisse
2492 4294 2566 4341 se
2633 4270 2987 4360 perhibet:
3032 4271 3158 4341 sed

603 4359 773 4446 quia
818 4357 949 4429 hoc
987 4358 1256 4443 dixerit,
1312 4360 1574 4429 dictum
1624 4359 1758 4430 sibi
1806 4382 1847 4429 a
1893 4359 2223 4430 fratribus
2256 4360 2470 4431 fuisse
2516 4370 2823 4430 testatur.
3048 4392 3055 4399 ·
