3327 4999
230 363 335 428 EX
383 363 557 430 OCT.
611 365 651 429 5
930 384 1008 431 nr.
1055 385 1111 431 s.
1166 385 1528 433 mzmuwno
1578 384 1748 433 mac.
1785 385 1861 431 m·
1898 383 2080 432 conr.
2568 368 2694 432 647

225 461 492 548 laqueis
549 463 1001 533 constrictum
1051 464 1288 533 teneri.
1361 464 1667 534 Movebat
1739 486 1900 534 eum
1949 465 2134 552 quod
2198 465 2426 535 statim
2477 488 2518 535 a
2565 465 2784 537 sacris

228 550 528 649 acceptis
575 550 938 621 ordinibus
1008 551 1341 622 divinitus
1393 553 1680 643 punitus
1726 565 1939 634 esset,
1994 568 2058 623 et
2105 553 2292 624 unde
2340 553 2614 623 animae
2679 576 2780 623 re—

230 636 538 708 medium
587 640 1005 729 capiendum
1053 653 1219 721 erat,
1284 640 1351 711 id
1400 642 1462 712 ei
1514 664 1788 711 versum
1838 656 2015 713 esset
2064 642 2133 711 in
2238 643 2592 713 erniciem.
2654 647 2780 712 No-

227 738 411 795 verat
456 726 819 818 seriptum,
872 729 1150 819 gravius
1197 751 1357 799 eum
1432 731 1881 800 condemnari
1929 731 2050 818 qui
2100 731 2171 800 in
2229 732 2435 822 ignus
2469 729 2782 821 ‘suscipit

225 814 408 901 quod
474 837 607 884 non
673 830 995 887 meretur.
1053 818 1241 888 Sicut
1286 840 1449 909 ergo
1513 819 1583 889 in
1629 819 1892 888 Judam
1973 833 2224 890 temere
2285 819 2782 910 percipientem

224 925 342 973 cor
393 926 478 973 us
527 905 798 974 Domini
846 918 1120 976 satanas
1161 907 1459 988 intravit,
1516 929 1723 994 quem
1782 919 2048 978 constat
2097 907 2320 977 furem
2369 908 2628 979 fuisse:
2692 908 2784 977 ita

226 992 331 1061 col
366 992 592 1083 igebat
621 994 844 1065 Abbas
891 995 1096 1064 etiam
1128 995 1316 1066 hunc
1356 995 1662 1066 fortassis
1690 996 1923 1096 aliquo
1956 996 2204 1066 sacrile
2258 995 2320 1065 io
2352 996 2784 1067 contamina-

226 1093 397 1179 tum,
451 1081 635 1168 quod
707 1085 785 1153 ea
832 1081 971 1152 sere
1031 1082 1199 1153 hora
1259 1084 1561 1155 atrocius
1636 1097 2065 1155 cruciaretur
2128 1107 2167 1154 a
2266 1107 2592 1167 aemone,
2645 1107 2784 1172 qua

226 1168 469 1268 suisset
514 1170 732 1239 sacris
765 1171 1118 1241 initiatus:
1176 1172 1714 1260 hortabaturque
1753 1172 2019 1255 fratres,
2053 1185 2128 1243 ut
2177 1195 2340 1244 cum
2391 1196 2463 1243 se
2512 1173 2633 1243 illa
2668 1195 2782 1243 ve-

226 1269 405 1328 xatio
455 1259 848 1342 remitteret,
899 1274 1096 1329 caute
1143 1262 1231 1331 ab
1287 1283 1366 1330 eo
1427 1262 1970 1351 expiscarentur,
2024 1261 2366 1349 numquid
2417 1263 2569 1351 ejus
2615 1284 2783 1332 con-

225 1346 583 1446 scientiam
645 1362 902 1442 gravet.
958 1353 1223 1419 Fratres
1269 1350 1547 1420 Abbatis
1589 1349 1789 1437 jussa
1862 1362 2256 1441 capessunt,
2316 1350 2635 1421 clanculo
2702 1373 2781 1420 ex

223 1457 302 1505 eo
350 1435 811 1517 sciscitantur,
858 1437 916 1505 si
964 1438 1131 1524 quid
1184 1438 1429 1508 habeat
1459 1438 1641 1526 quod
1685 1439 2000 1508 animum
2069 1450 2298 1528 angat.
2354 1438 2479 1508 Ille
2526 1438 2613 1509 ad
2667 1461 2782 1509 vo-

158 1572 169 1589 .
224 1546 336 1593 ces
383 1547 623 1594 eorum
676 1525 878 1595 modo
928 1525 1201 1607 rubore,
1249 1527 1451 1597 inodo
1502 1527 1761 1618 pallore
1832 1527 2311 1597 suffunditur:
2366 1527 2784 1615 tandemque

225 1612 382 1682 licet
432 1612 909 1703 pudibundus,
972 1636 1169 1684 suam
1223 1616 1503 1716 culpam
1553 1627 1619 1685 et
1667 1616 1980 1707 agnoscit
2025 1628 2087 1685 et
2143 1637 2314 1706 pure
2361 1615 2774 1696 confitetur,

224 1723 431 1771 orans
461 1714 538 1771 ut
571 1702 757 1791 apud
805 1702 1133 1773 Abbatem
1170 1726 1292 1793 pro
1342 1727 1492 1794 ipso
1533 1704 1744 1774 velint
1793 1704 2236 1774 intercedere.
2297 1709 2561 1774 Fratres
2609 1703 2784 1774 rese-

226 1803 386 1860 runt
432 1791 669 1860 omnia
700 1789 785 1859 ad
814 1791 1163 1873 Abbatem‚
1218 1792 1440 1864 Abbas
1481 1792 1825 1880 justitiam
1881 1792 2356 1863 misericordia
2423 1803 2778 1882 temperat,

226 1901 350 1947 nec
383 1877 529 1948 vult
573 1878 824 1948 addere
871 1880 1309 1950 afflictionem
1348 1881 1637 1950 afflicto:
1697 1880 2012 1971 probibet
2043 1881 2275 1962 etiam,
2331 1902 2415 1949 ne
2449 1880 2601 1969 ejus
2646 1880 2781 1950 cri-

229 1988 384 2034 men
437 1966 504 2034 in
546 1966 902 2056 publicum
957 1968 1379 2059 proferatur:
1436 1968 1679 2038 indicit
1727 1969 2055 2040 fratribus
2086 1982 2162 2038 ut
2195 1991 2317 2060 pro
2351 1968 2470 2037 illo
2486 1968 2782 2057 jejuniis

228 2068 291 2123 ct
342 2054 663 2144 precibus
736 2069 798 2124 et
849 2056 1209 2127 Missarum
1276 2057 1721 2128 celebrationi
1781 2058 2211 2127 incumbant.
2276 2056 2452 2140 Quid
2505 2056 2785 2126 multa?

234 2142 609 2213 Revalescit
647 2143 875 2223 frater,
952 2145 1335 2216 restituitur
1404 2146 1813 2228 brachium,
1887 2147 2180 2216 daemon
2231 2147 2317 2216 ab
2364 2167 2443 2216 eo
2497 2167 2780 2234 prorsus

228 2232 650 2389 eliminatur:
706 2247 1068 2320 nosterque
1117 2257 1384 2305 moeror
1417 2234 1801 2325 multiplex,
1847 2234 2066 2304 multa
2111 2233 2576 2305 consolatione
2629 2255 2783 2325 per-

232 2342 353 2391 niu
384 2334 560 2391 atur.

476 2656 709 2757 VITA
776 2656 853 2757 S.
929 2656 1505 2759 MElNULPHl
1582 2656 1992 2758 DlACONl
2063 2657 2186 2758 ET
2257 2655 2536 2757 CONF.

824 2899 1067 2946 srmnt
1116 2895 1343 2946 passm
1392 2898 1671 2946 leAVIT
1717 2898 1905 2945 LAUR.
1961 2897 2188 2945 sumus

757 3076 945 3134 obiit
985 3078 1167 3134 circa
1214 3079 1351 3134 857.
1395 3106 1474 3118 —-
1513 3077 1810 3134 Ratione
1851 3076 2253 3133 Germanus.

320 3293 356 3378 ἓ
424 3297 502 3363 1.
553 3295 744 3359 Anno
808 3291 1198 3360 Doininicae
1276 3290 1771 3360 incarnationis
1833 3289 2446 3381 septingentesimo
2502 3300 2778 3378 septua-

232 3379 812 3470 gesimoseptim0‚
851 3402 1012 3448 cum
1042 3377 1321 3448 Carolus
1349 3385 1638 3469 Magnus
1686 3400 1837 3446 eam
1875 3379 2205 3448 Saxoniae
2239 3389 2530 3468 partem,
2570 3399 2779 3464 quam

232 3489 420 3536 nunc
474 3466 956 3556 westphaliam
1010 3479 1275 3548 vocant,
1331 3466 1510 3536 bello
1540 3467 1713 3536 sube
1767 3465 1952 3548 isset,
1986 3487 2228 3535 omnes
2277 3466 2572 3555 majores
2619 3476 2784 3536 natu

232 3556 383 3646 ejus
432 3555 732 3646 regionis
782 3567 1115 3624 venerunt
1161 3554 1247 3624 ad
1306 3577 1466 3624 eum
1525 3553 1740 3622 Pader
1792 3575 2021 3636 onam,
2075 3575 2217 3623 uno
2265 3553 2542 3643 dempto
2599 3551 2787 3623 Witi-

180 3671 190 3679 ·
233 3644 475 3723 kind0,
533 3643 676 3713 viro
724 3643 1057 3734 primario
1104 3665 1308 3730 quem
1363 3642 1682 3711 nonnulli
1734 3647 2026 3732 Regem,
2080 3641 2200 3710 alii
2267 3639 2516 3711 ducem
2566 3639 2782 3711 fuisse

230 3733 676 3802 arbitrantur.
732 3732 786 3800 Ii
835 3744 1065 3801 autem
1114 3731 1233 3817 qui
1283 3730 1368 3800 ad
1420 3729 1738 3799 Carolum
1788 3731 2070 3808 venere,
2125 3750 2366 3799 omnes
2416 3729 2483 3797 in
2534 3728 2778 3800 eodem

233 3821 382 3891 loco
414 3820 836 3890 salutaribus
866 3819 1194 3909 baptismi
1230 3818 1438 3889 undis
1476 3818 1728 3908 expiati
1759 3828 1946 3897 sunt,
2004 3817 2366 3904 visumque
2411 3829 2513 3886 est
2546 3817 2785 3887 Carolo

234 3911 425 4002 Regi,
480 3908 623 3978 illic
673 3908 992 3998 Episcopi
1031 3907 1263 3977 sedem
1296 3907 1735 3976 constituere.
1791 3912 2028 3992 Itaque
2063 3905 2257 3974 tertio
2297 3904 2552 3974 abhinc
2600 3928 2786 3975 anno

236 4020 514 4089 parvam
586 3997 683 4067 ibi
731 3997 1113 4066 construxit
1159 3995 1544 4075 ecclesiam,
1596 4016 1927 4081 eamque,
1993 3993 2179 4080 quod
2241 3993 2435 4064 locus
2484 3993 2780 4063 necdum

236 4087 552 4158 munitus
598 4097 798 4166 esset,
852 4084 1333 4175 Herbipolensi
1381 4083 1716 4174 Episcopo
1780 4094 1923 4152 tum
1987 4081 2518 4151 commendavit.
2575 4086 2781 4152 Porro

232 4198 415 4245 anno
466 4175 625 4244 inde
664 4173 1201 4260 decimoquintO,
1255 4172 1677 4242 Canonicum
1725 4170 2055 4241 ecclesiae
2104 4169 2622 4260 Herbipolensis
2652 4174 2787 4239 Ha-

233 4263 638 4344 tumarium,
698 4262 971 4333 natione
1018 4262 1514 4352 Westphalum,
1579 4260 1884 4350 primum
1936 4258 2079 4328 illic
2128 4259 2543 4349 Episcopum
2594 4258 2790 4328 insti-

237 4352 403 4422 tuit:
457 4352 658 4442 cujus
704 4352 936 4442 episco
989 4363 1143 4420 atus
1190 4371 1372 4419 anno
1409 4362 1654 4437 quarto
1687 4353 1814 4418 Leo
1865 4346 2169 4419 Pontifex
2204 4352 2582 4426 Romanus,
2633 4345 2787 4436 ejus

236 4440 538 4510 nominis
586 4441 848 4523 tertius,
903 4374 989 4509 ab
1038 4438 1332 4510 aemulis
1389 4440 1604 4509 Roma
1671 4437 1950 4528 puISUS,
2013 4436 2099 4506 ad
2158 4441 2410 4527 Regem
2466 4434 2782 4504 Carolum
