<?xml version="1.0" encoding="UTF-8"?>
<!DOCTYPE html PUBLIC "-//W3C//DTD XHTML 1.0 Transitional//EN"
    "http://www.w3.org/TR/xhtml1/DTD/xhtml1-transitional.dtd">
<html xmlns="http://www.w3.org/1999/xhtml" xml:lang="en" lang="en">
 <head>
  <title>
</title>
<meta http-equiv="Content-Type" content="text/html;charset=utf-8" />
  <meta name='ocr-system' content='tesseract 3.04.00' />
  <meta name='ocr-capabilities' content='ocr_page ocr_carea ocr_par ocr_line ocrx_word'/>
</head>
<body>
  <div class='ocr_page' id='page_1' title='image "./historiaeseuvit04lippgoog_0484.png"; bbox 0 0 3327 4999; ppageno 0'>
   <div class='ocr_carea' id='block_1_1' title="bbox 685 329 3310 431">
    <p class='ocr_par' dir='ltr' id='par_1_1' title="bbox 685 329 3310 431">
     <span class='ocr_line' id='line_1_1' title="bbox 685 329 3310 431; baseline -0.003 -28"><span class='ocrx_word' id='word_1_1' title='bbox 685 331 816 403; x_wconf 73' lang='lat'>470</span> <span class='ocrx_word' id='word_1_2' title='bbox 1425 352 1491 400; x_wconf 77' lang='grc' dir='ltr'>ιΝ</span> <span class='ocrx_word' id='word_1_3' title='bbox 1539 350 1927 402; x_wconf 70' lang='grc' dir='ltr'><strong>ΑΝΝυΝοιΑτ.</strong></span> <span class='ocrx_word' id='word_1_4' title='bbox 1983 352 2042 398; x_wconf 76' lang='grc' dir='ltr'>Β.</span> <span class='ocrx_word' id='word_1_5' title='bbox 2095 347 2337 399; x_wconf 62' lang='lat' dir='ltr'>namn</span> <span class='ocrx_word' id='word_1_6' title='bbox 2767 329 3016 397; x_wconf 78' lang='lat' dir='ltr'>MART.</span> <span class='ocrx_word' id='word_1_7' title='bbox 3071 333 3169 397; x_wconf 76' lang='lat'>25</span> <span class='ocrx_word' id='word_1_8' title='bbox 3291 338 3310 431; x_wconf 73' lang='grc' dir='ltr'>ιΙ</span> 
     </span>
    </p>
   </div>
   <div class='ocr_carea' id='block_1_2' title="bbox 594 434 3166 4508">
    <p class='ocr_par' dir='ltr' id='par_1_2' title="bbox 596 434 3166 2031">
     <span class='ocr_line' id='line_1_2' title="bbox 599 434 3166 533; baseline -0.001 -24"><span class='ocrx_word' id='word_1_9' title='bbox 599 438 964 533; x_wconf 86' lang='lat' dir='ltr'>prostravit</span> <span class='ocrx_word' id='word_1_10' title='bbox 1008 457 1167 507; x_wconf 89' lang='lat' dir='ltr'>eum</span> <span class='ocrx_word' id='word_1_11' title='bbox 1203 437 1325 524; x_wconf 89' lang='lat' dir='ltr'>qui</span> <span class='ocrx_word' id='word_1_12' title='bbox 1354 436 1443 506; x_wconf 91' lang='lat' dir='ltr'>ad</span> <span class='ocrx_word' id='word_1_13' title='bbox 1485 437 1862 528; x_wconf 83' lang='lat' dir='ltr'>imaginem</span> <span class='ocrx_word' id='word_1_14' title='bbox 1913 458 2138 507; x_wconf 90' lang='lat' dir='ltr'>meam</span> <span class='ocrx_word' id='word_1_15' title='bbox 2174 435 2397 507; x_wconf 85' lang='lat' dir='ltr'>factus</span> <span class='ocrx_word' id='word_1_16' title='bbox 2443 445 2586 506; x_wconf 91' lang='lat' dir='ltr'>est:</span> <span class='ocrx_word' id='word_1_17' title='bbox 2622 434 2936 524; x_wconf 79' lang='lat' dir='ltr'>corrupit</span> <span class='ocrx_word' id='word_1_18' title='bbox 2976 456 3166 524; x_wconf 88' lang='lat' dir='ltr'>opus</span> 
     </span>
     <span class='ocr_line' id='line_1_3' title="bbox 597 523 3165 614; baseline -0.002 -16"><span class='ocrx_word' id='word_1_19' title='bbox 597 549 939 599; x_wconf 89' lang='lat' dir='ltr'>manuum</span> <span class='ocrx_word' id='word_1_20' title='bbox 970 547 1311 597; x_wconf 88' lang='lat' dir='ltr'>mearum:</span> <span class='ocrx_word' id='word_1_21' title='bbox 1356 526 1593 596; x_wconf 78' lang='lat' dir='ltr'>infecit</span> <span class='ocrx_word' id='word_1_22' title='bbox 1638 527 1851 596; x_wconf 90' lang='lat' dir='ltr'>decus</span> <span class='ocrx_word' id='word_1_23' title='bbox 1900 549 1940 595; x_wconf 89' lang='lat' dir='ltr'>a</span> <span class='ocrx_word' id='word_1_24' title='bbox 1974 547 2083 595; x_wconf 90' lang='lat' dir='ltr'>me</span> <span class='ocrx_word' id='word_1_25' title='bbox 2129 523 2543 595; x_wconf 90' lang='lat' dir='ltr'>confectum.</span> <span class='ocrx_word' id='word_1_26' title='bbox 2595 528 2828 614; x_wconf 88' lang='lat' dir='ltr'>Lupus</span> <span class='ocrx_word' id='word_1_27' title='bbox 2876 523 3165 594; x_wconf 79' lang='lat' dir='ltr'>devorat</span> 
     </span>
     <span class='ocr_line' id='line_1_4' title="bbox 600 612 3166 704; baseline -0.002 -17"><span class='ocrx_word' id='word_1_28' title='bbox 600 618 968 688; x_wconf 89' lang='lat' dir='ltr'>alumnum</span> <span class='ocrx_word' id='word_1_29' title='bbox 1004 636 1260 685; x_wconf 89' lang='lat' dir='ltr'>meum.</span> <span class='ocrx_word' id='word_1_30' title='bbox 1301 615 1543 685; x_wconf 79' lang='lat' dir='ltr'><strong>Exulat</strong></span> <span class='ocrx_word' id='word_1_31' title='bbox 1591 614 1817 685; x_wconf 90' lang='lat' dir='ltr'>incola</span> <span class='ocrx_word' id='word_1_32' title='bbox 1867 614 2197 685; x_wconf 86' lang='lat' dir='ltr'>Paradisi.</span> <span class='ocrx_word' id='word_1_33' title='bbox 2240 613 2426 683; x_wconf 90' lang='lat' dir='ltr'>Vitae</span> <span class='ocrx_word' id='word_1_34' title='bbox 2460 613 2729 704; x_wconf 89' lang='lat' dir='ltr'>lignum</span> <span class='ocrx_word' id='word_1_35' title='bbox 2765 634 2806 681; x_wconf 92' lang='lat' dir='ltr'>a</span> <span class='ocrx_word' id='word_1_36' title='bbox 2838 612 3166 682; x_wconf 90' lang='lat' dir='ltr'>flammeo</span> 
     </span>
     <span class='ocr_line' id='line_1_5' title="bbox 599 701 3165 797; baseline -0.002 -22"><span class='ocrx_word' id='word_1_37' title='bbox 599 705 831 797; x_wconf 86' lang='lat' dir='ltr'>gladio</span> <span class='ocrx_word' id='word_1_38' title='bbox 880 702 1290 774; x_wconf 77' lang='lat' dir='ltr'>custoditur.</span> <span class='ocrx_word' id='word_1_39' title='bbox 1328 703 1617 773; x_wconf 89' lang='lat' dir='ltr'>Clausus</span> <span class='ocrx_word' id='word_1_40' title='bbox 1666 716 1766 773; x_wconf 91' lang='lat' dir='ltr'>est</span> <span class='ocrx_word' id='word_1_41' title='bbox 1814 703 2007 773; x_wconf 90' lang='lat' dir='ltr'>locus</span> <span class='ocrx_word' id='word_1_42' title='bbox 2048 702 2481 773; x_wconf 90' lang='lat' dir='ltr'>deliciarum.</span> <span class='ocrx_word' id='word_1_43' title='bbox 2537 701 2843 771; x_wconf 90' lang='lat' dir='ltr'>Errantis</span> <span class='ocrx_word' id='word_1_44' title='bbox 2873 722 2984 770; x_wconf 91' lang='lat' dir='ltr'>me</span> <span class='ocrx_word' id='word_1_45' title='bbox 3029 702 3165 770; x_wconf 90' lang='lat' dir='ltr'>mi-</span> 
     </span>
     <span class='ocr_line' id='line_1_6' title="bbox 598 789 3155 882; baseline -0.001 -19"><span class='ocrx_word' id='word_1_46' title='bbox 598 805 799 863; x_wconf 83' lang='lat' dir='ltr'><strong>seret.</strong></span> <span class='ocrx_word' id='word_1_47' title='bbox 845 798 1125 862; x_wconf 80' lang='lat' dir='ltr'>Hostem</span> <span class='ocrx_word' id='word_1_48' title='bbox 1165 790 1321 882; x_wconf 91' lang='lat' dir='ltr'>capi</span> <span class='ocrx_word' id='word_1_49' title='bbox 1372 792 1544 861; x_wconf 90' lang='lat' dir='ltr'>volo.</span> <span class='ocrx_word' id='word_1_50' title='bbox 1598 792 1846 871; x_wconf 82' lang='lat' dir='ltr'>Placet,</span> <span class='ocrx_word' id='word_1_51' title='bbox 1900 804 1977 861; x_wconf 92' lang='lat' dir='ltr'>ut</span> <span class='ocrx_word' id='word_1_52' title='bbox 2026 792 2310 861; x_wconf 90' lang='lat' dir='ltr'>virtutes</span> <span class='ocrx_word' id='word_1_53' title='bbox 2356 812 2597 860; x_wconf 88' lang='lat' dir='ltr'>omnes</span> <span class='ocrx_word' id='word_1_54' title='bbox 2633 790 2911 877; x_wconf 87' lang='lat' dir='ltr'>quaein</span> <span class='ocrx_word' id='word_1_55' title='bbox 2962 789 3155 861; x_wconf 89' lang='lat' dir='ltr'>coelo</span> 
     </span>
     <span class='ocr_line' id='line_1_7' title="bbox 597 878 3154 971; baseline -0.002 -18"><span class='ocrx_word' id='word_1_56' title='bbox 597 893 785 964; x_wconf 91' lang='lat' dir='ltr'>sunt,</span> <span class='ocrx_word' id='word_1_57' title='bbox 831 880 1241 971; x_wconf 80' lang='lat' dir='ltr'>mysterium</span> <span class='ocrx_word' id='word_1_58' title='bbox 1294 880 1422 950; x_wconf 89' lang='lat' dir='ltr'>hoc</span> <span class='ocrx_word' id='word_1_59' title='bbox 1458 880 1661 951; x_wconf 91' lang='lat' dir='ltr'>lateat</span> <span class='ocrx_word' id='word_1_60' title='bbox 1708 892 1773 950; x_wconf 88' lang='lat' dir='ltr'>et</span> <span class='ocrx_word' id='word_1_61' title='bbox 1806 880 1923 951; x_wconf 91' lang='lat' dir='ltr'>tibi</span> <span class='ocrx_word' id='word_1_62' title='bbox 1959 880 2086 950; x_wconf 92' lang='lat' dir='ltr'>soli</span> <span class='ocrx_word' id='word_1_63' title='bbox 2135 880 2222 949; x_wconf 90' lang='lat' dir='ltr'>sit</span> <span class='ocrx_word' id='word_1_64' title='bbox 2270 878 2740 949; x_wconf 85' lang='lat' dir='ltr'>manifestum.</span> <span class='ocrx_word' id='word_1_65' title='bbox 2777 878 2960 948; x_wconf 91' lang='lat' dir='ltr'>Vade</span> <span class='ocrx_word' id='word_1_66' title='bbox 2990 899 3154 969; x_wconf 84' lang='lat' dir='ltr'>ergo</span> 
     </span>
     <span class='ocr_line' id='line_1_8' title="bbox 599 966 3153 1059; baseline -0.002 -20"><span class='ocrx_word' id='word_1_67' title='bbox 599 970 685 1040; x_wconf 90' lang='lat' dir='ltr'>ad</span> <span class='ocrx_word' id='word_1_68' title='bbox 736 968 1019 1039; x_wconf 85' lang='lat' dir='ltr'>Mariam</span> <span class='ocrx_word' id='word_1_69' title='bbox 1062 967 1437 1059; x_wconf 84' lang='lat' dir='ltr'>Virginem.</span> <span class='ocrx_word' id='word_1_70' title='bbox 1492 969 1672 1039; x_wconf 90' lang='lat' dir='ltr'>Vade</span> <span class='ocrx_word' id='word_1_71' title='bbox 1721 968 1807 1038; x_wconf 91' lang='lat' dir='ltr'>ad</span> <span class='ocrx_word' id='word_1_72' title='bbox 1858 970 2235 1038; x_wconf 81' lang='lat' dir='ltr'>animatam</span> <span class='ocrx_word' id='word_1_73' title='bbox 2284 968 2662 1048; x_wconf 84' lang='lat' dir='ltr'>civitatem,</span> <span class='ocrx_word' id='word_1_74' title='bbox 2716 966 2802 1035; x_wconf 92' lang='lat' dir='ltr'>de</span> <span class='ocrx_word' id='word_1_75' title='bbox 2856 988 2998 1055; x_wconf 91' lang='lat' dir='ltr'>qua</span> <span class='ocrx_word' id='word_1_76' title='bbox 3059 966 3153 1035; x_wconf 89' lang='lat' dir='ltr'>lo-</span> 
     </span>
     <span class='ocr_line' id='line_1_9' title="bbox 596 1054 3150 1148; baseline -0.001 -21"><span class='ocrx_word' id='word_1_77' title='bbox 596 1058 834 1146; x_wconf 90' lang='lat' dir='ltr'>quitur</span> <span class='ocrx_word' id='word_1_78' title='bbox 882 1057 1259 1148; x_wconf 85' lang='lat' dir='ltr'>Propheta:</span> <span class='ocrx_word' id='word_1_79' title='bbox 1312 1057 1662 1138; x_wconf 86' lang='lat' dir='ltr'>Gloriosa,</span> <span class='ocrx_word' id='word_1_80' title='bbox 1718 1057 2082 1144; x_wconf 83' lang='lat' dir='ltr'>inquienS,</span> <span class='ocrx_word' id='word_1_81' title='bbox 2147 1056 2232 1126; x_wconf 89' lang='lat' dir='ltr'>de</span> <span class='ocrx_word' id='word_1_82' title='bbox 2298 1069 2362 1126; x_wconf 89' lang='lat' dir='ltr'>te</span> <span class='ocrx_word' id='word_1_83' title='bbox 2425 1056 2609 1137; x_wconf 90' lang='lat' dir='ltr'>dicta</span> <span class='ocrx_word' id='word_1_84' title='bbox 2657 1066 2862 1138; x_wconf 89' lang='lat' dir='ltr'>sunt,</span> <span class='ocrx_word' id='word_1_85' title='bbox 2921 1054 3150 1125; x_wconf 83' lang='lat' dir='ltr'>civitas</span> 
     </span>
     <span class='ocr_line' id='line_1_10' title="bbox 602 1142 3148 1233; baseline -0.001 -17"><span class='ocrx_word' id='word_1_86' title='bbox 602 1148 742 1216; x_wconf 89' lang='lat' dir='ltr'>Dei.</span> <span class='ocrx_word' id='word_1_87' title='bbox 797 1146 978 1216; x_wconf 89' lang='lat' dir='ltr'>Vade</span> <span class='ocrx_word' id='word_1_88' title='bbox 1048 1145 1135 1215; x_wconf 88' lang='lat' dir='ltr'>ad</span> <span class='ocrx_word' id='word_1_89' title='bbox 1207 1145 1614 1216; x_wconf 86' lang='lat' dir='ltr'>Paradisum</span> <span class='ocrx_word' id='word_1_90' title='bbox 1690 1168 1922 1215; x_wconf 89' lang='lat' dir='ltr'>mcum</span> <span class='ocrx_word' id='word_1_91' title='bbox 2001 1143 2430 1215; x_wconf 83' lang='lat' dir='ltr'>rationalem.</span> <span class='ocrx_word' id='word_1_92' title='bbox 2486 1142 2665 1213; x_wconf 90' lang='lat' dir='ltr'>Vade</span> <span class='ocrx_word' id='word_1_93' title='bbox 2733 1142 2822 1213; x_wconf 89' lang='lat' dir='ltr'>ad</span> <span class='ocrx_word' id='word_1_94' title='bbox 2891 1156 3148 1233; x_wconf 87' lang='lat' dir='ltr'>portam</span> 
     </span>
     <span class='ocr_line' id='line_1_11' title="bbox 602 1230 3150 1324; baseline -0.002 -19"><span class='ocrx_word' id='word_1_95' title='bbox 602 1234 1042 1306; x_wconf 82' lang='lat' dir='ltr'>orientalem.</span> <span class='ocrx_word' id='word_1_96' title='bbox 1113 1234 1291 1304; x_wconf 89' lang='lat' dir='ltr'>Vade</span> <span class='ocrx_word' id='word_1_97' title='bbox 1338 1234 1425 1303; x_wconf 91' lang='lat' dir='ltr'>ad</span> <span class='ocrx_word' id='word_1_98' title='bbox 1475 1234 1950 1305; x_wconf 89' lang='lat' dir='ltr'>habitaculum</span> <span class='ocrx_word' id='word_1_99' title='bbox 2002 1233 2217 1303; x_wconf 90' lang='lat' dir='ltr'>Verbo</span> <span class='ocrx_word' id='word_1_100' title='bbox 2266 1254 2419 1302; x_wconf 90' lang='lat' dir='ltr'>meo</span> <span class='ocrx_word' id='word_1_101' title='bbox 2466 1233 2786 1324; x_wconf 91' lang='lat' dir='ltr'>dignum.</span> <span class='ocrx_word' id='word_1_102' title='bbox 2843 1232 3027 1302; x_wconf 86' lang='lat' dir='ltr'>Vade</span> <span class='ocrx_word' id='word_1_103' title='bbox 3070 1230 3150 1301; x_wconf 88' lang='lat' dir='ltr'>ad</span> 
     </span>
     <span class='ocr_line' id='line_1_12' title="bbox 603 1319 3156 1412; baseline -0.002 -18"><span class='ocrx_word' id='word_1_104' title='bbox 603 1323 899 1394; x_wconf 88' lang='lat' dir='ltr'>alterum</span> <span class='ocrx_word' id='word_1_105' title='bbox 929 1321 1198 1393; x_wconf 89' lang='lat' dir='ltr'>coelum</span> <span class='ocrx_word' id='word_1_106' title='bbox 1249 1322 1434 1410; x_wconf 89' lang='lat' dir='ltr'>quod</span> <span class='ocrx_word' id='word_1_107' title='bbox 1462 1336 1564 1394; x_wconf 89' lang='lat' dir='ltr'>est</span> <span class='ocrx_word' id='word_1_108' title='bbox 1594 1324 1665 1392; x_wconf 93' lang='lat' dir='ltr'>in</span> <span class='ocrx_word' id='word_1_109' title='bbox 1716 1334 1918 1393; x_wconf 89' lang='lat' dir='ltr'>terra.</span> <span class='ocrx_word' id='word_1_110' title='bbox 1954 1321 2076 1392; x_wconf 84' lang='lat' dir='ltr'>Abi</span> <span class='ocrx_word' id='word_1_111' title='bbox 2123 1321 2208 1391; x_wconf 94' lang='lat' dir='ltr'>ad</span> <span class='ocrx_word' id='word_1_112' title='bbox 2244 1321 2571 1393; x_wconf 87' lang='lat' dir='ltr'>nebulam</span> <span class='ocrx_word' id='word_1_113' title='bbox 2615 1319 2835 1390; x_wconf 89' lang='lat' dir='ltr'>levem</span> <span class='ocrx_word' id='word_1_114' title='bbox 2864 1334 2932 1391; x_wconf 91' lang='lat' dir='ltr'>et</span> <span class='ocrx_word' id='word_1_115' title='bbox 2962 1342 3156 1412; x_wconf 89' lang='lat' dir='ltr'>prae-</span> 
     </span>
     <span class='ocr_line' id='line_1_13' title="bbox 603 1409 3158 1502; baseline -0.002 -19"><span class='ocrx_word' id='word_1_116' title='bbox 603 1412 862 1483; x_wconf 90' lang='lat' dir='ltr'>sentiae</span> <span class='ocrx_word' id='word_1_117' title='bbox 910 1432 1103 1481; x_wconf 89' lang='lat' dir='ltr'>meae</span> <span class='ocrx_word' id='word_1_118' title='bbox 1152 1410 1256 1479; x_wconf 89' lang='lat' dir='ltr'>illi</span> <span class='ocrx_word' id='word_1_119' title='bbox 1305 1411 1562 1481; x_wconf 90' lang='lat' dir='ltr'>nuncia</span> <span class='ocrx_word' id='word_1_120' title='bbox 1609 1412 2096 1502; x_wconf 86' lang='lat' dir='ltr'>integritatem.</span> <span class='ocrx_word' id='word_1_121' title='bbox 2150 1410 2273 1481; x_wconf 81' lang='lat' dir='ltr'>Abi</span> <span class='ocrx_word' id='word_1_122' title='bbox 2302 1410 2391 1480; x_wconf 92' lang='lat' dir='ltr'>ad</span> <span class='ocrx_word' id='word_1_123' title='bbox 2441 1410 2918 1480; x_wconf 86' lang='lat' dir='ltr'>sanctuarium</span> <span class='ocrx_word' id='word_1_124' title='bbox 2984 1409 3158 1478; x_wconf 89' lang='lat' dir='ltr'>mihi</span> 
     </span>
     <span class='ocr_line' id='line_1_14' title="bbox 605 1497 3156 1592; baseline -0.002 -20"><span class='ocrx_word' id='word_1_125' title='bbox 605 1511 952 1592; x_wconf 90' lang='lat' dir='ltr'>paratum.</span> <span class='ocrx_word' id='word_1_126' title='bbox 1006 1498 1128 1569; x_wconf 85' lang='lat' dir='ltr'>Abi</span> <span class='ocrx_word' id='word_1_127' title='bbox 1178 1498 1263 1568; x_wconf 90' lang='lat' dir='ltr'>ad</span> <span class='ocrx_word' id='word_1_128' title='bbox 1334 1499 1715 1569; x_wconf 88' lang='lat' dir='ltr'>thalamum</span> <span class='ocrx_word' id='word_1_129' title='bbox 1778 1499 2053 1591; x_wconf 76' lang='lat' dir='ltr'>divinae</span> <span class='ocrx_word' id='word_1_130' title='bbox 2114 1499 2570 1569; x_wconf 89' lang='lat' dir='ltr'>humanitatis</span> <span class='ocrx_word' id='word_1_131' title='bbox 2628 1519 2844 1568; x_wconf 90' lang='lat' dir='ltr'>meae.</span> <span class='ocrx_word' id='word_1_132' title='bbox 2900 1497 3020 1569; x_wconf 80' lang='lat' dir='ltr'>Abi</span> <span class='ocrx_word' id='word_1_133' title='bbox 3069 1497 3156 1568; x_wconf 92' lang='lat' dir='ltr'>ad</span> 
     </span>
     <span class='ocr_line' id='line_1_15' title="bbox 606 1587 3163 1680; baseline -0.002 -20"><span class='ocrx_word' id='word_1_134' title='bbox 606 1610 865 1680; x_wconf 90' lang='lat' dir='ltr'>purum</span> <span class='ocrx_word' id='word_1_135' title='bbox 898 1587 1304 1658; x_wconf 87' lang='lat' dir='ltr'>cubiculum</span> <span class='ocrx_word' id='word_1_136' title='bbox 1346 1598 1539 1658; x_wconf 90' lang='lat' dir='ltr'>ortus</span> <span class='ocrx_word' id='word_1_137' title='bbox 1579 1588 1714 1658; x_wconf 89' lang='lat' dir='ltr'>mei</span> <span class='ocrx_word' id='word_1_138' title='bbox 1764 1587 2148 1658; x_wconf 91' lang='lat' dir='ltr'>secundum</span> <span class='ocrx_word' id='word_1_139' title='bbox 2209 1610 2512 1659; x_wconf 90' lang='lat' dir='ltr'>carnem.</span> <span class='ocrx_word' id='word_1_140' title='bbox 2569 1589 2869 1674; x_wconf 83' lang='lat' dir='ltr'>Loquere</span> <span class='ocrx_word' id='word_1_141' title='bbox 2913 1587 2986 1655; x_wconf 94' lang='lat' dir='ltr'>in</span> <span class='ocrx_word' id='word_1_142' title='bbox 3035 1608 3163 1656; x_wconf 64' lang='lat' dir='ltr'>au-‘</span> 
     </span>
     <span class='ocr_line' id='line_1_16' title="bbox 607 1674 3158 1768; baseline -0.002 -20"><span class='ocrx_word' id='word_1_143' title='bbox 607 1678 804 1748; x_wconf 88' lang='lat' dir='ltr'>ribus</span> <span class='ocrx_word' id='word_1_144' title='bbox 850 1698 1050 1746; x_wconf 89' lang='lat' dir='ltr'>arcae</span> <span class='ocrx_word' id='word_1_145' title='bbox 1117 1698 1309 1746; x_wconf 89' lang='lat' dir='ltr'>meae</span> <span class='ocrx_word' id='word_1_146' title='bbox 1357 1676 1620 1746; x_wconf 89' lang='lat' dir='ltr'>ratione</span> <span class='ocrx_word' id='word_1_147' title='bbox 1690 1677 2060 1768; x_wconf 88' lang='lat' dir='ltr'>praeditae,</span> <span class='ocrx_word' id='word_1_148' title='bbox 2113 1688 2191 1746; x_wconf 91' lang='lat' dir='ltr'>ut</span> <span class='ocrx_word' id='word_1_149' title='bbox 2251 1687 2444 1767; x_wconf 90' lang='lat' dir='ltr'>paret</span> <span class='ocrx_word' id='word_1_150' title='bbox 2490 1675 2666 1745; x_wconf 88' lang='lat' dir='ltr'>mihi</span> <span class='ocrx_word' id='word_1_151' title='bbox 2719 1674 3004 1745; x_wconf 90' lang='lat' dir='ltr'>auditus</span> <span class='ocrx_word' id='word_1_152' title='bbox 3049 1676 3158 1743; x_wconf 89' lang='lat' dir='ltr'>in-</span> 
     </span>
     <span class='ocr_line' id='line_1_17' title="bbox 603 1761 3154 1924; baseline -0.002 -88"><span class='ocrx_word' id='word_1_153' title='bbox 603 1788 950 1924; x_wconf 46' lang='lat' dir='ltr'>gressum.</span> <span class='ocrx_word' id='word_1_154' title='bbox 1005 1769 1173 1835; x_wconf 82' lang='lat' dir='ltr'>Cave</span> <span class='ocrx_word' id='word_1_155' title='bbox 1219 1764 1527 1835; x_wconf 80' lang='lat' dir='ltr'>offendas</span> <span class='ocrx_word' id='word_1_156' title='bbox 1576 1776 1695 1834; x_wconf 91' lang='lat' dir='ltr'>aut</span> <span class='ocrx_word' id='word_1_157' title='bbox 1734 1764 1967 1836; x_wconf 89' lang='lat' dir='ltr'>turbes</span> <span class='ocrx_word' id='word_1_158' title='bbox 2029 1765 2343 1834; x_wconf 89' lang='lat' dir='ltr'>animum</span> <span class='ocrx_word' id='word_1_159' title='bbox 2394 1764 2718 1856; x_wconf 88' lang='lat' dir='ltr'>Virginis.</span> <span class='ocrx_word' id='word_1_160' title='bbox 2790 1761 3154 1921; x_wconf 50' lang='lat' dir='ltr'>Tem‘plum</span> 
     </span>
     <span class='ocr_line' id='line_1_18' title="bbox 605 1852 3155 1943; baseline -0.002 -20"><span class='ocrx_word' id='word_1_161' title='bbox 605 1854 779 1925; x_wconf 87' lang='lat' dir='ltr'>11ud</span> <span class='ocrx_word' id='word_1_162' title='bbox 831 1854 1146 1923; x_wconf 87' lang='lat' dir='ltr'>divinum</span> <span class='ocrx_word' id='word_1_163' title='bbox 1200 1853 1505 1922; x_wconf 89' lang='lat' dir='ltr'>modeste</span> <span class='ocrx_word' id='word_1_164' title='bbox 1563 1853 1702 1922; x_wconf 93' lang='lat' dir='ltr'>adi.</span> <span class='ocrx_word' id='word_1_165' title='bbox 1754 1854 1978 1923; x_wconf 90' lang='lat' dir='ltr'>Prima</span> <span class='ocrx_word' id='word_1_166' title='bbox 2030 1866 2148 1923; x_wconf 91' lang='lat' dir='ltr'>tua</span> <span class='ocrx_word' id='word_1_167' title='bbox 2194 1875 2320 1922; x_wconf 84' lang='lat' dir='ltr'>vox</span> <span class='ocrx_word' id='word_1_168' title='bbox 2367 1852 2470 1921; x_wconf 90' lang='lat' dir='ltr'>illi</span> <span class='ocrx_word' id='word_1_169' title='bbox 2509 1852 2846 1943; x_wconf 82' lang='lat' dir='ltr'>gaudium</span> <span class='ocrx_word' id='word_1_170' title='bbox 2895 1875 2931 1922; x_wconf 91' lang='lat' dir='ltr'>a</span> <span class='ocrx_word' id='word_1_171' title='bbox 2988 1864 3155 1922; x_wconf 88' lang='lat' dir='ltr'>erat.</span> 
     </span>
     <span class='ocr_line' id='line_1_19' title="bbox 604 1942 2717 2031; baseline -0.001 -18"><span class='ocrx_word' id='word_1_172' title='bbox 604 1943 763 2014; x_wconf 89' lang='lat' dir='ltr'>Dic:</span> <span class='ocrx_word' id='word_1_173' title='bbox 819 1948 957 2011; x_wconf 81' lang='lat' dir='ltr'>Ave</span> <span class='ocrx_word' id='word_1_174' title='bbox 986 1943 1213 2031; x_wconf 60' lang='lat' dir='ltr'>qratia</span> <span class='ocrx_word' id='word_1_175' title='bbox 1295 1945 1476 2010; x_wconf 83' lang='lat' dir='ltr'>lena:</span> <span class='ocrx_word' id='word_1_176' title='bbox 1528 1952 1607 2012; x_wconf 91' lang='lat' dir='ltr'>ut</span> <span class='ocrx_word' id='word_1_177' title='bbox 1650 1963 1777 2031; x_wconf 87' lang='lat' dir='ltr'>ego</span> <span class='ocrx_word' id='word_1_178' title='bbox 1827 1942 2156 2012; x_wconf 88' lang='lat' dir='ltr'>miserear</span> <span class='ocrx_word' id='word_1_179' title='bbox 2194 1942 2483 2011; x_wconf 88' lang='lat' dir='ltr'>afflictae</span> <span class='ocrx_word' id='word_1_180' title='bbox 2522 1947 2717 2012; x_wconf 89' lang='lat' dir='ltr'>Evae.</span> 
     </span>
    </p>

    <p class='ocr_par' dir='ltr' id='par_1_3' title="bbox 594 1965 3166 4508">
     <span class='ocr_line' id='line_1_20' title="bbox 694 1965 3164 2121; baseline -0.001 -19"><span class='ocrx_word' id='word_1_181' title='bbox 694 2034 731 2119; x_wconf 67' lang='grc' dir='ltr'><strong>ξ</strong></span> <span class='ocrx_word' id='word_1_182' title='bbox 787 2035 874 2104; x_wconf 78' lang='grc'>4.</span> <span class='ocrx_word' id='word_1_183' title='bbox 928 2029 1201 2100; x_wconf 81' lang='lat' dir='ltr'>Audivit</span> <span class='ocrx_word' id='word_1_184' title='bbox 1236 1965 1416 2100; x_wconf 55' lang='lat' dir='ltr'>{iaec</span> <span class='ocrx_word' id='word_1_185' title='bbox 1464 2030 1786 2121; x_wconf 79' lang='lat' dir='ltr'>AngeluS,</span> <span class='ocrx_word' id='word_1_186' title='bbox 1842 2042 1907 2099; x_wconf 91' lang='lat' dir='ltr'>et</span> <span class='ocrx_word' id='word_1_187' title='bbox 1954 2051 2215 2111; x_wconf 90' lang='lat' dir='ltr'>secum,</span> <span class='ocrx_word' id='word_1_188' title='bbox 2262 2042 2341 2100; x_wconf 92' lang='lat' dir='ltr'>ut</span> <span class='ocrx_word' id='word_1_189' title='bbox 2388 2052 2512 2120; x_wconf 89' lang='lat' dir='ltr'>par</span> <span class='ocrx_word' id='word_1_190' title='bbox 2556 2042 2724 2110; x_wconf 90' lang='lat' dir='ltr'>erat,</span> <span class='ocrx_word' id='word_1_191' title='bbox 2761 2028 2933 2099; x_wconf 90' lang='lat' dir='ltr'>haec</span> <span class='ocrx_word' id='word_1_192' title='bbox 2978 2051 3060 2099; x_wconf 92' lang='lat' dir='ltr'>co</span> <span class='ocrx_word' id='word_1_193' title='bbox 3110 2029 3164 2100; x_wconf 89' lang='lat' dir='ltr'>i-</span> 
     </span>
     <span class='ocr_line' id='line_1_21' title="bbox 610 2117 3163 2207; baseline -0.002 -16"><span class='ocrx_word' id='word_1_194' title='bbox 610 2119 839 2191; x_wconf 83' lang='lat' dir='ltr'>tabat:</span> <span class='ocrx_word' id='word_1_195' title='bbox 892 2124 1076 2190; x_wconf 90' lang='lat' dir='ltr'>Nova</span> <span class='ocrx_word' id='word_1_196' title='bbox 1122 2139 1231 2188; x_wconf 92' lang='lat' dir='ltr'>res</span> <span class='ocrx_word' id='word_1_197' title='bbox 1264 2118 1430 2187; x_wconf 91' lang='lat' dir='ltr'>haec</span> <span class='ocrx_word' id='word_1_198' title='bbox 1478 2131 1602 2200; x_wconf 91' lang='lat' dir='ltr'>est,</span> <span class='ocrx_word' id='word_1_199' title='bbox 1656 2120 1860 2190; x_wconf 86' lang='lat' dir='ltr'>cu&#39;us</span> <span class='ocrx_word' id='word_1_200' title='bbox 1907 2118 2361 2207; x_wconf 84' lang='lat' dir='ltr'>intelligentia</span> <span class='ocrx_word' id='word_1_201' title='bbox 2412 2118 2623 2188; x_wconf 91' lang='lat' dir='ltr'>nullis</span> <span class='ocrx_word' id='word_1_202' title='bbox 2668 2117 2894 2188; x_wconf 90' lang='lat' dir='ltr'>verbis</span> <span class='ocrx_word' id='word_1_203' title='bbox 2942 2139 3072 2207; x_wconf 83' lang='lat' dir='ltr'>exp</span> <span class='ocrx_word' id='word_1_204' title='bbox 3104 2119 3163 2186; x_wconf 92' lang='lat' dir='ltr'>i-</span> 
     </span>
     <span class='ocr_line' id='line_1_22' title="bbox 610 2206 3161 2298; baseline -0.001 -20"><span class='ocrx_word' id='word_1_205' title='bbox 610 2208 754 2279; x_wconf 91' lang='lat' dir='ltr'>cari</span> <span class='ocrx_word' id='word_1_206' title='bbox 789 2218 1033 2298; x_wconf 90' lang='lat' dir='ltr'>potest.</span> <span class='ocrx_word' id='word_1_207' title='bbox 1070 2211 1287 2288; x_wconf 87' lang='lat' dir='ltr'>Quem</span> <span class='ocrx_word' id='word_1_208' title='bbox 1332 2219 1650 2277; x_wconf 89' lang='lat' dir='ltr'>metuunt</span> <span class='ocrx_word' id='word_1_209' title='bbox 1698 2213 1740 2277; x_wconf 88' lang='lat' dir='ltr'>C</span> <span class='ocrx_word' id='word_1_210' title='bbox 1795 2207 2041 2277; x_wconf 88' lang='lat' dir='ltr'>erubin</span> <span class='ocrx_word' id='word_1_211' title='bbox 2084 2229 2291 2293; x_wconf 89' lang='lat' dir='ltr'>quem</span> <span class='ocrx_word' id='word_1_212' title='bbox 2344 2207 2679 2297; x_wconf 85' lang='lat' dir='ltr'>Seraphin</span> <span class='ocrx_word' id='word_1_213' title='bbox 2718 2206 2971 2276; x_wconf 90' lang='lat' dir='ltr'>intueri</span> <span class='ocrx_word' id='word_1_214' title='bbox 3024 2228 3161 2275; x_wconf 90' lang='lat' dir='ltr'>non</span> 
     </span>
     <span class='ocr_line' id='line_1_23' title="bbox 608 2294 3166 2388; baseline -0.001 -21"><span class='ocrx_word' id='word_1_215' title='bbox 608 2307 949 2388; x_wconf 88' lang='lat' dir='ltr'>possunt,</span> <span class='ocrx_word' id='word_1_216' title='bbox 1028 2317 1237 2383; x_wconf 87' lang='lat' dir='ltr'>quern</span> <span class='ocrx_word' id='word_1_217' title='bbox 1299 2317 1541 2367; x_wconf 87' lang='lat' dir='ltr'>omnes</span> <span class='ocrx_word' id='word_1_218' title='bbox 1614 2296 1910 2367; x_wconf 89' lang='lat' dir='ltr'>Virtutes</span> <span class='ocrx_word' id='word_1_219' title='bbox 1956 2294 2317 2386; x_wconf 84' lang='lat' dir='ltr'>Angelicae</span> <span class='ocrx_word' id='word_1_220' title='bbox 2389 2294 2972 2387; x_wconf 74' lang='lat' dir='ltr'>comprehendere</span> <span class='ocrx_word' id='word_1_221' title='bbox 3043 2317 3166 2365; x_wconf 89' lang='lat' dir='ltr'>ne-</span> 
     </span>
     <span class='ocr_line' id='line_1_24' title="bbox 608 2382 3164 2475; baseline -0.001 -20"><span class='ocrx_word' id='word_1_222' title='bbox 608 2395 919 2474; x_wconf 91' lang='lat' dir='ltr'>queunt,</span> <span class='ocrx_word' id='word_1_223' title='bbox 974 2382 1259 2473; x_wconf 90' lang='lat' dir='ltr'>speciali</span> <span class='ocrx_word' id='word_1_224' title='bbox 1320 2383 1621 2471; x_wconf 88' lang='lat' dir='ltr'>quodam</span> <span class='ocrx_word' id='word_1_225' title='bbox 1672 2384 1876 2453; x_wconf 88' lang='lat' dir='ltr'>modo</span> <span class='ocrx_word' id='word_1_226' title='bbox 1943 2384 2317 2453; x_wconf 89' lang='lat' dir='ltr'>nunciatur</span> <span class='ocrx_word' id='word_1_227' title='bbox 2371 2406 2531 2454; x_wconf 90' lang='lat' dir='ltr'>cum</span> <span class='ocrx_word' id='word_1_228' title='bbox 2603 2383 2837 2475; x_wconf 90' lang='lat' dir='ltr'>puella</span> <span class='ocrx_word' id='word_1_229' title='bbox 2882 2383 3164 2474; x_wconf 88' lang='lat' dir='ltr'>Virgine</span> 
     </span>
     <span class='ocr_line' id='line_1_25' title="bbox 606 2471 3153 2565; baseline -0.001 -20"><span class='ocrx_word' id='word_1_230' title='bbox 606 2482 1141 2546; x_wconf 87' lang='lat' dir='ltr'>conversaturus</span> <span class='ocrx_word' id='word_1_231' title='bbox 1181 2482 1246 2544; x_wconf 90' lang='lat' dir='ltr'>et</span> <span class='ocrx_word' id='word_1_232' title='bbox 1293 2472 1613 2565; x_wconf 90' lang='lat' dir='ltr'>propriae</span> <span class='ocrx_word' id='word_1_233' title='bbox 1659 2474 1811 2565; x_wconf 84' lang='lat' dir='ltr'>ejus</span> <span class='ocrx_word' id='word_1_234' title='bbox 1860 2494 2192 2565; x_wconf 89' lang='lat' dir='ltr'>personae</span> <span class='ocrx_word' id='word_1_235' title='bbox 2242 2473 2625 2564; x_wconf 90' lang='lat' dir='ltr'>praesentia</span> <span class='ocrx_word' id='word_1_236' title='bbox 2673 2471 3153 2563; x_wconf 83' lang='lat' dir='ltr'>significatur,</span> 
     </span>
     <span class='ocr_line' id='line_1_26' title="bbox 604 2562 3159 2654; baseline -0.001 -21"><span class='ocrx_word' id='word_1_237' title='bbox 604 2565 821 2634; x_wconf 90' lang='lat' dir='ltr'>immo</span> <span class='ocrx_word' id='word_1_238' title='bbox 871 2584 1025 2632; x_wconf 84' lang='lat' dir='ltr'>vero</span> <span class='ocrx_word' id='word_1_239' title='bbox 1075 2562 1432 2654; x_wconf 85' lang='lat' dir='ltr'>ingressus</span> <span class='ocrx_word' id='word_1_240' title='bbox 1472 2584 1593 2653; x_wconf 91' lang='lat' dir='ltr'>per</span> <span class='ocrx_word' id='word_1_241' title='bbox 1622 2562 1941 2633; x_wconf 90' lang='lat' dir='ltr'>auditum</span> <span class='ocrx_word' id='word_1_242' title='bbox 1976 2563 2037 2631; x_wconf 90' lang='lat' dir='ltr'>ei</span> <span class='ocrx_word' id='word_1_243' title='bbox 2071 2563 2515 2652; x_wconf 89' lang='lat' dir='ltr'>promittitur.</span> <span class='ocrx_word' id='word_1_244' title='bbox 2570 2562 2700 2644; x_wconf 92' lang='lat' dir='ltr'>Qui</span> <span class='ocrx_word' id='word_1_245' title='bbox 2751 2567 2956 2631; x_wconf 90' lang='lat' dir='ltr'>Evam</span> <span class='ocrx_word' id='word_1_246' title='bbox 2991 2582 3159 2631; x_wconf 93' lang='lat' dir='ltr'>con-</span> 
     </span>
     <span class='ocr_line' id='line_1_27' title="bbox 601 2650 3150 2752; baseline -0.002 -29"><span class='ocrx_word' id='word_1_247' title='bbox 601 2652 1000 2733; x_wconf 89' lang='lat' dir='ltr'>demnavit,</span> <span class='ocrx_word' id='word_1_248' title='bbox 1054 2651 1205 2740; x_wconf 89' lang='lat' dir='ltr'>ejus</span> <span class='ocrx_word' id='word_1_249' title='bbox 1263 2651 1480 2720; x_wconf 81' lang='lat' dir='ltr'>filiam</span> <span class='ocrx_word' id='word_1_250' title='bbox 1540 2650 1927 2752; x_wconf 87' lang='lat' dir='ltr'>glorificare</span> <span class='ocrx_word' id='word_1_251' title='bbox 1974 2663 2326 2741; x_wconf 84' lang='lat' dir='ltr'>tantopere</span> <span class='ocrx_word' id='word_1_252' title='bbox 2394 2650 2719 2721; x_wconf 75' lang='lat' dir='ltr'>festinat?</span> <span class='ocrx_word' id='word_1_253' title='bbox 2765 2651 2869 2720; x_wconf 80' lang='lat' dir='ltr'>Ait</span> <span class='ocrx_word' id='word_1_254' title='bbox 2908 2650 3150 2719; x_wconf 89' lang='lat' dir='ltr'>enim:</span> 
     </span>
     <span class='ocr_line' id='line_1_28' title="bbox 602 2737 3156 2831; baseline -0.001 -20"><span class='ocrx_word' id='word_1_255' title='bbox 602 2746 684 2811; x_wconf 91' lang='lat' dir='ltr'>Ut</span> <span class='ocrx_word' id='word_1_256' title='bbox 733 2752 925 2831; x_wconf 90' lang='lat' dir='ltr'>paret</span> <span class='ocrx_word' id='word_1_257' title='bbox 974 2740 1147 2807; x_wconf 89' lang='lat' dir='ltr'>mihi</span> <span class='ocrx_word' id='word_1_258' title='bbox 1215 2739 1494 2809; x_wconf 91' lang='lat' dir='ltr'>auditus</span> <span class='ocrx_word' id='word_1_259' title='bbox 1543 2762 1961 2830; x_wconf 79' lang='lat' dir='ltr'>ingressum.</span> <span class='ocrx_word' id='word_1_260' title='bbox 2017 2739 2364 2826; x_wconf 87' lang='lat' dir='ltr'>Numquid</span> <span class='ocrx_word' id='word_1_261' title='bbox 2410 2749 2628 2830; x_wconf 89' lang='lat' dir='ltr'>potest</span> <span class='ocrx_word' id='word_1_262' title='bbox 2660 2737 2962 2829; x_wconf 87' lang='lat' dir='ltr'>Virginis</span> <span class='ocrx_word' id='word_1_263' title='bbox 3010 2750 3156 2809; x_wconf 89' lang='lat' dir='ltr'>ute-</span> 
     </span>
     <span class='ocr_line' id='line_1_29' title="bbox 598 2826 3148 2928; baseline -0.001 -29"><span class='ocrx_word' id='word_1_264' title='bbox 598 2852 720 2899; x_wconf 89' lang='lat' dir='ltr'>rus</span> <span class='ocrx_word' id='word_1_265' title='bbox 767 2848 925 2898; x_wconf 87' lang='lat' dir='ltr'>eum</span> <span class='ocrx_word' id='word_1_266' title='bbox 975 2847 1221 2916; x_wconf 90' lang='lat' dir='ltr'>capere</span> <span class='ocrx_word' id='word_1_267' title='bbox 1279 2826 1402 2913; x_wconf 88' lang='lat' dir='ltr'>qui</span> <span class='ocrx_word' id='word_1_268' title='bbox 1471 2827 1964 2918; x_wconf 82' lang='lat' dir='ltr'>comprehendi</span> <span class='ocrx_word' id='word_1_269' title='bbox 2014 2849 2152 2897; x_wconf 89' lang='lat' dir='ltr'>non</span> <span class='ocrx_word' id='word_1_270' title='bbox 2209 2832 2477 2928; x_wconf 88' lang='lat' dir='ltr'>potest?</span> <span class='ocrx_word' id='word_1_271' title='bbox 2524 2833 2688 2898; x_wconf 89' lang='lat' dir='ltr'>Vere</span> <span class='ocrx_word' id='word_1_272' title='bbox 2738 2827 3148 2917; x_wconf 82' lang='lat' dir='ltr'>mysterium</span> 
     </span>
     <span class='ocr_line' id='line_1_30' title="bbox 600 2914 3151 3007; baseline -0.001 -21"><span class='ocrx_word' id='word_1_273' title='bbox 600 2937 935 3007; x_wconf 88' lang='lat' dir='ltr'>magnum</span> <span class='ocrx_word' id='word_1_274' title='bbox 976 2927 1041 2983; x_wconf 85' lang='lat' dir='ltr'>et</span> <span class='ocrx_word' id='word_1_275' title='bbox 1077 2915 1569 2985; x_wconf 90' lang='lat' dir='ltr'>venerandum.</span> <span class='ocrx_word' id='word_1_276' title='bbox 1626 2917 1737 2986; x_wconf 89' lang='lat' dir='ltr'>Sic</span> <span class='ocrx_word' id='word_1_277' title='bbox 1783 2916 2037 3006; x_wconf 79' lang='lat' dir='ltr'>Angelo</span> <span class='ocrx_word' id='word_1_278' title='bbox 2084 2917 2453 3005; x_wconf 79' lang='lat' dir='ltr'>cogitanti:</span> <span class='ocrx_word' id='word_1_279' title='bbox 2507 2914 2710 2999; x_wconf 87' lang='lat' dir='ltr'>Quid,</span> <span class='ocrx_word' id='word_1_280' title='bbox 2765 2915 2995 3003; x_wconf 88' lang='lat' dir='ltr'>inquit</span> <span class='ocrx_word' id='word_1_281' title='bbox 3027 2920 3151 2984; x_wconf 90' lang='lat' dir='ltr'>Do-</span> 
     </span>
     <span class='ocr_line' id='line_1_31' title="bbox 595 3001 3148 3104; baseline 0 -31"><span class='ocrx_word' id='word_1_282' title='bbox 595 3006 855 3086; x_wconf 89' lang='lat' dir='ltr'>minus,</span> <span class='ocrx_word' id='word_1_283' title='bbox 910 3001 1236 3081; x_wconf 91' lang='lat' dir='ltr'>turbaris,</span> <span class='ocrx_word' id='word_1_284' title='bbox 1290 3026 1329 3072; x_wconf 95' lang='lat' dir='ltr'>o</span> <span class='ocrx_word' id='word_1_285' title='bbox 1378 3003 1674 3084; x_wconf 90' lang='lat' dir='ltr'>Gabriel,</span> <span class='ocrx_word' id='word_1_286' title='bbox 1729 3005 2024 3075; x_wconf 89' lang='lat' dir='ltr'>novitate</span> <span class='ocrx_word' id='word_1_287' title='bbox 2069 3005 2480 3074; x_wconf 88' lang='lat' dir='ltr'>rei?Nonne</span> <span class='ocrx_word' id='word_1_288' title='bbox 2527 3004 2736 3104; x_wconf 86' lang='lat' dir='ltr'>paulo</span> <span class='ocrx_word' id='word_1_289' title='bbox 2768 3016 2930 3073; x_wconf 90' lang='lat' dir='ltr'>ante</span> <span class='ocrx_word' id='word_1_290' title='bbox 2978 3003 3148 3073; x_wconf 90' lang='lat' dir='ltr'>mis-</span> 
     </span>
     <span class='ocr_line' id='line_1_32' title="bbox 596 3091 3149 3164; baseline -0 -2"><span class='ocrx_word' id='word_1_291' title='bbox 596 3116 716 3163; x_wconf 90' lang='lat' dir='ltr'>sus</span> <span class='ocrx_word' id='word_1_292' title='bbox 764 3114 837 3161; x_wconf 91' lang='lat' dir='ltr'>es</span> <span class='ocrx_word' id='word_1_293' title='bbox 870 3113 911 3160; x_wconf 92' lang='lat' dir='ltr'>a</span> <span class='ocrx_word' id='word_1_294' title='bbox 959 3112 1070 3160; x_wconf 89' lang='lat' dir='ltr'>me</span> <span class='ocrx_word' id='word_1_295' title='bbox 1100 3091 1183 3159; x_wconf 89' lang='lat' dir='ltr'>ad</span> <span class='ocrx_word' id='word_1_296' title='bbox 1212 3091 1609 3162; x_wconf 87' lang='lat' dir='ltr'>Zachariam</span> <span class='ocrx_word' id='word_1_297' title='bbox 1662 3093 2141 3164; x_wconf 75' lang='lat' dir='ltr'>sacerdotem?</span> <span class='ocrx_word' id='word_1_298' title='bbox 2180 3098 2417 3163; x_wconf 90' lang='lat' dir='ltr'>Nonne</span> <span class='ocrx_word' id='word_1_299' title='bbox 2456 3092 2560 3162; x_wconf 79' lang='lat' dir='ltr'>illi</span> <span class='ocrx_word' id='word_1_300' title='bbox 2591 3092 2876 3161; x_wconf 89' lang='lat' dir='ltr'>Joannis</span> <span class='ocrx_word' id='word_1_301' title='bbox 2925 3104 3149 3161; x_wconf 89' lang='lat' dir='ltr'>ortum</span> 
     </span>
     <span class='ocr_line' id='line_1_33' title="bbox 600 3179 3152 3271; baseline 0 -22"><span class='ocrx_word' id='word_1_302' title='bbox 600 3179 998 3251; x_wconf 75' lang='lat' dir='ltr'>nunciasti?</span> <span class='ocrx_word' id='word_1_303' title='bbox 1046 3184 1280 3249; x_wconf 89' lang='lat' dir='ltr'>Nonne</span> <span class='ocrx_word' id='word_1_304' title='bbox 1345 3179 1703 3250; x_wconf 90' lang='lat' dir='ltr'>incredulo</span> <span class='ocrx_word' id='word_1_305' title='bbox 1767 3181 2103 3251; x_wconf 88' lang='lat' dir='ltr'>sacerdoti</span> <span class='ocrx_word' id='word_1_306' title='bbox 2169 3202 2459 3271; x_wconf 89' lang='lat' dir='ltr'>poenam</span> <span class='ocrx_word' id='word_1_307' title='bbox 2529 3180 2871 3250; x_wconf 87' lang='lat' dir='ltr'>intulisti?</span> <span class='ocrx_word' id='word_1_308' title='bbox 2917 3184 3152 3250; x_wconf 90' lang='lat' dir='ltr'>Nonne</span> 
     </span>
     <span class='ocr_line' id='line_1_34' title="bbox 598 3266 3150 3359; baseline 0 -21"><span class='ocrx_word' id='word_1_309' title='bbox 598 3291 832 3339; x_wconf 90' lang='lat' dir='ltr'>senem</span> <span class='ocrx_word' id='word_1_310' title='bbox 883 3266 1344 3338; x_wconf 90' lang='lat' dir='ltr'>taciturnitate</span> <span class='ocrx_word' id='word_1_311' title='bbox 1391 3267 1789 3338; x_wconf 79' lang='lat' dir='ltr'>mulctasti?</span> <span class='ocrx_word' id='word_1_312' title='bbox 1836 3275 2070 3340; x_wconf 92' lang='lat' dir='ltr'>Nonne</span> <span class='ocrx_word' id='word_1_313' title='bbox 2115 3291 2291 3356; x_wconf 89' lang='lat' dir='ltr'>quae</span> <span class='ocrx_word' id='word_1_314' title='bbox 2341 3282 2416 3340; x_wconf 91' lang='lat' dir='ltr'>tu</span> <span class='ocrx_word' id='word_1_315' title='bbox 2465 3269 2972 3359; x_wconf 89' lang='lat' dir='ltr'>pronunciasti,</span> <span class='ocrx_word' id='word_1_316' title='bbox 3029 3290 3150 3358; x_wconf 89' lang='lat' dir='ltr'>ego</span> 
     </span>
     <span class='ocr_line' id='line_1_35' title="bbox 598 3355 3147 3448; baseline -0.001 -21"><span class='ocrx_word' id='word_1_317' title='bbox 598 3368 745 3428; x_wconf 90' lang='lat' dir='ltr'>rata</span> <span class='ocrx_word' id='word_1_318' title='bbox 792 3355 1007 3426; x_wconf 90' lang='lat' dir='ltr'>habui</span> <span class='ocrx_word' id='word_1_319' title='bbox 1033 3368 1096 3425; x_wconf 89' lang='lat' dir='ltr'>et</span> <span class='ocrx_word' id='word_1_320' title='bbox 1143 3356 1638 3447; x_wconf 80' lang='lat' dir='ltr'>comprobavi?</span> <span class='ocrx_word' id='word_1_321' title='bbox 1685 3363 1919 3428; x_wconf 88' lang='lat' dir='ltr'>Nonne</span> <span class='ocrx_word' id='word_1_322' title='bbox 1975 3358 2314 3428; x_wconf 90' lang='lat' dir='ltr'>nuncium</span> <span class='ocrx_word' id='word_1_323' title='bbox 2377 3371 2576 3428; x_wconf 91' lang='lat' dir='ltr'>tuum</span> <span class='ocrx_word' id='word_1_324' title='bbox 2627 3378 2735 3426; x_wconf 90' lang='lat' dir='ltr'>res</span> <span class='ocrx_word' id='word_1_325' title='bbox 2783 3357 2938 3448; x_wconf 88' lang='lat' dir='ltr'>ipsa</span> <span class='ocrx_word' id='word_1_326' title='bbox 2985 3379 3147 3425; x_wconf 89' lang='lat' dir='ltr'>con-</span> 
     </span>
     <span class='ocr_line' id='line_1_36' title="bbox 598 3443 3148 3537; baseline 0 -23"><span class='ocrx_word' id='word_1_327' title='bbox 598 3456 832 3516; x_wconf 88' lang='lat' dir='ltr'>secuta</span> <span class='ocrx_word' id='word_1_328' title='bbox 876 3448 1025 3516; x_wconf 88' lang='lat' dir='ltr'>est?</span> <span class='ocrx_word' id='word_1_329' title='bbox 1071 3448 1304 3514; x_wconf 90' lang='lat' dir='ltr'>Nonne</span> <span class='ocrx_word' id='word_1_330' title='bbox 1378 3445 1631 3517; x_wconf 89' lang='lat' dir='ltr'>sterilis</span> <span class='ocrx_word' id='word_1_331' title='bbox 1708 3447 2066 3537; x_wconf 76' lang='lat' dir='ltr'>concepit?</span> <span class='ocrx_word' id='word_1_332' title='bbox 2140 3457 2380 3517; x_wconf 91' lang='lat' dir='ltr'>uterus</span> <span class='ocrx_word' id='word_1_333' title='bbox 2435 3445 2709 3536; x_wconf 90' lang='lat' dir='ltr'>paruit?</span> <span class='ocrx_word' id='word_1_334' title='bbox 2769 3443 3148 3515; x_wconf 89' lang='lat' dir='ltr'>sterilitatis</span> 
     </span>
     <span class='ocr_line' id='line_1_37' title="bbox 600 3532 3144 3624; baseline -0.001 -21"><span class='ocrx_word' id='word_1_335' title='bbox 600 3534 883 3604; x_wconf 90' lang='lat' dir='ltr'>morbus</span> <span class='ocrx_word' id='word_1_336' title='bbox 928 3532 1290 3604; x_wconf 76' lang='lat' dir='ltr'>discessit?</span> <span class='ocrx_word' id='word_1_337' title='bbox 1339 3545 1621 3603; x_wconf 88' lang='lat' dir='ltr'>naturae</span> <span class='ocrx_word' id='word_1_338' title='bbox 1661 3533 1841 3624; x_wconf 87' lang='lat' dir='ltr'>fugit</span> <span class='ocrx_word' id='word_1_339' title='bbox 1883 3534 2176 3605; x_wconf 88' lang='lat' dir='ltr'>inertia?</span> <span class='ocrx_word' id='word_1_340' title='bbox 2210 3534 2386 3617; x_wconf 88' lang='lat' dir='ltr'>Quid</span> <span class='ocrx_word' id='word_1_341' title='bbox 2442 3549 2543 3606; x_wconf 91' lang='lat' dir='ltr'>est</span> <span class='ocrx_word' id='word_1_342' title='bbox 2584 3533 2770 3622; x_wconf 86' lang='lat' dir='ltr'>q&#39;uod</span> <span class='ocrx_word' id='word_1_343' title='bbox 2818 3555 2945 3624; x_wconf 90' lang='lat' dir='ltr'>ego</span> <span class='ocrx_word' id='word_1_344' title='bbox 3011 3555 3144 3602; x_wconf 90' lang='lat' dir='ltr'>non</span> 
     </span>
     <span class='ocr_line' id='line_1_38' title="bbox 598 3621 3148 3714; baseline -0.001 -22"><span class='ocrx_word' id='word_1_345' title='bbox 598 3623 858 3714; x_wconf 91' lang='lat' dir='ltr'>possim</span> <span class='ocrx_word' id='word_1_346' title='bbox 899 3621 1217 3691; x_wconf 83' lang='lat' dir='ltr'>efficere?</span> <span class='ocrx_word' id='word_1_347' title='bbox 1263 3627 1398 3691; x_wconf 87' lang='lat' dir='ltr'>Cur</span> <span class='ocrx_word' id='word_1_348' title='bbox 1443 3621 1658 3713; x_wconf 89' lang='lat' dir='ltr'>igitur</span> <span class='ocrx_word' id='word_1_349' title='bbox 1689 3622 2018 3693; x_wconf 90' lang='lat' dir='ltr'>dubitas?</span> <span class='ocrx_word' id='word_1_350' title='bbox 2064 3629 2254 3693; x_wconf 90' lang='lat' dir='ltr'>Tunc</span> <span class='ocrx_word' id='word_1_351' title='bbox 2293 3622 2616 3712; x_wconf 83' lang='lat' dir='ltr'>Angelus:</span> <span class='ocrx_word' id='word_1_352' title='bbox 2669 3627 2987 3703; x_wconf 87' lang='lat' dir='ltr'>Naturae,</span> <span class='ocrx_word' id='word_1_353' title='bbox 3043 3622 3148 3690; x_wconf 88' lang='lat' dir='ltr'>in-</span> 
     </span>
     <span class='ocr_line' id='line_1_39' title="bbox 594 3709 3139 3801; baseline -0.002 -20"><span class='ocrx_word' id='word_1_354' title='bbox 594 3712 767 3798; x_wconf 84' lang='lat' dir='ltr'>quit,</span> <span class='ocrx_word' id='word_1_355' title='bbox 821 3731 1109 3791; x_wconf 81' lang='lat' dir='ltr'>erroreS,</span> <span class='ocrx_word' id='word_1_356' title='bbox 1148 3709 1456 3790; x_wconf 88' lang='lat' dir='ltr'>Domine,</span> <span class='ocrx_word' id='word_1_357' title='bbox 1513 3711 1879 3801; x_wconf 87' lang='lat' dir='ltr'>corrigere,</span> <span class='ocrx_word' id='word_1_358' title='bbox 1937 3713 2334 3781; x_wconf 89' lang='lat' dir='ltr'>morborum</span> <span class='ocrx_word' id='word_1_359' title='bbox 2372 3710 2698 3781; x_wconf 88' lang='lat' dir='ltr'>nebulam</span> <span class='ocrx_word' id='word_1_360' title='bbox 2745 3709 3139 3789; x_wconf 88' lang='lat' dir='ltr'>dissolvere,</span> 
     </span>
     <span class='ocr_line' id='line_1_40' title="bbox 596 3798 3139 3889; baseline -0.001 -21"><span class='ocrx_word' id='word_1_361' title='bbox 596 3799 908 3870; x_wconf 88' lang='lat' dir='ltr'>membra</span> <span class='ocrx_word' id='word_1_362' title='bbox 959 3810 1227 3869; x_wconf 89' lang='lat' dir='ltr'>mortua</span> <span class='ocrx_word' id='word_1_363' title='bbox 1274 3798 1361 3866; x_wconf 91' lang='lat' dir='ltr'>ad</span> <span class='ocrx_word' id='word_1_364' title='bbox 1407 3798 1683 3868; x_wconf 86' lang='lat' dir='ltr'>vitalem</span> <span class='ocrx_word' id='word_1_365' title='bbox 1734 3800 1873 3868; x_wconf 91' lang='lat' dir='ltr'>vim</span> <span class='ocrx_word' id='word_1_366' title='bbox 1926 3820 2287 3880; x_wconf 89' lang='lat' dir='ltr'>revocare,</span> <span class='ocrx_word' id='word_1_367' title='bbox 2343 3811 2664 3880; x_wconf 89' lang='lat' dir='ltr'>naturae,</span> <span class='ocrx_word' id='word_1_368' title='bbox 2719 3798 3139 3889; x_wconf 88' lang='lat' dir='ltr'>praecipere,</span> 
     </span>
     <span class='ocr_line' id='line_1_41' title="bbox 596 3887 3146 3977; baseline -0.001 -20"><span class='ocrx_word' id='word_1_369' title='bbox 596 3901 675 3957; x_wconf 93' lang='lat' dir='ltr'>ut</span> <span class='ocrx_word' id='word_1_370' title='bbox 722 3887 974 3957; x_wconf 89' lang='lat' dir='ltr'>liberos</span> <span class='ocrx_word' id='word_1_371' title='bbox 1022 3887 1281 3977; x_wconf 90' lang='lat' dir='ltr'>gignat,</span> <span class='ocrx_word' id='word_1_372' title='bbox 1329 3908 1370 3954; x_wconf 92' lang='lat' dir='ltr'>a</span> <span class='ocrx_word' id='word_1_373' title='bbox 1415 3887 1619 3956; x_wconf 90' lang='lat' dir='ltr'>certis</span> <span class='ocrx_word' id='word_1_374' title='bbox 1659 3888 1992 3958; x_wconf 90' lang='lat' dir='ltr'>membris</span> <span class='ocrx_word' id='word_1_375' title='bbox 2052 3888 2478 3957; x_wconf 88' lang='lat' dir='ltr'>sterilitatem</span> <span class='ocrx_word' id='word_1_376' title='bbox 2529 3889 2898 3966; x_wconf 74' lang='lat' dir='ltr'>removere,</span> <span class='ocrx_word' id='word_1_377' title='bbox 2952 3907 3146 3956; x_wconf 90' lang='lat' dir='ltr'>sene·</span> 
     </span>
     <span class='ocr_line' id='line_1_42' title="bbox 594 3974 3146 4063; baseline -0 -19"><span class='ocrx_word' id='word_1_378' title='bbox 594 3987 896 4046; x_wconf 86' lang='lat' dir='ltr'>scentem</span> <span class='ocrx_word' id='word_1_379' title='bbox 949 3975 1279 4063; x_wconf 90' lang='lat' dir='ltr'>stipulam</span> <span class='ocrx_word' id='word_1_380' title='bbox 1312 3974 1397 4043; x_wconf 91' lang='lat' dir='ltr'>ad</span> <span class='ocrx_word' id='word_1_381' title='bbox 1433 3974 1724 4044; x_wconf 86' lang='lat' dir='ltr'>viridem</span> <span class='ocrx_word' id='word_1_382' title='bbox 1760 3975 2051 4046; x_wconf 85' lang='lat' dir='ltr'>formam</span> <span class='ocrx_word' id='word_1_383' title='bbox 2101 3976 2452 4056; x_wconf 82' lang='lat' dir='ltr'>reducere,</span> <span class='ocrx_word' id='word_1_384' title='bbox 2490 3989 2742 4046; x_wconf 80' lang='lat' dir='ltr'>terram</span> <span class='ocrx_word' id='word_1_385' title='bbox 2795 3974 3146 4045; x_wconf 85' lang='lat' dir='ltr'>infoecun-</span> 
     </span>
     <span class='ocr_line' id='line_1_43' title="bbox 596 4062 3146 4153; baseline -0.001 -20"><span class='ocrx_word' id='word_1_386' title='bbox 596 4064 755 4133; x_wconf 89' lang='lat' dir='ltr'>dam</span> <span class='ocrx_word' id='word_1_387' title='bbox 799 4063 1029 4135; x_wconf 90' lang='lat' dir='ltr'>statim</span> <span class='ocrx_word' id='word_1_388' title='bbox 1077 4062 1349 4133; x_wconf 84' lang='lat' dir='ltr'>efficere</span> <span class='ocrx_word' id='word_1_389' title='bbox 1397 4063 1918 4153; x_wconf 89' lang='lat' dir='ltr'>manipulorum</span> <span class='ocrx_word' id='word_1_390' title='bbox 1972 4076 2285 4146; x_wconf 88' lang='lat' dir='ltr'>matrem,</span> <span class='ocrx_word' id='word_1_391' title='bbox 2340 4064 2620 4135; x_wconf 89' lang='lat' dir='ltr'>solitum</span> <span class='ocrx_word' id='word_1_392' title='bbox 2672 4073 2775 4134; x_wconf 90' lang='lat' dir='ltr'>est</span> <span class='ocrx_word' id='word_1_393' title='bbox 2822 4075 2981 4134; x_wconf 89' lang='lat' dir='ltr'>tuae</span> <span class='ocrx_word' id='word_1_394' title='bbox 3015 4062 3146 4132; x_wconf 87' lang='lat' dir='ltr'>vir-</span> 
     </span>
     <span class='ocr_line' id='line_1_44' title="bbox 594 4152 3145 4243; baseline -0.002 -20"><span class='ocrx_word' id='word_1_395' title='bbox 594 4153 757 4224; x_wconf 90' lang='lat' dir='ltr'>tutis</span> <span class='ocrx_word' id='word_1_396' title='bbox 804 4173 1004 4242; x_wconf 92' lang='lat' dir='ltr'>opus.</span> <span class='ocrx_word' id='word_1_397' title='bbox 1058 4152 1273 4220; x_wconf 84' lang='lat' dir='ltr'>Testis</span> <span class='ocrx_word' id='word_1_398' title='bbox 1319 4163 1420 4220; x_wconf 90' lang='lat' dir='ltr'>est</span> <span class='ocrx_word' id='word_1_399' title='bbox 1460 4155 1647 4234; x_wconf 84' lang='lat' dir='ltr'>Sara,</span> <span class='ocrx_word' id='word_1_400' title='bbox 1704 4163 1851 4222; x_wconf 91' lang='lat' dir='ltr'>tum</span> <span class='ocrx_word' id='word_1_401' title='bbox 1878 4152 2210 4235; x_wconf 80' lang='lat' dir='ltr'>Rebecca,</span> <span class='ocrx_word' id='word_1_402' title='bbox 2252 4167 2404 4243; x_wconf 91' lang='lat' dir='ltr'>post</span> <span class='ocrx_word' id='word_1_403' title='bbox 2452 4165 2681 4222; x_wconf 90' lang='lat' dir='ltr'>autem</span> <span class='ocrx_word' id='word_1_404' title='bbox 2710 4154 2937 4221; x_wconf 78' lang='lat' dir='ltr'>Anna:</span> <span class='ocrx_word' id='word_1_405' title='bbox 2971 4170 3145 4239; x_wconf 87' lang='lat' dir='ltr'>quae</span> 
     </span>
     <span class='ocr_line' id='line_1_45' title="bbox 594 4237 3136 4331; baseline -0.002 -20"><span class='ocrx_word' id='word_1_406' title='bbox 594 4263 756 4313; x_wconf 90' lang='lat' dir='ltr'>cum</span> <span class='ocrx_word' id='word_1_407' title='bbox 807 4240 999 4331; x_wconf 83' lang='lat' dir='ltr'>gravi</span> <span class='ocrx_word' id='word_1_408' title='bbox 1047 4237 1425 4310; x_wconf 87' lang='lat' dir='ltr'>sterilitatis</span> <span class='ocrx_word' id='word_1_409' title='bbox 1501 4240 1740 4310; x_wconf 91' lang='lat' dir='ltr'>morbo</span> <span class='ocrx_word' id='word_1_410' title='bbox 1800 4240 2223 4324; x_wconf 87' lang='lat' dir='ltr'>laborarent,</span> <span class='ocrx_word' id='word_1_411' title='bbox 2277 4241 2400 4311; x_wconf 92' lang='lat' dir='ltr'>abs</span> <span class='ocrx_word' id='word_1_412' title='bbox 2469 4252 2532 4310; x_wconf 92' lang='lat' dir='ltr'>te</span> <span class='ocrx_word' id='word_1_413' title='bbox 2581 4239 2907 4310; x_wconf 89' lang='lat' dir='ltr'>liberatae</span> <span class='ocrx_word' id='word_1_414' title='bbox 2954 4248 3136 4308; x_wconf 89' lang='lat' dir='ltr'>sunt.</span> 
     </span>
     <span class='ocr_line' id='line_1_46' title="bbox 594 4325 3141 4421; baseline -0.002 -22"><span class='ocrx_word' id='word_1_415' title='bbox 594 4329 939 4421; x_wconf 89' lang='lat' dir='ltr'>Virginem</span> <span class='ocrx_word' id='word_1_416' title='bbox 988 4349 1147 4397; x_wconf 89' lang='lat' dir='ltr'>vero</span> <span class='ocrx_word' id='word_1_417' title='bbox 1180 4328 1328 4399; x_wconf 91' lang='lat' dir='ltr'>sine</span> <span class='ocrx_word' id='word_1_418' title='bbox 1378 4327 1503 4397; x_wconf 92' lang='lat' dir='ltr'>viri</span> <span class='ocrx_word' id='word_1_419' title='bbox 1542 4351 1669 4398; x_wconf 88' lang='lat' dir='ltr'>con</span> <span class='ocrx_word' id='word_1_420' title='bbox 1729 4351 1922 4400; x_wconf 85' lang='lat' dir='ltr'>ressu</span> <span class='ocrx_word' id='word_1_421' title='bbox 1971 4333 2230 4420; x_wconf 76' lang='lat' dir='ltr'>parere,</span> <span class='ocrx_word' id='word_1_422' title='bbox 2286 4341 2567 4418; x_wconf 90' lang='lat' dir='ltr'>superat</span> <span class='ocrx_word' id='word_1_423' title='bbox 2615 4341 2908 4399; x_wconf 90' lang='lat' dir='ltr'>naturae</span> <span class='ocrx_word' id='word_1_424' title='bbox 2956 4325 3141 4418; x_wconf 82' lang='lat' dir='ltr'>leges</span> 
     </span>
     <span class='ocr_line' id='line_1_47' title="bbox 599 4417 3143 4508; baseline -0 -21"><span class='ocrx_word' id='word_1_425' title='bbox 599 4430 663 4487; x_wconf 91' lang='lat' dir='ltr'>et</span> <span class='ocrx_word' id='word_1_426' title='bbox 698 4417 1152 4508; x_wconf 87' lang='lat' dir='ltr'>praesentiam</span> <span class='ocrx_word' id='word_1_427' title='bbox 1188 4425 1374 4486; x_wconf 89' lang='lat' dir='ltr'>tuam</span> <span class='ocrx_word' id='word_1_428' title='bbox 1407 4417 1475 4485; x_wconf 89' lang='lat' dir='ltr'>in</span> <span class='ocrx_word' id='word_1_429' title='bbox 1516 4417 1674 4506; x_wconf 87' lang='lat' dir='ltr'>puel</span> <span class='ocrx_word' id='word_1_430' title='bbox 1708 4440 1746 4486; x_wconf 89' lang='lat' dir='ltr'>a</span> <span class='ocrx_word' id='word_1_431' title='bbox 1795 4418 2192 4500; x_wconf 89' lang='lat' dir='ltr'>denunciat,</span> <span class='ocrx_word' id='word_1_432' title='bbox 2232 4430 2310 4488; x_wconf 93' lang='lat' dir='ltr'>ut</span> <span class='ocrx_word' id='word_1_433' title='bbox 2337 4423 2546 4507; x_wconf 86' lang='lat' dir='ltr'>quem</span> <span class='ocrx_word' id='word_1_434' title='bbox 2579 4417 2757 4488; x_wconf 90' lang='lat' dir='ltr'>coeli</span> <span class='ocrx_word' id='word_1_435' title='bbox 2789 4429 3143 4504; x_wconf 88' lang='lat' dir='ltr'>terraeque</span> 
     </span>
    </p>
   </div>
  </div>
 </body>
</html>
