3327 4999
646 271 778 338 598
1400 288 1481 337 nn
1529 288 1586 337 s.
1638 286 1934 337 msmono
1978 284 2278 336 anscoro
2695 265 2805 333 Ex
2841 265 3034 332 sm.»
3083 267 3141 335 8

648 370 685 455 §
714 373 791 440 1.
846 367 1117 438 Electus
1151 366 1268 437 Dei
1303 366 1674 438 Disibbdus
1701 368 1789 437 ab
1818 368 1970 459 ipsa
1996 366 2284 437 infantia
2317 388 2467 447 sua,
2493 366 2717 436 instar
2749 364 3133 435 beatorum

554 454 837 535 Nicolai,
877 455 1224 525 Benedicti
1268 467 1332 524 et
1364 455 1863 536 consimilium,
1902 454 2131 525 Sancti
2166 448 2466 555 Spiritus
2497 453 2722 545 gratia
2761 452 3129 543 perfusus,

557 543 642 613 ad
680 544 861 613 bona
887 544 1146 624 omnia,
1183 565 1362 630 quae
1391 544 1494 613 vel
1527 543 1827 613 vidisset.
1860 543 1961 613 vel
1995 542 2373 614 audivisset
2404 563 2657 634 magno
2681 540 2910 611 cordis
2936 540 3137 610 desi·

557 631 749 701 derio
795 631 1169 721 aspirabat,
1212 643 1287 701 ut
1336 631 1552 721 possit
1600 631 1686 701 de
1734 630 1854 701 illo
1901 653 2177 719 quoque
2221 630 2387 700 dici:
2428 636 2542 701 Εω
2588 652 2699 700 ore
2741 630 3140 717 infantium

558 730 622 789 et
673 722 1068 789 lactentium
1101 722 1450 809 perfecisti
1478 721 1750 790 laudem
1790 731 2066 810 propter
2112 721 2415 789 inimicos
2459 730 2629 797 tuos,
2676 728 2752 787 ut
2798 718 3131 786 destruas

557 809 906 877 inimicum
938 819 1003 877 et
1032 812 1319 878 ultorem
1368 810 1648 891 (Psalm.
1688 808 1803 897 8):
1854 808 1891 844 ²*
1919 829 2098 894 quae
2156 807 2257 876 sic
2304 805 2710 896 accipienda
2743 817 2947 874 sunt.
3001 805 3138 873 Pio

560 897 811 965 affectu
859 894 1256 978 infantium,
1294 896 1502 965 verba
1548 896 1850 966 necdum
1899 895 2196 965 formare
2247 894 2649 965 valentium:
2686 891 3127 979 illorumque

556 984 679 1070 qui
728 983 833 1053 lac
885 983 1113 1073 potius
1161 1005 1431 1074 sugere,
1470 1006 1682 1072 quam
1724 984 1903 1053 mira
1949 983 2219 1053 efficere
2265 982 2616 1059 deberent,
2657 992 2732 1050 tu
2778 982 2904 1068 qui
2947 1003 3129 1051 cun·

557 1084 828 1140 ctorum
879 1072 1212 1142 Dominus
1264 1095 1376 1152 es,
1436 1072 1740 1142 nominis
1789 1072 1888 1141 tui
1959 1071 2234 1141 laudem
2295 1092 2446 1140 com
2505 1070 2771 1149 levisti‘,
2832 1069 3134 1156 quando

556 1158 907 1229 mirabilia
955 1174 1071 1229 tua
1120 1181 1322 1250 saepe
1355 1161 1426 1228 in
1474 1160 1574 1231 eis
1614 1173 1939 1250 operatus
1985 1182 2081 1240 es,
2125 1159 2264 1228 illis
2315 1094 2614 1229 neccl'um
2668 1158 2940 1247 plenam
3002 1156 3138 1227 ha-

554 1248 879 1317 bentibus
919 1247 1295 1317 medullam
1345 1248 1680 1318 divinitus
1720 1261 1910 1318 tuam
1961 1247 2254 1336 gratiam
2288 1245 2705 1337 aspirando,
2764 1259 2837 1315 ut
2885 1244 3123 1315 multa

554 1356 679 1424 per
726 1336 1055 1424 Spiritum
1094 1340 1422 1405 Sanctum
1454 1349 1519 1406 et
1551 1336 1850 1405 dixerint
1879 1347 1945 1405 et
1973 1338 2010 1404 e
2060 1335 2241 1404 erint
2274 1336 2692 1405 nescientes:
2736 1346 2802 1403 et
2830 1333 3129 1421 quando

554 1422 730 1492 alios
767 1435 1006 1493 contra
1052 1424 1284 1493 carnis
1322 1424 1488 1514 jura
1534 1427 1724 1493 tanta
1771 1424 1991 1493 animi
2050 1423 2426 1493 ortitudine
2461 1422 2824 1500 roborasti,
2866 1435 2942 1490 ut
2977 1434 3128 1491 toto

554 1523 827 1601 pectore
874 1511 961 1580 ad
1009 1512 1329 1581 coelestia
1378 1512 1773 1592 tendentes,
1843 1512 2077 1581 carnis
2144 1533 2352 1601 opera
2418 1509 2769 1602 peccando
2823 1509 3130 1588 minime

553 1599 1036 1688 perpetrarint.
1108 1604 1241 1670 Nec
1313 1621 1471 1670 vero
1517 1600 1888 1687 quisquam
1942 1600 2028 1669 de
2076 1599 2185 1669 his
2232 1600 2435 1669 debet
2481 1599 2881 1688 ambiger-e,
2946 1620 3122 1666 cum

553 1687 724 1757 satis
769 1699 1071 1767 constet,
1138 1688 1406 1774 antiqui
1463 1687 1803 1777 serpentis
1850 1688 2224 1757 versutiam
2293 1688 2363 1755 in
2415 1688 2673 1756 sanctis
2735 1685 2878 1755 illis
2929 1685 3122 1754 bona

555 1774 725 1844 haec
774 1788 839 1845 et
885 1787 1122 1845 saneta
1160 1775 1706 1863 haudquaquam
1756 1774 2025 1844 efficere
2074 1775 2404 1866 potuisse.
2442 1774 2684 1843 Fecisti
2716 1773 2901 1842 enim
2941 1773 3121 1855 haec

606 1876 835 1964 ropter
881 1864 1201 1933 inimicos
1250 1876 1427 1944 tuOS,
1482 1885 1732 1953 nempe
1784 1863 2083 1954 perditos
2116 1864 2427 1953 spiritus,
2480 1875 2558 1932 ut
2607 1862 2694 1930 ad
2741 1860 2852 1932 sui
2900 1860 3125 1950 pude-

553 1884 919 2021 Factionem
951 2006 967 2033 ,
1020 1952 1343 2020 virtutem
1409 1964 1597 2021 tuam
1666 1952 1739 2021 in
1809 1951 2253 2041 parvulorum
2306 1950 2696 2050 ignorantia
2748 1949 3112 2017 viderent:

553 2039 792 2125 sicque
838 2039 1155 2109 destruas
1205 2040 1594 2119 inimicum,
1654 2039 1724 2108 id
1764 2051 1889 2120 est,
1939 2039 2177 2119 illum,
2234 2061 2356 2125 qui
2403 2039 2475 2107 in
2527 2037 2729 2107 bonis
2776 2037 3114 2106 omnibus

552 2139 619 2196 te
665 2128 842 2196 abne
892 2138 996 2198 at:
1039 2140 1106 2197 et
1151 2127 1470 2208 ultorem,
1514 2127 1583 2196 id
1634 2140 1760 2207 est,
1811 2126 2075 2217 lapides
2123 2139 2187 2196 et
2228 2127 2466 2214 jacula
2515 2127 2610 2195 im
2666 2126 2891 2195 ietatis
2940 2145 3119 2193 suae

554 2229 793 2285 contra
891 2218 1023 2285 icta
1068 2226 1135 2285 et
1184 2215 1522 2285 miracula
1569 2226 1687 2285 tua
1735 2216 2160 2296 vibrantem,
2207 2237 2288 2285 ea
2335 2235 2590 2305 carpen
2646 2236 2686 2283 o
2724 2226 2792 2282 et
2828 2212 3120 2282 sinistre

555 2301 1096 2393 interpretando.

644 2393 681 2479 §
735 2396 822 2461 2.
876 2397 1081 2461 Porro
1129 2395 1307 2462 Deus
1355 2391 1426 2460 in
1477 2392 1676 2462 beato
1726 2390 2051 2462 Disibbdo
2098 2390 2187 2460 ab
2236 2390 2390 2480 ejus
2441 2388 2730 2459 infantia
2772 2410 2997 2475 usque
3047 2389 3118 2456 in

556 2478 982 2579 decrepitam
1031 2491 1318 2552 aetatem
1369 2501 1493 2571 per
1590 2480 1835 2550 ratiam
1880 2501 2076 2550 suam
2133 2478 2202 2547 id
2242 2478 2503 2556 effecit,
2542 2491 2620 2549 ut
2653 2499 2777 2547 nec
2820 2477 3124 2568 pueritia

555 2568 710 2637 e'us
763 2569 1104 2659 improbis
1172 2568 1359 2637 ludis
1406 2581 1472 2638 et
1556 2568 1932 2638 evitatibus
1978 2566 2234 2647 dedita,
2290 2588 2418 2637 nec
2458 2568 2788 2723 {aventus
2838 2564 3123 2640 libidini

556 2677 598 2724 o
651 2655 876 2736 noxia,
918 2678 1042 2727 nee
1093 2668 1366 2726 matura
1398 2667 1583 2727 aetas
1620 2656 1705 2725 ad
1746 2656 2099 2727 sinistram
2150 2655 2415 2724 intenta
2493 2654 2691 2724 uerit.
2723 2653 2902 2723 Adeo
2932 2654 3121 2722 enim

554 2765 883 2834 pompam
935 2765 1211 2813 omnem
1260 2755 1328 2812 et
1373 2742 1629 2813 fastum
1685 2743 1928 2812 mundi
1980 2742 2194 2834 hujus
2242 2743 2479 2813 animo
2525 2756 2592 2811 et
2630 2762 2918 2830 corpore
2975 2741 3119 2810 cal-

554 2830 758 2911 cavit,
801 2844 876 2900 ut
919 2830 1344 2918 quibusdam
1385 2830 1661 2912 stultuS,
1716 2830 2079 2900 nonnullis
2132 2852 2374 2912 vanus,
2428 2830 2586 2901 aliis
2633 2829 2851 2899 errori
2899 2829 3121 2898 obno-

555 2919 754 2998 xiuS,
814 2919 1160 3009 plerisque
1219 2939 1377 2987 vero
1433 2919 1640 2988 etiam
1709 2917 2148 2990 admirabilis
2210 2940 2290 2988 ea
2337 2920 2549 2988 causa
2597 2920 2666 2986 in
2720 2918 2869 2987 suis
2919 2916 3121 2985 factis

556 3005 928 3086 videretur,
968 3005 1422 3093 dicerentque
1472 3006 1622 3075 isti:
1677 3006 2009 3089 Quid-est
2045 3008 2199 3085 hoc,
2251 3007 2438 3092 quod
2494 3005 2859 3075 Disibodus
2909 3004 3122 3073 facit?

558 3098 883 3163 Parentes
930 3114 1097 3164 sane
1155 3092 1349 3163 illius
1395 3094 1685 3184 ingenui
1740 3108 1936 3164 erant
1982 3108 2048 3163 et
2095 3095 2385 3175 nobileS,
2443 3093 2819 3185 praeclaris
2866 3094 2936 3162 in
2994 3093 3116 3161 Hi-

557 3181 800 3250 bernia
838 3180 968 3250 orti
1018 3181 1391 3250 natalibus:
1428 3182 1547 3251 sed
1600 3204 1725 3252 nec
1760 3182 1894 3273 ipsi
1944 3196 2172 3252 tamen
2224 3182 2442 3252 seculi
2484 3204 2810 3273 pompam
2857 3194 2924 3250 et
2970 3179 3119 3270 glo-

561 3269 737 3337 riam
810 3267 1110 3339 inaniter
1180 3271 1647 3362 sectabantur.
1713 3271 2056 3360 'tyrannis
2119 3283 2348 3340 autem
2396 3269 2822 3357 quibusdam
2875 3291 2958 3339 su
3012 3290 3117 3338 er-

557 3356 675 3427 hia
742 3357 1031 3427 tumidis
1064 3412 1081 3438 ,
1149 3356 1220 3427 in
1279 3379 1361 3428 ea
1422 3358 1702 3449 regione
1748 3358 2144 3449 complures
2197 3380 2316 3459 per
2362 3359 2502 3428 vim
2551 3370 2617 3428 et
2670 3357 2949 3447 tyranni
3005 3379 3113 3425 em

558 3446 1159 3534 opprimentibuS,
1211 3458 1417 3532 atque
1477 3446 1684 3516 etiam
1750 3447 1964 3536 hujus
2035 3446 2214 3515 beati
2266 3446 2430 3527 viri,
2492 3445 2614 3533 qui
2685 3457 2829 3514 tum
2886 3445 3115 3514 adhuc

560 3554 737 3624 puer
780 3545 950 3614 erat,
1006 3547 1327 3624 parentes
1386 3535 1458 3603 in
1515 3535 1913 3604 servitutem
1968 3535 2279 3624 redigere
2337 3534 2744 3614 nitentibuS,
2806 3554 2967 3603 curn
3016 3532 3115 3601 illi

559 3642 698 3690 non
750 3621 1153 3712 ignorarent
1195 3643 1269 3691 se
1321 3622 1659 3723 ingenuos
1709 3636 1775 3691 et
1823 3622 2038 3691 libera
2071 3622 2466 3692 conditione
2516 3634 2748 3702 natos,
2804 3641 2930 3691 nec
2981 3621 3117 3688 vel-

559 3709 705 3778 lent
753 3710 1039 3800 perpeti,
1071 3721 1150 3779 ut
1194 3710 1283 3779 ab
1330 3710 1471 3780 illis
1521 3722 1789 3801 praeter
1809 3710 1932 3800 jus
1966 3710 2206 3797 fasque
2234 3711 2563 3779 servitute
2611 3721 3109 3800 premerentur,

558 3797 801 3887 procul
855 3811 1305 3870 recesserunt.
1358 3811 1425 3868 et
1463 3797 1535 3867 in
1583 3798 1825 3867 eadem
1879 3819 1949 3867 re
2003 3799 2155 3868 ione
2201 3799 2401 3888 juxta
2449 3799 2709 3868 flumen
2761 3795 3111 3884 quoddam

557 3906 699 3954 una
764 3907 925 3954 cum
976 3886 1119 3955 silio
1171 3886 1493 3956 Disibbdo
1540 3886 1613 3954 in
1663 3886 1921 3977 oppido
1953 3822 2407 3967 ffiabitarunt,
2461 3886 2586 3955 ubi
2639 3885 2845 3955 etiam
2896 3884 3116 3956 literis

556 3985 625 4041 et
675 3971 1080 4043 liberalibus
1112 3973 1507 4065 disciplinis
1554 3973 2043 4055 imbuendum,
2102 3973 2445 4063 religiosis
2493 3974 2660 4044 viris
2708 3993 2866 4042 eum
2923 3994 3116 4042 com-

560 4060 1006 4131 mendarunt.
1046 4067 1092 4131 Α
1143 4074 1296 4133 ente
1329 4073 1557 4133 autem
1593 4064 1817 4154 gratia
1858 4063 1996 4142 Dei,
2036 4084 2209 4152 puer
2238 4061 2510 4142 docilis,
2552 4082 2732 4148 quae
2762 4083 2804 4130 a
2838 4082 3118 4146 praece·

558 4149 879 4239 ptoribus
913 4150 1103 4219 trade
1153 4164 1384 4233 antur,
1421 4152 1662 4242 ca-paci
1696 4150 1973 4242 ingenio
2007 4162 2328 4221 accurate
2357 4149 2731 4220 memoriae
2762 4147 3109 4239 affigebat,

611 4361 634 4382 '¹
667 4360 926 4402 verborum
952 4361 1029 4401 Pu.
1059 4361 1106 4402 8:
1136 4362 1204 4402 Ex
1231 4371 1315 4403 ore
1340 4361 1598 4405 infantium
1627 4361 1719 4404 eto.
1750 4361 2100 4413 interpretatio.
