3327 4999
717 314 848 379 306
1418 329 1497 376 m:
1545 329 1599 377 s.
1654 329 1932 377 AanAmo
1990 329 2385 379 conrsssonn
2787 313 3032 380 MART.
3093 315 3184 378 16

625 423 694 481 et
740 416 895 489 Deo,
947 424 1026 479 ut
1101 430 1223 499 par
1268 422 1434 489 erat,
1488 409 1739 500 egisset
1794 409 2087 500 gratias,
2144 432 2387 481 rursus
2436 411 2794 481 revertitur
2842 410 2925 479 ad
2977 423 3182 484 vetus

630 500 802 569 illud
854 498 1355 569 habitaculum.
1414 503 1490 566 Et
1536 521 1696 567 cum
1745 499 1806 568 ei
1862 498 2259 590 contiguam
2310 499 2739 570 aedificasset
2785 500 3181 570 domuncu-

630 589 768 659 lam
817 600 881 657 et
927 587 1377 656 obstruxisset
1424 586 1716 668 aditum,
1760 587 1972 678 priori
2019 610 2092 658 se
2139 587 2346 658 tradit
2385 588 2765 658 solitudini.
2821 593 3181 671 Quaenam

627 690 858 748 autem
906 689 1069 745 sunt
1114 675 1363 744 deinde
1411 689 1778 746 consecuta
1832 688 1898 746 et
1941 699 2280 764 quosnam
2338 676 2401 745 ei
2460 677 2678 747 tendit
2729 676 3007 763 laqueos
3052 678 3182 765 qui

627 768 838 836 rebus
870 764 1210 856 ejusmodi
1256 763 1515 834 invidet
1554 764 1905 846 inimicus,
1961 788 2097 835 non
2145 777 2246 835 est
2276 765 2980 856 praetermittendum.
3019 770 3184 836 Erat

626 855 912 942 quidem
964 875 1095 923 nox
1143 852 1399 932 media,
1464 875 1624 923 cum
1674 866 2038 924 consuetas
2086 876 2323 945 preces
2386 854 2705 925 funderet
2750 855 3118 925 Abramius
3156 880 3177 919 ι

627 949 905 1014 Praeses
938 953 1167 1011 autem
1219 941 1682 1042 tenebrarum,
1739 946 2054 1034 suscepta
2127 946 2419 1033 persona
2466 942 2755 1013 luminis
2803 954 2866 1011 et
2913 965 3066 1013 eam
3117 943 3183 1012 i-

626 1055 826 1124 psam
878 1031 1101 1101 lucem
1151 1052 1299 1100 esse
1346 1029 1711 1113 simulans,
1765 1031 1850 1101 ad
1884 1054 2044 1102 eum
2093 1032 2340 1101 emittit
2386 1053 2642 1113 vocem,
2698 1044 3026 1118 tanquam
3085 1054 3173 1101 ex

627 1143 883 1211 magna
914 1118 1379 1199 multitudine,
1434 1119 1812 1189 dicentem:
1867 1125 2109 1190 Beatus
2156 1142 2229 1190 es
2278 1142 2481 1190 senex
2529 1120 2840 1200 Abi-ami,
2898 1141 3053 1189 vere
3101 1142 3185 1190 es

627 1210 892 1280 beatus:
953 1220 1020 1277 et
1065 1229 1268 1276 nemo
1330 1207 1397 1275 in
1450 1209 1657 1278 rebus
1730 1208 1983 1280 divinis
2031 1208 2160 1278 fuit
2214 1222 2351 1279 tam
2404 1209 2781 1300 perfectuS,
2825 1208 3017 1280 ‚sicut
3066 1220 3171 1278 tu.

627 1299 752 1368 Ille
785 1311 1011 1368 autem
1066 1318 1226 1366 cum
1287 1318 1430 1366 rem
1481 1297 1768 1366 minime
1816 1297 1835 1365 i
1893 1309 2182 1379 noraret‚
2239 1298 2356 1368 sed
2412 1320 2567 1368 eum
2613 1297 2812 1366 illum
2861 1318 3010 1368 esse
3059 1320 3182 1367 co-

625 1398 982 1478 gnosceret
1026 1386 1147 1473 qui
1194 1385 1460 1475 decepit
1508 1386 1813 1475 primum
1897 1387 2222 1466 ominem,
2261 1388 2324 1456 ei
2354 1386 2785 1477 suggerendo
2818 1386 3002 1473 quod
3054 1384 3173 1455 fu-

625 1487 826 1546 turus
873 1489 1048 1546 esset
1095 1480 1228 1543 Deo
1267 1473 1515 1544 similis
1548 1487 1612 1543 et
1645 1474 1849 1544 sciret
1895 1475 2074 1545 hanc
2123 1475 2345 1545 lucem
2376 1497 2525 1546 esse
2558 1475 2765 1544 veluti
2813 1474 3172 1562 quandam

625 1587 851 1635 escam
901 1586 1114 1633 vanae
1142 1562 1419 1653 gloriae:
1456 1568 1917 1652 Compescere,
1955 1563 2146 1633 dixit:
2184 1577 2245 1634 te
2274 1565 2581 1655 increpat
2617 1564 2925 1633 Christus
2963 1569 3193 1634 Deus..

623 1676 665 1723 o
711 1653 1034 1743 maligne.
1075 1656 1123 1721 Α
1191 1674 1300 1720 me
1347 1652 1478 1720 cito
1524 1652 1802 1720 recede:
1854 1653 2033 1724 absit
2078 1653 2263 1721 enim
2300 1708 2316 1733 ,
2367 1667 2443 1723 ut
2492 1674 2599 1722 me
2658 1652 2917 1739 aliquid
2971 1652 3167 1721 aliud

626 1764 778 1812 esse
814 1758 1044 1831 putem
1096 1740 1229 1809 nisi
1262 1754 1512 1810 terram
1560 1752 1624 1810 et
1665 1742 1990 1812 cinerem.
2052 1747 2229 1812 Haec
2278 1742 2448 1811 dixit
2484 1752 2548 1812 et
2594 1742 2664 1810 in
2708 1740 2976 1810 fumum
3022 1754 3164 1810 sta-

628 1831 751 1901 tim
787 1830 916 1900 fuit
961 1829 1294 1900 dissoluta
1385 1829 1700 1900 hantasia
1748 1830 2033 1900 luminis
2080 1843 2147 1900 et
2193 1829 2597 1900 manifestus
2651 1829 2782 1899 fuit
2838 1840 3034 1900 actus
3068 1830 3167 1898 si-

624 1918 930 1989 mulatus
959 1931 1023 1988 et
1057 1940 1261 1989 scena
1292 1940 1328 1987 a
1372 1917 1539 2006 jecit
1586 1940 1975 2007 personam.
2015 1919 2122 1989 Sic
2151 1941 2313 2009 ergo
2349 1920 2609 2010 pudore
2649 1919 2958 1998 affectus,
2997 1941 3160 1988 eum

626 2009 967 2078 contraria
1004 2007 1262 2077 ratione
1309 2006 1743 2098 aggreditur:
1798 2008 1976 2079 sicut
2007 2008 2148 2077 illic
2193 2031 2313 2098 per
2350 2006 2841 2088 adulationem,
2895 2006 2990 2076 ita
3050 2006 3166 2077 hic

630 2119 754 2187 per
801 2098 1114 2166 timorem
1146 2118 1304 2164 eum
1338 2118 1597 2165 conans
1631 2096 2103 2198 supplantare.

714 2188 750 2273 ξ
798 2192 947 2258 16.
1002 2191 1143 2255 Non
1180 2184 1477 2253 multum
1527 2185 1713 2253 enim
1764 2185 2144 2255 intercessit
2192 2185 2542 2274 temporis,
2580 2198 2646 2255 et
2692 2206 2936 2254 rursus
2967 2184 3056 2253 ab
3084 2207 3168 2254 eo

625 2275 929 2343 cernitur
976 2296 1189 2343 manu
1230 2287 1465 2343 tenens
1492 2273 1829 2343 securim:
1866 2286 1931 2343 et
1978 2273 2339 2343 videbatur
2373 2274 2652 2361 quidem
2681 2273 2978 2342 mediam
3010 2274 3170 2344 tecti

626 2363 883 2432 trabem
924 2363 1287 2441 dissecare,
1327 2365 1621 2453 graviter
1649 2374 1880 2431 autem
1936 2374 2296 2432 concutere
2343 2375 2408 2431 et
2458 2384 2723 2431 movere
2773 2362 3171 2431 domuncu-

624 2450 787 2533 lam,
839 2463 904 2522 et
951 2451 1464 2522 multitudinem
1515 2451 1585 2520 in
1633 2450 2033 2521 Abramium
2102 2450 2300 2538 quasi
2351 2472 2601 2542 magno
2656 2450 2960 2538 quodam
3011 2464 3166 2521 stu-

621 2540 736 2610 dio
783 2563 1178 2621 convocare,
1232 2553 1295 2610 et
1342 2541 1424 2610 ad
1464 2562 1811 2609 summam
1859 2562 2018 2609 eum
2068 2540 2363 2632 graviter
2412 2542 2832 2632 perturbare.
2875 2540 2999 2608 Ille
3035 2564 3167 2610 au-

623 2641 757 2699 tem
826 2631 935 2699 hic
1000 2651 1272 2716 quoque
1333 2649 1577 2698 rursus
1642 2629 1824 2697 idem
1890 2640 2054 2710 erat,
2117 2628 2383 2698 hostem
2450 2629 2736 2698 minime
2798 2629 3162 2719 ignorans,

621 2719 893 2788 Visione
954 2719 1180 2804 itaque
1242 2717 1413 2785 nihil
1466 2716 1764 2798 territus,
1800 2720 2050 2787 Omnes
2093 2729 2328 2808 gentes
2367 2739 2475 2787 me
2524 2717 3163 2798 circumdederunt,

620 2808 878 2877 sensim
927 2807 1113 2896 apud
1162 2828 1233 2875 se
1281 2806 1570 2886 dicebat,
1631 2818 1697 2875 et
1758 2807 1828 2874 in
1889 2805 2166 2877 nomine
2229 2806 2497 2875 Domini
2555 2806 2743 2875 ultus
2802 2828 2960 2875 sum
3012 2827 3151 2875 eos

618 2895 898 2965 Talibus
945 2895 1273 2964 adversus
1322 2895 1684 2963 inimicum
1716 2895 2145 2964 carminibus
2194 2896 2579 2976 AbramiuS,
2639 2894 2893 2965 talibus
2941 2894 3155 2963 armis

616 2997 719 3053 est
766 3006 960 3053 usus.
1009 2983 1184 3066 Quid
1235 2982 1350 3052 ille
1394 3005 1468 3053 er
1517 2986 1602 3050 o?
1635 2988 1712 3052 In
1761 3006 1919 3053 eum
1971 3006 2215 3053 rursus
2253 2983 2513 3054 bellum
2610 2983 2737 3052 erit
2794 2995 3045 3072 postea,
3079 2994 3162 3051 ut

616 3072 737 3159 qui
775 3072 1157 3141 vehementi
1205 3072 1364 3163 igne
1396 3072 1458 3140 vi
1513 3085 1742 3141 eretur
1769 3073 2170 3143 comburere
2203 3085 2519 3144 stoream.
2560 3076 2587 3140 I
2621 3070 2682 3140 le
2722 3085 2952 3140 autem
2982 3070 3158 3140 nibil

615 3161 899 3230 affectus
946 3183 1025 3229 ea
1070 3160 1367 3241 visione,
1436 3160 1746 3229 interrito
1792 3160 2009 3242 vultu,
2064 3183 2222 3231 eum
2282 3162 2554 3241 invasit,
2611 3160 2887 3232 dicens:
2940 3164 3166 3251 Super

616 3251 915 3340 aspidem
964 3260 1027 3318 et
1058 3251 1442 3318 basiliscum
1475 3249 1906 3340 ingredieris,
1940 3262 2002 3319 et
2041 3252 2453 3319 conculcabis
2504 3254 2755 3319 leonem
2805 3261 2867 3319 et
2922 3250 3164 3318 draco-

612 3361 762 3407 nem
794 3342 1015 3424 (Psal.
1053 3338 1190 3428 90).
1248 3338 1498 3407 Deinde
1551 3339 1733 3408 venit
1768 3352 2040 3428 tempus
2098 3338 2541 3408 comedendi:
2595 3351 2659 3408 et
2708 3338 2825 3407 ille
2871 3337 3163 3423 quidem

614 3426 833 3497 solam
895 3427 1025 3497 sibi
1074 3449 1327 3513 aquam
1373 3427 1699 3517 apponit:
1757 3426 2104 3528 malignus
2166 3441 2394 3497 autem
2446 3438 2751 3497 mutatus
2799 3428 2868 3495 in
2923 3425 3160 3496 adole-

614 3531 940 3596 scentem,
1004 3539 1219 3585 manu
1268 3516 1482 3606 tangit
1529 3516 1882 3605 poculum,
1937 3516 2112 3586 1llud
2164 3538 2423 3586 conans
2483 3529 2802 3587 evertere.
2868 3514 3164 3585 Divinus

613 3616 841 3674 autem
875 3604 1237 3674 Abramius
1286 3604 1456 3673 nihil
1511 3605 1934 3694 perterritus,
1973 3605 2312 3674 constanti
2345 3605 2539 3675 vultu
2568 3627 2818 3691 aquam
2863 3606 3154 3695 accepit.

613 3693 779 3763 Vide
825 3706 1050 3763 autem
1104 3693 1276 3761 mihi
1333 3693 1621 3784 maligni
1671 3693 2200 3785 impudentiam.
2260 3698 2470 3794 Saepe
2518 3694 2863 3794 repulsus,
2920 3714 3008 3762 ne
3059 3693 3162 3763 sic

610 3781 891 3870 quidem
941 3783 1318 3862 recedebat,
1377 3782 1490 3854 sed
1545 3804 1788 3851 rursus
1837 3783 1906 3850 in
1969 3803 2187 3851 unum
2238 3805 2317 3853 ex
2365 3783 2451 3852 ils
2490 3804 2611 3869 qui
2659 3795 2894 3852 saneto
2947 3781 3164 3849 mini-

611 3872 941 3954 strabant,
984 3883 1163 3942 veste
1208 3882 1272 3941 et
1310 3871 1529 3942 forma
1569 3871 1876 3961 seipsum
1926 3883 2225 3950 mutans,
2281 3893 2439 3940 cum
2498 3883 2780 3941 sanctus
2826 3885 2992 3939 tunc
3042 3892 3161 3940 co-

609 3960 948 4043 mederet,
1019 3961 1370 4032 lucernam
1420 3960 1481 4029 ei
1531 3959 1943 4050 apponebat.
2012 3959 2266 4028 Deinde
2321 3960 2525 4029 etiam
2578 3959 2936 4028 videbatur
2998 3958 3164 4028 talia

611 4073 897 4120 canere:
951 4054 1146 4121 Beati
1198 4052 1627 4120 immaculati
1683 4051 1918 4128 invia,
1980 4051 2102 4140 qui
2156 4050 2504 4118 ambulant
2559 4051 2628 4117 in
2687 4053 2831 4138 leyc
2887 4050 3157 4116 Domini

607 4143 822 4230 (Psal.
861 4140 1038 4230 ⁴⁴8).
1080 4140 1203 4209 Hic
1251 4152 1480 4210 autem
1510 4161 1663 4207 vere
1693 4139 1954 4217 beatuS,
1997 4148 2141 4206 erat
2187 4137 2390 4226 plane
2421 4137 2696 4218 surdus,
2751 4148 2827 4205 ut
2874 4135 2996 4222 qui
3028 4158 3159 4206 au-

613 4251 723 4298 res
772 4229 855 4298 ad
908 4230 1074 4300 haec
1124 4228 1527 4308 obstrueret,
1580 4227 1798 4296 donec
1846 4227 2144 4326 sumpsit
2172 4225 2344 4295 illud
2398 4224 2746 4295 modicum
2796 4225 2955 4293 cibi.
2992 4229 3161 4325 l’ost

612 4318 793 4388 hanc
841 4331 1066 4388 autem
1118 4339 1398 4408 parvam
1447 4316 1755 4407 corporis
1803 4328 2254 4396 curationem,
2299 4315 2527 4401 crucis
2577 4314 2776 4405 signo
2811 4324 3156 4385 munitus:

615 4431 651 4476 «
684 4409 750 4478 Si
800 4408 1072 4488 beat03,
1146 4405 1394 4494 inquit,
1457 4404 1636 4477 nosti
1683 4426 1799 4474 eos
1845 4404 1966 4492 qui
2011 4404 2317 4495 diligunt
2365 4403 2773 4485 Dominum,
2838 4424 2965 4472 cur
3013 4424 3160 4471 uon
