3327 4999
110 378 364 444 MART.
426 378 508 442 ⁴2
1016 395 1095 440 nn
1141 394 1197 441 s.
1253 393 1562 443 ceunomo
1609 395 1771 442 PAPA
2456 379 2580 445 ⁴59

199 479 239 563 ξ
291 478 454 547 25.
510 471 973 545 Nihilominus
1018 495 1096 541 ex
1147 472 1322 543 libro
1370 477 1566 543 Pratz'
1611 475 2012 566 Spirz'tualis
2057 473 2091 509 *
2137 474 2315 566 (cap.
2371 475 2516 565 92),
2583 477 2667 546 de

113 571 365 634 Sancto
419 563 744 652 Gregorio
792 568 974 652 Papa
1023 567 1328 631 Romano
1387 562 1667 653 legitur:
1728 568 1902 641 «Is,
1955 563 2234 633 effectus
2283 569 2503 654 Papa,
2558 588 2667 634 ae-

111 653 427 722 dificavit
473 651 965 720 monasterium
1022 650 1326 720 virorum
1379 674 1738 741 magnum,
1773 664 1839 721 et
1883 651 2069 720 dedit
2118 652 2545 733 mandatum,
2590 666 2667 724 ut

113 742 370 810 nullus
439 740 928 808 monachorum
992 739 1348 830 proprium
1406 739 1668 827 aliquid
1722 740 2000 810 haberet
2041 762 2260 827 usque
2307 742 2389 809 ad
2441 765 2659 811 unum

117 830 439 899 obulum.
501 833 733 897 Frater
777 850 938 918 ergo
985 828 1068 896 de
1118 829 1529 898 monasterio
1578 829 1874 899 habebat
1920 829 2196 898 fratrem
2255 830 2659 907 secularem,

119 933 193 988 et
257 916 622 1009 postulavit
667 939 826 985 eum
864 971 878 997 ,
931 917 1207 985 dicens:
1261 917 1588 986 Tunicam
1643 940 1779 987 non
1830 918 2087 1000 habeo,
2156 918 2272 986 sed
2336 919 2439 987 fac
2504 920 2664 989 cha-

123 1008 431 1086 ritatem,
482 1026 635 1074 eme
699 1005 894 1074 mihi.
990 1005 1162 1074 Dicit
1224 1004 1287 1073 ei
1356 1005 1687 1076 secularis
1753 1006 2007 1075 frater:
2106 1011 2293 1075 Ecce·
2342 1008 2466 1078 tria
2534 1031 2664 1077 nu-

123 1096 496 1165 mismata:
572 1093 957 1182 suscipiens
1046 1116 1373 1183 compara
1406 1150 1420 1174 ,
1500 1095 1729 1181 qualis
1824 1095 1948 1164 tibi
2038 1096 2278 1186 placet.
2362 1098 2665 1188 Acceptis

121 1185 349 1270 itaque
427 1182 811 1251 monachus
879 1182 1099 1251 tribus
1163 1183 1744 1262 numismatibuS‚
1816 1184 2110 1253 habebat
2172 1206 2249 1253 ea
2312 1186 2494 1275 apud
2564 1209 2657 1254 sc.

122 1273 302 1344 Alius
353 1282 592 1340 autem
643 1270 847 1340 frater
910 1270 1148 1339 videns
1194 1293 1350 1339 eum
1401 1272 1763 1340 habentem
1817 1272 1947 1342 tria
1998 1274 2452 1353 numismata,
2508 1297 2662 1364 per-

119 1383 281 1452 gens
346 1359 711 1429 nunciavit
774 1358 1036 1429 Abbati.
1095 1359 1317 1428 Abbas
1365 1382 1520 1429 vero
1569 1360 1907 1441 audiens,
1977 1361 2207 1431 retulit
2271 1363 2664 1433 beatissimo

121 1457 362 1542 Papae.
425 1447 872 1518 Beatissimus
919 1461 1147 1516 autem
1200 1449 1566 1538 Gregorius
1612 1449 1888 1518 discens
1937 1450 2064 1518 hoc
2113 1452 2201 1520 ab
2249 1452 2522 1530 Abbate,
2561 1474 2664 1520 se·

164 1536 432 1630 regavit
480 1558 640 1604 eum
690 1558 728 1605 a
776 1537 1283 1618 communione,
1324 1549 1651 1624 tanquam
1701 1560 1887 1618 eum,
1942 1539 2061 1625 qui
2112 1539 2402 1609 solverat
2450 1562 2655 1631 regu-

137 1650 246 1697 am
300 1624 740 1695 monasterii.
823 1625 1038 1716 Igitur
1084 1638 1237 1715 post
1285 1625 1632 1695 modicum
1686 1628 2014 1716 temporis
2045 1682 2059 1707 ,
2117 1629 2407 1698 moritur
2454 1630 2660 1698 frater

112 1727 571 1807 segregatuS,
625 1713 964 1783 nesciente
1025 1717 1230 1804 Papa.
1307 1720 1461 1784 Post
1522 1714 1697 1785 duos
1757 1737 1919 1806 ergo
1967 1729 2085 1786 aut
2133 1729 2268 1788 tres
2317 1717 2462 1786 dies
2515 1741 2663 1808 per-

120 1829 289 1896 gens
344 1802 599 1884 Abbas,
637 1802 985 1872 nunciavit
1032 1804 1094 1871 ei
1140 1803 1302 1890 quia
1351 1803 1557 1872 frater
1603 1805 1954 1891 requievit.
1995 1810 2068 1874 In
2103 1805 2230 1874 hoc
2266 1805 2493 1893 itaque
2527 1829 2659 1876 non

121 1892 575 1962 mediocriter
620 1892 924 1962 tristatus
970 1903 1092 1970 est,
1148 1893 1312 1978 quia
1351 1905 1717 1979 antequam
1753 1892 1960 1962 exiret
2007 1894 2090 1962 de
2139 1895 2266 1963 hac
2312 1896 2470 1976 vita,
2526 1917 2659 1966 non

111 1983 310 2053 solvit
362 2001 533 2050 eum
584 1980 670 2048 ab
717 1980 1448 2050 excommunicationis
1498 1981 1792 2051 vinculo.
1830 1987 1910 2054 Et
1944 1983 2252 2052 scribens
2284 1985 2658 2054 orationem

111 2072 177 2139 in
233 2069 554 2161 pietatm,
612 2069 798 2138 dedit
845 2069 966 2137 uni
1015 2068 1462 2139 diaconorum
1516 2092 1827 2150 suorum,
1872 2070 2125 2158 jubens
2172 2073 2230 2140 ei
2284 2073 2402 2154 ire,
2446 2086 2510 2142 et
2545 2096 2661 2143 su-

117 2183 234 2248 per
287 2161 578 2228 fratrem
627 2180 776 2226 eam
829 2158 1072 2247 legere.
1143 2163 1297 2226 Erat
1344 2171 1574 2226 autem
1623 2159 1838 2228 oratio
1873 2214 1887 2240 ,
1934 2159 2201 2229 solvens
2256 2161 2342 2229 ab
2390 2183 2661 2230 excom—

123 2248 601 2317 municatione
648 2246 1073 2316 defunctum.
1127 2247 1321 2316 Vadit
1369 2269 1532 2336 ergo
1579 2247 1938 2328 diaconuS,
1993 2248 2169 2317 sicut
2219 2263 2657 2340 praeceptum

118 2337 176 2404 ei
223 2338 492 2417 suerat,
547 2348 612 2404 et
658 2358 867 2425 super
931 2335 1277 2404 tumulum
1329 2335 1558 2406 fratris
1608 2336 1772 2426 legit
1830 2336 2185 2426 pictatium
2254 2338 2515 2407 habens
2587 2360 2661 2409 0-

120 2428 485 2496 rationem.
527 2429 602 2492 Et
650 2425 799 2515 ipsa
848 2437 1042 2494 nocte
1090 2424 1258 2494 vidit
1305 2425 1526 2495 Abbas
1575 2425 1851 2494 fratrem
1888 2425 2086 2494 illum
2129 2424 2557 2508 defunctum,
2597 2438 2661 2497 et

122 2515 294 2585 dixit
341 2514 404 2582 ei
445 2537 458 2580 :
514 2517 655 2583 Non
705 2536 778 2583 es
829 2527 1139 2584 mortuus
1188 2515 1423 2584 frater?
1487 2515 1608 2584 Ille
1657 2515 2049 2605 respondit:
2105 2517 2346 2584 Etiam.
2416 2521 2491 2585 Et
2540 2517 2661 2586 ite-

116 2627 276 2672 rum
341 2604 717 2693 interrogat
779 2625 935 2672 eum
1007 2603 1267 2671 Abbas:
1323 2604 1448 2673 Ubi
1513 2626 1665 2673 eras
1712 2626 1933 2690 usque
1980 2604 2242 2672 hodie?
2292 2606 2663 2695 Respondit

117 2691 346 2760 frater:
403 2696 590 2770 Vere,
647 2693 953 2772 Domine,
1021 2692 1090 2759 in
1143 2693 1476 2773 custodia,
1529 2705 1594 2762 et
1652 2714 1873 2780 usque
1920 2692 2065 2761 heri
2104 2716 2237 2763 non
2274 2716 2428 2764 sum
2464 2695 2662 2763 abso-

119 2780 333 2850 lutus,
416 2784 660 2848 Notum
734 2780 960 2868 itaque
1021 2779 1274 2850 factum
1350 2795 1450 2851 est
1499 2782 1873 2859 omnibus,
1926 2782 2088 2868 quia
2137 2784 2206 2851 in
2257 2782 2475 2861 liora,
2527 2804 2665 2869 qua

117 2869 467 2938 Diaconus
514 2869 889 2937 orationem
948 2869 1118 2937 dixit
1165 2892 1374 2959 super
1429 2870 1825 2960 sepulcrum
1856 2925 1870 2951 ,
1924 2871 1994 2939 in
2044 2892 2122 2940 ea
2172 2872 2338 2940 hora
2387 2871 2663 2940 absolu-

115 2972 222 3028 tus
296 2969 402 3025 est
464 2956 550 3025 ab
611 2958 1339 3038 excommunicatione,
1421 2972 1484 3028 et
1536 2959 1819 3028 liberata
1865 2973 1965 3028 est
2013 2982 2052 3029 a
2100 2960 2541 3029 damnatione
2591 2983 2661 3028 a-

119 3049 311 3117 nima
365 3045 540 3131 ejus.
599 3068 633 3109 »
1319 3098 1322 3103 .

196 3143 240 3217 5
297 3139 463 3204 28.
513 3133 728 3223 Igitur
775 3135 1143 3224 Gregorius
1192 3159 1326 3205 non
1378 3136 1602 3206 solum
1651 3135 1974 3217 Saxone—S,
2015 3136 2083 3204 in
2138 3137 2437 3227 propriis
2478 3137 2661 3206 sedi-

107 3224 246 3293 bus
298 3232 816 3291 commanentes
849 3278 864 3303 ‚
934 3223 1196 3293 Christo
1264 3226 1550 3293 Domino
1611 3224 1947 3295 dedicavit
1994 3225 2107 3292 ”z
2164 3247 2399 3295 verum
2450 3226 2656 3295 etiam

113 3333 374 3402 pueros
409 3331 671 3391 eorum,
726 3333 848 3400 per
883 3325 1144 3381 exteras
1194 3314 1504 3403 regiones
1552 3312 1865 3395 diffus05,
1904 3314 2049 3383 suis
2091 3314 2328 3405 pretiis
2377 3337 2654 3404 compa-

110 3423 280 3470 rans
327 3398 759 3479 annualiter,
814 3399 898 3468 ad
965 3401 1425 3491 cognitionem
1503 3401 1661 3470 fidei
1712 3401 2113 3472 deducebat.
2172 3403 2362 3472 Unde
2412 3402 2659 3472 Candi-

105 3489 282 3559 dum
336 3487 816 3577 presbyterum
866 3503 1274 3570 commonet,
1324 3489 1593 3559 dicens:
1634 3495 1759 3559 Per
1807 3513 1930 3561 ens
1962 3492 2337 3561 auxiliante
2371 3492 2657 3561 Domino

111 3589 349 3646 nostro
398 3581 567 3646 Jesu
605 3576 868 3645 Christo
916 3576 999 3646 ad
1051 3579 1567 3679 patrimonium,
1613 3601 1749 3666 quo
1846 3591 1946 3649 est
1994 3581 2062 3647 in
2116 3580 2376 3661 Galliis,
2414 3581 2661 3670 guber-

109 3665 461 3746 nandum,
515 3664 838 3734 volumus
884 3678 961 3735 ut
1006 3666 1279 3736 dilectio
1328 3680 1467 3748 tua,
1520 3688 1600 3735 ex
1649 3666 1889 3738 solidis
1922 3690 2097 3755 quos
2147 3670 2506 3759 acceperit,
2547 3693 2658 3739 ve-

110 3755 442 3824 stimenta
484 3775 895 3910 pauperum,
934 3754 1032 3823 vel
1086 3777 1336 3847 pueros
1386 3754 1657 3845 Anglos,
1695 3756 1814 3843 qui
1864 3757 2003 3825 sint
2049 3758 2135 3827 ab
2185 3758 2387 3828 annis
2420 3758 2657 3827 decem

114 3855 179 3910 et
226 3854 496 3934 septem
545 3864 625 3912 ve
699 3842 934 3911 decem
983 3856 1048 3911 et
1094 3855 1244 3913 octo
1275 3898 1293 3923 ,
1348 3857 1426 3914 ut
1470 3845 1541 3912 in
1594 3846 2029 3914 monasteriis
2076 3846 2217 3915 dati
2269 3851 2399 3915 Deo
2448 3846 2659 3937 profi-

119 3931 324 4012 ciant,
361 3942 757 4022 comparet:
810 3942 1151 4017 quatenus
1200 3933 1402 4003 solidi
1452 3932 1853 4015 Galliarum,
1906 3935 2026 4022 qui
2075 3935 2146 4003 in
2199 3946 2375 4004 terra
2426 3947 2661 4005 nostra

129 4020 411 4109 expendi
463 4042 602 4089 non
645 4033 955 4110 possunt,
1009 4022 1194 4111 apud
1244 4021 1472 4091 locum
1525 4023 1885 4113 proprium
1949 4024 2208 4093 utiliter
2266 4024 2661 4114 expendan-

139 4117 259 4175 tur.
307 4109 380 4178 si
425 4107 594 4195 quid
648 4129 804 4178 vero
851 4108 935 4177 de
983 4111 1297 4200 pecuniis
1345 4109 1719 4192 redituum,
1758 4134 1935 4197 quae
1984 4111 2315 4181 dicuntur
2360 4113 2651 4192 ablatae,

143 4196 420 4287 recipere
470 4197 819 4289 potueris:
864 4218 942 4266 ex
973 4198 1080 4269 his
1109 4222 1381 4287 quoque
1408 4199 1811 4269 vestimenta
1840 4222 2227 4291 pauperum
2260 4223 2660 4291 comparare

195 4389 223 4416 ⁶
243 4394 427 4438 &aare
444 4397 628 4438 Jomne
645 4396 854 4441 Moscho,
872 4396 930 4437 de
949 4406 1042 4446 quo
1059 4397 1162 4440 hert
1180 4399 1233 4439 tn
1251 4398 1628 4440 Maaoernotomo
1647 4399 1957 4447 Inuum-mro,
1978 4399 2033 4440 ad
2051 4398 2167 4438 hist.
2192 4399 2234 4438 S.
2258 4397 2519 4447 sophronii.

195 4442 250 4471 ⁸⁹
273 4447 322 4490 1⁸
337 4460 466 4501 seqq.
485 4450 528 4501 ἐξ
548 4454 662 4490 nota.
678 4450 848 4490 miram
866 4459 978 4491 vere
996 4461 1081 4501 pro
1099 4452 1353 4505 Anglorum
1369 4454 1417 4495 et
1434 4453 1715 4495 Arianorum
1742 4454 1917 4504 pueris,
1948 4464 2032 4504 pro
2062 4452 2305 4495 Sardiniae
2341 4452 2546 4495 rusticis.
2572 4457 2657 4498 pio

143 4494 318 4543 lm
328 4504 698 4545 mmeituainem
718 4505 767 4544 et
787 4504 1026 4553 pietatem.
