3327 4999
199 379 309 445 Ex
368 379 602 446 SEPT.
656 378 698 445 3
1057 401 1136 449 nn
1184 402 1238 450 s.
1294 400 1580 457 numero
1625 402 1926 451 arlscoro
2549 389 2677 453 645

198 481 673 553 intolerabilis
721 482 1143 555 redderetur.
1214 486 1499 556 Ducitur
1564 509 1727 579 ergo
1787 487 1854 556 in
1925 487 2357 558 domicilium
2412 489 2765 577 quoddam

198 584 395 640 extra
457 572 919 653 coenobium,
989 584 1053 642 et
1118 573 1260 643 illic
1320 597 1427 644 res
1490 576 1919 646 necessariae
1984 577 2242 647 affatim
2309 577 2371 646 ei
2434 600 2566 669 sup
2618 579 2758 648 edi-

197 671 470 729 tantur.
538 661 667 729 Sed
714 659 928 730 foetor
974 661 1405 734 incredibilis
1452 685 1729 733 omnem
1779 665 2071 736 fratrum
2121 664 2478 736 accessum
2530 690 2568 736 a
2682 690 2762 738 eo

198 748 538 827 excludit,
583 750 992 840 cogiturque
1032 750 1091 821 is
1129 751 1249 838 qui
1283 752 1516 821 cibum
1549 753 1610 822 ei
1650 754 2080 844 apportabat,
2132 776 2325 825 escas
2357 753 2426 822 in
2477 777 2762 828 scamno

197 837 395 927 apud
433 837 686 908 ostium
739 839 1106 929 deponere,
1159 850 1225 909 et
1273 841 1698 911 velocissime
1745 842 1937 912 abire
1982 847 2167 930 quod
2227 844 2440 913 foetor
2487 843 2761 913 tolerari

199 925 403 995 nullo
457 937 653 1016 pacto
703 939 954 1017 posset.
1010 933 1101 996 Ea
1166 929 1443 998 miseria
1504 929 1627 1000 diu
1678 932 2112 1001 vehementer
2170 932 2489 1013 afflictuS,
2542 954 2579 1002 e
2628 933 2763 1003 vita

196 1014 400 1097 abiit,
460 1035 585 1085 nec
635 1014 961 1102 cuiquam
1011 1016 1242 1086 adbuc
1289 1032 1719 1108 compertum
1771 1032 1893 1100 est,
1948 1042 2115 1090 num
2150 1042 2368 1111 poena
2418 1020 2539 1090 illa
2587 1032 2760 1090 tem-

198 1103 509 1194 poraria,
547 1104 808 1195 peccati
850 1105 1208 1205 castigatio
1255 1105 1482 1187 fuerit,
1523 1107 1623 1175 vel
1660 1107 1936 1178 initium
1973 1110 2453 1198 sempiternae.
2488 1109 2761 1182 Scimus

193 1216 275 1262 ex
330 1192 740 1282 Scripturis,
793 1193 1059 1284 duplici
1106 1195 1514 1265 contritione
1561 1196 1820 1265 conteri
1870 1210 2282 1286 peccatores,
2324 1209 2387 1267 et
2420 1209 2763 1288 tempora-

194 1281 299 1352 les
350 1281 761 1352 afflictiones
795 1282 1115 1372 prodesse
1155 1282 1335 1365 aliis,
1381 1284 1536 1353 aliis
1584 1285 1847 1355 obesse.
1903 1291 1995 1354 Ex
2044 1285 2170 1355 hoc
2221 1308 2376 1355 vero
2423 1298 2488 1356 et
2535 1285 2604 1355 id
2640 1311 2757 1378 ge-

195 1393 338 1442 nus
380 1369 543 1439 aliis
577 1370 935 1440 miraculis
973 1370 1334 1451 discimus,
1372 1394 1580 1459 quam
1623 1395 1829 1463 grave
1855 1373 1988 1443 sibi
2028 1374 2376 1463 judicium
2417 1386 2609 1466 paret
2632 1376 2754 1463 qui

196 1459 382 1529 vitae
432 1459 822 1559 integritate
870 1471 933 1528 et
965 1459 1374 1530 castimonia
1426 1461 1837 1551 posthabita,
1878 1484 2012 1532 non
2052 1485 2154 1543 ea,
2188 1485 2327 1550 qua
2355 1486 2481 1553 par
2521 1476 2647 1544 est,
2685 1465 2754 1533 in

196 1553 336 1617 Deo
389 1547 640 1618 dicans
688 1548 1004 1618 oratoriis
1045 1549 1416 1617 reverentia
1470 1562 1801 1619 versatur.

284 1641 323 1725 ξ
374 1642 531 1709 16.
585 1635 864 1725 Collegit
911 1636 1327 1724 quandoque
1374 1639 1596 1710 Abbas
1643 1649 2030 1729 argentum,
2062 1661 2195 1728 quo
2237 1639 2502 1709 volebat
2527 1641 2763 1730 cujus-

193 1727 363 1794 dam
420 1746 580 1794 arae
630 1725 934 1795 tabulam
987 1725 1338 1816 ingentem
1389 1748 1512 1816 pro
1562 1727 1805 1797 decore
1862 1727 2111 1797 domus
2162 1728 2275 1797 Dei
2326 1728 2578 1799 vestiri.
2633 1735 2763 1798 Re-

193 1814 474 1905 digitur
519 1824 879 1903 argentum
932 1814 1001 1882 in
1059 1814 1376 1896 laminas,
1437 1814 1735 1885 laminae
1785 1817 2233 1898 inaurantur,
2297 1816 2765 1907 exculpuntur

193 1916 263 1973 et
311 1902 749 1992 effinguntur
782 1902 970 1998 vario
1010 1924 1214 1993 opere
1261 1903 1332 1971 in
1386 1904 1469 1973 iis
1517 1903 1881 2004 imagine5‚
1927 1905 2332 1993 custodique
2380 1906 2758 1975 servandae

198 1992 602 2062 traduntur.
659 1997 724 2060 Is
771 1990 907 2060 alia
955 2013 1027 2060 re
1069 1992 1468 2081 impeditus,
1516 2005 1709 2082 ponit
1737 2015 1853 2063 eas
1902 2014 2110 2094 super
2157 1994 2605 2063 reverendum
2657 1993 2758 2063 al-

195 2093 350 2150 tare
400 2079 839 2149 beatissimae
888 2080 1228 2170 VirginiS,
1302 2081 1510 2170 paulo
1578 2094 1730 2171 post
1779 2081 2009 2152 tutior1
2075 2081 2221 2152 loco
2296 2082 2750 2171 repositurus.

196 2173 366 2238 Erat
403 2179 543 2238 tum
597 2168 665 2237 in
711 2169 1125 2239 monasterio
1193 2182 1423 2239 nostro
1469 2170 1765 2239 clericus
1820 2170 2106 2258 quidam
2164 2191 2330 2240 sane
2375 2169 2750 2251 officiosuS‚

199 2256 548 2343 nobisque
596 2256 780 2326 haud
833 2257 1207 2348 vulgariter
1253 2258 1529 2328 charus.
1571 2263 1867 2330 Cernens
1917 2258 2031 2327 ille
2063 2258 2357 2328 laminas
2405 2271 2540 2328 tam
2579 2258 2758 2328 male

199 2358 615 2425 asservataS,
668 2345 1045 2435 cupiditate
1095 2346 1609 2428 inflammatus»,
1665 2368 1876 2416 unam
1926 2369 2008 2417 ex
2059 2346 2158 2415 eis
2205 2345 2449 2417 aufert.
2505 2347 2634 2416 Ubi
2682 2369 2760 2417 a-

204 2434 734 2505 nimadversum
784 2446 885 2505 est
916 2434 1149 2505 deesse
1199 2433 1556 2516 laminam,
1593 2434 1671 2504 fit
1717 2434 1996 2523 quidem
2037 2433 2335 2526 diligens
2375 2435 2755 2523 inquisitiO,

206 2524 333 2593 sed
404 2522 577 2592 nihil
641 2523 805 2593 certi
871 2523 1433 2615 deprehenditur.
1487 2523 1789 2593 Tandem
1840 2524 2293 2594 *anathemate
2364 2524 2763 2616 percellitur

204 2612 332 2700 qui
385 2612 450 2681 id
504 2611 945 2701 sacrilegium
996 2624 1493 2704 perpetrasset:
1538 2612 1977 2699 multumque
2025 2611 2354 2695 sudatur,
2418 2625 2497 2683 ut
2545 2614 2761 2705 possit

202 2702 293 2770 ad
351 2722 495 2770 rem
546 2713 802 2770 certam
864 2701 1226 2790 perveniri.
1281 2700 1404 2770 Ille
1455 2714 1688 2771 manet
1746 2702 1816 2769 in
1873 2701 2124 2771 scelere
2170 2702 2580 2783 obstinatuS,
2636 2723 2761 2772 nee

180 2789 584 2862 ,adducitur
630 2788 775 2860 ulla
825 2811 918 2870 re,
973 2801 1049 2860 ut
1080 2790 1324 2881 prodat
1370 2790 1632 2860 crimen
1685 2812 1919 2860 suum.
1961 2789 2086 2859 Sed
2138 2789 2310 2860 ultio
2341 2790 2576 2859 divina
2609 2811 2764 2880 pro-

199 2878 306 2947 dit
355 2878 800 2968 sacrilegum.
854 2884 1180 2968 Arreptus
1219 2879 1403 2948 enirn
1455 2902 1493 2947 a
1528 2879 1887 2959 daemone,
1933 2877 2192 2968 passim
2226 2878 2313 2947 ab
2361 2877 2480 2947 illo
2528 2891 2762 2967 rapta-

201 2979 342 3047 tur,
400 2981 606 3053 atque
635 2966 907 3036 interim
946 2966 1260 3036 crebrius
1303 2970 1585 3058 repetito
1618 2968 1942 3048 elamore,
1983 2978 2269 3036 testatur
2301 2988 2373 3036 se
2420 2965 2758 3036 laminam

201 3054 647 3126 subduxisse.
702 3059 869 3124 Cum
921 3054 1019 3124 sic
1093 3067 1323 3124 autem
1391 3055 1513 3126 diu
1561 3079 1602 3124 a
1648 3077 1944 3143 nequam
2024 3054 2275 3144 spiritu
2321 3055 2749 3146 exagitatus,

124 3167 129 3171 ·
202 3143 473 3213 viribus
521 3143 829 3233 corporis
877 3143 1384 3226 destitueretur,
1436 3146 1505 3213 in
1558 3145 1730 3214 lecto
1771 3142 2129 3234 reponitur
2175 3155 2239 3212 et
2275 3165 2353 3212 ex
2399 3143 2551 3231 ipso
2602 3140 2754 3212 lan-

254 3253 444 3312 uore‚
501 3231 676 3301 mira
724 3230 839 3300 Dei
896 3230 1430 3322 dispensatione,
1487 3232 1558 3301 in
1612 3246 1935 3302 terrorem
2004 3231 2298 3302 aliorum
2351 3230 2436 3300 ad
2505 3230 2748 3300 horam

230 3333 286 3390 ιι
333 3341 579 3391 rursus
626 3341 909 3410 compos
958 3319 1209 3390 mentis
1256 3332 1319 3390 et
1359 3342 1564 3389 suum
1616 3320 1887 3390 facinus
1934 3320 2322 3401 confltetur,
2376 3320 2469 3389 ita
2515 3317 2755 3388 dicens

203 3407 293 3476 ad
345 3408 605 3478 amicos
637 3420 703 3478 et
734 3419 1061 3498 cognatos
1098 3408 1220 3496 qui
1245 3406 1497 3477 lectum
1547 3407 1698 3495 ejus
1729 3407 2341 3490 circumsistenteS,
2390 3428 2548 3478 eum
2590 3429 2757 3476 eon-

204 3495 652 3566 solabantur:
694 3496 972 3567 «Merito
1024 3508 1159 3565 tam
1202 3517 1513 3566 severum
1572 3494 1865 3565 ultorem
1914 3497 2228 3586 experior
2275 3508 2592 3565 sanctum
2628 3500 2760 3564 Re-

204 3583 538 3665 maclum,
594 3585 1157 3672 quandoquidem
1207 3606 1286 3653 ex
1332 3584 1482 3673 ejus
1543 3582 1711 3652 aede
1769 3594 2134 3673 argentum
2189 3583 2435 3664 miser,
2483 3582 2763 3670 jamdiu

203 3673 641 3744 anathemate
690 3672 955 3764 plexus,
999 3672 1277 3743 abstuli.
1319 3670 1526 3742 Multa
1577 3670 1751 3739 mibi
1801 3670 1870 3739 in
1920 3671 2072 3827 (ἕης
2103 3670 2519 3740 monasterio
2568 3692 2765 3761 prae—

205 3763 365 3832 stita
424 3774 621 3832 erant
667 3762 1025 3843 beneficia,
1103 3783 1282 3848 quae
1332 3782 1442 3829 me
1488 3759 1711 3841 facile,
1770 3759 1924 3830 nei
2024 3757 2357 3839 facerem,
2419 3759 2765 3829 retrahere

204 3850 611 3941 potuissent.
668 3850 792 3920 Sed
845 3851 1010 3937 quia
1061 3871 1181 3940 pro
1212 3848 1352 3919 illis
1400 3848 1728 3918 omnibus
1765 3849 1976 3918 etiam
2012 3858 2278 3917 tantum
2330 3846 2758 3917 maleficium

204 3939 493 4010 reddere
526 3939 736 4020 volui,
795 3938 1073 4008 verbera
1121 3937 1521 4008 verberibus
1570 3936 1948 4017 cumulavi,
2002 3947 2208 4023 atque
2253 3935 2326 4004 in
2374 3937 2647 4005 animae
2700 3947 2767 4005 et

202 4027 511 4117 eorporis
541 4048 648 4097 me
682 4048 1039 4096 summum
1069 4025 1789 4116 conjecidiscrlmen.›
1831 4025 1953 4094 His
1981 4024 2208 4105 dictis,
2245 4024 2496 4093 iterum
2533 4034 2763 4093 mente

203 4127 471 4205 captuS,
526 4116 753 4184 furere
802 4116 1096 4205 perrexit
1143 4129 1207 4184 et
1267 4126 1501 4205 postea
1566 4113 1714 4182 sine
1774 4112 2003 4183 fructu
2061 4112 2518 4203 poenitentiae
2568 4112 2636 4180 in
2686 4132 2766 4180 ea

206 4203 384 4274 furia
433 4205 722 4276 excessit
766 4225 803 4273 e
855 4204 1011 4273 vita.
1075 4208 1254 4273 Haec
1299 4202 1620 4303 quisquis
1670 4200 1878 4292 legit,
1949 4211 2227 4283 caveat,
2283 4222 2367 4269 ne
2417 4199 2632 4270 simili
2692 4220 2765 4268 se

209 4291 462 4362 scelere
517 4293 923 4383 obstringat.
968 4292 1349 4384 Perpendat
1396 4313 1630 4360 annno
1670 4312 1808 4378 quo
1858 4290 1926 4358 in
1976 4312 2190 4360 coeno
2250 4288 2584 4377 iniquitas
2646 4309 2762 4356 vo-

208 4378 486 4462 lutetur,
538 4403 716 4469 quae
767 4381 1037 4451 virtutis
1084 4392 1148 4449 et
1199 4380 1557 4470 probitatis
1608 4379 1725 4449 lux
1775 4379 1902 4450 sit:
1968 4391 2047 4448 ut
2094 4379 2313 4450 virtus
2362 4379 2513 4468 ipsa
2563 4396 2764 4466 prae-

213 4470 429 4539 mium
478 4469 829 4557 quoddam
880 4469 967 4539 sit
1020 4470 1129 4540 sui
1194 4468 1689 4550 studiosorum,
1761 4481 1827 4537 et
1892 4467 2225 4557 iniquitas
2282 4466 2764 4556 improborum
