3327 4999
183 357 400 424 MART.
453 359 532 424 ⁴2
1039 376 1122 425 mi
1168 377 1225 425 s.
1280 374 1593 425 caneomo
1642 375 1806 423 mm
2491 354 2611 422 tat

183 455 426 527 dicens:
464 477 501 522 <t
539 454 884 525 Perlatum
936 455 1022 525 ad
1058 479 1186 527 nos
1218 469 1343 536 est,
1381 454 2038 526 reverendissimum
2072 453 2354 524 fratrem
2389 464 2709 523 nostrum

180 543 473 613 Basillum
509 545 940 636 episcopum,
993 545 1180 615 velut
1227 567 1452 615 unum
1486 544 1571 613 de
1619 543 1839 625 laiciS,
1893 545 1965 611 in
1997 542 2229 612 causis
2272 542 2707 612 secularibus
2760 571 2761 588 ¹

179 634 471 723 occupari
519 646 584 703 et
633 633 991 722 praetoriis
1024 633 1367 703 inutiliter
1412 631 1911 703 obsecundare.
1970 636 2158 713 Quae
2216 652 2327 701 res
2373 629 2709 718 quoniam

178 733 235 789 ct
284 721 500 810 ipsum
575 721 781 790 vilem
851 715 1076 791 reddit
1122 734 1188 792 et
1234 722 1682 791 reverentiam
1762 718 2254 790 sacerdotalem
2332 718 2702 797 annihilat,

181 809 378 877 statim
423 821 500 879 ut
548 810 967 901 experientia
1015 823 1134 880 tua
1167 811 1297 879 hoc
1337 821 1779 900 praeceptum
1833 806 2236 898 susceperit,
2271 829 2434 876 eum
2484 807 2580 876 ita
2622 804 2711 875 ad

183 897 628 967 revertendum
676 898 987 968 districta
1032 898 1433 968 executione
1478 919 1629 967 com
1687 897 1871 978 ellat,
1924 908 2269 984 quatenus
2316 895 2379 964 ei
2426 893 2593 975 illic,
2649 904 2716 963 te

182 984 544 1067 insistente,
619 987 930 1073 quinque
1002 986 1251 1057 diebus
1313 987 1445 1057 sub
1491 1008 1629 1074 qua
1663 985 1801 1054 ibet
1862 985 2298 1054 excusatione
2345 981 2709 1052 immorari

183 1093 295 1141 non
341 1074 568 1144 liceat:
609 1080 722 1154 Ne,
763 1075 820 1144 si
851 1074 1163 1161 quolibet
1202 1075 1404 1145 modo
1451 1096 1612 1143 eum
1646 1073 1900 1142 ibidem
1939 1072 2245 1162 amplius
2277 1092 2539 1141 moram
2592 1070 2713 1138 ha-

179 1161 315 1230 here
351 1163 800 1262 permiseris,⁸
833 1186 995 1232 cum
1047 1164 1197 1253 ipso
1227 1162 1413 1253 apud
1474 1184 1599 1233 nos
1670 1162 1969 1252 graviter
2018 1160 2315 1249 incipias
2362 1180 2513 1230 esse
2560 1158 2715 1228 cul-

181 1250 424 1338 pabilis.
466 1274 504 1316 »
559 1256 724 1320 Item
773 1253 842 1319 in
889 1254 1103 1342 Epist.
1158 1261 1267 1330 23,
1322 1257 1391 1320 L.
1427 1261 1493 1320 5.

252 1341 283 1424 ξ
342 1344 499 1409 28.
557 1344 700 1408 Non
748 1339 1031 1419 mirum,
1079 1339 1145 1407 ¹si
1203 1339 1575 1429 Gregorius
1636 1359 1717 1406 ex
1789 1336 2173 1406 ministerio
2221 1334 2356 1404 sibi
2397 1335 2656 1405 credito
2692 1388 2708 1415 ‚

174 1427 429 1496 curabat
476 1426 645 1496 vitia
689 1427 1160 1514 quorumlibet
1230 1427 1779 1517 praepositorum
1831 1425 2056 1494 verbis
2135 1423 2538 1494 salubribus
2606 1424 2717 1491 in-

173 1533 425 1604 crepare
462 1515 591 1602 qui
640 1515 704 1584 la
758 1537 912 1584 sum
973 1514 1291 1604 propriae
1338 1516 1587 1584 amitae
1649 1536 1784 1582 non
1835 1513 2253 1581 dubitaverit
2307 1511 2391 1580 ad
2445 1511 2714 1580 instru-

171 1602 437 1671 ctionem
521 1538 766 1694 populi
841 1615 1273 1693 posterorum
1349 1603 1725 1672 memoriae
1771 1601 2283 1670 commendare.
2357 1598 2717 1687 Siquidem

169 1692 543 1794 evangelica
593 1693 951 1772 sententia,
1003 1713 1142 1779 qua
1188 1691 1476 1771 dicitur,
1529 1692 1734 1760 Multi
1774 1699 1931 1758 sunt
1986 1691 2229 1769 vocati,
2301 1690 2519 1779 pauci
2560 1710 2717 1756 vero

169 1781 362 1860 electe,
417 1780 658 1850 volens
707 1779 1085 1849 multorum
1157 1779 1583 1848 vocationem
1634 1801 1676 1847 a
1723 1799 2105 1867 paucorum
2174 1776 2505 1845 electione
2574 1775 2718 1844 for-

168 1866 287 1937 mis
329 1868 804 1957 exemplorum
855 1868 1267 1948 discernere,
1327 1867 1641 1958 perbibet
1690 1866 1967 1936 dicens:
2023 1870 2280 1935 «Pater
2329 1886 2527 1933 meus
2575 1875 2712 1934 tres

167 1975 414 2027 sorores
462 1956 713 2025 habuit
757 1977 935 2042 quae
980 1969 1295 2035 cunctae,
1353 1977 1587 2026 sacrae
1619 1954 1920 2045 virgines
1967 1966 2185 2022 erant.
2228 1958 2535 2034 Quarum
2569 1972 2715 2021 una

168 2042 510 2125 Thai-silla,
568 2043 704 2113 alia
752 2044 1118 2124 Gordiana,
1173 2042 1311 2113 alia
1369 2043 1749 2112 Aemiliana
1820 2041 2201 2112 dicebatur.
2265 2046 2406 2109 Uno
2472 2061 2717 2109 omnes

164 2132 388 2202 ardore
433 2152 830 2210 conversae,
903 2154 1045 2201 uno
1092 2131 1473 2217 eodemque
1522 2142 1829 2219 tempore
1879 2141 2186 2200 sacratae
2221 2184 2235 2209 ,
2291 2129 2423 2198 sub
2481 2127 2720 2197 distri-

166 2219 371 2290 ctione
420 2220 730 2311 regulari
768 2219 1115 2311 degenteS,
1168 2221 1238 2287 in
1289 2219 1496 2288 domo
1598 2219 1828 2307 ropria
1883 2218 2203 2286 socialem
2249 2217 2457 2285 vitam
2508 2215 2721 2285 duce-

163 2303 336 2377 bant.
396 2315 710 2396 Cumque
754 2319 983 2377 essent
1014 2308 1281 2377 diutius
1329 2307 1400 2376 in
1450 2241 1693 2376 eagem
1742 2305 2282 2385 conversatione,
2345 2316 2722 2393 coeperunt

165 2396 576 2480 quotidianis
653 2396 1112 2467 incrementis⁴
1165 2397 1233 2464 in
1286 2416 1590 2465 amorem
1665 2393 2044 2463 conditoris
2111 2393 2221 2462 sui
2270 2391 2607 2461 Tharsilla
2655 2401 2722 2461 et

164 2484 527 2555 Aemiliana
582 2507 1039 2566 succrescere,
1082 2495 1148 2554 et
1200 2508 1360 2555 cum
1414 2484 1559 2555 solo
1605 2494 1837 2555 essent
1886 2481 1997 2552 hic
2038 2503 2357 2572 corpore,
2410 2479 2721 2568 quotidie

166 2574 380 2642 animo
428 2574 517 2643 ad
587 2587 865 2643 aeterna
925 2573 1240 2643 transire.
1292 2577 1369 2643 At
1418 2586 1657 2642 contra
1706 2571 2089 2642 Gordianae
2154 2570 2435 2640 animus
2498 2570 2724 2659 coepit

164 2658 242 2729 ab
283 2684 518 2733 amore
566 2662 819 2732 caloris
866 2662 1095 2730 intimi
1195 2683 1269 2730 er
1315 2661 1721 2748 quotidiana
1778 2660 2190 2730 detrimenta
2247 2670 2590 2747 tepescere
2657 2667 2724 2725 et

163 2750 376 2836 paulis
473 2773 509 2820 r
555 2750 644 2820 ad
708 2750 919 2849 liujus
971 2684 1191 2819 seculi
1239 2771 1543 2818 amorem
1594 2749 1843 2818 redire.
1911 2748 2159 2817 Crebro
2227 2760 2455 2816 autem
2509 2746 2723 2814 Thar-

165 2835 303 2906 silla
408 2839 593 2909 icere
631 2837 1049 2906 Aemilianae
1100 2838 1318 2909 sorori
1370 2859 1537 2906 suae
1585 2859 1746 2906 cum
1801 2857 2055 2927 magno
2104 2836 2369 2926 gemitu
2430 2833 2715 2903 solebat.

163 2924 350 2995 Video
389 2927 819 2998 Gordianam
854 2948 1154 2995 sororem
1196 2938 1526 3006 nostram,
1559 2924 1645 2994 de
1680 2937 1913 2995 nostra
1946 2937 2126 2993 sorte
2162 2946 2296 2993 non
2334 2944 2508 2992 esse.
2562 2926 2723 2991 Per-

165 3015 371 3099 pendo
420 3016 613 3084 enim
663 3014 828 3100 quia
875 3014 1059 3083 foras
1107 3013 1373 3094 defluit,
1411 3026 1477 3084 et
1510 3035 1629 3083 cor
1667 3013 1751 3083 ad
1787 3013 1969 3101 quod
2014 3011 2393 3102 proposuit,
2436 3032 2571 3080 non
2598 3032 2726 3081 cu-

162 3102 373 3173 stodit.
428 3109 654 3185 Quam
704 3104 1042 3171 curabant
1090 3102 1350 3171 blanda
1404 3102 1713 3189 quotidie
1792 3101 2277 3188 redargutione
2322 3099 2666 3189 corripere
2696 3153 2718 3180 ,

163 3200 347 3276 atque
416 3215 455 3261 a
509 3191 780 3260 levitate
827 3211 1106 3259 morum
1173 3191 1258 3259 ad
1310 3190 1714 3280 gravitatem
1782 3189 1894 3260 sui
1962 3188 2242 3258 habitus
2318 3187 2714 3256 reformare.

162 3279 332 3358 Quae
360 3279 650 3366 quidem
701 3279 1096 3347 resumebat
1124 3279 1388 3347 vultum
1439 3278 1670 3347 subito
1767 3276 2074 3347 ravitatis
2117 3277 2297 3344 inter
2327 3275 2535 3344 verba
2568 3297 2724 3344 cor-

161 3368 508 3455 reptionis;
554 3367 671 3437 sed
698 3388 862 3435 cum
892 3366 1205 3455 ejusdem
1240 3366 1693 3456 correptionis
1785 3388 1907 3435 ora
1945 3365 2326 3443 transisset,
2385 3364 2725 3434 transibat

161 3456 462 3540 protinus
492 3467 561 3524 et
594 3455 1013 3544 superducta
1062 3455 1363 3545 gravitas
1389 3454 1803 3533 honestatis,
1855 3475 2149 3540 moxque
2178 3451 2266 3521 ad
2301 3451 2477 3520 levia
2513 3450 2723 3519 verba

160 3542 435 3613 redibat.
497 3543 894 3612 Puellarum
956 3542 1303 3634 gaudebat
1350 3543 1672 3612 societate
1742 3542 2106 3621 laicarum,
2175 3540 2377 3627 eique
2425 3558 2725 3629 persona

161 3629 343 3701 valde
388 3652 683 3702 onerosa
752 3643 936 3711 erat,
1007 3652 1491 3718 quaecumque
1551 3630 1717 3700 huic
1768 3630 2029 3698 mundo
2077 3628 2313 3697 dedita
2361 3650 2501 3696 non
2542 3638 2715 3703 erat.

163 3720 461 3797 Quadam
515 3742 674 3790 vero
714 3732 912 3791 nocte
960 3719 1124 3788 huic
1172 3718 1552 3789 Tharsillae
1616 3718 1868 3787 amitae
1928 3738 2142 3798 meae,
2195 3738 2372 3803 quae
2421 3716 2491 3784 in
2543 3717 2723 3784 inter

161 3824 408 3878 sorores
448 3830 617 3878 suas
645 3808 897 3878 virtute
929 3806 1260 3877 orationis
1307 3807 1706 3886 continuae,
1748 3804 2142 3875 afflictionis
2184 3804 2559 3886 studiosae,
2595 3804 2721 3873 ab·

163 3894 512 3993 sti-nentiae
552 3895 953 3985 singulariS,
1008 3896 1340 3985 gravitate
1367 3895 1545 3964 vitae
1575 3893 2013 3973 venerabiliS,
2055 3893 2126 3961 in
2167 3893 2425 3962 honore
2471 3904 2538 3962 et
2569 3892 2724 3962 cul-

167 3999 332 4052 mine
389 3984 780 4054 sanctitatis
827 3995 1238 4065 excreverat,
1286 3983 1466 4054 sicut
1515 3983 1671 4073 ipsa
1720 3982 2047 4063 narravit,
2097 4002 2220 4071 per
2266 3981 2602 4051 visionem
2652 3983 2725 4050 a·

169 4076 342 4141 tavus
375 4094 578 4142 meus
613 4072 794 4142 Felix
823 4072 882 4152 ⁴⁸,
920 4071 1135 4162 hujus
1184 4077 1534 4141 Romanae
1564 4069 1908 4141 Ecclesiae
1954 4069 2250 4140 Antistes
2274 4124 2290 4151 ‚
2344 4067 2715 4160 apparuit,

164 4154 339 4250 eique
373 4161 812 4230 mansionem
846 4171 1217 4260 perpetuae
1256 4158 1590 4230 claritatis
1624 4158 1946 4239 ostendit,
1991 4157 2276 4227 dicens:
2322 4158 2512 4239 Veni,
2552 4156 2721 4244 quia

165 4261 222 4312 tn
266 4246 393 4317 hac
446 4261 511 4318 te
544 4248 722 4318 lucis
769 4269 1130 4318 mansmne
1176 4246 1509 4338 suscipio,
1563 4251 1753 4328 Quae
1800 4246 2254 4334 subsequenti
2323 4268 2480 4315 mox
2527 4244 2718 4314 febre

163 4349 479 4426 correpta,
517 4337 601 4405 ad
652 4336 836 4405 diem
875 4335 1186 4426 pervenit
1216 4347 1627 4406 extremum.
1666 4339 1745 4404 Et
1774 4334 1956 4406 sicut
1988 4335 2344 4406 nobilibus
2393 4332 2718 4403 foeminis

205 4452 232 4481 ⁸
258 4452 1053 4508 mutare-returnmazoebr.
1125 4486 1128 4493 .
