3327 4999
714 337 845 408 210
1524 361 1604 408 nn
1651 361 1707 409 s.
1761 359 2076 409 Ganuomo
2124 360 2286 407 rArA
2796 340 3032 406 MART.
3085 341 3156 404 ta

621 440 726 510 vel
778 440 849 509 in
879 449 1284 510 transcursu
1314 438 1559 512 debeat
1587 440 1903 511 diffiniri.
1942 447 2109 511 Nam
2153 460 2359 531 grave
2391 449 2493 508 est
2523 437 2690 508 satis
2723 449 2788 508 et
2819 436 3151 516 indecens,

620 540 700 598 ut
757 528 831 597 in
880 551 953 598 re
993 528 1207 598 dubia
1256 541 1441 599 certa
1489 528 1764 599 dicatur
1803 529 2274 600 sententia...»

712 620 750 703 ἕ
812 621 952 689 18.
1005 621 1173 685 Item
1219 616 1481 686 Joanni
1528 616 1873 688 defensori
1907 630 2060 707 post
2120 616 2392 703 aliqua:
2429 637 2465 681 «
2501 614 2701 698 Quia,
2736 614 2982 701 inquit,
3033 617 3166 683 Ste-

623 705 903 795 phanus
931 705 1301 795 episcopus
1348 706 1418 773 in
1468 705 1626 775 odio
1675 727 1801 775 suo
1848 703 2188 792 quaedam
2239 704 2398 773 ficta
2444 715 2509 773 et
2568 704 2655 773 de
2701 702 2895 772 falsis
2940 724 3013 772 se
3056 724 3163 771 oa·

622 792 874 885 pitulis‘
895 804 1299 863 accusatum
1333 815 1555 881 neque
1601 792 1865 880 aliquid
1907 791 2385 863 ordinabiliter
2432 791 2714 871 factum,
2767 790 2886 861 sed
2928 789 3169 880 injuste

621 902 696 951 se
742 881 989 951 asserit
1034 879 1571 950 condemnatum
1603 935 1624 961 ,
1681 881 2047 972 diligenter
2093 880 2573 969 quaerendum
2634 890 2776 960 est,
2897 879 3067 946 rimo
3112 876 3169 947 si

612 968 962 1059 judicium
994 968 1472 1039 ordinabiliter
1517 982 1620 1038 est
1653 969 1996 1051 habitum,
2045 969 2107 1040 si
2154 968 2274 1038 alii
2323 980 2780 1049 accusatoreS,
2814 990 2852 1037 a
2887 966 2935 1035 ii
2983 978 3171 1035 testes

621 1056 928 1126 fuerunt.
985 1056 1241 1127 Deinde
1288 1079 1659 1127 causarum
1725 1057 2024 1145 qualitas
2055 1112 2071 1136 ,
2125 1057 2185 1126 si
2232 1056 2445 1147 digna
2494 1055 2698 1125 exilio
2745 1055 2849 1125 vel
2911 1053 3172 1144 deposi-

622 1144 807 1215 tione
840 1144 990 1225 fuit,
1054 1144 1113 1214 si
1160 1166 1239 1215 eo
1288 1157 1645 1235 praesente
1693 1146 1825 1216 sub
1861 1144 2322 1237 jurejurando
2370 1156 2608 1214 contra
2671 1165 2833 1213 eum
2886 1142 3174 1214 testimo-

621 1232 822 1302 nium
865 1232 1130 1303 dictum
1179 1244 1323 1303 est:
1374 1234 1435 1303 si
1484 1233 1760 1324 scriptis
1786 1247 2014 1304 actum
2049 1245 2171 1316 est,
2209 1233 2269 1304 si
2317 1233 2464 1323 ipse
2499 1232 2849 1303 licentiam
2903 1250 3173 1321 respon-

619 1320 832 1390 dendi
879 1333 944 1390 et
990 1319 1405 1390 defendendi
1453 1343 1525 1391 se
1560 1321 1827 1405 habuit,
1901 1321 2016 1391 sed
2068 1334 2135 1390 et
2180 1321 2265 1390 de
2334 1321 2645 1411 personis
2692 1318 3172 1391 accusantium

619 1430 701 1479 ac
752 1408 1271 1479 testificantium
1340 1410 1686 1479 subtiliter
1731 1408 2206 1496 quaerendum
2256 1422 2407 1490 est,
2459 1408 2664 1509 cujus
2714 1408 2918 1487 vitae,
2979 1406 3174 1495 cujus

618 1496 1066 1577 conditionis,
1121 1497 1467 1585 cujusque
1513 1498 1888 1587 opinionis,
1933 1508 2052 1567 aut
2089 1518 2180 1566 ne
2220 1497 2461 1587 inopes
2508 1509 2670 1576 sint,
2726 1518 2815 1565 ne
2861 1495 3035 1566 forte
3061 1492 3179 1562 ali-

617 1606 796 1672 quas
844 1598 1083 1654 contra
1113 1585 1495 1675 praefatum
1545 1585 1954 1677 episcopum
1984 1585 2387 1654 inimicitias
2417 1585 2903 1654 habuissent.»
2946 1588 3173 1652 Utrum

619 1672 1087 1742 testimonium
1140 1696 1220 1743 ex
1269 1672 1513 1742 auditu
1588 1673 1952 1755 dixerunt,
2004 1683 2125 1742 aut
2197 1685 2378 1742 certe
2426 1695 2500 1742 se
2546 1671 2723 1741 scire
2793 1670 3175 1762 specialiter

617 1761 844 1832 testati
884 1770 1068 1830 sunt.
1127 1761 1196 1831 Si
1246 1762 1521 1852 scriptis
1585 1762 1983 1850 judicatum
2047 1771 2152 1830 est
2197 1771 2262 1830 et
2331 1761 2644 1851 partibus
2694 1760 3173 1852 praesentibus

617 1849 955 1920 sententia
1004 1849 1281 1919 recitata
1312 1862 1435 1919 est.
1463 1848 1656 1932 Quod
1694 1850 1753 1920 si
1779 1849 1948 1918 forte
1976 1849 2142 1918 haec
2191 1848 2591 1918 solemniter
2617 1860 2773 1918 acta
2820 1870 2963 1918 non
2996 1857 3173 1924 sunt,

616 1958 839 2023 neque
873 1960 1085 2008 causa
1133 1938 1418 2028 probata
1463 1950 1565 2007 est
1611 1959 1789 2024 quae
1826 1936 2031 2007 exilio
2070 1937 2170 2006 vel
2220 1937 2647 2028 depositione
2693 1936 2920 2027 digna
2968 1937 3079 2015 sit,
3113 1933 3175 2001 in

615 2025 977 2095 ecclesiam
1010 2048 1212 2095 suam
1263 2025 1490 2095 modis
1535 2026 1866 2096 omnibus
1909 2037 2284 2096 revocetur.

701 2116 741 2200 ξ
806 2112 958 2183 ss).
1011 2114 1491 2183 Auctoritatem
1541 2113 2011 2201 quorumlibet
2060 2135 2493 2185 summorum
2544 2112 2972 2184 Pontificum
3025 2116 3180 2182 Gre-

613 2201 852 2290 gorius
884 2201 1309 2271 auctoritatis
1344 2224 1510 2272 suae
1560 2201 2041 2293 magnitudine
2081 2200 2276 2270 nullo
2326 2201 2529 2270 modo
2555 2200 2973 2292 minuebat,
3013 2199 3175 2286 quin

614 2289 844 2380 potius
884 2289 1361 2380 multipliciter
1409 2290 1795 2360 roborabat.
1838 2295 1917 2359 Et
1943 2290 2263 2376 quamvis
2295 2288 2475 2359 inter
2501 2287 2905 2380 culpabiles
2953 2300 3182 2358 aucto-

613 2378 878 2448 ritatem
931 2379 1042 2449 sui
1090 2380 1435 2469 prioratus
1482 2388 1903 2469 agnosceret,
1962 2390 2190 2447 tamen
2241 2378 2419 2446 inter
2467 2377 2781 2449 insontes
2812 2377 3176 2469 episcopos

611 2487 684 2535 se
732 2467 1102 2557 praebebat
1162 2487 1446 2557 prorsus
1505 2465 1888 2553 aequalem.
1942 2471 2372 2557 Quapropter
2424 2465 2686 2535 Joanni
2739 2470 3184 2556 Syracusano

610 2554 933 2645 episcopo
975 2555 1152 2625 inter
1182 2567 1448 2624 caetera
1482 2555 1816 2634 scribenS,
1872 2553 2006 2623 ait:
2061 2577 2096 2620 «
2132 2553 2327 2636 Quod
2376 2556 2637 2645 primas
2685 2560 3101 2657 Byzacenus
3143 2573 3182 2621 a

610 2643 761 2713 suis
806 2643 1152 2733 episcopis
1199 2642 1579 2734 impetitus,
1635 2664 1708 2712 se
1739 2642 1887 2712 sedi
1934 2641 2358 2732 Apostolicae
2388 2642 2557 2711 dicit
2603 2643 2904 2731 suinci,
2945 2643 3007 2713 si
3053 2661 3186 2729 qua

609 2731 819 2821 culpa
868 2730 938 2799 in
987 2731 1334 2821 episcopis
1403 2731 1754 2801 invenitur
1792 2731 2024 2801 nescio
2064 2731 2224 2818 quis
2269 2731 2333 2800 ei
2382 2730 2764 2822 episcopus
2818 2733 3179 2822 subjectus

609 2841 748 2888 non
783 2819 894 2888 sit.
949 2823 1114 2888 Cum
1167 2840 1324 2887 vero
1379 2818 1587 2908 culpa
1636 2840 1773 2887 non
1823 2819 2053 2910 exigit,
2120 2840 2361 2888 omnes
2415 2819 2729 2909 episcopi
2788 2820 3183 2890 secundum

608 2907 942 2976 rationem
1001 2906 1414 2996 humilitatis
1448 2906 1771 2994 aequales
1820 2929 2066 2979 sumus
2095 2919 2274 2976 etc.»
2325 2911 2491 2977 Item
2531 2908 2602 2977 in
2637 2906 2828 2979 libro
2881 2907 3185 2999 Regulae

606 2993 998 3066 Pastoralis.
1054 2993 1378 3080 «Liquet,
1418 2995 1667 3081 inquit,
1720 2995 1904 3081 quod
1954 3016 2194 3065 omnes
2244 2995 2561 3065 homines
2609 3007 2881 3066 natura
2929 3016 3185 3083 aequa-

607 3082 706 3152 les
752 3082 1036 3173 genuit,
1108 3082 1227 3152 sed
1300 3083 1604 3153 variante
1671 3083 2073 3153 meritorum
2141 3082 2433 3164 ordine,
2488 3083 2662 3154 alios
2739 3085 2913 3155 aliis
2983 3083 3188 3173 culpa

606 3170 980 3271 postponit.
1045 3175 1205 3261 Ipsa
1252 3185 1483 3241 autem
1551 3171 1912 3241 diversitas
1976 3193 2154 3258 quae
2192 3172 2479 3241 accessit
2526 3194 2605 3241 ex
2653 3172 2836 3243 vitio
2865 3229 2884 3256 ,
2952 3172 3184 3243 divino

593 3258 864 3349 Judicio
893 3258 1372 3348 dispensatur:
1412 3271 1488 3329 ut
1525 3261 1692 3346 quia
1723 3260 1953 3329 omnis
2001 3260 2208 3329 homo
2256 3280 2474 3350 aeque
2521 3272 2703 3331 stare
2769 3284 2920 3332 non
2988 3260 3184 3339 valet,

603 3347 775 3417 alter
835 3361 1113 3438 regatur
1173 3347 1260 3416 ab
1308 3347 1545 3417 altero.
1626 3348 1822 3417 Unde
1879 3348 2114 3418 cuncti
2175 3349 2298 3435 qui
2359 3361 2736 3438 praesunt,
2797 3372 2949 3420 non
3001 3350 3074 3418 in
3123 3368 3192 3418 se

604 3446 1004 3525 potestatem
1040 3435 1291 3505 debent
1337 3435 1626 3517 ordiniS,
1666 3435 1786 3506 sed
1817 3436 2299 3523 aequalitatem
2346 3457 2638 3526 pensare
2666 3435 3185 3510 conditionis*:

601 3528 734 3593 Nec
769 3545 1083 3613 praeesse
1131 3524 1531 3593 hominibus
1570 3526 1940 3680 gaudeant,
2001 3524 2118 3594 sed
2171 3523 2516 3614 prodesse.
2573 3527 2876 3614 Antiqui
2929 3527 3188 3598 etenim

602 3624 831 3702 patres
878 3611 1095 3682 nostri
1146 3634 1282 3682 non
1338 3634 1532 3702 reges
1621 3614 1970 3694 ominum,
2026 3612 2144 3682 sed
2207 3626 2513 3702 pastores
2567 3614 2920 3698 pecorum
2977 3615 3190 3685 fuisse

600 3713 1115 3770 memorantur:
1152 3714 1406 3771 etcum
1443 3703 1577 3770 Noe
1609 3701 1942 3772 Dominus
1991 3701 2292 3787 filiisque
2338 3702 2489 3792 ejus
2536 3701 2837 3784 diceret,
2901 3705 3190 3777 Crescite

598 3799 662 3857 et
707 3790 1287 3879 multiplicamini,
1342 3800 1405 3858 et
1454 3792 1704 3880 replete
1752 3801 2033 3859 terram:
2086 3789 2401 3880 protinus
2427 3789 2781 3880 adjunxit:
2840 3799 2928 3863 Et
2978 3804 3191 3863 terror

593 3888 813 3947 vester
858 3901 939 3947 ac
968 3889 1214 3947 tremor
1240 3880 1329 3947 sit
1364 3900 1568 3969 super
1592 3889 1835 3948 cuncta
1871 3880 2254 3947 animantia
2303 3888 2545 3947 terrae.
2598 3877 2948 3959 Quorum
3006 3880 3192 3950 vide-

600 3964 758 4035 licet
807 3979 1023 4035 terror
1068 3987 1148 4036 ae
1197 3978 1451 4037 tremor
1513 3966 1681 4052 quia
1734 3988 1884 4035 esse
1932 3987 2141 4056 super
2188 3965 2572 4036 animantia
2618 3978 2867 4039 terrae
2929 3968 3194 4060 praeci-

594 4054 824 4210 ssitur,
881 4053 1179 4144 profecto
1226 4076 1377 4123 esse
1448 4076 1657 4143 super
1723 4053 2040 4123 homines
2106 4053 2532 4144 prohibetur.
2617 4058 2865 4129 Homo
2929 4060 3195 4149 quippe

643 4142 819 4211 rutis
851 4142 1299 4222 animalibus,
1354 4164 1488 4211 non
1531 4155 1762 4212 autem
1813 4141 2216 4213 hominibus
2254 4143 2543 4212 caeteris
2592 4149 2870 4215 natura
2970 4147 3189 4217 raela-

595 4243 708 4300 tus
743 4242 867 4300 est.
921 4236 998 4300 Et
1032 4230 1289 4300 idcirco
1337 4231 1399 4298 ei
1447 4231 1725 4309 dicitur,
1756 4241 1831 4300 ut
1877 4232 1964 4301 ab
2013 4230 2438 4301 animalibus
2469 4244 2534 4301 et
2563 4252 2709 4301 non
2751 4235 2851 4305 ab
2958 4235 3194 4307 omine

593 4319 962 4389 timeatur:
1016 4320 1190 4401 Quia
1235 4332 1475 4388 contra
1535 4330 1855 4389 naturam
1909 4319 2271 4409 superbire
2317 4331 2456 4400 est,
2511 4319 2598 4389 ab
2649 4325 2959 4410 aequali
3024 4321 3192 4393 velle

646 4447 675 4475 *
701 4447 824 4488 Not·
841 4446 1125 4489 document·
1146 4455 1233 4494 pro
1253 4444 1476 4486 civilibus
1490 4444 1540 4486 et
1558 4444 1906 4487 &cleti-stica
1925 4443 2306 4499 Rectoribu.·(§§
2329 4445 2392 4491 1⁹,
2409 4447 2478 4497 20,
2499 4443 2585 4496 21).
