<?xml version="1.0" encoding="UTF-8"?>
<!DOCTYPE html PUBLIC "-//W3C//DTD XHTML 1.0 Transitional//EN"
    "http://www.w3.org/TR/xhtml1/DTD/xhtml1-transitional.dtd">
<html xmlns="http://www.w3.org/1999/xhtml" xml:lang="en" lang="en">
 <head>
  <title>
</title>
<meta http-equiv="Content-Type" content="text/html;charset=utf-8" />
  <meta name='ocr-system' content='tesseract 3.04.00' />
  <meta name='ocr-capabilities' content='ocr_page ocr_carea ocr_par ocr_line ocrx_word'/>
</head>
<body>
  <div class='ocr_page' id='page_1' title='image "./historiaeseuvit04lippgoog_0698.png"; bbox 0 0 3327 4999; ppageno 0'>
   <div class='ocr_carea' id='block_1_1' title="bbox 717 350 3140 418">
    <p class='ocr_par' dir='ltr' id='par_1_1' title="bbox 717 350 3140 418">
     <span class='ocr_line' id='line_1_1' title="bbox 717 350 3140 418; baseline 0.001 -3"><span class='ocrx_word' id='word_1_1' title='bbox 717 350 844 416; x_wconf 89' lang='grc'>668</span> <span class='ocrx_word' id='word_1_2' title='bbox 1352 369 1430 416; x_wconf 71' lang='grc' dir='ltr'>ΒΕ</span> <span class='ocrx_word' id='word_1_3' title='bbox 1478 369 1532 415; x_wconf 91' lang='lat' dir='ltr'>s.</span> <span class='ocrx_word' id='word_1_4' title='bbox 1588 366 1885 416; x_wconf 67' lang='lat' dir='ltr'>nannoni:</span> <span class='ocrx_word' id='word_1_5' title='bbox 1927 366 2145 416; x_wconf 68' lang='lat' dir='ltr'>cotom.</span> <span class='ocrx_word' id='word_1_6' title='bbox 2198 365 2396 416; x_wconf 76' lang='lat' dir='ltr'>Erisc.</span> <span class='ocrx_word' id='word_1_7' title='bbox 2686 351 2788 415; x_wconf 87' lang='lat' dir='ltr'>EX</span> <span class='ocrx_word' id='word_1_8' title='bbox 2835 350 3008 418; x_wconf 89' lang='lat' dir='ltr'>OCT.</span> <span class='ocrx_word' id='word_1_9' title='bbox 3065 352 3140 418; x_wconf 81' lang='grc' dir='ltr'>Η</span> 
     </span>
    </p>
   </div>
   <div class='ocr_carea' id='block_1_2' title="bbox 618 447 3165 4464">
    <p class='ocr_par' dir='ltr' id='par_1_2' title="bbox 624 447 3152 629">
     <span class='ocr_line' id='line_1_2' title="bbox 624 447 3152 540; baseline 0.002 -24"><span class='ocrx_word' id='word_1_10' title='bbox 624 447 962 540; x_wconf 87' lang='lat' dir='ltr'>majestati</span> <span class='ocrx_word' id='word_1_11' title='bbox 995 460 1060 518; x_wconf 91' lang='lat' dir='ltr'>et</span> <span class='ocrx_word' id='word_1_12' title='bbox 1094 448 1349 538; x_wconf 79' lang='lat' dir='ltr'>patriae</span> <span class='ocrx_word' id='word_1_13' title='bbox 1382 448 1547 519; x_wconf 90' lang='lat' dir='ltr'>satis</span> <span class='ocrx_word' id='word_1_14' title='bbox 1594 447 1799 530; x_wconf 85' lang='lat' dir='ltr'>fidus,</span> <span class='ocrx_word' id='word_1_15' title='bbox 1852 447 2049 519; x_wconf 89' lang='lat' dir='ltr'>fessis</span> <span class='ocrx_word' id='word_1_16' title='bbox 2089 449 2363 518; x_wconf 87' lang='lat' dir='ltr'>tandem</span> <span class='ocrx_word' id='word_1_17' title='bbox 2414 447 2669 519; x_wconf 89' lang='lat' dir='ltr'>relictis</span> <span class='ocrx_word' id='word_1_18' title='bbox 2697 463 2912 520; x_wconf 85' lang='lat' dir='ltr'>terrae</span> <span class='ocrx_word' id='word_1_19' title='bbox 2958 462 3152 521; x_wconf 88' lang='lat' dir='ltr'>artu-</span> 
     </span>
     <span class='ocr_line' id='line_1_3' title="bbox 629 537 2061 629; baseline 0 -23"><span class='ocrx_word' id='word_1_20' title='bbox 629 537 783 619; x_wconf 80' lang='lat' dir='ltr'>buS,</span> <span class='ocrx_word' id='word_1_21' title='bbox 838 539 1156 629; x_wconf 89' lang='lat' dir='ltr'>supernis</span> <span class='ocrx_word' id='word_1_22' title='bbox 1192 537 1546 628; x_wconf 90' lang='lat' dir='ltr'>spiritibus</span> <span class='ocrx_word' id='word_1_23' title='bbox 1594 538 1892 609; x_wconf 89' lang='lat' dir='ltr'>sociatus</span> <span class='ocrx_word' id='word_1_24' title='bbox 1939 548 2061 608; x_wconf 89' lang='lat' dir='ltr'>est.</span> 
     </span>
    </p>

    <p class='ocr_par' dir='ltr' id='par_1_3' title="bbox 620 626 3154 2949">
     <span class='ocr_line' id='line_1_4' title="bbox 717 626 3154 720; baseline 0.001 -23"><span class='ocrx_word' id='word_1_25' title='bbox 717 629 753 715; x_wconf 67' lang='grc' dir='ltr'>ἓ</span> <span class='ocrx_word' id='word_1_26' title='bbox 815 631 891 698; x_wconf 69' lang='lat'>⁸2.</span> <span class='ocrx_word' id='word_1_27' title='bbox 947 628 1141 697; x_wconf 84' lang='lat' dir='ltr'><strong>Plebs</strong></span> <span class='ocrx_word' id='word_1_28' title='bbox 1190 639 1415 697; x_wconf 88' lang='lat' dir='ltr'>autem</span> <span class='ocrx_word' id='word_1_29' title='bbox 1464 626 1788 698; x_wconf 88' lang='lat' dir='ltr'>destituta</span> <span class='ocrx_word' id='word_1_30' title='bbox 1836 640 2123 720; x_wconf 81' lang='lat' dir='ltr'>pastore,</span> <span class='ocrx_word' id='word_1_31' title='bbox 2157 627 2228 695; x_wconf 91' lang='lat' dir='ltr'>in</span> <span class='ocrx_word' id='word_1_32' title='bbox 2262 627 2413 717; x_wconf 89' lang='lat' dir='ltr'>ipsa</span> <span class='ocrx_word' id='word_1_33' title='bbox 2459 628 2860 700; x_wconf 86' lang='lat' dir='ltr'>confusione</span> <span class='ocrx_word' id='word_1_34' title='bbox 2899 630 2996 700; x_wconf 91' lang='lat' dir='ltr'>nil</span> <span class='ocrx_word' id='word_1_35' title='bbox 3027 653 3154 700; x_wconf 87' lang='lat' dir='ltr'>an-</span> 
     </span>
     <span class='ocr_line' id='line_1_5' title="bbox 628 716 3146 817; baseline 0.002 -31"><span class='ocrx_word' id='word_1_36' title='bbox 628 738 812 807; x_wconf 76' lang='lat' dir='ltr'>cepS,</span> <span class='ocrx_word' id='word_1_37' title='bbox 868 716 961 786; x_wconf 91' lang='lat' dir='ltr'>nil</span> <span class='ocrx_word' id='word_1_38' title='bbox 1011 716 1275 785; x_wconf 91' lang='lat' dir='ltr'>varium</span> <span class='ocrx_word' id='word_1_39' title='bbox 1314 716 1568 799; x_wconf 82' lang='lat' dir='ltr'>molita,</span> <span class='ocrx_word' id='word_1_40' title='bbox 1623 717 1908 787; x_wconf 91' lang='lat' dir='ltr'>unicum</span> <span class='ocrx_word' id='word_1_41' title='bbox 1961 716 2164 786; x_wconf 91' lang='lat' dir='ltr'>unice</span> <span class='ocrx_word' id='word_1_42' title='bbox 2210 726 2519 817; x_wconf 88' lang='lat' dir='ltr'>optatum</span> <span class='ocrx_word' id='word_1_43' title='bbox 2552 717 2621 786; x_wconf 93' lang='lat' dir='ltr'>in</span> <span class='ocrx_word' id='word_1_44' title='bbox 2655 717 2938 789; x_wconf 90' lang='lat' dir='ltr'>domino</span> <span class='ocrx_word' id='word_1_45' title='bbox 2974 725 3146 790; x_wconf 90' lang='lat' dir='ltr'>Bru·</span> 
     </span>
     <span class='ocr_line' id='line_1_6' title="bbox 627 804 3149 897; baseline 0.003 -24"><span class='ocrx_word' id='word_1_46' title='bbox 627 827 828 888; x_wconf 90' lang='lat' dir='ltr'>none,</span> <span class='ocrx_word' id='word_1_47' title='bbox 891 804 1258 896; x_wconf 85' lang='lat' dir='ltr'>magnifico</span> <span class='ocrx_word' id='word_1_48' title='bbox 1318 805 1462 875; x_wconf 86' lang='lat' dir='ltr'>viro</span> <span class='ocrx_word' id='word_1_49' title='bbox 1507 818 1571 876; x_wconf 95' lang='lat' dir='ltr'>et</span> <span class='ocrx_word' id='word_1_50' title='bbox 1620 805 2100 897; x_wconf 90' lang='lat' dir='ltr'>probatissimo</span> <span class='ocrx_word' id='word_1_51' title='bbox 2147 804 2279 875; x_wconf 84' lang='lat' dir='ltr'>sib1</span> <span class='ocrx_word' id='word_1_52' title='bbox 2327 805 2577 897; x_wconf 89' lang='lat' dir='ltr'>delegit</span> <span class='ocrx_word' id='word_1_53' title='bbox 2638 808 2985 890; x_wconf 88' lang='lat' dir='ltr'>solatium,</span> <span class='ocrx_word' id='word_1_54' title='bbox 3041 832 3149 881; x_wconf 84' lang='lat' dir='ltr'>se·</span> 
     </span>
     <span class='ocr_line' id='line_1_7' title="bbox 627 893 3153 998; baseline 0.002 -34"><span class='ocrx_word' id='word_1_55' title='bbox 627 905 785 964; x_wconf 90' lang='lat' dir='ltr'>cuta</span> <span class='ocrx_word' id='word_1_56' title='bbox 833 907 1230 986; x_wconf 90' lang='lat' dir='ltr'>magnatum</span> <span class='ocrx_word' id='word_1_57' title='bbox 1280 904 1344 964; x_wconf 89' lang='lat' dir='ltr'>et</span> <span class='ocrx_word' id='word_1_58' title='bbox 1391 897 1597 966; x_wconf 89' lang='lat' dir='ltr'>totius</span> <span class='ocrx_word' id='word_1_59' title='bbox 1646 895 1818 964; x_wconf 85' lang='lat' dir='ltr'>Cleri</span> <span class='ocrx_word' id='word_1_60' title='bbox 1864 893 2256 964; x_wconf 88' lang='lat' dir='ltr'>consilium.</span> <span class='ocrx_word' id='word_1_61' title='bbox 2289 894 2417 978; x_wconf 87' lang='lat' dir='ltr'>Qui</span> <span class='ocrx_word' id='word_1_62' title='bbox 2449 895 2515 964; x_wconf 88' lang='lat' dir='ltr'>in</span> <span class='ocrx_word' id='word_1_63' title='bbox 2537 896 2832 998; x_wconf 67' lang='lat' dir='ltr'>juvenili</span> <span class='ocrx_word' id='word_1_64' title='bbox 2864 920 3153 990; x_wconf 86' lang='lat' dir='ltr'>corpore</span> 
     </span>
     <span class='ocr_line' id='line_1_8' title="bbox 627 983 3154 1065; baseline 0.002 -12"><span class='ocrx_word' id='word_1_65' title='bbox 627 983 939 1054; x_wconf 90' lang='lat' dir='ltr'>moribus</span> <span class='ocrx_word' id='word_1_66' title='bbox 987 995 1322 1065; x_wconf 83' lang='lat' dir='ltr'>maturuS,</span> <span class='ocrx_word' id='word_1_67' title='bbox 1377 985 1445 1052; x_wconf 91' lang='lat' dir='ltr'>in</span> <span class='ocrx_word' id='word_1_68' title='bbox 1499 985 1796 1055; x_wconf 85' lang='lat' dir='ltr'>maximo</span> <span class='ocrx_word' id='word_1_69' title='bbox 1846 984 2219 1054; x_wconf 81' lang='lat' dir='ltr'>nobilitatis</span> <span class='ocrx_word' id='word_1_70' title='bbox 2283 983 2464 1055; x_wconf 83' lang='lat' dir='ltr'>fastu</span> <span class='ocrx_word' id='word_1_71' title='bbox 2510 985 2798 1055; x_wconf 77' lang='lat' dir='ltr'>humilis</span> <span class='ocrx_word' id='word_1_72' title='bbox 2842 1000 2909 1056; x_wconf 92' lang='lat' dir='ltr'>et</span> <span class='ocrx_word' id='word_1_73' title='bbox 2957 1010 3154 1058; x_wconf 89' lang='lat' dir='ltr'>man-</span> 
     </span>
     <span class='ocr_line' id='line_1_9' title="bbox 626 1073 3151 1168; baseline 0.002 -27"><span class='ocrx_word' id='word_1_74' title='bbox 626 1085 863 1143; x_wconf 91' lang='lat' dir='ltr'>suetus</span> <span class='ocrx_word' id='word_1_75' title='bbox 909 1085 1092 1142; x_wconf 85' lang='lat' dir='ltr'>erat:</span> <span class='ocrx_word' id='word_1_76' title='bbox 1146 1073 1214 1142; x_wconf 92' lang='lat' dir='ltr'>in</span> <span class='ocrx_word' id='word_1_77' title='bbox 1259 1073 1679 1144; x_wconf 90' lang='lat' dir='ltr'>sublimitate</span> <span class='ocrx_word' id='word_1_78' title='bbox 1727 1096 1802 1144; x_wconf 89' lang='lat' dir='ltr'>sa</span> <span class='ocrx_word' id='word_1_79' title='bbox 1855 1073 2123 1154; x_wconf 86' lang='lat' dir='ltr'>ientiae,</span> <span class='ocrx_word' id='word_1_80' title='bbox 2162 1094 2368 1160; x_wconf 87' lang='lat' dir='ltr'>quam</span> <span class='ocrx_word' id='word_1_81' title='bbox 2422 1075 2744 1165; x_wconf 80' lang='lat' dir='ltr'>percepit,</span> <span class='ocrx_word' id='word_1_82' title='bbox 2803 1100 2932 1146; x_wconf 80' lang='lat' dir='ltr'>non</span> <span class='ocrx_word' id='word_1_83' title='bbox 2982 1082 3151 1168; x_wconf 75' lang='lat' dir='ltr'>plus</span> 
     </span>
     <span class='ocr_line' id='line_1_10' title="bbox 620 1163 3150 1262; baseline 0.003 -33"><span class='ocrx_word' id='word_1_84' title='bbox 620 1184 877 1253; x_wconf 79' lang='lat' dir='ltr'>sape-re,</span> <span class='ocrx_word' id='word_1_85' title='bbox 912 1185 1115 1262; x_wconf 83' lang='lat' dir='ltr'>quam</span> <span class='ocrx_word' id='word_1_86' title='bbox 1145 1173 1394 1253; x_wconf 82' lang='lat' dir='ltr'>oportet</span> <span class='ocrx_word' id='word_1_87' title='bbox 1423 1186 1680 1255; x_wconf 81' lang='lat' dir='ltr'><strong><em>sapere,</em></strong></span> <span class='ocrx_word' id='word_1_88' title='bbox 1705 1186 1774 1232; x_wconf 81' lang='lat' dir='ltr'>se</span> <span class='ocrx_word' id='word_1_89' title='bbox 1811 1245 1814 1250; x_wconf 66' lang='lat'><em>,</em></span> <span class='ocrx_word' id='word_1_90' title='bbox 1846 1185 2080 1254; x_wconf 79' lang='lat' dir='ltr'>sapere</span> <span class='ocrx_word' id='word_1_91' title='bbox 2111 1163 2200 1231; x_wconf 87' lang='lat' dir='ltr'>ad</span> <span class='ocrx_word' id='word_1_92' title='bbox 2229 1163 2671 1243; x_wconf 78' lang='lat' dir='ltr'>sobrietatem,</span> <span class='ocrx_word' id='word_1_93' title='bbox 2701 1164 3012 1235; x_wconf 88' lang='lat' dir='ltr'>animum</span> <span class='ocrx_word' id='word_1_94' title='bbox 3042 1168 3150 1235; x_wconf 86' lang='lat' dir='ltr'>in—</span> 
     </span>
     <span class='ocr_line' id='line_1_11' title="bbox 625 1250 3149 1344; baseline 0.002 -25"><span class='ocrx_word' id='word_1_95' title='bbox 625 1250 855 1320; x_wconf 81' lang='lat' dir='ltr'>duxit:</span> <span class='ocrx_word' id='word_1_96' title='bbox 910 1273 981 1320; x_wconf 82' lang='lat' dir='ltr'>in</span> <span class='ocrx_word' id='word_1_97' title='bbox 1027 1252 1243 1342; x_wconf 87' lang='lat' dir='ltr'>regali</span> <span class='ocrx_word' id='word_1_98' title='bbox 1302 1250 1675 1334; x_wconf 85' lang='lat' dir='ltr'>affluentia,</span> <span class='ocrx_word' id='word_1_99' title='bbox 1730 1274 1977 1344; x_wconf 88' lang='lat' dir='ltr'>parcus</span> <span class='ocrx_word' id='word_1_100' title='bbox 2016 1251 2170 1330; x_wconf 90' lang='lat' dir='ltr'>sibi,</span> <span class='ocrx_word' id='word_1_101' title='bbox 2210 1251 2398 1321; x_wconf 90' lang='lat' dir='ltr'>dives</span> <span class='ocrx_word' id='word_1_102' title='bbox 2444 1252 2686 1322; x_wconf 91' lang='lat' dir='ltr'>amicis</span> <span class='ocrx_word' id='word_1_103' title='bbox 2733 1254 2882 1323; x_wconf 86' lang='lat' dir='ltr'>suit.</span> <span class='ocrx_word' id='word_1_104' title='bbox 2934 1260 3014 1324; x_wconf 90' lang='lat' dir='ltr'>In</span> <span class='ocrx_word' id='word_1_105' title='bbox 3063 1278 3149 1325; x_wconf 86' lang='lat' dir='ltr'>ea</span> 
     </span>
     <span class='ocr_line' id='line_1_12' title="bbox 625 1338 3145 1435; baseline 0.002 -27"><span class='ocrx_word' id='word_1_106' title='bbox 625 1339 933 1430; x_wconf 90' lang='lat' dir='ltr'>primum</span> <span class='ocrx_word' id='word_1_107' title='bbox 987 1340 1312 1411; x_wconf 90' lang='lat' dir='ltr'>electione</span> <span class='ocrx_word' id='word_1_108' title='bbox 1361 1356 1625 1432; x_wconf 88' lang='lat' dir='ltr'>praeter</span> <span class='ocrx_word' id='word_1_109' title='bbox 1656 1355 1954 1411; x_wconf 88' lang='lat' dir='ltr'>caeteros</span> <span class='ocrx_word' id='word_1_110' title='bbox 2004 1338 2409 1411; x_wconf 88' lang='lat' dir='ltr'>Godefridus</span> <span class='ocrx_word' id='word_1_111' title='bbox 2456 1342 2688 1412; x_wconf 89' lang='lat' dir='ltr'>floruit</span> <span class='ocrx_word' id='word_1_112' title='bbox 2725 1347 2772 1412; x_wconf 93' lang='lat' dir='ltr'>E</span> <span class='ocrx_word' id='word_1_113' title='bbox 2827 1343 3145 1435; x_wconf 86' lang='lat' dir='ltr'>iscopus:</span> 
     </span>
     <span class='ocr_line' id='line_1_13' title="bbox 626 1428 3144 1522; baseline 0.002 -24"><span class='ocrx_word' id='word_1_114' title='bbox 626 1429 742 1498; x_wconf 90' lang='lat' dir='ltr'>sed</span> <span class='ocrx_word' id='word_1_115' title='bbox 792 1429 948 1516; x_wconf 90' lang='lat' dir='ltr'>quis</span> <span class='ocrx_word' id='word_1_116' title='bbox 996 1430 1208 1499; x_wconf 89' lang='lat' dir='ltr'>alium</span> <span class='ocrx_word' id='word_1_117' title='bbox 1261 1442 1409 1500; x_wconf 90' lang='lat' dir='ltr'>voto</span> <span class='ocrx_word' id='word_1_118' title='bbox 1461 1431 1771 1522; x_wconf 88' lang='lat' dir='ltr'>praeiret,</span> <span class='ocrx_word' id='word_1_119' title='bbox 1815 1428 2117 1500; x_wconf 70' lang='lat' dir='ltr'>difficile</span> <span class='ocrx_word' id='word_1_120' title='bbox 2162 1429 2507 1521; x_wconf 77' lang='lat' dir='ltr'>quispiam</span> <span class='ocrx_word' id='word_1_121' title='bbox 2577 1453 2742 1521; x_wconf 85' lang='lat' dir='ltr'>expe</span> <span class='ocrx_word' id='word_1_122' title='bbox 2796 1433 2943 1503; x_wconf 89' lang='lat' dir='ltr'>iret.</span> <span class='ocrx_word' id='word_1_123' title='bbox 2998 1439 3144 1504; x_wconf 86' lang='lat' dir='ltr'>Hoc</span> 
     </span>
     <span class='ocr_line' id='line_1_14' title="bbox 626 1518 3153 1624; baseline 0.002 -36"><span class='ocrx_word' id='word_1_124' title='bbox 626 1540 767 1588; x_wconf 88' lang='lat' dir='ltr'>uno</span> <span class='ocrx_word' id='word_1_125' title='bbox 817 1519 992 1588; x_wconf 91' lang='lat' dir='ltr'>inter</span> <span class='ocrx_word' id='word_1_126' title='bbox 1037 1542 1224 1610; x_wconf 89' lang='lat' dir='ltr'>spem</span> <span class='ocrx_word' id='word_1_127' title='bbox 1264 1532 1657 1607; x_wconf 90' lang='lat' dir='ltr'>metumque</span> <span class='ocrx_word' id='word_1_128' title='bbox 1688 1519 1882 1589; x_wconf 88' lang='lat' dir='ltr'>dubii</span> <span class='ocrx_word' id='word_1_129' title='bbox 1931 1519 2344 1601; x_wconf 88' lang='lat' dir='ltr'>ferebantur,</span> <span class='ocrx_word' id='word_1_130' title='bbox 2385 1518 2564 1605; x_wconf 89' lang='lat' dir='ltr'>quod</span> <span class='ocrx_word' id='word_1_131' title='bbox 2595 1520 2875 1592; x_wconf 89' lang='lat' dir='ltr'>honoris</span> <span class='ocrx_word' id='word_1_132' title='bbox 2919 1522 3153 1624; x_wconf 86' lang='lat' dir='ltr'>digni-</span> 
     </span>
     <span class='ocr_line' id='line_1_15' title="bbox 627 1606 3150 1699; baseline 0.002 -23"><span class='ocrx_word' id='word_1_133' title='bbox 627 1618 829 1677; x_wconf 90' lang='lat' dir='ltr'>tatem</span> <span class='ocrx_word' id='word_1_134' title='bbox 879 1621 945 1677; x_wconf 91' lang='lat' dir='ltr'>et</span> <span class='ocrx_word' id='word_1_135' title='bbox 996 1608 1116 1678; x_wconf 92' lang='lat' dir='ltr'>viri</span> <span class='ocrx_word' id='word_1_136' title='bbox 1166 1608 1453 1699; x_wconf 83' lang='lat' dir='ltr'>gloriam</span> <span class='ocrx_word' id='word_1_137' title='bbox 1499 1609 1888 1690; x_wconf 90' lang='lat' dir='ltr'>metientes,</span> <span class='ocrx_word' id='word_1_138' title='bbox 1954 1608 2319 1699; x_wconf 91' lang='lat' dir='ltr'>indignum</span> <span class='ocrx_word' id='word_1_139' title='bbox 2367 1606 2509 1677; x_wconf 85' lang='lat' dir='ltr'>fore</span> <span class='ocrx_word' id='word_1_140' title='bbox 2558 1622 2782 1680; x_wconf 87' lang='lat' dir='ltr'>tantae</span> <span class='ocrx_word' id='word_1_141' title='bbox 2831 1611 3150 1681; x_wconf 76' lang='lat' dir='ltr'>sublimi-</span> 
     </span>
     <span class='ocr_line' id='line_1_16' title="bbox 626 1696 3147 1789; baseline 0.002 -24"><span class='ocrx_word' id='word_1_142' title='bbox 626 1696 744 1766; x_wconf 85' lang='lat' dir='ltr'>tati</span> <span class='ocrx_word' id='word_1_143' title='bbox 796 1698 1188 1767; x_wconf 84' lang='lat' dir='ltr'>metuebant</span> <span class='ocrx_word' id='word_1_144' title='bbox 1235 1697 1416 1786; x_wconf 92' lang='lat' dir='ltr'>quod</span> <span class='ocrx_word' id='word_1_145' title='bbox 1466 1697 1529 1767; x_wconf 91' lang='lat' dir='ltr'>ei</span> <span class='ocrx_word' id='word_1_146' title='bbox 1576 1720 1733 1768; x_wconf 89' lang='lat' dir='ltr'>cum</span> <span class='ocrx_word' id='word_1_147' title='bbox 1798 1707 1982 1767; x_wconf 88' lang='lat' dir='ltr'>tanto</span> <span class='ocrx_word' id='word_1_148' title='bbox 2029 1697 2294 1767; x_wconf 88' lang='lat' dir='ltr'>ambitu</span> <span class='ocrx_word' id='word_1_149' title='bbox 2342 1700 2862 1789; x_wconf 84' lang='lat' dir='ltr'>praeparabant.</span> <span class='ocrx_word' id='word_1_150' title='bbox 2921 1707 2995 1770; x_wconf 89' lang='lat' dir='ltr'>Et</span> <span class='ocrx_word' id='word_1_151' title='bbox 3037 1724 3147 1770; x_wconf 87' lang='lat' dir='ltr'>re-</span> 
     </span>
     <span class='ocr_line' id='line_1_17' title="bbox 625 1787 3148 1878; baseline 0.002 -23"><span class='ocrx_word' id='word_1_152' title='bbox 625 1807 784 1856; x_wconf 88' lang='lat' dir='ltr'>vera</span> <span class='ocrx_word' id='word_1_153' title='bbox 831 1787 887 1856; x_wconf 93' lang='lat' dir='ltr'>si</span> <span class='ocrx_word' id='word_1_154' title='bbox 935 1787 1093 1874; x_wconf 91' lang='lat' dir='ltr'>quis</span> <span class='ocrx_word' id='word_1_155' title='bbox 1141 1788 1206 1855; x_wconf 92' lang='lat' dir='ltr'>in</span> <span class='ocrx_word' id='word_1_156' title='bbox 1263 1799 1398 1857; x_wconf 90' lang='lat' dir='ltr'>toto</span> <span class='ocrx_word' id='word_1_157' title='bbox 1438 1787 1566 1857; x_wconf 90' lang='lat' dir='ltr'>hoc</span> <span class='ocrx_word' id='word_1_158' title='bbox 1613 1809 1822 1878; x_wconf 88' lang='lat' dir='ltr'>regno</span> <span class='ocrx_word' id='word_1_159' title='bbox 1871 1787 2064 1856; x_wconf 87' lang='lat' dir='ltr'>locus</span> <span class='ocrx_word' id='word_1_160' title='bbox 2118 1799 2292 1857; x_wconf 87' lang='lat' dir='ltr'>esset</span> <span class='ocrx_word' id='word_1_161' title='bbox 2348 1787 2725 1878; x_wconf 89' lang='lat' dir='ltr'>augustior,</span> <span class='ocrx_word' id='word_1_162' title='bbox 2780 1802 2900 1859; x_wconf 91' lang='lat' dir='ltr'>aut</span> <span class='ocrx_word' id='word_1_163' title='bbox 2964 1804 3148 1860; x_wconf 89' lang='lat' dir='ltr'>certe</span> 
     </span>
     <span class='ocr_line' id='line_1_18' title="bbox 627 1875 3148 1967; baseline 0.002 -23"><span class='ocrx_word' id='word_1_164' title='bbox 627 1875 837 1956; x_wconf 91' lang='lat' dir='ltr'>Cler0,</span> <span class='ocrx_word' id='word_1_165' title='bbox 895 1875 1170 1967; x_wconf 84' lang='lat' dir='ltr'>popu10‚</span> <span class='ocrx_word' id='word_1_166' title='bbox 1220 1876 1551 1958; x_wconf 81' lang='lat' dir='ltr'>ecclesiiS‚</span> <span class='ocrx_word' id='word_1_167' title='bbox 1605 1877 1932 1963; x_wconf 89' lang='lat' dir='ltr'>omnique</span> <span class='ocrx_word' id='word_1_168' title='bbox 1979 1886 2315 1967; x_wconf 83' lang='lat' dir='ltr'>apparatu</span> <span class='ocrx_word' id='word_1_169' title='bbox 2361 1876 2756 1966; x_wconf 85' lang='lat' dir='ltr'>elegantior,</span> <span class='ocrx_word' id='word_1_170' title='bbox 2813 1878 2925 1949; x_wconf 89' lang='lat' dir='ltr'>hic</span> <span class='ocrx_word' id='word_1_171' title='bbox 2978 1881 3148 1950; x_wconf 86' lang='lat' dir='ltr'>tanti</span> 
     </span>
     <span class='ocr_line' id='line_1_19' title="bbox 628 1964 3150 2125; baseline 0.002 -91"><span class='ocrx_word' id='word_1_172' title='bbox 628 1965 920 2056; x_wconf 87' lang='lat' dir='ltr'>pastoris</span> <span class='ocrx_word' id='word_1_173' title='bbox 968 1966 1269 2066; x_wconf 88' lang='lat' dir='ltr'>receptui</span> <span class='ocrx_word' id='word_1_174' title='bbox 1309 1966 1395 2035; x_wconf 88' lang='lat' dir='ltr'>ab</span> <span class='ocrx_word' id='word_1_175' title='bbox 1442 1966 1788 2046; x_wconf 80' lang='lat' dir='ltr'>omnibuS,</span> <span class='ocrx_word' id='word_1_176' title='bbox 1853 1964 1973 2052; x_wconf 90' lang='lat' dir='ltr'>qui</span> <span class='ocrx_word' id='word_1_177' title='bbox 2019 1986 2176 2034; x_wconf 92' lang='lat' dir='ltr'>eum</span> <span class='ocrx_word' id='word_1_178' title='bbox 2228 1976 2574 2047; x_wconf 89' lang='lat' dir='ltr'>noverant,</span> <span class='ocrx_word' id='word_1_179' title='bbox 2625 1967 2903 2125; x_wconf 55' lang='lat' dir='ltr'>digpior</span> <span class='ocrx_word' id='word_1_180' title='bbox 2950 1980 3150 2060; x_wconf 87' lang='lat' dir='ltr'>puta-</span> 
     </span>
     <span class='ocr_line' id='line_1_20' title="bbox 626 2054 3147 2146; baseline 0.002 -23"><span class='ocrx_word' id='word_1_181' title='bbox 626 2065 834 2124; x_wconf 82' lang='lat' dir='ltr'>retur.</span> <span class='ocrx_word' id='word_1_182' title='bbox 897 2055 1462 2146; x_wconf 79' lang='lat' dir='ltr'>conspirantibus</span> <span class='ocrx_word' id='word_1_183' title='bbox 1510 2055 1739 2142; x_wconf 90' lang='lat' dir='ltr'>itaque</span> <span class='ocrx_word' id='word_1_184' title='bbox 1786 2054 2133 2136; x_wconf 90' lang='lat' dir='ltr'>omnibus,</span> <span class='ocrx_word' id='word_1_185' title='bbox 2186 2068 2251 2124; x_wconf 93' lang='lat' dir='ltr'>et</span> <span class='ocrx_word' id='word_1_186' title='bbox 2299 2054 2479 2123; x_wconf 91' lang='lat' dir='ltr'>idem</span> <span class='ocrx_word' id='word_1_187' title='bbox 2549 2055 2615 2123; x_wconf 93' lang='lat' dir='ltr'>in</span> <span class='ocrx_word' id='word_1_188' title='bbox 2679 2056 2721 2123; x_wconf 90' lang='lat' dir='ltr'>C</span> <span class='ocrx_word' id='word_1_189' title='bbox 2779 2057 2943 2127; x_wconf 86' lang='lat' dir='ltr'>risto</span> <span class='ocrx_word' id='word_1_190' title='bbox 2991 2080 3147 2128; x_wconf 89' lang='lat' dir='ltr'>sen·</span> 
     </span>
     <span class='ocr_line' id='line_1_21' title="bbox 626 2141 3148 2234; baseline 0.002 -22"><span class='ocrx_word' id='word_1_191' title='bbox 626 2143 973 2224; x_wconf 90' lang='lat' dir='ltr'>tientibus,</span> <span class='ocrx_word' id='word_1_192' title='bbox 1017 2165 1175 2214; x_wconf 90' lang='lat' dir='ltr'>cum</span> <span class='ocrx_word' id='word_1_193' title='bbox 1219 2144 1445 2214; x_wconf 89' lang='lat' dir='ltr'>adhuc</span> <span class='ocrx_word' id='word_1_194' title='bbox 1497 2143 1960 2224; x_wconf 84' lang='lat' dir='ltr'>inhumatum,</span> <span class='ocrx_word' id='word_1_195' title='bbox 2012 2154 2076 2212; x_wconf 92' lang='lat' dir='ltr'>et</span> <span class='ocrx_word' id='word_1_196' title='bbox 2122 2141 2207 2212; x_wconf 88' lang='lat' dir='ltr'>ad</span> <span class='ocrx_word' id='word_1_197' title='bbox 2258 2143 2493 2216; x_wconf 90' lang='lat' dir='ltr'>oculos</span> <span class='ocrx_word' id='word_1_198' title='bbox 2542 2144 3148 2234; x_wconf 77' lang='lat' dir='ltr'>positum‚·seeun-</span> 
     </span>
     <span class='ocr_line' id='line_1_22' title="bbox 625 2232 3147 2337; baseline 0.003 -36"><span class='ocrx_word' id='word_1_199' title='bbox 625 2232 794 2302; x_wconf 92' lang='lat' dir='ltr'>dum</span> <span class='ocrx_word' id='word_1_200' title='bbox 841 2232 1407 2326; x_wconf 86' lang='lat' dir='ltr'>consuetudinem</span> <span class='ocrx_word' id='word_1_201' title='bbox 1459 2233 1612 2314; x_wconf 89' lang='lat' dir='ltr'>loci,</span> <span class='ocrx_word' id='word_1_202' title='bbox 1654 2254 1907 2324; x_wconf 92' lang='lat' dir='ltr'>corpus</span> <span class='ocrx_word' id='word_1_203' title='bbox 1955 2233 2172 2302; x_wconf 90' lang='lat' dir='ltr'>bonae</span> <span class='ocrx_word' id='word_1_204' title='bbox 2202 2233 2567 2302; x_wconf 87' lang='lat' dir='ltr'>memoriae</span> <span class='ocrx_word' id='word_1_205' title='bbox 2596 2233 2973 2307; x_wconf 84' lang='lat' dir='ltr'>decessoris</span> <span class='ocrx_word' id='word_1_206' title='bbox 2997 2237 3147 2337; x_wconf 80' lang='lat' dir='ltr'>ejus</span> 
     </span>
     <span class='ocr_line' id='line_1_23' title="bbox 625 2321 3135 2412; baseline 0.001 -21"><span class='ocrx_word' id='word_1_207' title='bbox 625 2321 1029 2412; x_wconf 88' lang='lat' dir='ltr'>aspicerent,</span> <span class='ocrx_word' id='word_1_208' title='bbox 1084 2322 1282 2391; x_wconf 92' lang='lat' dir='ltr'>electi</span> <span class='ocrx_word' id='word_1_209' title='bbox 1328 2333 1489 2392; x_wconf 89' lang='lat' dir='ltr'>sunt</span> <span class='ocrx_word' id='word_1_210' title='bbox 1516 2344 1556 2391; x_wconf 86' lang='lat' dir='ltr'>a</span> <span class='ocrx_word' id='word_1_211' title='bbox 1605 2334 1847 2394; x_wconf 86' lang='lat' dir='ltr'>senatu</span> <span class='ocrx_word' id='word_1_212' title='bbox 1878 2322 2312 2391; x_wconf 88' lang='lat' dir='ltr'>sanctissimo</span> <span class='ocrx_word' id='word_1_213' title='bbox 2344 2334 2639 2409; x_wconf 90' lang='lat' dir='ltr'>quatuor</span> <span class='ocrx_word' id='word_1_214' title='bbox 2687 2325 2944 2394; x_wconf 88' lang='lat' dir='ltr'>summi</span> <span class='ocrx_word' id='word_1_215' title='bbox 2985 2326 3135 2406; x_wconf 78' lang='lat' dir='ltr'>viri,</span> 
     </span>
     <span class='ocr_line' id='line_1_24' title="bbox 625 2410 3140 2503; baseline 0.002 -23"><span class='ocrx_word' id='word_1_216' title='bbox 625 2424 691 2482; x_wconf 91' lang='lat' dir='ltr'>et</span> <span class='ocrx_word' id='word_1_217' title='bbox 736 2410 973 2481; x_wconf 90' lang='lat' dir='ltr'>eodem</span> <span class='ocrx_word' id='word_1_218' title='bbox 1022 2433 1310 2481; x_wconf 91' lang='lat' dir='ltr'>numero</span> <span class='ocrx_word' id='word_1_219' title='bbox 1359 2411 1540 2494; x_wconf 89' lang='lat' dir='ltr'>laici,</span> <span class='ocrx_word' id='word_1_220' title='bbox 1594 2433 1830 2482; x_wconf 92' lang='lat' dir='ltr'>omnes</span> <span class='ocrx_word' id='word_1_221' title='bbox 1869 2411 2181 2503; x_wconf 89' lang='lat' dir='ltr'>apprime</span> <span class='ocrx_word' id='word_1_222' title='bbox 2234 2411 2485 2481; x_wconf 92' lang='lat' dir='ltr'>eruditi</span> <span class='ocrx_word' id='word_1_223' title='bbox 2532 2412 2648 2499; x_wconf 91' lang='lat' dir='ltr'>qui</span> <span class='ocrx_word' id='word_1_224' title='bbox 2699 2413 2932 2483; x_wconf 88' lang='lat' dir='ltr'>omnia</span> <span class='ocrx_word' id='word_1_225' title='bbox 2975 2414 3140 2484; x_wconf 87' lang='lat' dir='ltr'>haec</span> 
     </span>
     <span class='ocr_line' id='line_1_25' title="bbox 628 2498 3137 2592; baseline 0.001 -21"><span class='ocrx_word' id='word_1_226' title='bbox 628 2498 1002 2591; x_wconf 90' lang='lat' dir='ltr'>perferrent</span> <span class='ocrx_word' id='word_1_227' title='bbox 1031 2501 1116 2572; x_wconf 87' lang='lat' dir='ltr'>ad</span> <span class='ocrx_word' id='word_1_228' title='bbox 1166 2501 1523 2592; x_wconf 90' lang='lat' dir='ltr'>palatium,</span> <span class='ocrx_word' id='word_1_229' title='bbox 1576 2514 1639 2571; x_wconf 92' lang='lat' dir='ltr'>et</span> <span class='ocrx_word' id='word_1_230' title='bbox 1689 2501 2022 2592; x_wconf 86' lang='lat' dir='ltr'>patefacta</span> <span class='ocrx_word' id='word_1_231' title='bbox 2106 2512 2210 2571; x_wconf 89' lang='lat' dir='ltr'>ost</span> <span class='ocrx_word' id='word_1_232' title='bbox 2241 2499 2553 2571; x_wconf 86' lang='lat' dir='ltr'>defletam</span> <span class='ocrx_word' id='word_1_233' title='bbox 2603 2501 3137 2585; x_wconf 88' lang='lat' dir='ltr'>destitutionem,</span> 
     </span>
     <span class='ocr_line' id='line_1_26' title="bbox 625 2589 3141 2692; baseline 0.001 -33"><span class='ocrx_word' id='word_1_234' title='bbox 625 2590 977 2663; x_wconf 85' lang='lat' dir='ltr'>electionis</span> <span class='ocrx_word' id='word_1_235' title='bbox 1024 2591 1498 2673; x_wconf 89' lang='lat' dir='ltr'>unanimitate,</span> <span class='ocrx_word' id='word_1_236' title='bbox 1554 2602 2009 2661; x_wconf 85' lang='lat' dir='ltr'>memoratum</span> <span class='ocrx_word' id='word_1_237' title='bbox 2085 2589 2357 2660; x_wconf 90' lang='lat' dir='ltr'>esolatis</span> <span class='ocrx_word' id='word_1_238' title='bbox 2386 2591 2772 2692; x_wconf 85' lang='lat' dir='ltr'>flagitarent</span> <span class='ocrx_word' id='word_1_239' title='bbox 2797 2593 3141 2664; x_wconf 88' lang='lat' dir='ltr'>solatium.</span> 
     </span>
     <span class='ocr_line' id='line_1_27' title="bbox 625 2679 3151 2772; baseline 0 -22"><span class='ocrx_word' id='word_1_240' title='bbox 625 2680 796 2762; x_wconf 86' lang='lat' dir='ltr'>Quid</span> <span class='ocrx_word' id='word_1_241' title='bbox 853 2679 1116 2750; x_wconf 73' lang='lat' dir='ltr'>multa?</span> <span class='ocrx_word' id='word_1_242' title='bbox 1165 2679 1587 2770; x_wconf 77' lang='lat' dir='ltr'>complacuit</span> <span class='ocrx_word' id='word_1_243' title='bbox 1620 2685 1780 2766; x_wconf 91' lang='lat' dir='ltr'>(Deo</span> <span class='ocrx_word' id='word_1_244' title='bbox 1808 2680 2093 2772; x_wconf 86' lang='lat' dir='ltr'>gratias)</span> <span class='ocrx_word' id='word_1_245' title='bbox 2118 2685 2600 2770; x_wconf 80' lang='lat' dir='ltr'>Imperatoriae</span> <span class='ocrx_word' id='word_1_246' title='bbox 2632 2683 3015 2752; x_wconf 80' lang='lat' dir='ltr'>auctoritati</span> <span class='ocrx_word' id='word_1_247' title='bbox 3050 2683 3151 2751; x_wconf 90' lang='lat' dir='ltr'>sic</span> 
     </span>
     <span class='ocr_line' id='line_1_28' title="bbox 621 2768 3152 2860; baseline 0.001 -21"><span class='ocrx_word' id='word_1_248' title='bbox 621 2781 688 2839; x_wconf 89' lang='lat' dir='ltr'>et</span> <span class='ocrx_word' id='word_1_249' title='bbox 727 2769 1012 2859; x_wconf 89' lang='lat' dir='ltr'>tempori</span> <span class='ocrx_word' id='word_1_250' title='bbox 1047 2780 1110 2838; x_wconf 90' lang='lat' dir='ltr'>et</span> <span class='ocrx_word' id='word_1_251' title='bbox 1159 2768 1305 2839; x_wconf 89' lang='lat' dir='ltr'>loco</span> <span class='ocrx_word' id='word_1_252' title='bbox 1352 2768 1734 2850; x_wconf 89' lang='lat' dir='ltr'>consulere,</span> <span class='ocrx_word' id='word_1_253' title='bbox 1787 2782 1863 2843; x_wconf 91' lang='lat' dir='ltr'>ut</span> <span class='ocrx_word' id='word_1_254' title='bbox 1911 2773 2197 2860; x_wconf 82' lang='lat' dir='ltr'>petitum</span> <span class='ocrx_word' id='word_1_255' title='bbox 2247 2780 2431 2839; x_wconf 92' lang='lat' dir='ltr'>tanta</span> <span class='ocrx_word' id='word_1_256' title='bbox 2463 2771 2864 2842; x_wconf 64' lang='lat' dir='ltr'>‘constantia</span> <span class='ocrx_word' id='word_1_257' title='bbox 2916 2772 3152 2842; x_wconf 90' lang='lat' dir='ltr'>visita-</span> 
     </span>
     <span class='ocr_line' id='line_1_29' title="bbox 624 2857 2835 2949; baseline 0.001 -22"><span class='ocrx_word' id='word_1_258' title='bbox 624 2869 859 2939; x_wconf 88' lang='lat' dir='ltr'>torem,</span> <span class='ocrx_word' id='word_1_259' title='bbox 896 2857 1291 2929; x_wconf 86' lang='lat' dir='ltr'>festinanter</span> <span class='ocrx_word' id='word_1_260' title='bbox 1338 2857 1421 2927; x_wconf 94' lang='lat' dir='ltr'>ad</span> <span class='ocrx_word' id='word_1_261' title='bbox 1473 2858 1780 2928; x_wconf 89' lang='lat' dir='ltr'>destituti</span> <span class='ocrx_word' id='word_1_262' title='bbox 1825 2857 2052 2949; x_wconf 89' lang='lat' dir='ltr'>gregis</span> <span class='ocrx_word' id='word_1_263' title='bbox 2100 2857 2484 2928; x_wconf 90' lang='lat' dir='ltr'>custodiam</span> <span class='ocrx_word' id='word_1_264' title='bbox 2519 2859 2835 2930; x_wconf 87' lang='lat' dir='ltr'>mitteret.</span> 
     </span>
    </p>

    <p class='ocr_par' dir='ltr' id='par_1_4' title="bbox 618 2946 3165 4464">
     <span class='ocr_line' id='line_1_30' title="bbox 712 2946 3152 3041; baseline 0.001 -23"><span class='ocrx_word' id='word_1_265' title='bbox 712 2950 747 3034; x_wconf 68' lang='grc' dir='ltr'>ξ</span> <span class='ocrx_word' id='word_1_266' title='bbox 793 2949 874 3018; x_wconf 72' lang='grc'>8.</span> <span class='ocrx_word' id='word_1_267' title='bbox 931 2947 1177 3017; x_wconf 89' lang='lat' dir='ltr'>Missus</span> <span class='ocrx_word' id='word_1_268' title='bbox 1229 2946 1496 3016; x_wconf 89' lang='lat' dir='ltr'>tandem</span> <span class='ocrx_word' id='word_1_269' title='bbox 1532 2970 1567 3015; x_wconf 90' lang='lat' dir='ltr'>e</span> <span class='ocrx_word' id='word_1_270' title='bbox 1596 2946 1837 3018; x_wconf 89' lang='lat' dir='ltr'>castris</span> <span class='ocrx_word' id='word_1_271' title='bbox 1887 2947 2133 3015; x_wconf 88' lang='lat' dir='ltr'>terreni</span> <span class='ocrx_word' id='word_1_272' title='bbox 2169 2948 2471 3037; x_wconf 90' lang='lat' dir='ltr'>Imperii,</span> <span class='ocrx_word' id='word_1_273' title='bbox 2512 2949 2579 3016; x_wconf 90' lang='lat' dir='ltr'>in</span> <span class='ocrx_word' id='word_1_274' title='bbox 2609 2948 2919 3021; x_wconf 80' lang='lat' dir='ltr'>coelestis</span> <span class='ocrx_word' id='word_1_275' title='bbox 2945 2951 3152 3041; x_wconf 87' lang='lat' dir='ltr'>Regis</span> 
     </span>
     <span class='ocr_line' id='line_1_31' title="bbox 620 3035 3148 3127; baseline 0.001 -22"><span class='ocrx_word' id='word_1_276' title='bbox 620 3036 1059 3118; x_wconf 75' lang='lat' dir='ltr'>tabernacula</span> <span class='ocrx_word' id='word_1_277' title='bbox 1100 3058 1258 3104; x_wconf 91' lang='lat' dir='ltr'>cum</span> <span class='ocrx_word' id='word_1_278' title='bbox 1295 3035 1776 3126; x_wconf 90' lang='lat' dir='ltr'>spiritualibus</span> <span class='ocrx_word' id='word_1_279' title='bbox 1826 3035 2148 3124; x_wconf 91' lang='lat' dir='ltr'>nequitiis</span> <span class='ocrx_word' id='word_1_280' title='bbox 2197 3049 2634 3127; x_wconf 89' lang='lat' dir='ltr'>pugnaturus</span> <span class='ocrx_word' id='word_1_281' title='bbox 2682 3038 2981 3119; x_wconf 87' lang='lat' dir='ltr'>intravit,</span> <span class='ocrx_word' id='word_1_282' title='bbox 3038 3062 3148 3108; x_wconf 87' lang='lat' dir='ltr'>ar·</span> 
     </span>
     <span class='ocr_line' id='line_1_32' title="bbox 620 3125 3140 3210; baseline 0.001 -16"><span class='ocrx_word' id='word_1_283' title='bbox 620 3137 719 3194; x_wconf 89' lang='lat' dir='ltr'>tes</span> <span class='ocrx_word' id='word_1_284' title='bbox 768 3146 998 3194; x_wconf 88' lang='lat' dir='ltr'>secum</span> <span class='ocrx_word' id='word_1_285' title='bbox 1047 3125 1695 3210; x_wconf 83' lang='lat' dir='ltr'>exercitationesque</span> <span class='ocrx_word' id='word_1_286' title='bbox 1728 3125 2086 3203; x_wconf 88' lang='lat' dir='ltr'>virtutum,</span> <span class='ocrx_word' id='word_1_287' title='bbox 2139 3145 2333 3194; x_wconf 88' lang='lat' dir='ltr'>arma</span> <span class='ocrx_word' id='word_1_288' title='bbox 2382 3125 2540 3196; x_wconf 85' lang='lat' dir='ltr'>fidei</span> <span class='ocrx_word' id='word_1_289' title='bbox 2639 3149 2752 3197; x_wconf 87' lang='lat' dir='ltr'>rae</span> <span class='ocrx_word' id='word_1_290' title='bbox 2786 3150 2856 3196; x_wconf 91' lang='lat' dir='ltr'>se</span> <span class='ocrx_word' id='word_1_291' title='bbox 2891 3126 3140 3198; x_wconf 86' lang='lat' dir='ltr'>ferens.</span> 
     </span>
     <span class='ocr_line' id='line_1_33' title="bbox 620 3212 3153 3300; baseline 0.002 -18"><span class='ocrx_word' id='word_1_292' title='bbox 620 3218 698 3282; x_wconf 91' lang='lat' dir='ltr'>In</span> <span class='ocrx_word' id='word_1_293' title='bbox 748 3212 864 3282; x_wconf 91' lang='lat' dir='ltr'>illo</span> <span class='ocrx_word' id='word_1_294' title='bbox 914 3234 1067 3282; x_wconf 83' lang='lat' dir='ltr'>mox</span> <span class='ocrx_word' id='word_1_295' title='bbox 1118 3214 1272 3282; x_wconf 88' lang='lat' dir='ltr'>novi</span> <span class='ocrx_word' id='word_1_296' title='bbox 1319 3215 1467 3284; x_wconf 84' lang='lat' dir='ltr'>e‘us</span> <span class='ocrx_word' id='word_1_297' title='bbox 1515 3215 1797 3285; x_wconf 89' lang='lat' dir='ltr'>comites</span> <span class='ocrx_word' id='word_1_298' title='bbox 1844 3214 2156 3283; x_wconf 89' lang='lat' dir='ltr'>viderant</span> <span class='ocrx_word' id='word_1_299' title='bbox 2200 3226 2265 3282; x_wconf 91' lang='lat' dir='ltr'>et</span> <span class='ocrx_word' id='word_1_300' title='bbox 2310 3215 2490 3300; x_wconf 90' lang='lat' dir='ltr'>quod</span> <span class='ocrx_word' id='word_1_301' title='bbox 2545 3215 2585 3285; x_wconf 92' lang='lat' dir='ltr'>b</span> <span class='ocrx_word' id='word_1_302' title='bbox 2617 3216 3050 3298; x_wconf 84' lang='lat' dir='ltr'>audiebatur,</span> <span class='ocrx_word' id='word_1_303' title='bbox 3085 3228 3153 3286; x_wconf 89' lang='lat' dir='ltr'>et</span> 
     </span>
     <span class='ocr_line' id='line_1_34' title="bbox 626 3301 3153 3396; baseline 0.001 -24"><span class='ocrx_word' id='word_1_304' title='bbox 626 3301 810 3390; x_wconf 91' lang='lat' dir='ltr'>quod</span> <span class='ocrx_word' id='word_1_305' title='bbox 865 3302 1175 3372; x_wconf 80' lang='lat' dir='ltr'>terrebat.</span> <span class='ocrx_word' id='word_1_306' title='bbox 1220 3303 1359 3373; x_wconf 84' lang='lat' dir='ltr'>Afl&#39;a</span> <span class='ocrx_word' id='word_1_307' title='bbox 1410 3303 1567 3373; x_wconf 84' lang='lat' dir='ltr'>ilem</span> <span class='ocrx_word' id='word_1_308' title='bbox 1623 3325 1919 3389; x_wconf 85' lang='lat' dir='ltr'>namque</span> <span class='ocrx_word' id='word_1_309' title='bbox 1967 3325 2038 3372; x_wconf 90' lang='lat' dir='ltr'>se</span> <span class='ocrx_word' id='word_1_310' title='bbox 2077 3302 2271 3372; x_wconf 91' lang='lat' dir='ltr'>valde</span> <span class='ocrx_word' id='word_1_311' title='bbox 2301 3317 2367 3372; x_wconf 91' lang='lat' dir='ltr'>et</span> <span class='ocrx_word' id='word_1_312' title='bbox 2405 3304 2635 3373; x_wconf 86' lang='lat' dir='ltr'>mitem</span> <span class='ocrx_word' id='word_1_313' title='bbox 2692 3306 3028 3396; x_wconf 89' lang='lat' dir='ltr'>praebuit,</span> <span class='ocrx_word' id='word_1_314' title='bbox 3087 3318 3153 3375; x_wconf 88' lang='lat' dir='ltr'>et</span> 
     </span>
     <span class='ocr_line' id='line_1_35' title="bbox 618 3390 3152 3483; baseline 0.001 -21"><span class='ocrx_word' id='word_1_315' title='bbox 618 3414 780 3462; x_wconf 92' lang='lat' dir='ltr'>cum</span> <span class='ocrx_word' id='word_1_316' title='bbox 810 3390 963 3479; x_wconf 88' lang='lat' dir='ltr'>ejus</span> <span class='ocrx_word' id='word_1_317' title='bbox 1010 3391 1421 3462; x_wconf 91' lang='lat' dir='ltr'>industriam</span> <span class='ocrx_word' id='word_1_318' title='bbox 1474 3392 1542 3461; x_wconf 87' lang='lat' dir='ltr'>in</span> <span class='ocrx_word' id='word_1_319' title='bbox 1593 3392 1879 3483; x_wconf 89' lang='lat' dir='ltr'>agendis</span> <span class='ocrx_word' id='word_1_320' title='bbox 1929 3392 2098 3460; x_wconf 90' lang='lat' dir='ltr'>nihil</span> <span class='ocrx_word' id='word_1_321' title='bbox 2148 3392 2494 3482; x_wconf 82' lang='lat' dir='ltr'>effugeret,</span> <span class='ocrx_word' id='word_1_322' title='bbox 2538 3394 2888 3481; x_wconf 82' lang='lat' dir='ltr'>requisivit</span> <span class='ocrx_word' id='word_1_323' title='bbox 2920 3405 3152 3464; x_wconf 89' lang='lat' dir='ltr'>tamen</span> 
     </span>
     <span class='ocr_line' id='line_1_36' title="bbox 620 3480 3156 3572; baseline 0.001 -22"><span class='ocrx_word' id='word_1_324' title='bbox 620 3480 1103 3569; x_wconf 88' lang='lat' dir='ltr'>undecumque</span> <span class='ocrx_word' id='word_1_325' title='bbox 1149 3480 1484 3552; x_wconf 89' lang='lat' dir='ltr'>solicitius</span> <span class='ocrx_word' id='word_1_326' title='bbox 1531 3482 1699 3569; x_wconf 89' lang='lat' dir='ltr'>quid</span> <span class='ocrx_word' id='word_1_327' title='bbox 1733 3481 2077 3572; x_wconf 86' lang='lat' dir='ltr'>agendum</span> <span class='ocrx_word' id='word_1_328' title='bbox 2132 3481 2263 3551; x_wconf 90' lang='lat' dir='ltr'>sibi</span> <span class='ocrx_word' id='word_1_329' title='bbox 2310 3494 2508 3562; x_wconf 87' lang='lat' dir='ltr'>esset,</span> <span class='ocrx_word' id='word_1_330' title='bbox 2555 3482 2811 3568; x_wconf 90' lang='lat' dir='ltr'>quibus</span> <span class='ocrx_word' id='word_1_331' title='bbox 2867 3505 3156 3553; x_wconf 84' lang='lat' dir='ltr'>consue-</span> 
     </span>
     <span class='ocr_line' id='line_1_37' title="bbox 626 3570 3156 3662; baseline 0 -21"><span class='ocrx_word' id='word_1_332' title='bbox 626 3571 987 3641; x_wconf 83' lang='lat' dir='ltr'>tudinibus</span> <span class='ocrx_word' id='word_1_333' title='bbox 1044 3571 1243 3640; x_wconf 85' lang='lat' dir='ltr'>inniti</span> <span class='ocrx_word' id='word_1_334' title='bbox 1293 3571 1663 3642; x_wconf 90' lang='lat' dir='ltr'>debuisset.</span> <span class='ocrx_word' id='word_1_335' title='bbox 1720 3576 1874 3640; x_wconf 86' lang='lat' dir='ltr'>Erat</span> <span class='ocrx_word' id='word_1_336' title='bbox 1911 3571 1973 3638; x_wconf 91' lang='lat' dir='ltr'>ei</span> <span class='ocrx_word' id='word_1_337' title='bbox 2018 3570 2333 3639; x_wconf 90' lang='lat' dir='ltr'>comitate</span> <span class='ocrx_word' id='word_1_338' title='bbox 2371 3570 2643 3640; x_wconf 84' lang='lat' dir='ltr'>condita</span> <span class='ocrx_word' id='word_1_339' title='bbox 2685 3573 3005 3662; x_wconf 84' lang='lat' dir='ltr'>gravitaS,</span> <span class='ocrx_word' id='word_1_340' title='bbox 3063 3573 3156 3641; x_wconf 87' lang='lat' dir='ltr'>ita</span> 
     </span>
     <span class='ocr_line' id='line_1_38' title="bbox 626 3658 3160 3753; baseline 0.001 -25"><span class='ocrx_word' id='word_1_341' title='bbox 626 3660 1003 3730; x_wconf 88' lang='lat' dir='ltr'>confluenti</span> <span class='ocrx_word' id='word_1_342' title='bbox 1051 3658 1289 3730; x_wconf 90' lang='lat' dir='ltr'>turbae</span> <span class='ocrx_word' id='word_1_343' title='bbox 1324 3660 1668 3730; x_wconf 87' lang='lat' dir='ltr'>modicum</span> <span class='ocrx_word' id='word_1_344' title='bbox 1719 3659 1985 3738; x_wconf 79' lang='lat' dir='ltr'>hilaris,</span> <span class='ocrx_word' id='word_1_345' title='bbox 2023 3670 2087 3728; x_wconf 88' lang='lat' dir='ltr'>et</span> <span class='ocrx_word' id='word_1_346' title='bbox 2181 3681 2255 3728; x_wconf 90' lang='lat' dir='ltr'>er</span> <span class='ocrx_word' id='word_1_347' title='bbox 2279 3660 2513 3728; x_wconf 87' lang='lat' dir='ltr'>omnia</span> <span class='ocrx_word' id='word_1_348' title='bbox 2561 3660 2897 3731; x_wconf 89' lang='lat' dir='ltr'>mirabilis</span> <span class='ocrx_word' id='word_1_349' title='bbox 2944 3685 3160 3753; x_wconf 88' lang='lat' dir='ltr'>appa·</span> 
     </span>
     <span class='ocr_line' id='line_1_39' title="bbox 622 3748 3157 3850; baseline 0.001 -32"><span class='ocrx_word' id='word_1_350' title='bbox 622 3750 835 3819; x_wconf 85' lang='lat' dir='ltr'>rebat.</span> <span class='ocrx_word' id='word_1_351' title='bbox 874 3755 1160 3820; x_wconf 87' lang='lat' dir='ltr'>Ventum</span> <span class='ocrx_word' id='word_1_352' title='bbox 1205 3761 1305 3819; x_wconf 67' lang='lat' dir='ltr'>est</span> <span class='ocrx_word' id='word_1_353' title='bbox 1336 3749 1418 3818; x_wconf 89' lang='lat' dir='ltr'>ad</span> <span class='ocrx_word' id='word_1_354' title='bbox 1456 3749 1988 3821; x_wconf 87' lang='lat' dir='ltr'>sacratissimam</span> <span class='ocrx_word' id='word_1_355' title='bbox 2041 3770 2110 3818; x_wconf 88' lang='lat' dir='ltr'>se</span> <span class='ocrx_word' id='word_1_356' title='bbox 2162 3770 2294 3830; x_wconf 87' lang='lat' dir='ltr'>em,</span> <span class='ocrx_word' id='word_1_357' title='bbox 2348 3748 2511 3818; x_wconf 89' lang='lat' dir='ltr'>huic</span> <span class='ocrx_word' id='word_1_358' title='bbox 2545 3750 2658 3850; x_wconf 88' lang='lat' dir='ltr'>pio</span> <span class='ocrx_word' id='word_1_359' title='bbox 2696 3751 3027 3841; x_wconf 90' lang='lat' dir='ltr'>provisori</span> <span class='ocrx_word' id='word_1_360' title='bbox 3065 3751 3157 3820; x_wconf 90' lang='lat' dir='ltr'>ab</span> 
     </span>
     <span class='ocr_line' id='line_1_40' title="bbox 621 3839 3164 3930; baseline 0 -22"><span class='ocrx_word' id='word_1_361' title='bbox 621 3839 1091 3930; x_wconf 90' lang='lat' dir='ltr'>omnipotente</span> <span class='ocrx_word' id='word_1_362' title='bbox 1141 3839 1424 3908; x_wconf 91' lang='lat' dir='ltr'>Domino</span> <span class='ocrx_word' id='word_1_363' title='bbox 1474 3849 1630 3908; x_wconf 91' lang='lat' dir='ltr'>ante</span> <span class='ocrx_word' id='word_1_364' title='bbox 1680 3850 1984 3930; x_wconf 90' lang='lat' dir='ltr'>tempora</span> <span class='ocrx_word' id='word_1_365' title='bbox 2020 3851 2614 3930; x_wconf 86' lang='lat' dir='ltr'>praeparatam‚1n</span> <span class='ocrx_word' id='word_1_366' title='bbox 2663 3839 2813 3929; x_wconf 88' lang='lat' dir='ltr'>ipso</span> <span class='ocrx_word' id='word_1_367' title='bbox 2853 3853 3164 3930; x_wconf 86' lang='lat' dir='ltr'>tempore</span> 
     </span>
     <span class='ocr_line' id='line_1_41' title="bbox 631 3927 3162 4018; baseline 0.001 -23"><span class='ocrx_word' id='word_1_368' title='bbox 631 3940 1155 4018; x_wconf 88' lang='lat' dir='ltr'>praesentatam.</span> <span class='ocrx_word' id='word_1_369' title='bbox 1212 3933 1455 3998; x_wconf 89' lang='lat' dir='ltr'>Factus</span> <span class='ocrx_word' id='word_1_370' title='bbox 1516 3940 1617 3998; x_wconf 89' lang='lat' dir='ltr'>est</span> <span class='ocrx_word' id='word_1_371' title='bbox 1665 3949 2042 3997; x_wconf 86' lang='lat' dir='ltr'>concursus</span> <span class='ocrx_word' id='word_1_372' title='bbox 2090 3927 2335 4017; x_wconf 88' lang='lat' dir='ltr'>ingens</span> <span class='ocrx_word' id='word_1_373' title='bbox 2391 3927 2653 4017; x_wconf 88' lang='lat' dir='ltr'>populi,</span> <span class='ocrx_word' id='word_1_374' title='bbox 2698 3928 2967 3997; x_wconf 85' lang='lat' dir='ltr'>infinita</span> <span class='ocrx_word' id='word_1_375' title='bbox 3021 3942 3162 3998; x_wconf 83' lang='lat' dir='ltr'>tre-</span> 
     </span>
     <span class='ocr_line' id='line_1_42' title="bbox 629 4015 3163 4108; baseline 0.001 -25"><span class='ocrx_word' id='word_1_376' title='bbox 629 4015 892 4107; x_wconf 82' lang='lat' dir='ltr'>pidatio</span> <span class='ocrx_word' id='word_1_377' title='bbox 940 4017 1162 4108; x_wconf 92' lang='lat' dir='ltr'>vulgi:</span> <span class='ocrx_word' id='word_1_378' title='bbox 1218 4018 1413 4087; x_wconf 91' lang='lat' dir='ltr'>novis</span> <span class='ocrx_word' id='word_1_379' title='bbox 1460 4016 1735 4108; x_wconf 86' lang='lat' dir='ltr'>gaudiis</span> <span class='ocrx_word' id='word_1_380' title='bbox 1791 4016 2112 4087; x_wconf 84' lang='lat' dir='ltr'>exultavit</span> <span class='ocrx_word' id='word_1_381' title='bbox 2166 4016 2428 4087; x_wconf 89' lang='lat' dir='ltr'>civitas.</span> <span class='ocrx_word' id='word_1_382' title='bbox 2482 4015 2714 4087; x_wconf 86' lang='lat' dir='ltr'>Clerus</span> <span class='ocrx_word' id='word_1_383' title='bbox 2772 4039 2849 4086; x_wconf 80' lang='lat' dir='ltr'>ex</span> <span class='ocrx_word' id='word_1_384' title='bbox 2916 4039 3163 4086; x_wconf 85' lang='lat' dir='ltr'>mona-</span> 
     </span>
     <span class='ocr_line' id='line_1_43' title="bbox 632 4105 3165 4188; baseline 0 -11"><span class='ocrx_word' id='word_1_385' title='bbox 632 4105 859 4177; x_wconf 90' lang='lat' dir='ltr'>steriis</span> <span class='ocrx_word' id='word_1_386' title='bbox 914 4106 1252 4188; x_wconf 76' lang='lat' dir='ltr'>convenit,</span> <span class='ocrx_word' id='word_1_387' title='bbox 1319 4106 1944 4176; x_wconf 86' lang='lat' dir='ltr'>sanctimonialium</span> <span class='ocrx_word' id='word_1_388' title='bbox 2015 4105 2383 4175; x_wconf 90' lang='lat' dir='ltr'>multitudo</span> <span class='ocrx_word' id='word_1_389' title='bbox 2427 4105 2803 4176; x_wconf 89' lang='lat' dir='ltr'>concurrit:</span> <span class='ocrx_word' id='word_1_390' title='bbox 2855 4106 3165 4178; x_wconf 89' lang='lat' dir='ltr'>conditio</span> 
     </span>
     <span class='ocr_line' id='line_1_44' title="bbox 630 4193 3164 4287; baseline 0.001 -25"><span class='ocrx_word' id='word_1_391' title='bbox 630 4194 974 4281; x_wconf 88' lang='lat' dir='ltr'>quaelibet</span> <span class='ocrx_word' id='word_1_392' title='bbox 1013 4208 1078 4264; x_wconf 92' lang='lat' dir='ltr'>et</span> <span class='ocrx_word' id='word_1_393' title='bbox 1125 4217 1327 4264; x_wconf 89' lang='lat' dir='ltr'>sexus</span> <span class='ocrx_word' id='word_1_394' title='bbox 1376 4209 1659 4283; x_wconf 89' lang='lat' dir='ltr'>uterque</span> <span class='ocrx_word' id='word_1_395' title='bbox 1694 4194 1851 4287; x_wconf 91' lang='lat' dir='ltr'>plus</span> <span class='ocrx_word' id='word_1_396' title='bbox 1879 4193 2075 4264; x_wconf 91' lang='lat' dir='ltr'>solito</span> <span class='ocrx_word' id='word_1_397' title='bbox 2109 4193 2191 4264; x_wconf 89' lang='lat' dir='ltr'>ad</span> <span class='ocrx_word' id='word_1_398' title='bbox 2229 4193 2482 4285; x_wconf 89' lang='lat' dir='ltr'>gaudia</span> <span class='ocrx_word' id='word_1_399' title='bbox 2514 4208 3000 4265; x_wconf 88' lang='lat' dir='ltr'>convenerunt.</span> <span class='ocrx_word' id='word_1_400' title='bbox 3034 4201 3164 4265; x_wconf 88' lang='lat' dir='ltr'>Ec-</span> 
     </span>
     <span class='ocr_line' id='line_1_45' title="bbox 629 4282 3157 4374; baseline 0.001 -21"><span class='ocrx_word' id='word_1_401' title='bbox 629 4283 840 4354; x_wconf 89' lang='lat' dir='ltr'>clesia</span> <span class='ocrx_word' id='word_1_402' title='bbox 887 4284 1061 4353; x_wconf 88' lang='lat' dir='ltr'>laeta</span> <span class='ocrx_word' id='word_1_403' title='bbox 1109 4284 1365 4374; x_wconf 92' lang='lat' dir='ltr'>prolem</span> <span class='ocrx_word' id='word_1_404' title='bbox 1402 4306 1601 4355; x_wconf 92' lang='lat' dir='ltr'>suam</span> <span class='ocrx_word' id='word_1_405' title='bbox 1646 4285 1703 4367; x_wconf 77' lang='lat'>*,</span> <span class='ocrx_word' id='word_1_406' title='bbox 1742 4284 2069 4355; x_wconf 89' lang='lat' dir='ltr'>maternis</span> <span class='ocrx_word' id='word_1_407' title='bbox 2115 4287 2395 4354; x_wconf 74' lang='lat' dir='ltr'>eatenus</span> <span class='ocrx_word' id='word_1_408' title='bbox 2442 4282 2757 4354; x_wconf 87' lang='lat' dir='ltr'>lactatam</span> <span class='ocrx_word' id='word_1_409' title='bbox 2793 4283 3157 4370; x_wconf 77' lang='lat' dir='ltr'>uberibuS,</span> 
     </span>
     <span class='ocr_line' id='line_1_46' title="bbox 621 4371 3156 4464; baseline 0 -22"><span class='ocrx_word' id='word_1_410' title='bbox 621 4373 767 4463; x_wconf 90' lang='lat' dir='ltr'>jam</span> <span class='ocrx_word' id='word_1_411' title='bbox 803 4373 874 4441; x_wconf 92' lang='lat' dir='ltr'>in</span> <span class='ocrx_word' id='word_1_412' title='bbox 904 4373 1146 4442; x_wconf 85' lang='lat' dir='ltr'>Christi</span> <span class='ocrx_word' id='word_1_413' title='bbox 1182 4373 1397 4464; x_wconf 68' lang='lat' dir='ltr'>gratia</span> <span class='ocrx_word' id='word_1_414' title='bbox 1422 4373 1754 4455; x_wconf 90' lang='lat' dir='ltr'>adultam,</span> <span class='ocrx_word' id='word_1_415' title='bbox 1800 4374 1867 4443; x_wconf 91' lang='lat' dir='ltr'>in</span> <span class='ocrx_word' id='word_1_416' title='bbox 1893 4373 2003 4443; x_wconf 93' lang='lat' dir='ltr'>die</span> <span class='ocrx_word' id='word_1_417' title='bbox 2031 4384 2253 4443; x_wconf 88' lang='lat' dir='ltr'>tantae</span> <span class='ocrx_word' id='word_1_418' title='bbox 2283 4371 2731 4443; x_wconf 88' lang='lat' dir='ltr'>solemnitatis</span> <span class='ocrx_word' id='word_1_419' title='bbox 2762 4372 3156 4455; x_wconf 86' lang='lat' dir='ltr'>ablactavit,</span> 
     </span>
    </p>
   </div>
   <div class='ocr_carea' id='block_1_3' title="bbox 677 4492 2166 4543">
    <p class='ocr_par' dir='ltr' id='par_1_5' title="bbox 677 4492 2166 4543">
     <span class='ocr_line' id='line_1_47' title="bbox 677 4492 2166 4543; baseline 0 -10"><span class='ocrx_word' id='word_1_420' title='bbox 677 4492 703 4518; x_wconf 66' lang='lat'>¹*</span> <span class='ocrx_word' id='word_1_421' title='bbox 731 4492 967 4535; x_wconf 67' lang='lat' dir='ltr'>Ecclesiae</span> <span class='ocrx_word' id='word_1_422' title='bbox 988 4502 1094 4533; x_wconf 82' lang='lat' dir='ltr'>cum</span> <span class='ocrx_word' id='word_1_423' title='bbox 1114 4494 1263 4533; x_wconf 79' lang='lat' dir='ltr'>matre</span> <span class='ocrx_word' id='word_1_424' title='bbox 1281 4501 1421 4542; x_wconf 76' lang='lat' dir='ltr'>quam</span> <span class='ocrx_word' id='word_1_425' title='bbox 1442 4493 1601 4543; x_wconf 77' lang='lat' dir='ltr'>proles</span> <span class='ocrx_word' id='word_1_426' title='bbox 1618 4493 1844 4536; x_wconf 68' lang='lat' dir='ltr'>laetificat</span> <span class='ocrx_word' id='word_1_427' title='bbox 1863 4494 2166 4543; x_wconf 72' lang='lat' dir='ltr'>comparatio.</span> 
     </span>
    </p>
   </div>
  </div>
 </body>
</html>
