3327 4999
682 307 813 377 122
1491 324 1572 372 m:
1618 324 1677 371 s.
1730 321 2044 380 cancomo
2092 324 2255 371 rarii
2777 302 3020 370 MART.
3071 302 3144 370 li

993 406 1156 469 Ante
1195 404 1400 468 Deum
1441 403 1687 486 praesul
1731 418 1857 465 non
1899 404 2046 478 erit,
2091 403 2283 468 immo
2326 418 2535 483 pecuS.

909 485 1071 548 Hinc
1112 484 1423 548 Psalmista
1465 483 1631 546 canit
1673 481 1992 548 hominem
2047 481 2320 545 similare
2357 481 2604 546 caballis

992 564 1298 640 ignavum
1338 561 1562 635 stultiS,
1605 561 1712 641 qui
1758 560 1873 624 sub
1915 562 2154 625 honore
2197 562 2375 640 perit.

915 642 1304 704 Nocturnum
1344 640 1626 705 dedimus
1667 645 1905 715 sancto,
1950 649 2316 720 cantumque
2351 638 2680 717 diurnum,

997 719 1390 785 Carminibus
1431 721 1669 783 clarum
1710 720 2220 799 concinimusque
2263 719 2498 780 virum.

918 799 1126 863 Redde
1153 802 1358 864 vicem
1385 800 1673 878 scriptor,
1701 813 1950 862 serva-iis
1977 796 2129 874 cola,
2157 804 2480 873 commata,
2511 805 2764 880 puncta,

999 880 1091 943 Ne
1131 886 1238 942 tua
1278 880 1651 942 mendosum
1696 877 1921 958 pagina
1964 887 2167 940 servet
2208 893 2379 957 opus,

914 957 1237 1020 Dissimilis
1277 957 1511 1021 cunctis
1549 972 1698 1031 vox,
1742 956 1974 1029 vultum,
2022 958 2169 1031 vita,
2214 956 2524 1032 voluntas,

995 1037 1169 1100 Mens
1210 1037 1437 1101 sociata
1478 1036 1684 1111 boniS,
1728 1034 2044 1098 dissociata
2085 1035 2281 1099 malis,

922 1115 1164 1178 Ludere
1203 1131 1305 1178 me
1346 1115 1530 1178 libuit
1567 1114 1886 1177 variabilis
1928 1114 2151 1177 ordine
2190 1113 2416 1193 campi,

1001 1195 1327 1273 Postquam
1371 1209 1544 1273 prosa
1589 1195 1776 1271 rugit,
1823 1192 1989 1257 Musa
2027 1193 2226 1271 jocosa
2268 1193 2454 1256 redit.

921 1274 1084 1337 Haec
1125 1274 1278 1336 milii
1331 1279 1399 1335 tu
1444 1271 1667 1335 tribuis
1706 1271 1918 1335 doctor
1956 1273 2221 1352 pretiose
2262 1270 2552 1349 Gregofi,

997 1351 1111 1425 Qui
1155 1352 1311 1415 bona
1353 1351 1460 1414 das
1502 1351 1768 1425 ramuliS‚
1812 1351 1919 1413 sed
1959 1352 2122 1416 mala
2174 1351 2343 1413 nulla
2384 1351 2523 1413 tuis.

918 1430 1194 1495 Vestitus
1234 1432 1428 1510 coepi,
1472 1431 1679 1494 nudus
1722 1437 1827 1492 tua
1870 1432 2083 1493 munia
2126 1430 2281 1505 dixi,

1000 1510 1191 1574 Indue
1234 1526 1334 1572 me
1377 1511 1577 1583 sactis,
1622 1508 2080 1589 velleribusque
2124 1509 2267 1571 tuiS.

915 1587 995 1650 Ut
1023 1589 1166 1667 quia
1208 1589 1487 1652 mortalis
1528 1590 1752 1651 desunt
1793 1588 2158 1651 commercia
2200 1588 2425 1664 carnis,

996 1669 1079 1730 Da
1124 1668 1280 1730 mihi
1323 1668 1439 1732 sub
1481 1667 1740 1748 pedibus
1780 1677 1950 1747 posse
1985 1668 2191 1746 jacere
2236 1669 2382 1730 tuis,

1279 1888 1391 1966 IN
1451 1887 1795 1967 VITAM
1847 1887 1924 1966 S.
1985 1883 2500 1966 GREGORII

1069 2067 1112 2112 A
1144 2066 1217 2113 SE
1247 2063 1484 2113 amun
1511 2066 1778 2114 JOANNIS
1809 2063 2065 2114 nlAcoNI
2096 2063 2339 2112 nomm
2370 2062 2696 2113 PROLOGUS

997 2168 1078 2215 Ex
1124 2166 1440 2216 nmmum.
1496 2166 1808 2226 varicum
1853 2167 1930 2213 m·
1976 2165 2333 2214 VBTUS’I'ISS.
2386 2166 2492 2213 HS.
2545 2164 2767 2216 comen

688 2337 1091 2409 Beatissimo
1138 2359 1219 2407 ac
1288 2336 1690 2408 felicissimo
1756 2336 2039 2408 domino
2083 2337 2341 2407 Joanni
2366 2389 2383 2419 ‚
2453 2348 2734 2408 sanctae
2783 2336 3150 2408 Catholicae

600 2426 1024 2517 Apostolicae
1071 2431 1422 2496 Romanae
1469 2424 1811 2495 Ecclesiae
1856 2424 2208 2508 Praesuli,
2261 2431 2569 2496 Joannes
2633 2425 2933 2498 ultimus
2979 2424 3148 2496 Levi·-

604 2526 917 2694 tmliliilper
961 2601 1050 2672 ad
1097 2601 1374 2693 vigilias
1431 2601 1616 2671 beati
1663 2601 1973 2702 Gregorii
2024 2601 2317 2672 Romani
2365 2602 2742 2685 PontificiS,
2786 2603 3148 2694 Anglorum

488 2764 501 2776 ,
601 2690 866 2762 scilicet
932 2690 1157 2781 gentis
1221 2689 1569 2779 Apostoli,
1639 2694 1955 2761 Lectione
2027 2689 2115 2760 de
2172 2690 2463 2761 Paulino
2511 2691 2810 2762 civitatis
2872 2690 3149 2762 Nolanae

598 2778 919 2869 praesule
966 2777 1632 2849 consuetudinaliter
1680 2791 2133 2869 personante,
2200 2779 2394 2850 visus
2440 2802 2513 2850 es
2561 2802 2602 2849 a
2650 2780 3148 2850 venerabilibus

598 2866 959 2956 Episcopis
1022 2865 1258 2935 divino
1327 2866 1629 2966 quodam
1709 2866 2046 2937 instinctu
2102 2878 2492 2938 commotus
2561 2866 2964 2954 requirere,
3040 2886 3150 2935 cur

603 2964 839 3024 tantus
896 2952 1200 3023 Pontifex
1251 2974 1372 3039 qui
1414 2954 1796 3024 multorum
1852 2966 2251 3025 sanctorum
2299 2955 2473 3025 vitas
2529 2966 2889 3037 texuerat,
2960 2951 3149 3046 gestis

601 3040 905 3132 propriis
945 3040 1017 3109 in
1067 3042 1349 3132 propria
1385 3041 1743 3113 dumtaxat
1779 3042 2071 3114 ecclesia
2116 3044 2495 3114 caruisset:
2548 3043 2959 3134 praesertim
3006 3061 3148 3113 cum

598 3140 665 3199 et
709 3128 898 3219 apud
949 3132 1247 3200 Saxones
1293 3141 1359 3200 et
1405 3130 1593 3220 apud
1651 3131 2265 3221 Longobardorum
2314 3132 2448 3203 sibi
2504 3153 2791 3222 prorsus
2838 3129 3146 3203 infensis·

601 3216 850 3286 simam
924 3229 1197 3308 gentem
1229 3272 1246 3300 ,
1325 3219 1535 3309 gestis
1608 3219 1910 3309 propriis
1957 3220 2219 3306 ubique
2290 3220 2595 3310 polleret.
2678 3223 2991 3307 Cumque
3049 3237 3147 3286 ve-

601 3304 943 3375 nerabiles
1015 3306 1337 3397 Episcopi
1407 3307 1533 3376 has
1603 3306 1691 3377 ab
1756 3307 2069 3395 utrisque
2138 3308 2463 3398 gentibus
2532 3307 2774 3377 haberi
2830 3307 3145 3395 quidem,

602 3392 722 3463 sed
771 3394 1464 3483 compendiosissime
1496 3451 1512 3478 ‚
1565 3396 2085 3485 responderent,
2159 3417 2384 3465 meam
2433 3416 2711 3484 quoque
2760 3396 3148 3486 parvitatem

599 3482 1063 3565 consciscenS‚
1117 3504 1565 3573 praeceperas
1610 3495 1690 3553 ut
1715 3483 1924 3553 vitam
1964 3483 2188 3572 ipsius
2234 3483 2321 3553 de
2354 3483 2611 3555 scrinio
2658 3495 2940 3555 sanctae
2973 3477 3149 3553 Sedis

597 3569 1024 3659 Apostolicae
1065 3582 1250 3641 tanto
1297 3571 1597 3662 plenius,
1655 3583 1917 3659 quanto
1962 3583 2027 3641 et
2075 3572 2331 3643 certius
2377 3594 2661 3663 carpere
2708 3571 3145 3643 studuissem.

602 3658 731 3728 Sed
780 3658 950 3728 dum
998 3681 1126 3761 ego
1176 3660 1495 3761 propriae
1543 3659 1829 3729 inertiae
1875 3660 2222 3740 consciuS,
2270 3680 2380 3728 me
2432 3660 2607 3730 meis
2657 3660 3032 3751 prioribus,
3078 3674 3149 3755 ac

600 3767 726 3836 per
756 3746 886 3817 hoc
927 3748 1464 3839 sapientioribus
1513 3747 1636 3835 qui
1684 3748 1894 3818 vitain
1941 3748 2118 3838 ejus,
2176 3747 2337 3817 licet
2382 3747 2701 3830 breviter,
2756 3760 2988 3818 tamen
3034 3762 3150 3902 ¹pio

598 3846 875 3917 conatu,
932 3837 1545 3927 pulcherrimoque
1591 3835 1770 3925 stylo
1817 3835 2351 3927 descripserant,
2383 3835 2695 3906 conferre
2736 3837 3013 3926 penitus
3080 3854 3150 3901 u·

597 3922 916 4004 bitarem,
972 3924 1351 3996 identidem
1392 3922 1709 4013 jubendo
1741 3924 2179 3995 vehementer
2206 3924 2522 3996 hortatus
2553 3946 2649 4004 es,
2685 3935 2764 3995 ut
2810 3929 3147 3995 Romanae

603 4011 797 4082 Sedis
845 4013 1271 4095 Pontificem,
1323 4011 1640 4103 ejusdem
1703 4012 1888 4084 sedis
1953 4012 2302 4084 Praesulis
2363 4013 2771 4083 auctoritate
2818 4008 3152 4107 describe·
3234 4024 3239 4091 1

598 4121 743 4170 rem
773 4124 788 4169 :
842 4101 958 4171 cui
996 4107 1171 4171 Deus
1218 4100 1659 4191 omnipotens
1693 4100 2216 4191 probandorum
2243 4122 2369 4172 seu
2405 4099 2966 4192 repellendorum
2994 4116 3151 4168 scri·
3238 4128 3239 4143 κ

599 4200 881 4279 ptorum
927 4188 1247 4260 omnium
1295 4188 1670 4279 specialem
1718 4188 1982 4259 dederit
2037 4188 2498 4279 proculdubio
2547 4199 2973 4280 potestatem.
3024 4190 3148 4254 lta·

598 4297 734 4361 que
782 4289 921 4346 tam
954 4275 1348 4366 imperiosis
1378 4277 1908 4348 auctoritatibus
1938 4276 2217 4346 tandem
2250 4277 2682 4366 compulsuS,
2720 4277 2830 4348 vix
2856 4274 3149 4368 primum

599 4363 860 4434 librum
909 4364 1369 4455 Gregorianae
1414 4365 1591 4435 vitae
1619 4365 2152 4457 compleveram,
2186 4366 2469 4454 quando
2503 4365 2692 4437 hunc
2726 4365 2799 4435 in
2846 4360 3145 4456 ejusdem
