3327 4999
164 310 399 376 MART.
453 310 499 374 3
899 329 976 375 ne
1030 330 1084 377 s.
1138 328 1565 376 caunacmvna
1611 329 1745 375 nn».
1801 327 1970 375 vmc.
2554 310 2637 374 33

165 414 519 503 reciperet.
564 411 724 483 Tale
772 413 976 483 etiam
1011 413 1345 500 quiddam
1388 414 1457 481 in
1492 425 1675 484 veste
1706 413 1888 481 beati
1924 413 2165 481 Goaris
2203 411 2584 498 aliquando
2624 412 2734 479 di-

166 501 303 571 vina
342 502 605 572 virtute
639 514 992 571 ostensum
1044 502 1255 571 fuisse
1305 501 1580 593 legitur:
1626 502 1749 589 qui
1783 500 1954 571 dum
1996 523 2037 570 a
2069 500 2230 571 sede
2267 500 2533 570 Rustici
2574 506 2736 569 Tre-

166 592 465 660 verensis
537 590 886 681 pontificis
952 590 1335 680 despicitur
1369 645 1383 670 ,
1450 613 1490 659 a
1539 611 1818 660 summa
1868 589 2225 679 majestate
2278 612 2403 680 per
2453 589 2738 679 maj0ris

165 676 532 749 luminaris
568 678 982 747 famulatum
1020 678 1419 749 honoratur.
1461 679 1791 748 Omnium
1843 678 2076 765 itaque
2123 700 2346 768 capax
2394 691 2540 748 erat
2593 700 2737 747 me-

164 768 472 845 ritorum,
519 789 699 854 quae
721 767 1030 857 judicem
1067 780 1481 850 cunctarum
1522 766 1773 837 meruit
1808 768 2063 837 habere
2111 767 2474 836 virtutum.
2517 766 2736 849 Quin-

165 854 375 925 decim
431 857 509 924 in
561 869 800 926 sancto
850 856 1200 945 proposito
1252 855 1630 946 supervixit
1661 878 1908 937 annos,
1949 870 2084 925 tam
2125 855 2544 926 humilitatis
2579 877 2739 946 gra-

167 945 248 1012 tia
289 966 512 1030 quam
562 965 686 1035 pro
735 943 1090 1033 religionis
1143 945 1546 1027 reverentia,
1593 943 1925 1014 omnibus
1974 944 2418 1013 admiranda.

242 1036 276 1120 ξ
323 1037 421 1103 θ.
483 1032 791 1101 Tandem
834 1054 959 1132 pro
1010 1032 1227 1101 nimia
1259 1034 1575 1102 ciborum
1613 1033 2055 1113 abstinentia,
2092 1033 2426 1101 orationis
2466 1043 2532 1102 et
2560 1032 2734 1122 vigi-

167 1120 406 1191 liarum
446 1120 851 1190 incredibili
884 1122 1388 1209 perseverantia
1422 1121 1648 1212 coepit
1689 1144 1976 1210 corpore
2013 1121 2486 1211 languescere,
2526 1133 2593 1190 et
2627 1121 2737 1189 in-

166 1211 652 1299 gravescendo‚
708 1209 948 1278 morbo
998 1210 1332 1299 paulatim
1376 1210 1712 1279 deficere:
1768 1210 1886 1279 sed
1937 1210 2104 1279 dum
2146 1209 2460 1278 membra
2495 1210 2735 1278 dolore

163 1299 736 1368 contraherentur
759 1298 1078 1378 extet-im,
1118 1313 1348 1367 tamen
1381 1298 1634 1389 spiritu
1659 1298 1852 1388 (quia
1886 1298 2041 1368 laus
2067 1298 2180 1367 Dei
2209 1320 2484 1388 semper
2514 1299 2583 1367 in
2615 1320 2732 1367 ore

167 1387 351 1475 ejus)
411 1386 938 1457 confortabatur
985 1386 1301 1456 interius.
1374 1388 1669 1457 Vocabat
1717 1401 1991 1458 sanctos
2040 1386 2369 1478 angeIOS‚
2427 1409 2729 1473 quorum

166 1475 270 1545 hic
324 1477 512 1556 vita,
574 1474 715 1543 illic
771 1498 954 1543 nunc
1003 1476 1348 1546 consortio
1407 1475 1684 1545 fruitur.
1751 1474 2104 1565 Apostolos
2152 1489 2218 1545 ct
2264 1474 2719 1557 confessoreS,

166 1586 458 1650 quorum
510 1563 720 1632 fidem
774 1585 1045 1654 semper
1091 1576 1156 1633 et
1203 1564 1705 1633 confessionem
1757 1563 1999 1645 tenuit,
2039 1563 2545 1654 interpellabat.
2588 1563 2733 1633 Vir-

170 1653 403 1743 ginum
457 1652 711 1723 Christi
762 1652 830 1720 in
884 1675 1007 1721 suo
1054 1653 1243 1721 exitu
1282 1653 1617 1722 invitabat
1676 1653 1995 1731 chorum,
2048 1675 2345 1739 quarum
2417 1650 2730 1722 aemula-

173 1743 342 1810 tione
392 1742 465 1809 in
515 1762 727 1810 carne
776 1741 942 1809 dum
996 1755 1264 1831 praeter
1309 1764 1587 1811 carnem
1643 1742 1913 1822 viveret,
1971 1741 2501 1811 immaculatum
2537 1740 2732 1809 Chri-

176 1842 271 1898 sto
314 1842 836 1899 consecraverat
884 1842 1137 1899 torum:
1176 1830 1490 1899 omnium
1546 1837 1679 1898 Deo
1727 1828 2219 1899 famulantium
2271 1830 2406 1899 sibi
2456 1829 2723 1910 adesse,

178 1917 299 1987 sibi
345 1939 710 1987 occurrere
758 1919 997 1987 orabat
1042 1918 1408 1987 auxilium.
1465 1924 1653 1997 Vere,
1707 1918 1892 2004 quod
1957 1918 2293 2009 scriptum
2346 1930 2499 1999 est,
2571 1918 2734 1987 Dili-

183 2007 493 2095 gentibus
542 2012 758 2075 Deum
820 2007 1055 2075 omnia
1101 2020 1564 2096 cooperantur
1631 2008 1704 2074 in
1755 2007 2052 2075 bonum:
2130 2007 2197 2075 in
2249 2008 2443 2077 obitu
2506 2018 2733 2075 tantae

183 2094 457 2184 virginis
539 2094 839 2163 vidimus
885 2096 1440 2184 comprobatum.
1508 2094 1813 2164 Necdum
1883 2094 2206 2184 spiritum
2259 2095 2721 2173 exhalaverat,

183 2184 465 2252 necdum
543 2184 807 2252 Christo
864 2183 1165 2252 debitam
1236 2183 1629 2252 reddiderat
1700 2182 1909 2252 vitam
1948 2237 1962 2261 ,
2030 2196 2094 2252 et
2156 2185 2304 2273 ‚jam
2375 2184 2562 2252 fama
2612 2205 2729 2252 vo-

185 2269 326 2340 lans
370 2272 536 2341 tanti
591 2271 1001 2358 praenuntia
1052 2272 1326 2353 luctus,
1387 2294 1521 2341 non
1573 2284 1840 2341 tantum
1895 2284 2200 2341 sacratas
2250 2272 2555 2362 virgines
2607 2283 2728 2341 aut

185 2358 419 2429 diversi
476 2360 745 2429 ordinis
794 2360 1010 2439 virOS,
1078 2360 1195 2429 sed
1264 2375 1330 2429 et
1390 2362 1597 2430 totius
1646 2361 1842 2429 urbis
1938 2360 2187 2449 opulos
2252 2360 2338 2428 ad
2400 2361 2727 2447 exequias

187 2450 653 2540 congregabat.
737 2450 1083 2519 Sonabant
1153 2449 1450 2540 psalmi,
1505 2464 1570 2519 et
1620 2463 1829 2518 totam
1930 2471 2167 2518 omum
2205 2504 2221 2530 ,
2275 2448 2397 2537 ubi
2448 2471 2727 2520 sacrum

188 2538 663 2628 corpusculum
712 2538 781 2605 in
835 2539 1063 2607 medio
1112 2560 1323 2628 super
1368 2538 1489 2607 illo
1541 2539 1759 2609 nobili
1809 2561 1933 2608 suo
1984 2538 2213 2607 cilicio
2262 2538 2727 2628 compositum

188 2624 432 2706 fuerat,
487 2627 558 2696 in
610 2626 911 2696 sublime
958 2629 1291 2696 resonans
1340 2627 1581 2696 litania
1651 2649 1777 2718 pro
1835 2638 2125 2696 exeunte
2174 2626 2411 2694 anima
2460 2626 2730 2712 quatie-

190 2712 318 2782 bat.
368 2716 639 2784 Interim
690 2737 770 2784 ex
820 2737 1009 2784 more
1059 2716 1322 2816 regales
1364 2729 1717 2802 tamquam
1768 2714 2223 2815 Imperatrici,
2265 2737 2399 2782 non
2444 2727 2520 2783 ut
2560 2737 2732 2804 pau-

192 2803 490 2890 perculae
535 2804 876 2872 debentur
942 2825 1160 2872 sorori
1191 2858 1212 2883 ,
1270 2820 1606 2893 parantur
1651 2826 2003 2890 exequiae:
2058 2825 2269 2872 aurea
2319 2803 2566 2872 feretro
2616 2802 2738 2871 ob-

193 2890 511 2961 tendend'a
545 2891 992 2983 proferuntur
1035 2892 1409 2962 velamina:
1462 2916 1623 2962 cum
1678 2892 1796 2961 illa
1894 2892 2181 2961 allentes
2233 2892 2489 2973 vultus,
2557 2914 2736 2978 quos

190 2992 357 3058 ante,
406 2993 477 3049 ut
521 3002 776 3071 sponso
816 2982 1151 3061 veniente,
1189 2980 1400 3051 laetos
1451 2981 1740 3061 videreS‚
1778 3004 1817 3049 a
1903 2981 2026 3049 bos
2061 2993 2475 3068 retorquere,
2517 3003 2735 3049 manu

191 3067 493 3137 abnuere:
530 3093 568 3135 «
602 3070 908 3138 Amictus
960 3070 1106 3150 iste,
1143 3069 1259 3148 ait,
1303 3091 1436 3138 non
1487 3082 1590 3139 est
1637 3091 1860 3138 meus:
1898 3069 2158 3139 auferte
2191 3069 2380 3138 hinc.
2430 3075 2734 3138 Ornatus

192 3154 318 3234 hic,
369 3157 630 3227 alienus
689 3170 813 3227 est:
859 3158 1010 3227 istis
1052 3169 1319 3227 terreno
1369 3179 1648 3247 spons0‚
1704 3169 1769 3227 et
1818 3158 1927 3227 his
1973 3157 2252 3227 coelesti
2300 3180 2457 3226 sum
2508 3179 2727 3247 copu-

192 3242 339 3311 lata:
374 3247 553 3315 nuda
582 3245 667 3315 de
702 3257 894 3314 utero
932 3245 1171 3315 matris
1206 3268 1396 3315 meae
1435 3268 1712 3346 egressa
1746 3268 1927 3325 sum,
1967 3245 2156 3315 nuda
2192 3261 2489 3315 revertar
2520 3246 2718 3315 illuc:

196 3330 298 3429 liis
353 3335 634 3404 miserae
697 3335 927 3403 carnis
1003 3335 1206 3403 vilem
1258 3349 1615 3404 materiam
1669 3335 2011 3414 involvite,
2067 3348 2131 3403 et
2179 3358 2434 3424 corpus
2485 3356 2721 3403 meum

191 3433 366 3508 Juxta
410 3424 754 3493 tumulum
802 3421 1032 3491 fratris
1082 3422 1217 3492 mei
1258 3446 1336 3491 ac
1366 3424 1633 3492 domini
1683 3424 1961 3492 Henrici
2012 3424 2476 3514 ImperatoriS,
2513 3444 2718 3508 quem

204 3529 301 3606 nie
332 3525 669 3581 vocantem
726 3510 940 3591 vides),
978 3512 1047 3579 in
1103 3513 1380 3601 proprio
1428 3512 1667 3581 locello
1710 3512 2040 3602 reponite.
2085 3536 2119 3576 »
2159 3512 2276 3582 His
2297 3512 2445 3601 jam
2489 3511 2718 3591 dictis,

200 3617 264 3663 in
309 3620 578 3670 manum
631 3599 901 3669 Domini
933 3600 1257 3687 spiritum
1289 3601 1809 3680 commendanS,
1859 3601 2091 3669 carnis
2122 3599 2395 3669 sarcina
2429 3600 2722 3688 abjecta.

200 3685 275 3754 ad
318 3708 512 3759 suum
561 3687 797 3757 anima
834 3689 1155 3757 revolavit
1193 3704 1569 3770 auctorem,
1609 3701 1675 3757 et
1715 3690 1783 3757 in
1820 3689 2181 3779 antiquam
2218 3688 2726 3779 possessionem

201 3771 309 3872 diu
367 3778 795 3867 peregrinata
839 3777 1287 3856 conscendit,
1343 3778 1542 3846 terris
1593 3789 1883 3847 matrem
1935 3799 2385 3847 communem
2434 3800 2507 3845 se
2557 3775 2735 3845 ami-

200 3882 349 3932 sisse
410 3865 782 3944 flentibus,
837 3865 1048 3935 coelis
1097 3878 1329 3935 autem
1377 3867 1734 3936 concivem
1786 3869 1855 3936 in
1907 3888 2116 3936 suum
2166 3867 2596 3936 consortium
2662 3886 2737 3933 se

204 3956 561 4044 suscepisse
609 3954 1102 4044 gaudentibus.

233 4043 501 4138 .§¹⁰·
559 4048 660 4112 Ita
709 4043 990 4111 demum
1040 4064 1236 4111 sacro
1287 4042 1404 4110 illo
1452 4064 1762 4133 corpore,
1823 4043 2067 4112 feretro
2102 4043 2488 4134 suppositO,
2536 4041 2740 4112 nobi-

209 4125 357 4197 lium
403 4131 641 4200 ordine
694 4143 1085 4221 praeeunte,
1150 4130 1391 4200 multis
1441 4131 1604 4200 hinc
1666 4132 1828 4201 inde
1877 4132 2393 4202 confluentibus
2460 4131 2733 4206 turmis,

207 4236 343 4287 curn
390 4219 502 4288 illo
573 4219 708 4291 sibi
767 4242 1035 4308 semper
1086 4219 1631 4288 familiarissimo
1684 4243 2072 4311 pauperum
2131 4220 2589 4291 contubernio
2650 4219 2740 4287 ad

211 4301 409 4375 locum
465 4308 1044 4398 praedestinatum
1095 4307 1494 4397 sepulturae
1544 4308 1775 4378 felices
1824 4310 2155 4397 reliquiae
2202 4332 2426 4397 usque
2475 4308 2744 4377 delatae

209 4409 369 4464 sunt.
429 4403 598 4466 Tum
651 4419 808 4465 vero
857 4398 1131 4466 relictas
1179 4399 1438 4479 urbeS,
1496 4421 1714 4468 vacua
1769 4421 1954 4480 rura,
2009 4398 2353 4470 desolatas
2400 4398 2735 4475 civitates,

353 4509 587 4566 surius
630 4538 655 4554 -
705 4506 868 4567 Vitae
904 4505 1017 4568 88.
1052 4537 1075 4553 -
1104 4506 1234 4567 Vol.
1266 4503 1370 4567 111.
2530 4508 2564 4561 3
