3327 4999
724 301 812 366 26
1453 315 1533 362 nn
1582 315 1639 364 s.
1692 313 2060 364 cAwrrANo
2107 314 2385 367 anctuso
2849 296 3124 387 MART„
3161 296 3204 362 3

636 408 922 470 sanctus
967 395 1358 488 ingreditur
1407 404 1473 463 et
1516 394 1747 466 exciso
1808 394 2062 486 lapide,
2118 393 2518 465 habitacula
2576 394 2834 477 statuit,
2896 395 2970 464 in
3016 416 3206 483 quae

639 508 832 557 nunc
883 507 1001 587 per
1066 482 1324 554 scalam
1375 481 1575 553 valde
1640 482 1998 553 difficilem
2071 483 2452 553 scanditur.
2505 487 2725 553 Locus
2777 484 3034 553 etenim
3083 483 3207 554 ille

640 585 779 645 tam
827 571 1137 644 d1fficitis
1164 582 1268 641 est
1313 570 1400 640 ad
1450 570 1942 653 incedendum,
1992 584 2073 641 ut
2100 571 2307 641 etiam
2356 569 2519 642 seris
2569 570 2809 641 bestiis
2857 571 3027 641 illuc
3075 594 3201 642 ac-

638 661 881 733 cedere
928 661 1018 731 sit
1063 660 1282 730 labor.
1343 663 1419 728 In
1472 659 1603 729 hoc
1663 659 1813 729 loco
1860 659 2236 729 oratorium
2298 658 2668 750 parvulum
2714 659 2911 729 fecit:
2963 661 3079 731 cui
3131 682 3212 729 o·-

639 751 845 832 ranti,
896 763 976 820 ut
1023 750 1170 839 ipse
1198 747 1401 819 nobis
1449 769 1608 817 cum
1659 746 1989 837 lacrymis
2036 746 2289 818 referre
2333 758 2481 818 erat
2526 747 2795 829 solituS,
2844 761 3207 838 serpentes

641 860 853 929 super
883 850 1094 929 caput
1125 837 1278 927 ejus
1326 836 1607 926 saepius
1639 835 2051 906 decidebant
2096 847 2163 906 et
2219 836 2642 908 involventes
2690 857 2762 905 se
2827 836 3015 906 circa
3061 835 3209 907 col-

642 927 791 998 lum
839 927 1013 1017 ejus,
1068 947 1205 995 non
1239 924 1613 1001 minimum
1662 925 1727 994 ei
1788 923 2175 993 inferebant
2222 925 2611 994 horrorem.
2667 924 2792 994 Sed
2843 924 3010 1011 quia
3057 926 3212 995 dia-

640 1015 845 1086 bolus
891 1014 975 1085 ad
1026 1014 1325 1105 speciem
1390 1010 1627 1082 callidi
1676 1011 2016 1103 serpentis
2064 1012 2379 1094 habetur,
2431 1034 2570 1082 non
2620 1013 3004 1105 ambigitur
3047 1016 3208 1106 ejus

641 1102 770 1174 has
816 1102 1029 1174 fuisse
1077 1099 1534 1173 immissionis
1574 1099 1896 1172 insidias,

730 1193 767 1279 ἓ
814 1196 899 1265 4.
954 1195 1122 1261 Nam
1173 1211 1337 1260 cum
1384 1189 1501 1259 ille
1561 1188 1649 1258 ad
1698 1189 1869 1259 haec
1916 1199 2248 1280 perstaret
2312 1187 2729 1268 immobilis,
2794 1210 2922 1259 nec
2969 1211 3206 1259 move-

642 1292 832 1350 retur
877 1279 1230 1349 minorum
1277 1277 1617 1369 anguium
1665 1277 1944 1358 ictibuS,
1981 1276 2282 1363 quodam
2333 1276 2446 1346 die
2491 1275 2631 1346 duo
2681 1276 3018 1348 dracones
3065 1278 3208 1345 im-

642 1389 922 1438 mensae
970 1389 1082 1437 ma
1137 1365 1475 1436 nitudinis
1522 1365 1608 1434 ad
1655 1387 1816 1436 eum
1874 1365 2196 1455 ingressi,
2257 1364 2672 1435 adstiterunt
2720 1387 2974 1456 prope:
3025 1387 3207 1453 quo-

642 1477 799 1527 rum
848 1477 1035 1525 unus
1080 1390 1189 1545 gut
1235 1453 1561 1541 arbitror)
1606 1453 1756 1545 ipse
1802 1452 1944 1523 dux
1993 1453 2390 1523 tentationis
2436 1452 2730 1523 validior
2780 1453 2993 1524 altero
3025 1465 3201 1534 erat,

636 1544 760 1632 qui
822 1555 1003 1613 recto
1053 1555 1321 1632 pectore
1368 1564 1446 1612 os
1492 1563 1705 1610 suurn
1773 1551 2014 1612 contra
2065 1562 2142 1611 os
2182 1542 2362 1612 beati
2428 1542 2633 1628 quasi
2692 1541 2957 1629 aliquid
3010 1565 3207 1612 mus-

643 1631 977 1701 sitaturus
1023 1630 1259 1700 erexit.
1311 1633 1387 1699 At
1419 1629 1533 1698 ille
1565 1630 1811 1700 timore
1859 1629 2286 1720 perterrituS,
2325 1642 2684 1717 tamquam
2715 1652 2976 1700 aeneus
3001 1630 3206 1700 valde

644 1719 974 1809 diriguit,
1029 1718 1445 1804 nullumque
1505 1716 1781 1806 penitus
1830 1718 2222 1787 membrum
2287 1738 2555 1788 movere
2603 1729 2902 1808 poterat,
2976 1740 3210 1806 neque

644 1829 935 1877 manum
961 1806 1249 1886 elevare,
1283 1818 1362 1874 ut
1391 1805 1673 1895 signum
1706 1806 1943 1875 beatae
1967 1805 2203 1876 Crucis
2228 1818 2624 1897 opponeret.
2657 1810 2966 1894 Cumque
2993 1807 3207 1877 ambo

643 1895 1036 1966 diutissime
1083 1894 1151 1962 in
1203 1893 1476 1963 silentio
1523 1893 2013 1976 constitissent,
2067 1893 2250 1964 venit
2305 1893 2376 1964 in
2428 1907 2728 1964 mentem
2788 1906 3027 1966 sancto
3078 1917 3207 1986 per

643 1984 995 2075 spiritum,
1047 1992 1125 2052 ut
1168 1982 1543 2052 orationem
1600 1982 2022 2052 Dominicam
2052 2037 2068 2064 ,
2119 1983 2247 2052 etsi
2314 1982 2496 2052 labia
2564 2004 2834 2053 movere
2883 2004 3018 2052 non
3074 2005 3204 2074 po-

642 2083 837 2153 terat,
894 2070 994 2140 vel
1044 2069 1250 2140 corde
1280 2070 1632 2141 clamaret.
1687 2075 1910 2153 Quam
1956 2069 2129 2140 dum
2165 2070 2414 2141 tacitus
2463 2070 2901 2162 pronunciat,
2954 2091 3204 2162 coepe-

642 2173 807 2230 runt
853 2158 1185 2250 paulatim
1235 2161 1549 2230 membra
1593 2159 1747 2249 ejus
1790 2180 1969 2246 quae
2015 2158 2287 2228 inimici
2340 2158 2614 2229 fuerant
2660 2171 2805 2228 arte
2863 2160 3197 2241 revincta,

644 2248 960 2319 dissolvi:
1027 2260 1091 2318 et
1138 2248 1443 2318 sentiens
1490 2268 1563 2316 se
1611 2268 1897 2317 manum
1948 2247 2297 2317 dexteram
2348 2245 2601 2317 habere
2645 2248 2793 2337 Jam
2859 2246 3196 2329 liberam,

643 2336 747 2406 ori
787 2337 1066 2427 signum
1115 2336 1352 2406 beatae
1400 2333 1638 2405 Crucis
1685 2334 2002 2425 imponit,
2059 2356 2482 2421 rursumque
2512 2356 2887 2406 conversus
2933 2334 3021 2405 ad
3073 2336 3206 2423 hy-

643 2423 868 2494 dram.
922 2424 1147 2517 pingit
1194 2423 1444 2493 iterum
1497 2427 1780 2493 Crucem
1843 2422 2092 2493 Christi
2140 2422 2472 2494 adversus
2522 2445 2701 2505 eam,
2754 2422 3018 2494 dicens:
3057 2429 3208 2492 ‹xTu

643 2536 730 2583 ne
768 2513 884 2583 ille
915 2536 989 2585 es
1026 2513 1148 2600 qui
1199 2510 1701 2603 protoplastum
1751 2511 1837 2581 de
1875 2511 2181 2603 paradisi
2228 2512 2625 2582 habitaculo
2652 2512 3021 2603 projecisti,
3076 2512 3207 2601 qui

640 2602 956 2695 germani
1005 2601 1354 2670 dexteram
1406 2599 1779 2691 parricidio
1835 2601 2236 2681 cruentasti,
2288 2600 2409 2686 qui
2458 2600 2920 2681 Pharaonem,
2964 2609 3043 2670 ut
3077 2623 3208 2691 po-

692 2691 891 2760 ulum
941 2690 1061 2758 Dei
1099 2700 1646 2779 persequeretur,
1682 2688 1990 2770 armasti,
2035 2688 2157 2775 qui
2203 2687 2290 2758 ad
2339 2700 2721 2759 extremum
2773 2688 3006 2779 ipsum
3063 2693 3204 2759 He-

638 2714 927 2849 braeum
989 2775 1326 2868 populum
1364 2831 1379 2858 ,
1431 2787 1509 2846 ut
1555 2775 1817 2846 invidia
1874 2776 2334 2848 succendente
2396 2789 2922 2867 persequeretur
2968 2776 3209 2847 Domi-

640 2888 838 2947 num,
883 2864 1237 2934 excitasti?
1286 2864 1565 2935 Discede
1594 2886 1630 2934 a
1668 2864 1883 2936 servis
1917 2864 2056 2946 Dei,
2109 2887 2149 2934 a
2177 2864 2435 2952 quibus
2465 2865 2746 2956 saepius
2794 2878 3199 2955 superatuS,

639 2952 1021 3023 discessisti
1068 2953 1424 3024 confusus
1458 2958 1561 3023 Tu
1605 2974 1681 3025 es
1727 2953 1913 3023 enim
1964 2953 2032 3022 in
2067 2953 2228 3023 Cain
2269 2953 2635 3043 projectuS,
2679 2952 2752 3022 in
2804 2958 2985 3024 Esau
3023 2976 3206 3054 sup-

642 3039 1018 3142 plantatuS‚
1072 3042 1142 3109 in
1195 3041 1386 3112 Golia
1417 3053 1824 3132 prostratuS,
1859 3041 1933 3109 in
1979 3040 2163 3112 Juda
2209 3040 2537 3111 traditore
2582 3063 2994 3132 suspensus,
3028 3053 3100 3112 et
3132 3063 3208 3111 m

643 3152 796 3220 1psa
844 3129 966 3198 illa
1014 3130 1406 3200 Dominicae
1436 3130 1710 3199 virtutis
1737 3133 1946 3199 Cruce
1976 3151 2138 3199 cum
2174 3129 2627 3223 potestatibus
2674 3142 2741 3200 et
2785 3128 3211 3200 dominatio·

642 3218 853 3288 nibus
893 3218 1030 3288 tuis
1063 3217 1531 3307 triumphatus
1578 3232 1784 3318 atque
1826 3217 2165 3288 contritus
2211 3240 2309 3288 eS.
2371 3217 2557 3289 Abde
2605 3240 2817 3299 nunc,
2886 3218 3204 3299 inimice,

644 3318 855 3396 caput
900 3318 966 3375 et
1014 3304 1386 3375 humiliare
1433 3306 1565 3376 sub
1628 3305 1989 3397 signaculo
2029 3306 2265 3377 Crucis
2311 3306 2635 3376 dwinae:
2685 3306 2854 3394 quia
2899 3327 3035 3377 non
3104 3318 3212 3377 est

644 3393 768 3463 tibi
817 3393 1038 3484 portio
1085 3416 1244 3464 cum
1288 3393 1503 3464 servis
1535 3394 1675 3475 Dei,
1726 3415 2023 3480 quorum
2080 3406 2185 3465 est
2230 3394 2619 3466 haereditas
2665 3416 2957 3486 regnum
3009 3394 3211 3465 Chri-

647 3481 807 3550 sti.»
841 3487 1021 3552 Haec
1067 3494 1133 3552 et
1182 3481 1582 3573 hujusmodi
1630 3493 1867 3552 sancto
1916 3481 2222 3564 dicente,
2290 3487 2715 3584 Crucemque
2754 3505 2877 3576 per
2923 3482 3210 3574 singula

641 3568 957 3653 faciente,
1013 3575 1226 3640 Draco
1256 3569 1469 3660 hujus
1519 3569 1745 3640 vexilli
1796 3570 2044 3640 virtute
2082 3569 2442 3652 confusuS,
2486 3571 2794 3641 vicissim
2845 3593 2919 3641 se
2965 3570 3211 3641 humi-

642 3657 824 3728 lians
868 3671 1086 3728 terrae
1133 3658 1479 3729 subditur.
1534 3657 1660 3728 Sed
1719 3658 1888 3728 dum
1940 3656 2109 3729 haec
2156 3671 2549 3750 agerentur,
2614 3658 2732 3729 ille
2789 3658 2970 3729 alius
3016 3659 3215 3729 circa

692 3745 853 3818 edes
891 3759 958 3816 et
1004 3746 1207 3816 tibias
1255 3746 1475 3816 sancti
1508 3747 1581 3816 in
1626 3745 1907 3818 insidiis
1953 3746 2376 3818 volvebatur.
2430 3752 2739 3835 Cumque
2786 3746 2973 3817 hunc
3006 3748 3213 3837 pedi-

693 3856 776 3904 us
815 3835 963 3906 suis
994 3834 1498 3905 circumfusum
1531 3847 1813 3906 sanctus
1849 3834 2148 3905 Eremita
2176 3835 2456 3917 videret,
2500 3836 2877 3906 orationem
2913 3834 3208 3917 faciens,

640 3943 803 3992 eum
835 3922 1025 3992 abire
1045 3923 1281 4025 jussit,
1319 3923 1593 3993 dicens:
1618 3922 1846 3992 «Vade
1876 3935 2079 4006 retro,
2101 3936 2374 4004 satana:
2409 3923 2586 3994 nihil
2620 3923 2791 3993 mihi
2814 3923 2885 3992 in
2922 3924 3214 3993 nomine

641 4010 893 4082 Christi
941 4033 1075 4081 mei
1110 4010 1362 4103 poteris
1408 4010 1591 4082 ultra
1627 4033 1946 4083 nocere.»
1965 4015 2042 4081 At
2086 4011 2204 4082 ille
2238 4032 2460 4100 usque
2505 4012 2593 4082 ad
2645 4011 2862 4082 limen
2909 4010 3213 4082 cellulae

640 4119 986 4189 egressus,
1034 4121 1287 4171 sonum
1338 4100 1643 4171 validum
1690 4122 1815 4192 per
1851 4099 2249 4170 inferiorem
2345 4112 2564 4171 artem
2610 4099 2845 4172 emisit
2899 4110 2965 4171 et
3013 4110 3211 4172 tanto

641 4186 966 4258 cellulam
1041 4188 1292 4259 foetore
1366 4188 1692 4280 replevit,
1741 4199 1821 4259 ut
1865 4188 2043 4258 nihil
2118 4188 2262 4259 aliu
2379 4209 2595 4276 quam
2640 4187 2965 4260 diabolus
3010 4187 3208 4268 credi

642 4288 915 4367 posset:
953 4297 1076 4347 nec
1123 4276 1308 4347 ultra
1345 4298 1576 4347 coram
1608 4288 1848 4347 sancto
1878 4286 1997 4346 aut
2029 4297 2336 4368 serpens,
2391 4288 2510 4347 aut
2538 4275 2747 4347 draco
2775 4277 3199 4367 comparuit.

729 4364 768 4451 ὃ
814 4369 905 4440 ὅ.
956 4370 1114 4435 Erat
1160 4381 1390 4437 autem
1427 4363 1758 4437 assiduus
1791 4365 1861 4434 in
1902 4385 2108 4457 opere
2157 4365 2296 4449 Dei,
2344 4386 2471 4436 nec
2517 4365 2805 4437 vacabat
2851 4363 2940 4436 ad
2973 4361 3200 4448 aliud,

2237 4627 2266 4652 Q
